,date,symbol,reportedCurrency,fillingDate,acceptedDate,period,revenue,costOfRevenue,grossProfit,grossProfitRatio,researchAndDevelopmentExpenses,generalAndAdministrativeExpenses,sellingAndMarketingExpenses,otherExpenses,operatingExpenses,costAndExpenses,interestExpense,depreciationAndAmortization,ebitda,ebitdaratio,operatingIncome,operatingIncomeRatio,totalOtherIncomeExpensesNet,incomeBeforeTax,incomeBeforeTaxRatio,incomeTaxExpense,netIncome,netIncomeRatio,eps,epsdiluted,weightedAverageShsOut,weightedAverageShsOutDil,link,finalLink,timestamp,est_time,est_date
0,2020-12-31,ABCP,USD,2021-03-24,2021-03-24 16:17:39,Q4,0.0,2000.0,-2000.0,0.0,0.0,1738000.0,0.0,0.0,1758000.0,1760000.0,0.0,0.0,-1760000.0,0.0,-1760000.0,0.0,0.0,-1759000.0,0.0,0.0,-1759000.0,0.0,-0.043178359271441896,-0.043178359271441896,40738000,40738000,https://www.sec.gov/Archives/edgar/data/20639/000114036121009786/0001140361-21-009786-index.htm,https://www.sec.gov/Archives/edgar/data/20639/000114036121009786/brhc10021610_10k.htm,1620586047,14:47:27,20210509
1,2020-09-30,ABCP,USD,2020-11-10,2020-11-10 16:07:22,Q3,0.0,5000.0,-5000.0,0.0,0.0,1477000.0,0.0,1494.0,1489000.0,1494000.0,0.0,0.0,-1494000.0,0.0,-1494000.0,0.0,0.0,-1493000.0,0.0,-30000.0,-1463000.0,0.0,-0.04,-0.04,40738000,40738000,https://www.sec.gov/Archives/edgar/data/20639/000114036120025183/0001140361-20-025183-index.htm,https://www.sec.gov/Archives/edgar/data/20639/000114036120025183/brhc10016419_10q.htm,1620586047,14:47:27,20210509
2,2020-06-30,ABCP,USD,2020-08-10,2020-08-10 15:13:32,Q2,0.0,3000.0,-3000.0,0.0,0.0,937000.0,0.0,0.0,964000.0,967000.0,0.0,0.0,-967000.0,0.0,-967000.0,0.0,0.0,-963000.0,0.0,1000.0,-964000.0,0.0,-0.02,-0.02,40738000,40738000,https://www.sec.gov/Archives/edgar/data/20639/000114036120017957/0001140361-20-017957-index.htm,https://www.sec.gov/Archives/edgar/data/20639/000114036120017957/brhc10013704_10q.htm,1620586047,14:47:27,20210509
3,2020-03-31,ABCP,USD,2020-05-07,2020-05-07 15:48:48,Q1,0.0,8000.0,-8000.0,0.0,0.0,1382000.0,0.0,0.0,1411000.0,1419000.0,0.0,0.0,-1419000.0,0.0,-1419000.0,0.0,0.0,-1417000.0,0.0,1000.0,-1418000.0,0.0,-0.03,-0.03,40738000,40738000,https://www.sec.gov/Archives/edgar/data/20639/000114036120010960/0001140361-20-010960-index.htm,https://www.sec.gov/Archives/edgar/data/20639/000114036120006793/form10k.htm,1620586047,14:47:27,20210509
4,2019-12-31,ABCP,USD,2020-03-25,2020-03-25 12:26:02,Q4,0.0,2000.0,-2000.0,0.0,0.0,874000.0,0.0,0.0,899000.0,901000.0,0.0,0.0,-894000.0,0.0,-901000.0,0.0,0.0,-894000.0,0.0,0.0,-894000.0,0.0,-0.021945112671216065,-0.021945112671216065,40738000,40738000,https://www.sec.gov/Archives/edgar/data/20639/000114036120006793/0001140361-20-006793-index.htm,https://www.sec.gov/Archives/edgar/data/20639/000114036120006793/form10k.htm,1620586047,14:47:27,20210509
5,2019-09-30,ABCP,USD,2019-11-12,2019-11-12 14:57:32,Q3,0.0,5000.0,-5000.0,0.0,0.0,989000.0,0.0,0.0,1030000.0,1035000.0,0.0,0.0,-1025000.0,0.0,-1035000.0,0.0,0.0,-1025000.0,0.0,0.0,-1025000.0,0.0,-0.03,-0.03,40738000,40738000,https://www.sec.gov/Archives/edgar/data/20639/000114036119020302/0001140361-19-020302-index.htm,https://www.sec.gov/Archives/edgar/data/20639/000114036119020302/form10q.htm,1620586047,14:47:27,20210509
6,2019-06-30,ABCP,USD,2019-08-12,2019-08-12 16:15:20,Q2,0.0,1000.0,-1000.0,0.0,0.0,2148000.0,0.0,0.0,2166000.0,2167000.0,0.0,0.0,-2148000.0,0.0,-2167000.0,0.0,0.0,-2148000.0,0.0,1000.0,-2149000.0,0.0,-0.05,-0.05,40738000,40738000,https://www.sec.gov/Archives/edgar/data/20639/000114036119014839/0001140361-19-014839-index.htm,https://www.sec.gov/Archives/edgar/data/20639/000114036119014839/form10q.htm,1620586047,14:47:27,20210509
7,2019-03-31,ABCP,USD,2019-05-13,2019-05-13 16:14:05,Q1,0.0,8000.0,-8000.0,0.0,0.0,865000.0,0.0,0.0,880000.0,888000.0,0.0,0.0,-888000.0,0.0,-888000.0,0.0,0.0,-888000.0,0.0,-30000.0,-858000.0,0.0,-0.02,-0.02,40738000,40738000,https://www.sec.gov/Archives/edgar/data/20639/000114036119009001/0001140361-19-009001-index.htm,https://www.sec.gov/Archives/edgar/data/20639/000114036119005745/form10k.htm,1620586047,14:47:27,20210509
8,2018-12-31,ABCP,USD,2019-03-27,2019-03-27 16:37:14,Q4,0.0,6000.0,-6000.0,0.0,0.0,751000.0,0.0,0.0,775000.0,781000.0,0.0,0.0,-781000.0,0.0,-781000.0,0.0,0.0,-781000.0,0.0,-1392000.0,611000.0,0.0,0.014998281702587265,0.014998281702587265,40738000,40738000,https://www.sec.gov/Archives/edgar/data/20639/000114036119005745/0001140361-19-005745-index.htm,https://www.sec.gov/Archives/edgar/data/20639/000114036119005745/form10k.htm,1620586047,14:47:27,20210509
9,2018-09-30,ABCP,USD,2018-11-09,2018-11-09 14:19:41,Q3,0.0,8000.0,-8000.0,0.0,0.0,843000.0,0.0,0.0,870000.0,878000.0,0.0,0.0,-877000.0,0.0,-878000.0,0.0,0.0,-877000.0,0.0,2000.0,-879000.0,0.0,-0.02,-0.02,40738000,40738000,https://www.sec.gov/Archives/edgar/data/20639/000114036118042829/0001140361-18-042829-index.htm,https://www.sec.gov/Archives/edgar/data/20639/000114036118042829/form10q.htm,1620586047,14:47:27,20210509
10,2018-06-30,ABCP,USD,2018-08-13,2018-08-13 16:12:01,Q2,0.0,14000.0,-14000.0,0.0,0.0,1165000.0,0.0,0.0,1188000.0,1202000.0,0.0,0.0,-1199000.0,0.0,-1202000.0,0.0,0.0,-1199000.0,0.0,2000.0,-1201000.0,0.0,-0.03,-0.03,40738000,40738000,https://www.sec.gov/Archives/edgar/data/20639/000114036118036230/0001140361-18-036230-index.htm,https://www.sec.gov/Archives/edgar/data/20639/000114036118036230/form10q.htm,1620586047,14:47:27,20210509
11,2018-03-31,ABCP,USD,2018-05-14,2018-05-14 16:44:16,Q1,0.0,32000.0,-32000.0,0.0,0.0,1404000.0,0.0,0.0,1431000.0,1463000.0,10000.0,0.0,-1462000.0,0.0,-1463000.0,0.0,3278000.0,1806000.0,0.0,2000.0,1804000.0,0.0,0.04,0.04,40738000,40738000,https://www.sec.gov/Archives/edgar/data/20639/000002063918000025/0000020639-18-000025-index.htm,https://www.sec.gov/Archives/edgar/data/20639/000002063918000018/frm10k.htm,1620586047,14:47:27,20210509
12,2017-12-31,ABCP,USD,2018-03-30,2018-03-30 15:32:13,Q4,0.0,12000.0,-12000.0,0.0,0.0,747000.0,0.0,0.0,777000.0,789000.0,29000.0,12000.0,-777000.0,0.0,-789000.0,0.0,0.0,-818000.0,0.0,-20092000.0,19274000.0,0.0,0.4731209190436447,0.4731209190436447,40738000,40738000,https://www.sec.gov/Archives/edgar/data/20639/000002063918000018/0000020639-18-000018-index.htm,https://www.sec.gov/Archives/edgar/data/20639/000002063918000018/frm10k.htm,1620586047,14:47:27,20210509
13,2017-09-30,ABCP,USD,2017-11-14,2017-11-14 13:56:50,Q3,0.0,34000.0,-34000.0,0.0,0.0,1039000.0,0.0,0.0,1090000.0,1124000.0,20000.0,12000.0,-1112000.0,0.0,-1124000.0,0.0,-63745000.0,-64889000.0,0.0,0.0,-64889000.0,0.0,-1.59,-1.59,40738000,40738000,https://www.sec.gov/Archives/edgar/data/20639/000002063917000034/0000020639-17-000034-index.htm,https://www.sec.gov/Archives/edgar/data/20639/000002063917000034/form10q.htm,1620586047,14:47:27,20210509
14,2017-06-30,ABCP,USD,2017-08-11,2017-08-11 14:36:34,Q2,0.0,38000.0,-38000.0,0.0,0.0,951000.0,0.0,0.0,1011000.0,1049000.0,13000.0,12000.0,-1037000.0,0.0,-1049000.0,0.0,-7000.0,-1069000.0,0.0,3000.0,-1072000.0,0.0,-0.03,-0.03,40738000,40738000,https://www.sec.gov/Archives/edgar/data/20639/000002063917000023/0000020639-17-000023-index.htm,https://www.sec.gov/Archives/edgar/data/20639/000002063917000023/form10q.htm,1620586047,14:47:27,20210509
15,2017-03-31,ABCP,USD,2017-05-11,2017-05-11 12:35:24,Q1,0.0,33000.0,-33000.0,0.0,0.0,1264000.0,0.0,0.0,1311000.0,1344000.0,5000.0,12000.0,-1332000.0,0.0,-1344000.0,0.0,-18000.0,-1367000.0,0.0,3000.0,-1370000.0,0.0,-0.03,-0.03,40738000,40738000,https://www.sec.gov/Archives/edgar/data/20639/000002063917000010/0000020639-17-000010-index.htm,https://www.sec.gov/Archives/edgar/data/20639/000002063917000004/frm10k.htm,1620586047,14:47:27,20210509
16,2016-12-31,ABCP,USD,2017-03-30,2017-03-30 14:22:21,Q4,0.0,41000.0,-41000.0,0.0,0.0,410000.0,0.0,0.0,469000.0,510000.0,0.0,12000.0,-498000.0,0.0,-510000.0,0.0,-26000.0,-536000.0,0.0,8000.0,-544000.0,0.0,-0.013353625607540871,-0.013353625607540871,40738000,40738000,https://www.sec.gov/Archives/edgar/data/20639/000002063917000004/0000020639-17-000004-index.htm,https://www.sec.gov/Archives/edgar/data/20639/000002063917000004/frm10k.htm,1620586047,14:47:27,20210509
17,2016-09-30,ABCP,USD,2016-11-08,2016-11-08 16:14:52,Q3,0.0,31000.0,-31000.0,0.0,0.0,909000.0,0.0,0.0,980000.0,1011000.0,0.0,12000.0,-999000.0,0.0,-1011000.0,0.0,79000.0,-932000.0,0.0,-220000.0,-712000.0,0.0,-0.02,-0.02,40738000,40738000,https://www.sec.gov/Archives/edgar/data/20639/000002063916000070/0000020639-16-000070-index.htm,https://www.sec.gov/Archives/edgar/data/20639/000002063916000070/form10q.htm,1620586047,14:47:27,20210509
18,2016-06-30,ABCP,USD,2016-08-11,2016-08-11 14:45:53,Q2,0.0,29000.0,-29000.0,0.0,0.0,594000.0,0.0,0.0,647000.0,676000.0,0.0,12000.0,-664000.0,0.0,-676000.0,0.0,-108000.0,-784000.0,0.0,35000.0,-819000.0,0.0,-0.02,-0.02,40738000,40738000,https://www.sec.gov/Archives/edgar/data/20639/000002063916000065/0000020639-16-000065-index.htm,https://www.sec.gov/Archives/edgar/data/20639/000002063916000065/form10q.htm,1620586047,14:47:27,20210509
19,2016-03-31,ABCP,USD,2016-05-12,2016-05-12 12:04:36,Q1,0.0,33000.0,-33000.0,0.0,0.0,619000.0,0.0,0.0,684000.0,717000.0,0.0,12000.0,-705000.0,0.0,-717000.0,0.0,-392000.0,-1109000.0,0.0,35000.0,-1144000.0,0.0,-0.03,-0.03,40738000,40738000,https://www.sec.gov/Archives/edgar/data/20639/000002063916000054/0000020639-16-000054-index.htm,https://www.sec.gov/Archives/edgar/data/20639/000002063916000044/frm10k12312015.htm,1620586047,14:47:27,20210509
20,2015-12-31,ABCP,USD,2016-03-29,2016-03-29 15:49:45,Q4,0.0,24000.0,-24000.0,0.0,0.0,293000.0,0.0,0.0,385000.0,409000.0,0.0,12000.0,-397000.0,0.0,-409000.0,0.0,-574000.0,-983000.0,0.0,35000.0,-1018000.0,0.0,-0.024988953802346704,-0.024988953802346704,40738000,40738000,https://www.sec.gov/Archives/edgar/data/20639/000002063916000044/0000020639-16-000044-index.htm,https://www.sec.gov/Archives/edgar/data/20639/000002063916000044/frm10k12312015.htm,1620586047,14:47:27,20210509
21,2015-09-30,ABCP,USD,2015-11-10,2015-11-10 15:53:50,Q3,0.0,26000.0,-26000.0,0.0,0.0,543000.0,0.0,0.0,659000.0,685000.0,0.0,12000.0,-673000.0,0.0,-685000.0,0.0,-794000.0,-1479000.0,0.0,38000.0,-1517000.0,0.0,-0.04,-0.04,40738000,40738000,https://www.sec.gov/Archives/edgar/data/20639/000002063915000037/0000020639-15-000037-index.htm,https://www.sec.gov/Archives/edgar/data/20639/000002063915000037/form10q.htm,1620586047,14:47:27,20210509
22,2015-06-30,ABCP,USD,2015-08-12,2015-08-12 17:23:13,Q2,0.0,28000.0,-28000.0,0.0,0.0,571000.0,0.0,0.0,654000.0,682000.0,0.0,12000.0,-670000.0,0.0,-682000.0,0.0,-285000.0,-967000.0,0.0,37000.0,-984000.0,0.0,-0.03,-0.03,40738000,40738000,https://www.sec.gov/Archives/edgar/data/20639/000002063915000030/0000020639-15-000030-index.htm,https://www.sec.gov/Archives/edgar/data/20639/000002063915000030/form10q.htm,1620586047,14:47:27,20210509
23,2015-03-31,ABCP,USD,2015-05-13,2015-05-13 16:49:14,Q1,0.0,42000.0,-42000.0,0.0,0.0,687000.0,0.0,0.0,762000.0,804000.0,0.0,12000.0,-792000.0,0.0,-804000.0,0.0,-252000.0,-1056000.0,0.0,30000.0,-1072000.0,0.0,-0.03,-0.03,40738000,40738000,https://www.sec.gov/Archives/edgar/data/20639/000002063915000014/0000020639-15-000014-index.htm,https://www.sec.gov/Archives/edgar/data/20639/000002063915000006/frm10k12312014.htm,1620586047,14:47:27,20210509
24,2014-12-31,ABCP,USD,2015-03-30,2015-03-30 15:28:35,Q4,0.0,31000.0,-31000.0,0.0,0.0,558000.0,0.0,0.0,641000.0,672000.0,0.0,12000.0,-660000.0,0.0,-672000.0,0.0,-16707000.0,-17379000.0,0.0,-37804000.0,20425000.0,0.0,0.501374637930188,0.501374637930188,40738000,40738000,https://www.sec.gov/Archives/edgar/data/20639/000002063915000006/0000020639-15-000006-index.htm,https://www.sec.gov/Archives/edgar/data/20639/000002063915000006/frm10k12312014.htm,1620586047,14:47:27,20210509
25,2014-09-30,ABCP,USD,2014-11-12,2014-11-12 11:27:04,Q3,0.0,36000.0,-36000.0,0.0,0.0,572000.0,0.0,0.0,671000.0,707000.0,0.0,12000.0,-695000.0,0.0,-707000.0,0.0,-610000.0,-1315000.0,0.0,637000.0,-1952000.0,0.0,-0.05,-0.05,40738000,40738000,https://www.sec.gov/Archives/edgar/data/20639/000002063914000042/0000020639-14-000042-index.htm,https://www.sec.gov/Archives/edgar/data/20639/000002063914000042/form10q.htm,1620586047,14:47:27,20210509
26,2014-06-30,ABCP,USD,2014-08-11,2014-08-11 12:38:36,Q2,0.0,29000.0,-29000.0,0.0,0.0,569000.0,0.0,0.0,650000.0,679000.0,0.0,12000.0,-667000.0,0.0,-679000.0,0.0,-765000.0,-1442000.0,0.0,655000.0,-2097000.0,0.0,-0.05,-0.05,40754000,40754000,https://www.sec.gov/Archives/edgar/data/20639/000002063914000035/0000020639-14-000035-index.htm,https://www.sec.gov/Archives/edgar/data/20639/000002063914000035/form10q.htm,1620586047,14:47:27,20210509
27,2014-03-31,ABCP,USD,2014-05-13,2014-05-13 14:44:22,Q1,0.0,38000.0,-38000.0,0.0,0.0,600000.0,0.0,0.0,685000.0,723000.0,0.0,12000.0,-711000.0,0.0,-723000.0,0.0,-588000.0,-1305000.0,0.0,650000.0,-1955000.0,0.0,-0.05,-0.05,40940000,40940000,https://www.sec.gov/Archives/edgar/data/20639/000002063914000026/0000020639-14-000026-index.htm,https://www.sec.gov/Archives/edgar/data/20639/000002063914000016/frm10k12312013.htm,1620586047,14:47:27,20210509
28,2013-12-31,ABCP,USD,2014-03-26,2014-03-26 14:33:42,Q4,0.0,40000.0,-40000.0,0.0,0.0,852000.0,0.0,0.0,932000.0,972000.0,0.0,12000.0,-960000.0,0.0,-972000.0,0.0,-788000.0,-1754000.0,0.0,666000.0,-2420000.0,0.0,-0.05911089399120664,-0.05911089399120664,40940000,40940000,https://www.sec.gov/Archives/edgar/data/20639/000002063914000016/0000020639-14-000016-index.htm,https://www.sec.gov/Archives/edgar/data/20639/000002063914000016/frm10k12312013.htm,1620586047,14:47:27,20210509
29,2013-09-30,ABCP,USD,2013-11-12,2013-11-12 14:22:21,Q3,0.0,40000.0,-40000.0,0.0,0.0,411000.0,0.0,0.0,511000.0,551000.0,0.0,12000.0,-539000.0,0.0,-551000.0,0.0,-285000.0,-832000.0,0.0,666000.0,-1498000.0,0.0,-0.04,-0.04,41926000,41926000,https://www.sec.gov/Archives/edgar/data/20639/000002063913000069/0000020639-13-000069-index.htm,https://www.sec.gov/Archives/edgar/data/20639/000002063913000069/ambase10q9-30-13.htm,1620586047,14:47:27,20210509
30,2013-06-30,ABCP,USD,2013-08-13,2013-08-13 12:33:33,Q2,0.0,25000.0,-25000.0,0.0,0.0,526000.0,0.0,0.0,625000.0,650000.0,0.0,12000.0,-638000.0,0.0,-650000.0,0.0,-8000.0,-635000.0,0.0,748000.0,-1383000.0,0.0,-0.03,-0.03,42664000,42664000,https://www.sec.gov/Archives/edgar/data/20639/000002063913000060/0000020639-13-000060-index.htm,https://www.sec.gov/Archives/edgar/data/20639/000002063913000060/frm10q063013.htm,1620586047,14:47:27,20210509
31,2013-03-31,ABCP,USD,2013-05-14,2013-05-14 13:37:35,Q1,0.0,26000.0,-26000.0,0.0,0.0,567000.0,0.0,0.0,646000.0,672000.0,0.0,12000.0,-660000.0,0.0,-672000.0,0.0,2000.0,-653000.0,0.0,64000.0,-717000.0,0.0,-0.02,-0.02,43203000,43203000,https://www.sec.gov/Archives/edgar/data/20639/000002063913000037/0000020639-13-000037-index.htm,https://www.sec.gov/Archives/edgar/data/20639/000002063913000022/frm10k12312012.htm,1620586047,14:47:27,20210509
32,2012-12-31,ABCP,USD,2013-03-28,2013-03-28 16:11:59,Q4,0.0,23000.0,-23000.0,0.0,0.0,17161000.0,0.0,0.0,17351000.0,17374000.0,0.0,13000.0,-17361000.0,0.0,-17374000.0,0.0,199586000.0,182246000.0,0.0,34808000.0,147438000.0,0.0,3.412679675022568,3.412679675022568,43203000,43203000,https://www.sec.gov/Archives/edgar/data/20639/000002063913000022/0000020639-13-000022-index.htm,https://www.sec.gov/Archives/edgar/data/20639/000002063913000022/frm10k12312012.htm,1620586047,14:47:27,20210509
33,2012-09-30,ABCP,USD,2012-11-14,2012-11-14 12:40:46,Q3,0.0,22000.0,-22000.0,0.0,0.0,457000.0,0.0,0.0,511000.0,533000.0,0.0,12000.0,-521000.0,0.0,-533000.0,0.0,12000.0,-520000.0,0.0,11000.0,-531000.0,0.0,-0.01,-0.01,43174000,43174000,https://www.sec.gov/Archives/edgar/data/20639/000002063912000088/0000020639-12-000088-index.htm,https://www.sec.gov/Archives/edgar/data/20639/000002063912000088/frm10q9302012.htm,1620586047,14:47:27,20210509
34,2012-06-30,ABCP,USD,2012-08-09,2012-08-09 14:36:13,Q2,0.0,20000.0,-20000.0,0.0,0.0,424000.0,0.0,0.0,459000.0,479000.0,0.0,12000.0,-467000.0,0.0,-479000.0,0.0,7000.0,-471000.0,0.0,11000.0,-482000.0,0.0,-0.01,-0.01,43075000,43075000,https://www.sec.gov/Archives/edgar/data/20639/000002063912000058/0000020639-12-000058-index.htm,https://www.sec.gov/Archives/edgar/data/20639/000002063912000058/form10q063012.htm,1620586047,14:47:27,20210509
35,2012-03-31,ABCP,USD,2012-05-10,2012-05-10 13:09:36,Q1,0.0,24000.0,-24000.0,0.0,0.0,454000.0,0.0,0.0,493000.0,517000.0,0.0,12000.0,-505000.0,0.0,-517000.0,0.0,29000.0,-485000.0,0.0,11000.0,-496000.0,0.0,-0.01,-0.01,43075000,43075000,https://www.sec.gov/Archives/edgar/data/20639/000002063912000030/0000020639-12-000030-index.htm,https://www.sec.gov/Archives/edgar/data/20639/000002063912000020/frm10k12312011.htm,1620586047,14:47:27,20210509
36,2011-12-31,ABCP,USD,2012-03-28,2012-03-28 15:11:49,Q4,0.0,24000.0,-24000.0,0.0,0.0,547000.0,0.0,0.0,580000.0,604000.0,0.0,12000.0,-592000.0,0.0,-604000.0,0.0,24000.0,-577000.0,0.0,9000.0,-586000.0,0.0,-0.013604178757980267,-0.013604178757980267,43075000,43075000,https://www.sec.gov/Archives/edgar/data/20639/000002063912000020/0000020639-12-000020-index.htm,https://www.sec.gov/Archives/edgar/data/20639/000002063912000020/frm10k12312011.htm,1620586047,14:47:27,20210509
37,2011-09-30,ABCP,USD,2011-11-09,2011-11-09 14:35:36,Q3,0.0,17000.0,-17000.0,0.0,0.0,378000.0,0.0,0.0,419000.0,436000.0,0.0,12000.0,-424000.0,0.0,-436000.0,0.0,-13000.0,-448000.0,0.0,9000.0,-457000.0,0.0,-0.01,-0.01,43075000,43075000,https://www.sec.gov/Archives/edgar/data/20639/000002063911000035/0000020639-11-000035-index.htm,https://www.sec.gov/Archives/edgar/data/20639/000002063911000035/fm10q911.htm,1620586047,14:47:27,20210509
38,2011-06-30,ABCP,USD,2011-08-11,2011-08-11 12:41:40,Q2,0.0,21000.0,-21000.0,0.0,0.0,431000.0,0.0,0.0,463000.0,484000.0,0.0,12000.0,-472000.0,0.0,-484000.0,0.0,114000.0,-368000.0,0.0,15000.0,-383000.0,0.0,-0.01,-0.01,43075000,43075000,https://www.sec.gov/Archives/edgar/data/20639/000002063911000023/0000020639-11-000023-index.htm,https://www.sec.gov/Archives/edgar/data/20639/000002063911000023/frm10q6302011.htm,1620586047,14:47:27,20210509
39,2011-03-31,ABCP,USD,2011-05-09,2011-05-09 16:05:10,Q1,0.0,29000.0,-29000.0,0.0,0.0,393000.0,0.0,0.0,432000.0,461000.0,0.0,12000.0,-449000.0,0.0,-461000.0,0.0,6000.0,-452000.0,0.0,15000.0,-467000.0,0.0,-0.01,-0.01,43075000,43075000,https://www.sec.gov/Archives/edgar/data/20639/000002063911000011/0000020639-11-000011-index.htm,https://www.sec.gov/Archives/edgar/data/20639/000002063911000004/form10k12312010.htm,1620586047,14:47:27,20210509
40,2010-12-31,ABCP,USD,2011-03-30,2011-03-30 15:26:26,Q4,0.0,19000.0,-19000.0,0.0,0.0,377000.0,0.0,0.0,411000.0,430000.0,0.0,12000.0,-418000.0,0.0,-430000.0,0.0,1000.0,-426000.0,0.0,25000.0,-451000.0,0.0,-0.010470110272780034,-0.010470110272780034,43075000,43075000,https://www.sec.gov/Archives/edgar/data/20639/000002063911000004/0000020639-11-000004-index.htm,https://www.sec.gov/Archives/edgar/data/20639/000002063911000004/form10k12312010.htm,1620586047,14:47:27,20210509
41,2010-09-30,ABCP,USD,2010-11-09,2010-11-09 12:06:13,Q3,0.0,23000.0,-23000.0,0.0,0.0,375000.0,0.0,0.0,405000.0,428000.0,0.0,12000.0,-416000.0,0.0,-428000.0,0.0,11000.0,-407000.0,0.0,11000.0,-418000.0,0.0,-0.01,-0.01,43075000,43075000,https://www.sec.gov/Archives/edgar/data/20639/000002063910000038/0000020639-10-000038-index.htm,https://www.sec.gov/Archives/edgar/data/20639/000002063910000038/frm10q9302010.htm,1620586047,14:47:27,20210509
42,2010-06-30,ABCP,USD,2010-08-10,2010-08-10 15:32:35,Q2,0.0,37000.0,-37000.0,0.0,0.0,477000.0,0.0,0.0,511000.0,548000.0,0.0,12000.0,-536000.0,0.0,-548000.0,0.0,9000.0,-535000.0,0.0,11000.0,-546000.0,0.0,-0.01,-0.01,43075000,43075000,https://www.sec.gov/Archives/edgar/data/20639/000002063910000031/0000020639-10-000031-index.htm,https://www.sec.gov/Archives/edgar/data/20639/000002063910000031/frm10q6302010.htm,1620586047,14:47:27,20210509
43,2010-03-31,ABCP,USD,2010-05-13,2010-05-13 15:27:26,Q1,0.0,32000.0,-32000.0,0.0,0.0,474000.0,0.0,0.0,517000.0,549000.0,0.0,13000.0,-536000.0,0.0,-549000.0,0.0,10000.0,-534000.0,0.0,11000.0,-545000.0,0.0,-0.01,-0.01,43075000,43075000,https://www.sec.gov/Archives/edgar/data/20639/000002063910000022/0000020639-10-000022-index.htm,https://www.sec.gov/Archives/edgar/data/20639/000002063910000004/frm10k123109.htm,1620586047,14:47:27,20210509
44,2009-12-31,ABCP,USD,2010-03-29,2010-03-29 13:18:54,Q4,0.0,67000.0,-67000.0,0.0,0.0,448000.0,0.0,0.0,443000.0,510000.0,0.0,-27000.0,-537000.0,0.0,-510000.0,0.0,0.0,-496000.0,0.0,50000.0,-546000.0,0.0,-0.012675565873476494,-0.012675565873476494,43075000,43075000,https://www.sec.gov/Archives/edgar/data/20639/000002063910000004/0000020639-10-000004-index.htm,https://www.sec.gov/Archives/edgar/data/20639/000002063910000004/frm10k123109.htm,1620586047,14:47:27,20210509
45,2009-09-30,ABCP,USD,2009-11-10,2009-11-10 11:07:48,Q3,0.0,25000.0,-25000.0,0.0,0.0,442000.0,0.0,0.0,479000.0,504000.0,0.0,13000.0,-491000.0,0.0,-504000.0,0.0,0.0,-489000.0,0.0,2000.0,-491000.0,0.0,-0.01,-0.01,43131000,43131000,https://www.sec.gov/Archives/edgar/data/20639/000002063909000019/0000020639-09-000019-index.htm,https://www.sec.gov/Archives/edgar/data/20639/000002063909000019/frm10q93009.htm,1620586047,14:47:27,20210509
46,2009-06-30,ABCP,USD,2009-08-04,2009-08-04 11:54:39,Q2,0.0,21000.0,-21000.0,0.0,0.0,464000.0,0.0,0.0,504000.0,525000.0,0.0,13000.0,-512000.0,0.0,-525000.0,0.0,0.0,-513000.0,0.0,2000.0,-515000.0,0.0,-0.01,-0.01,43179000,43179000,https://www.sec.gov/Archives/edgar/data/20639/000002063909000015/0000020639-09-000015-index.htm,https://www.sec.gov/Archives/edgar/data/20639/000002063909000015/frm10q63009.htm,1620586047,14:47:27,20210509
47,2009-03-31,ABCP,USD,2009-05-13,2009-05-13 11:52:53,Q1,0.0,32000.0,-32000.0,0.0,0.0,840000.0,0.0,0.0,884000.0,916000.0,0.0,13000.0,-903000.0,0.0,-916000.0,0.0,50000.0,-857000.0,0.0,2000.0,-859000.0,0.0,-0.02,-0.02,43215000,43215000,https://www.sec.gov/Archives/edgar/data/20639/000002063909000009/0000020639-09-000009-index.htm,https://www.sec.gov/Archives/edgar/data/20639/000002063909000009/frm10q33109.htm,1620586047,14:47:27,20210509
48,2008-12-31,ABCP,USD,2009-03-27 00:00:00,2009-03-27 11:24:42,Q4,0.0,43000.0,-43000.0,0.0,0.0,509000.0,0.0,0.0,517000.0,560000.0,0.0,12000.0,-548000.0,0.0,-560000.0,0.0,0.0,-525000.0,0.0,-160000.0,-365000.0,0.0,-0.008446141386092792,-0.008446141386092792,43215000,43215000,https://www.sec.gov/Archives/edgar/data/20639/000002063909000004/0000020639-09-000004-index.html,https://www.sec.gov/Archives/edgar/data/20639/000002063909000004/frm10k1208.htm,1620586047,14:47:27,20210509
49,2008-09-30,ABCP,USD,2008-11-12 00:00:00,2008-11-12 14:27:35,Q3,0.0,25000.0,-25000.0,0.0,0.0,617000.0,0.0,0.0,674000.0,699000.0,0.0,13000.0,-686000.0,0.0,-699000.0,0.0,0.0,-628000.0,0.0,0.0,-628000.0,0.0,-0.01,-0.01,43566000,43566000,https://www.sec.gov/Archives/edgar/data/20639/000002063908000023/0000020639-08-000023-index.html,https://www.sec.gov/Archives/edgar/data/20639/000002063908000023/frm10q.txt,1620586047,14:47:27,20210509
50,2008-06-30,ABCP,USD,2008-07-28 00:00:00,2008-07-28 16:41:24,Q2,0.0,26000.0,-26000.0,0.0,0.0,1381000.0,0.0,0.0,1435000.0,1461000.0,0.0,13000.0,-1448000.0,0.0,-1461000.0,0.0,247000.0,-1120000.0,0.0,0.0,-1120000.0,0.0,-0.03,-0.03,43610000,43610000,https://www.sec.gov/Archives/edgar/data/20639/000002063908000016/0000020639-08-000016-index.html,https://www.sec.gov/Archives/edgar/data/20639/000002063908000016/frm10q63008.txt,1620586047,14:47:27,20210509
51,2008-03-31,ABCP,USD,2008-05-14 00:00:00,2008-05-14 16:16:02,Q1,0.0,22000.0,-22000.0,0.0,0.0,2385000.0,0.0,0.0,2449000.0,2471000.0,0.0,13000.0,-2458000.0,0.0,-2471000.0,0.0,0.0,-2318000.0,0.0,0.0,-2318000.0,0.0,-0.05,-0.05,43729000,43729000,https://www.sec.gov/Archives/edgar/data/20639/000002063908000011/0000020639-08-000011-index.html,https://www.sec.gov/Archives/edgar/data/20639/000002063908000011/frm10q33108.txt,1620586047,14:47:27,20210509
52,2007-12-31,ABCP,USD,2008-03-28,2008-03-28,Q4,0.0,0.0,0.0,0.0,0.0,128000.0,0.0,0.0,802000.0,802000.0,0.0,13000.0,-789000.0,0.0,-802000.0,0.0,0.0,-600000.0,0.0,0.0,-600000.0,0.0,-0.013720871732717419,-0.013720871732717419,43729000,43729000,https://www.sec.gov/Archives/edgar/data/20639/000002063908000005/0000020639-08-000005-index.htm,https://www.sec.gov/Archives/edgar/data/20639/000002063908000005/frm10k123107.txt,1620586047,14:47:27,20210509
53,2007-09-30,ABCP,USD,2007-11-13 00:00:00,2007-11-13 15:53:42,Q3,0.0,0.0,0.0,0.0,0.0,535000.0,0.0,0.0,858000.0,858000.0,0.0,12000.0,-846000.0,0.0,-858000.0,0.0,26000.0,-588000.0,0.0,0.0,-588000.0,0.0,-0.01,-0.01,44703000,44703000,https://www.sec.gov/Archives/edgar/data/20639/000002063907000032/0000020639-07-000032-index.html,https://www.sec.gov/Archives/edgar/data/20639/000002063907000032/frm10q93007.txt,1620586047,14:47:27,20210509
54,2007-06-30,ABCP,USD,2007-07-24 00:00:00,2007-07-24 15:57:20,Q2,0.0,0.0,0.0,0.0,0.0,1116000.0,0.0,0.0,2152000.0,2152000.0,0.0,13000.0,-2139000.0,0.0,-2152000.0,0.0,128000.0,-1630000.0,0.0,25000.0,-1655000.0,0.0,-0.03,-0.03,44864000,44864000,https://www.sec.gov/Archives/edgar/data/20639/000002063907000022/0000020639-07-000022-index.html,https://www.sec.gov/Archives/edgar/data/20639/000002063907000022/frm10q63007.txt,1620586047,14:47:27,20210509
55,2007-03-31,ABCP,USD,2007-05-15 00:00:00,2007-05-15 11:41:40,Q1,0.0,0.0,0.0,0.0,0.0,1132000.0,0.0,0.0,1689000.0,1689000.0,0.0,13000.0,-1676000.0,0.0,-1689000.0,0.0,156000.0,-1068000.0,0.0,25000.0,-1093000.0,0.0,-0.02,-0.02,44969000,44969000,https://www.sec.gov/Archives/edgar/data/20639/000002063907000016/0000020639-07-000016-index.html,https://www.sec.gov/Archives/edgar/data/20639/000002063907000016/frm10q33107.txt,1620586047,14:47:27,20210509
56,2006-12-31,ABCP,USD,2006-12-31,2006-12-31,Q4,0.0,0.0,0.0,0.0,0.0,1036000.0,0.0,0.0,1521000.0,1521000.0,0.0,13000.0,-1508000.0,0.0,-1521000.0,0.0,1246000.0,203000.0,0.0,33000.0,170000.0,0.0,0.003780382040961551,0.003780382040961551,44969000,44969000,,,1620586047,14:47:27,20210509
57,2006-09-30,ABCP,USD,2006-09-30,2006-09-30,Q3,2000.0,0.0,0.0,0.0,0.0,1058000.0,0.0,0.0,1724000.0,1724000.0,0.0,13000.0,-1709000.0,-854.5,-1722000.0,-861.0,-700000.0,-1931000.0,-965.5,33000.0,-1964000.0,-982.0,-0.04,-0.04,45168000,45168000,,,1620586047,14:47:27,20210509
58,2006-06-30,ABCP,USD,2006-08-11,2006-08-11,Q2,49000.0,0.0,0.0,0.0,0.0,1596000.0,0.0,0.0,2729000.0,2729000.0,0.0,12000.0,-2668000.0,-54.44897959183673,-2680000.0,-54.69387755102041,72000.0,-2151000.0,-43.89795918367347,33000.0,-2184000.0,-44.57142857142857,-0.05,-0.05,45259000,45259000,https://www.sec.gov/Archives/edgar/data/20639/000002063906000025/0000020639-06-000025-index.htm,https://www.sec.gov/Archives/edgar/data/20639/000002063906000025/frm10q63006.txt,1620586047,14:47:27,20210509
59,2006-03-31,ABCP,USD,2006-03-31,2006-03-31,Q1,41000.0,0.0,0.0,0.0,0.0,1088000.0,0.0,0.0,1913000.0,1913000.0,0.0,13000.0,-1859000.0,-45.34146341463415,-1872000.0,-45.65853658536585,0.0,-1452000.0,-35.41463414634146,33000.0,-1485000.0,-36.21951219512195,-0.03,-0.03,45829000,45829000,,,1620586047,14:47:27,20210509
60,2005-12-31,ABCP,USD,2005-12-31,2005-12-31,Q4,43000.0,0.0,0.0,0.0,0.0,839000.0,0.0,0.0,1413000.0,1413000.0,0.0,13000.0,-1357000.0,-31.558139534883722,-1370000.0,-31.86046511627907,0.0,-940000.0,-21.86046511627907,-145000.0,-1195000.0,-27.790697674418606,-0.026075192563660563,-0.026075192563660563,45829000,45829000,,,1620586047,14:47:27,20210509
61,2005-09-30,ABCP,USD,2005-09-30,2005-09-30,Q3,41000.0,0.0,0.0,0.0,0.0,1098000.0,0.0,0.0,1621000.0,1621000.0,0.0,13000.0,-1567000.0,-38.21951219512195,-1580000.0,-38.53658536585366,0.0,-1247000.0,-30.414634146341463,180000.0,8934000.0,217.90243902439025,0.19,0.19,46234000,46234000,,,1620586047,14:47:27,20210509
62,2005-06-30,ABCP,USD,2005-06-30,2005-06-30,Q2,43000.0,0.0,0.0,0.0,0.0,1105000.0,0.0,0.0,1884000.0,1884000.0,0.0,12000.0,-1829000.0,-42.53488372093023,-1841000.0,-42.81395348837209,0.0,-1695000.0,-39.41860465116279,30000.0,-1380000.0,-32.093023255813954,-0.03,-0.03,46234000,46234000,,,1620586047,14:47:27,20210509
63,2005-03-31,ABCP,USD,2005-03-31,2005-03-31,Q1,573000.0,0.0,0.0,0.0,0.0,1170000.0,0.0,0.0,2012000.0,2012000.0,0.0,83000.0,-1356000.0,-2.3664921465968587,-1439000.0,-2.5113438045375216,20000.0,-1294000.0,-2.2582897033158815,30000.0,-1324000.0,-2.31064572425829,-0.03,-0.03,46234000,46234000,,,1620586047,14:47:27,20210509
64,2004-12-31,ABCP,USD,2004-12-31,2004-12-31,Q4,577000.0,0.0,0.0,0.0,0.0,1020000.0,0.0,0.0,2273000.0,2273000.0,0.0,82000.0,-1614000.0,-2.7972270363951472,-1696000.0,-2.9393414211438476,288000.0,-1283000.0,-2.2235701906412477,30000.0,-1313000.0,-2.2755632582322356,-0.028399013712852014,-0.028399013712852014,46234000,46234000,,,1620586047,14:47:27,20210509
65,2004-09-30,ABCP,USD,2004-09-30,2004-09-30,Q3,561000.0,0.0,0.0,0.0,0.0,1021000.0,0.0,0.0,1490000.0,1490000.0,0.0,83000.0,-846000.0,-1.5080213903743316,-929000.0,-1.6559714795008913,123000.0,-664000.0,-1.1836007130124777,30000.0,-694000.0,-1.2370766488413547,-0.01,-0.01,46234000,46234000,,,1620586047,14:47:27,20210509
66,2004-06-30,ABCP,USD,2004-07-27,2004-07-27,Q2,556000.0,0.0,0.0,0.0,0.0,1026000.0,0.0,0.0,1492000.0,1492000.0,0.0,82000.0,-854000.0,-1.5359712230215827,-936000.0,-1.683453237410072,229000.0,-584000.0,-1.0503597122302157,30000.0,-614000.0,-1.10431654676259,-0.01,-0.01,46234000,46234000,https://www.sec.gov/Archives/edgar/data/20639/000002063904000027/0000020639-04-000027-index.htm,https://www.sec.gov/Archives/edgar/data/20639/000002063904000027/txt10q2ndqtr.txt,1620586047,14:47:27,20210509
67,2004-03-31,ABCP,USD,2004-03-31,2004-03-31,Q1,535000.0,0.0,0.0,0.0,0.0,1083000.0,0.0,0.0,1457000.0,1457000.0,0.0,83000.0,-839000.0,-1.5682242990654205,-922000.0,-1.7233644859813084,107000.0,-700000.0,-1.308411214953271,30000.0,-730000.0,-1.3644859813084111,-0.02,-0.02,46200000,46200000,,,1620586047,14:47:27,20210509
68,2003-12-31,ABCP,USD,2003-12-31,2003-12-31,Q4,732000.0,0.0,0.0,0.0,0.0,816000.0,0.0,0.0,1655000.0,1655000.0,0.0,83000.0,-840000.0,-1.1475409836065573,-923000.0,-1.260928961748634,26000.0,-805000.0,-1.099726775956284,-10000.0,-795000.0,-1.0860655737704918,-0.017207792207792207,-0.017207792207792207,46200000,46200000,,,1620586047,14:47:27,20210509
69,2003-09-30,ABCP,USD,2003-09-30,2003-09-30,Q3,615000.0,0.0,0.0,0.0,0.0,982000.0,0.0,0.0,1560000.0,1560000.0,0.0,83000.0,-862000.0,-1.4016260162601626,-945000.0,-1.5365853658536586,12000.0,-862000.0,-1.4016260162601626,45000.0,-907000.0,-1.4747967479674797,-0.02,-0.02,46159000,46159000,,,1620586047,14:47:27,20210509
70,2003-06-30,ABCP,USD,2003-06-30,2003-06-30,Q2,617000.0,0.0,0.0,0.0,0.0,1003000.0,0.0,0.0,1843000.0,1843000.0,0.0,81000.0,-1145000.0,-1.8557536466774716,-1226000.0,-1.987034035656402,52000.0,-1088000.0,-1.7633711507293355,45000.0,-1133000.0,-1.8363047001620745,-0.02,-0.02,46204000,46204000,,,1620586047,14:47:27,20210509
71,2003-03-31,ABCP,USD,2003-05-12 00:00:00,2003-05-12 16:26:51,Q1,614000.0,0.0,0.0,0.0,0.0,1051000.0,0.0,0.0,1378000.0,1378000.0,0.0,82000.0,-682000.0,-1.1107491856677525,-764000.0,-1.244299674267101,0.0,-679000.0,-1.1058631921824105,45000.0,-724000.0,-1.1791530944625408,-0.02,-0.02,46209000,46209000,https://www.sec.gov/Archives/edgar/data/20639/000002063903000008/0000020639-03-000008-index.html,https://www.sec.gov/Archives/edgar/data/20639/000002063903000008/form10q33103.txt,1620586047,14:47:27,20210509
72,2002-12-31,ABCP,USD,2003-03-27,2003-03-27,Q4,1074000.0,0.0,0.0,0.0,0.0,845000.0,0.0,0.0,1734000.0,1734000.0,0.0,15000.0,-645000.0,-0.6005586592178771,-660000.0,-0.6145251396648045,0.0,-552000.0,-0.5139664804469274,45000.0,-597000.0,-0.5558659217877095,-0.012919561124456275,-0.012919561124456275,46209000,46209000,https://www.sec.gov/Archives/edgar/data/20639/000002063903000006/0000020639-03-000006-index.htm,https://www.sec.gov/Archives/edgar/data/20639/000002063903000006/edgar10k1202.txt,1620586047,14:47:27,20210509
73,2002-09-30,ABCP,USD,2002-11-12 00:00:00,2002-11-12 16:21:17,Q3,-1328000.0,0.0,0.0,0.0,0.0,872000.0,0.0,0.0,1398000.0,1398000.0,0.0,20000.0,-2706000.0,2.0376506024096384,-2726000.0,2.052710843373494,0.0,-2726000.0,2.052710843373494,44000.0,-2770000.0,2.085843373493976,-0.05994503235300483,-0.059776861822654785,46209000,46339000,https://www.sec.gov/Archives/edgar/data/20639/000002063902000012/0000020639-02-000012-index.html,https://www.sec.gov/Archives/edgar/data/20639/000002063902000012/form10q3rdqtr2002.txt,1620586047,14:47:27,20210509
74,2002-06-30,ABCP,USD,2002-07-26 00:00:00,2002-07-26 15:20:13,Q2,260000.0,0.0,0.0,0.0,0.0,867000.0,0.0,0.0,1274000.0,1274000.0,0.0,19000.0,-995000.0,-3.826923076923077,-1014000.0,-3.9,71000.0,-1014000.0,-3.9,45000.0,-1059000.0,-4.073076923076923,-0.02291761345192495,-0.022842475356441835,46209000,46361000,https://www.sec.gov/Archives/edgar/data/20639/000002063902000009/0000020639-02-000009-index.html,https://www.sec.gov/Archives/edgar/data/20639/000002063902000009/form10q2ndqtr.txt,1620586047,14:47:27,20210509
75,2002-03-31,ABCP,USD,2002-05-07 00:00:00,2002-05-07 15:26:03,Q1,472000.0,0.0,0.0,0.0,0.0,931000.0,0.0,0.0,1133000.0,1133000.0,0.0,20000.0,-641000.0,-1.3580508474576272,-661000.0,-1.4004237288135593,279000.0,-661000.0,-1.4004237288135593,45000.0,-706000.0,-1.4957627118644068,-0.015278408967949967,-0.015182795698924731,46209000,46500000,https://www.sec.gov/Archives/edgar/data/20639/000002063902000007/0000020639-02-000007-index.html,https://www.sec.gov/Archives/edgar/data/20639/000002063902000007/edgarfirstqtr2002.txt,1620586047,14:47:27,20210509
76,2001-12-31,ABCP,USD,2002-03-27 00:00:00,2002-03-27 00:00:00,Q4,442000.0,0.0,0.0,0.0,0.0,2549000.0,0.0,0.0,2960000.0,2960000.0,0.0,1759000.0,-759000.0,-1.7171945701357465,-2518000.0,-5.6968325791855206,88000.0,-2518000.0,-5.6968325791855206,71000.0,-2589000.0,-5.857466063348416,-0.05602804648445108,-0.05602804648445108,46209000,46209000,https://www.sec.gov/Archives/edgar/data/20639/000002063902000003/0000020639-02-000003-index.html,https://www.sec.gov/Archives/edgar/data/20639/000002063902000003/form10k2001.txt,1620586047,14:47:27,20210509
77,2001-09-30,ABCP,USD,2001-11-14 00:00:00,2001-11-14 00:00:00,Q3,499000.0,0.0,0.0,0.0,0.0,762000.0,0.0,0.0,1172000.0,1172000.0,0.0,-440000.0,-1113000.0,-2.2304609218436875,-673000.0,-1.348697394789579,67000.0,-673000.0,-1.348697394789579,44000.0,-717000.0,-1.43687374749499,-0.02,-0.02,46209000,46209000,https://www.sec.gov/Archives/edgar/data/20639/000002063901500011/0000020639-01-500011-index.html,https://www.sec.gov/Archives/edgar/data/20639/000002063901500011/thirdquarter200110q.txt,1620586047,14:47:27,20210509
78,2001-06-30,ABCP,USD,2001-08-01 00:00:00,2001-08-01 00:00:00,Q2,838000.0,0.0,0.0,0.0,0.0,826000.0,0.0,0.0,67624000.0,67624000.0,0.0,-573000.0,-67359000.0,-80.38066825775657,-66786000.0,-79.69689737470168,132832000.0,65990000.0,78.74701670644392,55000.0,65935000.0,78.68138424821002,1.43,1.42,46209000,46433099,https://www.sec.gov/Archives/edgar/data/20639/000002063901500007/0000020639-01-500007-index.html,https://www.sec.gov/Archives/edgar/data/20639/000002063901500007/secondquarter10q.txt,1620586047,14:47:27,20210509
79,2001-03-31,ABCP,USD,2001-05-09 00:00:00,2001-05-09 00:00:00,Q1,756000.0,0.0,0.0,0.0,0.0,938000.0,0.0,0.0,1215000.0,1215000.0,0.0,-689000.0,-1148000.0,-1.5185185185185186,-459000.0,-0.6071428571428571,50000.0,-459000.0,-0.6071428571428571,55000.0,-514000.0,-0.6798941798941799,-0.01,-0.01,46209000,46209000,https://www.sec.gov/Archives/edgar/data/20639/000002063901500003/0000020639-01-500003-index.html,https://www.sec.gov/Archives/edgar/data/20639/000002063901500003/firstquarter2001.txt,1620586047,14:47:27,20210509
80,2000-12-31,ABCP,USD,2001-03-29 00:00:00,2001-03-29 00:00:00,Q4,-7451000.0,0.0,0.0,0.0,0.0,808000.0,0.0,0.0,1338000.0,1338000.0,0.0,0.0,-8817000.0,1.1833310964971144,-8789000.0,1.179573211649443,28000.0,-539000.0,0.07233928331767547,51000.0,-590000.0,0.07918400214736276,-0.012768075483130992,-0.012768075483130992,46209000,46209000,https://www.sec.gov/Archives/edgar/data/20639/000002063901000003/0000020639-01-000003-index.html,https://www.sec.gov/Archives/edgar/data/20639/000002063901000003/0000020639-01-000003-0001.txt,1620586047,14:47:27,20210509
81,2000-09-30,ABCP,USD,2000-11-03 00:00:00,2000-11-03 00:00:00,Q3,816000.0,0.0,0.0,0.0,0.0,876000.0,0.0,0.0,1171000.0,1171000.0,0.0,-750000.0,-1105000.0,-1.3541666666666667,-355000.0,-0.43504901960784315,50000.0,-355000.0,-0.43504901960784315,44000.0,-399000.0,-0.4889705882352941,-0.01,-0.01,46209000,46209000,https://www.sec.gov/Archives/edgar/data/20639/000002063900000014/0000020639-00-000014-index.html,https://www.sec.gov/Archives/edgar/data/20639/000002063900000014/0000020639-00-000014-0001.txt,1620586047,14:47:27,20210509
82,2000-06-30,ABCP,USD,2000-08-14 00:00:00,2000-08-14 00:00:00,Q2,8984000.0,0.0,0.0,0.0,0.0,884000.0,0.0,0.0,2040000.0,2040000.0,0.0,-654000.0,6290000.0,0.70013357079252,6944000.0,0.7729296527159395,8308000.0,6944000.0,0.7729296527159395,55000.0,6889000.0,0.7668076580587712,0.15,0.15,46209000,46209000,https://www.sec.gov/Archives/edgar/data/20639/000002063900000011/0000020639-00-000011-index.html,https://www.sec.gov/Archives/edgar/data/20639/000002063900000011/0000020639-00-000011-0001.txt,1620586047,14:47:27,20210509
83,2000-03-31,ABCP,USD,2000-05-15 00:00:00,2000-05-15 00:00:00,Q1,632000.0,0.0,0.0,0.0,0.0,939000.0,0.0,0.0,1303000.0,1303000.0,0.0,-577000.0,-1248000.0,-1.9746835443037976,-671000.0,-1.0617088607594938,50000.0,-671000.0,-1.0617088607594938,55000.0,-726000.0,-1.1487341772151898,-0.02,-0.02,46190000,46190000,https://www.sec.gov/Archives/edgar/data/20639/000002063900000007/0000020639-00-000007-index.html,https://www.sec.gov/Archives/edgar/data/20639/0000020639-00-000007.txt,1620586047,14:47:27,20210509
84,1999-12-31,ABCP,USD,1999-12-31,1999-12-31,Q4,608000.0,0.0,0.0,0.0,0.0,1081000.0,0.0,0.0,1875000.0,1875000.0,0.0,0.0,-1267000.0,-2.0838815789473686,-1267000.0,-2.0838815789473686,0.0,-1267000.0,-2.0838815789473686,66000.0,-1333000.0,-2.192434210526316,-0.028859060402684565,-0.028859060402684565,46190000,46190000,,,1620586047,14:47:27,20210509
85,1999-09-30,ABCP,USD,1999-11-02 00:00:00,1999-11-02 00:00:00,Q3,594000.0,0.0,0.0,0.0,0.0,823000.0,0.0,0.0,1482000.0,1482000.0,0.0,0.0,-888000.0,-1.494949494949495,-888000.0,-1.494949494949495,50000.0,-888000.0,-1.494949494949495,46000.0,-934000.0,-1.5723905723905724,-0.02,-0.02,44534000,44534000,https://www.sec.gov/Archives/edgar/data/20639/000002063999000025/0000020639-99-000025-index.html,https://www.sec.gov/Archives/edgar/data/20639/0000020639-99-000025.txt,1620586047,14:47:27,20210509
86,1999-06-30,ABCP,USD,1999-08-09 00:00:00,1999-08-09 00:00:00,Q2,584000.0,0.0,0.0,0.0,0.0,817000.0,0.0,0.0,2245000.0,2245000.0,0.0,0.0,-1661000.0,-2.844178082191781,-1661000.0,-2.844178082191781,0.0,-1661000.0,-2.844178082191781,68000.0,-1729000.0,-2.960616438356164,-0.04,-0.04,44534000,44534000,https://www.sec.gov/Archives/edgar/data/20639/000002063999000017/0000020639-99-000017-index.html,https://www.sec.gov/Archives/edgar/data/20639/0000020639-99-000017.txt,1620586047,14:47:27,20210509
87,1999-03-31,ABCP,USD,1999-05-14 00:00:00,1999-05-14 00:00:00,Q1,574000.0,0.0,0.0,0.0,0.0,884000.0,0.0,0.0,1038000.0,1038000.0,0.0,0.0,-464000.0,-0.8083623693379791,-464000.0,-0.8083623693379791,43000.0,-464000.0,-0.8083623693379791,55000.0,-519000.0,-0.9041811846689896,-0.01,-0.01,44534000,44534000,https://www.sec.gov/Archives/edgar/data/20639/000002063999000015/0000020639-99-000015-index.html,https://www.sec.gov/Archives/edgar/data/20639/0000020639-99-000015.txt,1620586047,14:47:27,20210509
88,1998-12-31,ABCP,USD,1999-03-22 00:00:00,1999-03-22 00:00:00,Q4,0.0,0.0,0.0,0.0,0.0,2100000.0,0.0,100000.0,2100000.0,2100000.0,0.0,0.0,-1400000.0,0.0,-2100000.0,0.0,700000.0,-1500000.0,0.0,100000.0,-1500000.0,0.0,-0.03371,-0.03371,44500000,44500000,https://www.sec.gov/Archives/edgar/data/20639/000002063999000005/0000020639-99-000005-index.html,https://www.sec.gov/Archives/edgar/data/20639/0000020639-99-000005.txt,1620586047,14:47:27,20210509
89,1998-09-30,ABCP,USD,1998-11-05 00:00:00,1998-11-05 00:00:00,Q3,0.0,0.0,0.0,0.0,0.0,600000.0,0.0,0.0,700000.0,700000.0,0.0,0.0,2500000.0,0.0,-700000.0,0.0,3100000.0,2400000.0,0.0,100000.0,2400000.0,0.0,0.05393,0.05393,44500000,44500000,https://www.sec.gov/Archives/edgar/data/20639/000002063998000020/0000020639-98-000020-index.html,https://www.sec.gov/Archives/edgar/data/20639/0000020639-98-000020.txt,1620586047,14:47:27,20210509
90,1998-06-30,ABCP,USD,1998-07-31 00:00:00,1998-07-31 00:00:00,Q2,0.0,0.0,0.0,0.0,0.0,900000.0,0.0,0.0,900000.0,900000.0,0.0,0.0,-300000.0,0.0,-900000.0,0.0,600000.0,-300000.0,0.0,100000.0,-400000.0,0.0,-0.00899,-0.00899,44500000,44500000,https://www.sec.gov/Archives/edgar/data/20639/000002063998000016/0000020639-98-000016-index.html,https://www.sec.gov/Archives/edgar/data/20639/0000020639-98-000016.txt,1620586047,14:47:27,20210509
91,1998-03-31,ABCP,USD,1998-05-15 00:00:00,1998-05-15 00:00:00,Q1,0.0,0.0,0.0,0.0,0.0,800000.0,0.0,0.0,900000.0,900000.0,0.0,0.0,-200000.0,0.0,-900000.0,0.0,600000.0,-200000.0,0.0,100000.0,-300000.0,0.0,-0.00674,-0.00674,44500000,44500000,https://www.sec.gov/Archives/edgar/data/20639/000002063998000014/0000020639-98-000014-index.html,https://www.sec.gov/Archives/edgar/data/20639/0000020639-98-000014.txt,1620586047,14:47:27,20210509
92,1997-12-31,ABCP,USD,1998-03-31 00:00:00,1998-03-31 00:00:00,Q4,0.0,0.0,0.0,0.0,0.0,1900000.0,0.0,100000.0,2000000.0,2000000.0,0.0,0.0,-1300000.0,0.0,-2000000.0,0.0,700000.0,-1300000.0,0.0,100000.0,-1400000.0,0.0,-0.03146,-0.03146,44500000,44500000,https://www.sec.gov/Archives/edgar/data/20639/000002063998000006/0000020639-98-000006-index.html,https://www.sec.gov/Archives/edgar/data/20639/0000020639-98-000006.txt,1620586047,14:47:27,20210509
93,1997-09-30,ABCP,USD,1997-10-28 00:00:00,1997-10-28 00:00:00,Q3,0.0,0.0,0.0,0.0,0.0,500000.0,0.0,100000.0,600000.0,600000.0,0.0,0.0,100000.0,0.0,-600000.0,0.0,700000.0,100000.0,0.0,100000.0,0.0,0.0,0.0,0.0,44500000,44500000,https://www.sec.gov/Archives/edgar/data/20639/000002063997000014/0000020639-97-000014-index.html,https://www.sec.gov/Archives/edgar/data/20639/0000020639-97-000014.txt,1620586047,14:47:27,20210509
94,1997-06-30,ABCP,USD,1997-07-24 00:00:00,1997-07-24 00:00:00,Q2,0.0,0.0,0.0,0.0,0.0,600000.0,0.0,100000.0,700000.0,700000.0,0.0,0.0,0.0,0.0,-700000.0,0.0,700000.0,0.0,0.0,100000.0,-100000.0,0.0,-0.00225,-0.00225,44500000,44500000,https://www.sec.gov/Archives/edgar/data/20639/000002063997000009/0000020639-97-000009-index.html,https://www.sec.gov/Archives/edgar/data/20639/0000020639-97-000009.txt,1620586047,14:47:27,20210509
95,1997-03-31,ABCP,USD,1997-05-01 00:00:00,1997-05-01 00:00:00,Q1,0.0,0.0,0.0,0.0,0.0,600000.0,0.0,100000.0,700000.0,700000.0,0.0,0.0,0.0,0.0,-700000.0,0.0,700000.0,0.0,0.0,-400000.0,400000.0,0.0,0.00866,0.00866,46200000,46200000,https://www.sec.gov/Archives/edgar/data/20639/000002063997000005/0000020639-97-000005-index.html,https://www.sec.gov/Archives/edgar/data/20639/0000020639-97-000005.txt,1620586047,14:47:27,20210509
96,1996-12-31,ABCP,USD,1997-02-25 00:00:00,1997-02-25 00:00:00,Q4,0.0,0.0,0.0,0.0,0.0,1700000.0,0.0,100000.0,1800000.0,1800000.0,0.0,0.0,-1000000.0,0.0,-1800000.0,0.0,700000.0,-1100000.0,0.0,100000.0,-1100000.0,0.0,-0.02472,-0.02472,44500000,44500000,https://www.sec.gov/Archives/edgar/data/20639/000002063997000002/0000020639-97-000002-index.html,https://www.sec.gov/Archives/edgar/data/20639/0000020639-97-000002.txt,1620586047,14:47:27,20210509
97,1996-09-30,ABCP,USD,1996-10-18 00:00:00,1996-10-18 00:00:00,Q3,0.0,0.0,0.0,0.0,0.0,600000.0,0.0,100000.0,700000.0,700000.0,0.0,0.0,0.0,0.0,-700000.0,0.0,700000.0,0.0,0.0,200000.0,-200000.0,0.0,-0.00449,-0.00449,44500000,44500000,https://www.sec.gov/Archives/edgar/data/20639/000002063996000011/0000020639-96-000011-index.html,https://www.sec.gov/Archives/edgar/data/20639/0000020639-96-000011.txt,1620586047,14:47:27,20210509
98,1996-06-30,ABCP,USD,1996-08-06 00:00:00,1996-08-06 00:00:00,Q2,0.0,0.0,0.0,0.0,0.0,500000.0,0.0,100000.0,700000.0,700000.0,0.0,0.0,7900000.0,0.0,-700000.0,0.0,8500000.0,7800000.0,0.0,100000.0,7800000.0,0.0,0.17528,0.17528,44500000,44500000,https://www.sec.gov/Archives/edgar/data/20639/000002063996000009/0000020639-96-000009-index.html,https://www.sec.gov/Archives/edgar/data/20639/0000020639-96-000009.txt,1620586047,14:47:27,20210509
99,1996-03-31,ABCP,USD,1996-05-07 00:00:00,1996-05-07 00:00:00,Q1,0.0,0.0,0.0,0.0,0.0,500000.0,0.0,100000.0,600000.0,600000.0,0.0,0.0,-100000.0,0.0,-600000.0,0.0,600000.0,0.0,0.0,-7600000.0,7500000.0,0.0,0.16854,0.16854,44500000,44500000,https://www.sec.gov/Archives/edgar/data/20639/000002063996000005/0000020639-96-000005-index.html,https://www.sec.gov/Archives/edgar/data/20639/0000020639-96-000005.txt,1620586047,14:47:27,20210509
100,1995-12-31,ABCP,USD,1995-12-31,1995-12-31,Q4,0.0,0.0,0.0,0.0,0.0,1000000.0,0.0,100000.0,1200000.0,1200000.0,0.0,0.0,4100000.0,0.0,-1200000.0,0.0,5300000.0,4100000.0,0.0,0.0,4100000.0,0.0,0.09213,0.09213,44500000,44500000,,,1620586047,14:47:27,20210509
101,1995-09-30,ABCP,USD,1995-09-30,1995-09-30,Q3,0.0,0.0,0.0,0.0,0.0,600000.0,0.0,100000.0,700000.0,700000.0,0.0,0.0,1900000.0,0.0,-700000.0,0.0,2600000.0,1900000.0,0.0,1800000.0,100000.0,0.0,0.00225,0.00225,44500000,44500000,,,1620586047,14:47:27,20210509
102,1995-06-30,ABCP,USD,1995-06-30,1995-06-30,Q2,-100000.0,0.0,0.0,0.0,0.0,500000.0,0.0,100000.0,700000.0,700000.0,0.0,0.0,-100000.0,1.0,-800000.0,8.0,700000.0,-100000.0,1.0,0.0,-100000.0,1.0,-0.00225,-0.00225,44500000,44500000,,,1620586047,14:47:27,20210509
103,1995-03-31,ABCP,USD,1995-03-31,1995-03-31,Q1,100000.0,0.0,0.0,0.0,0.0,600000.0,0.0,200000.0,800000.0,800000.0,0.0,0.0,100000.0,1.0,-700000.0,-7.0,700000.0,0.0,0.0,100000.0,0.0,0.0,0.0,0.0,44500000,44500000,,,1620586047,14:47:27,20210509
104,1993-06-30,ABCP,USD,1993-06-30,1993-06-30,Q4,0.0,0.0,0.0,0.0,0.0,1000000.0,0.0,200000.0,1200000.0,1200000.0,0.0,0.0,1500000.0,0.0,-1200000.0,0.0,2700000.0,1500000.0,0.0,0.0,1500000.0,0.0,0.03386,0.03386,44300000,44300000,,,1620586047,14:47:27,20210509
105,1993-03-31,ABCP,USD,1993-03-31,1993-03-31,Q3,0.0,0.0,0.0,0.0,0.0,900000.0,0.0,200000.0,1100000.0,1100000.0,0.0,0.0,0.0,0.0,-1100000.0,0.0,1100000.0,0.0,0.0,0.0,0.0,0.0,0.0,0.0,43100000,43100000,,,1620586047,14:47:27,20210509
106,1992-12-31,ABCP,USD,1992-12-31,1992-12-31,Q2,-80400000.0,0.0,0.0,0.0,0.0,2200000.0,0.0,-65000000.0,-62800000.0,-62800000.0,0.0,0.0,17100000.0,-0.212687,-17600000.0,0.21890547263681592,13000000.0,-4600000.0,0.05721393034825871,1200000.0,15900000.0,-0.19776119402985073,0.39066,0.39066,40700000,40700000,,,1620586047,14:47:27,20210509
107,1992-09-30,ABCP,USD,1992-09-30,1992-09-30,Q1,81000000.0,0.0,0.0,0.0,0.0,0.0,0.0,65000000.0,65000000.0,65000000.0,0.0,23000000.0,39000000.0,0.48148148148148145,16000000.0,0.19753086419753085,-13000000.0,3000000.0,0.037037037037037035,1000000.0,2000000.0,0.024691358024691357,0.04914,0.04914,40700000,40700000,,,1620586047,14:47:27,20210509
108,1992-06-30,ABCP,USD,1992-06-30,1992-06-30,Q4,300000.0,0.0,0.0,0.0,0.0,1300000.0,0.0,400000.0,1700000.0,1700000.0,0.0,0.0,3600000.0,12.0,-1400000.0,-4.666666666666667,300000.0,-1200000.0,-4.0,1100000.0,2500000.0,8.333333333333334,0.06143,0.06143,40700000,40700000,,,1620586047,14:47:27,20210509
109,1992-03-31,ABCP,USD,1992-03-31,1992-03-31,Q3,200000.0,0.0,0.0,0.0,0.0,1200000.0,0.0,300000.0,1500000.0,1500000.0,0.0,0.0,4600000.0,23.0,-1300000.0,-6.5,300000.0,-1000000.0,-5.0,1500000.0,3100000.0,15.5,0.07617,0.07617,40700000,40700000,,,1620586047,14:47:27,20210509
110,1991-12-31,ABCP,USD,1991-12-31,1991-12-31,Q2,102000000.0,0.0,0.0,0.0,0.0,0.0,0.0,83000000.0,83000000.0,83000000.0,0.0,0.0,-13000000.0,-0.127451,19000000.0,0.18627450980392157,-32000000.0,-13000000.0,-0.12745098039215685,5000000.0,-18000000.0,-0.17647058823529413,-0.49046,-0.49046,36700000,36700000,,,1620586047,14:47:27,20210509
111,1991-09-30,ABCP,USD,1991-09-30,1991-09-30,Q1,109000000.0,0.0,0.0,0.0,0.0,0.0,0.0,94000000.0,94000000.0,94000000.0,0.0,8000000.0,23000000.0,0.21100917431192662,15000000.0,0.13761467889908258,-26000000.0,-11000000.0,-0.10091743119266056,1000000.0,-12000000.0,-0.11009174311926606,-0.30457,-0.30457,39400000,39400000,,,1620586047,14:47:27,20210509
112,1991-06-30,ABCP,USD,1991-06-30,1991-06-30,Q4,119000000.0,0.0,0.0,0.0,0.0,0.0,0.0,242000000.0,242000000.0,242000000.0,0.0,11000000.0,-112000000.0,-0.9411764705882353,-123000000.0,-1.0336134453781514,-26000000.0,-149000000.0,-1.2521008403361344,3000000.0,-152000000.0,-1.2773109243697478,-3.94805,-3.94805,38500000,38500000,,,1620586047,14:47:27,20210509
113,1991-03-31,ABCP,USD,1991-03-31,1991-03-31,Q3,123000000.0,0.0,0.0,0.0,0.0,0.0,0.0,111000000.0,111000000.0,111000000.0,0.0,9000000.0,21000000.0,0.17073170731707318,12000000.0,0.0975609756097561,-29000000.0,-17000000.0,-0.13821138211382114,3000000.0,36000000.0,0.2926829268292683,1.02564,1.02564,35100000,35100000,,,1620586047,14:47:27,20210509
114,1990-12-31,ABCP,USD,1990-12-31,1990-12-31,Q2,130000000.0,0.0,0.0,0.0,0.0,0.0,0.0,169000000.0,169000000.0,169000000.0,0.0,0.0,-176000000.0,-1.353846,-39000000.0,-0.3,-195000000.0,-234000000.0,-1.8,2000000.0,-178000000.0,-1.3692307692307693,-5.15942,-5.15942,34500000,34500000,,,1620586047,14:47:27,20210509
115,1990-09-30,ABCP,USD,1990-09-30,1990-09-30,Q1,140000000.0,0.0,0.0,0.0,0.0,0.0,0.0,145000000.0,145000000.0,145000000.0,0.0,0.0,-693000000.0,-4.95,-5000000.0,-0.03571428571428571,-49000000.0,-54000000.0,-0.38571428571428573,1000000.0,-694000000.0,-4.957142857142857,-20.41176,-20.41176,34000000,34000000,,,1620586047,14:47:27,20210509
116,1990-06-30,ABCP,USD,1990-06-30,1990-06-30,Q4,141000000.0,0.0,0.0,0.0,0.0,0.0,0.0,117000000.0,117000000.0,117000000.0,0.0,13000000.0,37000000.0,0.2624113475177305,24000000.0,0.1702127659574468,-61000000.0,-37000000.0,-0.2624113475177305,0.0,-106000000.0,-0.75177304964539,-3.18318,-3.18318,33300000,33300000,,,1620586047,14:47:27,20210509
117,1990-03-31,ABCP,USD,1990-03-31,1990-03-31,Q3,147000000.0,0.0,0.0,0.0,0.0,0.0,0.0,133000000.0,133000000.0,133000000.0,0.0,12000000.0,26000000.0,0.17687074829931973,14000000.0,0.09523809523809523,-52000000.0,-38000000.0,-0.2585034013605442,3000000.0,-42000000.0,-0.2857142857142857,-1.22807,-1.22807,34200000,34200000,,,1620586047,14:47:27,20210509
118,1989-12-31,ABCP,USD,1989-12-31,1989-12-31,Q2,155000000.0,0.0,0.0,0.0,0.0,0.0,0.0,142000000.0,142000000.0,142000000.0,0.0,46000000.0,59000000.0,0.38064516129032255,13000000.0,0.08387096774193549,-34000000.0,-21000000.0,-0.13548387096774195,3000000.0,20000000.0,0.12903225806451613,0.57471,0.57471,34800000,34800000,,,1620586047,14:47:27,20210509
119,1989-09-30,ABCP,USD,1989-09-30,1989-09-30,Q1,169000000.0,0.0,0.0,0.0,0.0,0.0,0.0,150000000.0,150000000.0,150000000.0,0.0,0.0,24000000.0,0.142012,19000000.0,0.11242603550295859,-25000000.0,-6000000.0,-0.03550295857988166,4000000.0,20000000.0,0.11834319526627218,0.6192,0.6192,32300000,32300000,,,1620586047,14:47:27,20210509
