,date,symbol,reportedCurrency,fillingDate,acceptedDate,period,revenue,costOfRevenue,grossProfit,grossProfitRatio,researchAndDevelopmentExpenses,generalAndAdministrativeExpenses,sellingAndMarketingExpenses,otherExpenses,operatingExpenses,costAndExpenses,interestExpense,depreciationAndAmortization,ebitda,ebitdaratio,operatingIncome,operatingIncomeRatio,totalOtherIncomeExpensesNet,incomeBeforeTax,incomeBeforeTaxRatio,incomeTaxExpense,netIncome,netIncomeRatio,eps,epsdiluted,weightedAverageShsOut,weightedAverageShsOutDil,link,finalLink,timestamp,est_time,est_date
0,2020-09-30,ZIP.AX,AUD,2020-09-30,2020-09-30,Q3,16250.0,54.0,16196.0,0.9966769230769231,0.0,45424.75,0.0,2514.25,216521.25,0.0,337.25,0.0,-239600.5,-0.06782122741813978,-245750.0,-15.123076923076923,2514.25,-239937.75,-14.7654,0.0,-239937.75,-14.7654,-0.00231825,-0.00231825,103113507.0,103113507.0,,,1620600156,18:42:36,20210509
1,2020-06-30,ZIP.AX,AUD,2020-06-30,2020-06-30,Q2,16250.0,54.0,16196.0,0.9966769230769231,0.0,45424.75,0.0,2514.25,216521.25,0.0,337.25,0.0,-239600.5,-0.06782122741813978,-245750.0,-15.123076923076923,2514.25,-239937.75,-14.7654,0.0,-239937.75,-14.7654,-0.00231825,-0.00231825,103113507.0,103113507.0,,,1620600156,18:42:36,20210509
2,2020-03-31,ZIP.AX,AUD,2020-03-31,2020-03-31,Q1,16250.0,54.0,16196.0,0.9966769230769231,0.0,45424.75,0.0,2514.25,216521.25,0.0,337.25,0.0,-239600.5,-0.06782122741813978,-245750.0,-15.123076923076923,2514.25,-239937.75,-14.7654,0.0,-239937.75,-14.7654,-0.00231825,-0.00231825,103113507.0,103113507.0,,,1620600156,18:42:36,20210509
3,2020-01-31,ZIP.AX,AUD,2020-01-31,2020-01-31,Q1,16250.0,54.0,16196.0,0.9966769230769231,0.0,45424.75,0.0,2514.25,216521.25,0.0,337.25,0.0,-239600.5,-0.06782122741813978,-245750.0,-15.123076923076923,2514.25,-239937.75,-14.7654,0.0,-239937.75,-14.7654,-0.00231825,-0.00231825,103113507.0,103113507.0,,,1620600156,18:42:36,20210509
4,2019-06-30,ZIP.AX,AUD,2019-06-30,2019-06-30,Q2,1835.25,286.5,1548.75,0.8438904781364936,0.0,73652.0,0.0,18031.25,36717.25,0.0,54.5,0.0,-84549.25,-0.02170628361576241,-108820.5,-59.29464650592562,18031.25,-84603.75,-46.09930527176134,0.0,-84603.75,-46.09930527176134,-0.001,-0.001,85830430.0,85830430.0,,,1620600156,18:42:36,20210509
5,2019-03-31,ZIP.AX,AUD,2019-03-31,2019-03-31,Q1,1835.25,286.5,1548.75,0.8438904781364936,0.0,73652.0,0.0,18031.25,36717.25,0.0,54.5,0.0,-84549.25,-0.02170628361576241,-108820.5,-59.29464650592562,18031.25,-84603.75,-46.09930527176134,0.0,-84603.75,-46.09930527176134,-0.001,-0.001,85830430.0,85830430.0,,,1620600156,18:42:36,20210509
6,2019-01-31,ZIP.AX,AUD,2019-01-31,2019-01-31,Q1,1835.25,286.5,1548.75,0.8438904781364936,0.0,73652.0,0.0,18031.25,36717.25,0.0,54.5,0.0,-84549.25,-0.02170628361576241,-108820.5,-59.29464650592562,18031.25,-84603.75,-46.09930527176134,0.0,-84603.75,-46.09930527176134,-0.001,-0.001,85830430.0,85830430.0,,,1620600156,18:42:36,20210509
7,2018-06-30,ZIP.AX,AUD,2018-06-30,2018-06-30,Q2,6538.5,7497.75,-959.25,-0.14670796054140858,27073.25,90301.5,106.75,92432.0,41350.0,0.0,1325.0,1740.5,-159790.75,-24.438441538579184,-161531.25,-24.704634090387703,86486.25,-70570.5,-10.793071805459968,0.0,-70570.5,-10.793071805459968,-0.00068175,-0.00068175,81113633.0,81113633.0,,,1620600156,18:42:36,20210509
8,2018-03-31,ZIP.AX,AUD,2018-03-31,2018-03-31,Q1,6538.5,7497.75,-959.25,-0.14670796054140858,27073.25,90301.5,106.75,92432.0,41350.0,0.0,1325.0,1740.5,-159790.75,-24.438441538579184,-161531.25,-24.704634090387703,86486.25,-70570.5,-10.793071805459968,0.0,-70570.5,-10.793071805459968,-0.00068175,-0.00068175,81113633.0,81113633.0,,,1620600156,18:42:36,20210509
9,2018-01-31,ZIP.AX,AUD,2018-01-31,2018-01-31,Q1,6538.5,7497.75,-959.25,-0.14670796054140858,27073.25,90301.5,106.75,92432.0,41350.0,0.0,1325.0,1740.5,-159790.75,-24.438441538579184,-161531.25,-24.704634090387703,86486.25,-70570.5,-10.793071805459968,0.0,-70570.5,-10.793071805459968,-0.00068175,-0.00068175,81113633.0,81113633.0,,,1620600156,18:42:36,20210509
10,2017-06-30,ZIP.AX,AUD,2017-06-30,2017-06-30,Q2,56463.5,76870.5,-20407.0,-0.3614193239880631,81968.75,488916.25,61350.0,546188.25,51481.0,0.0,1340.0,6831.5,-704123.0,-12.470410087932912,-710954.5,-12.591399753823266,546188.25,-162541.75,-2.8787048270121405,0.0,-162541.75,-2.8787048270121405,-0.00327275,-0.00327275,47373867.0,47373867.0,,,1620600156,18:42:36,20210509
11,2017-03-31,ZIP.AX,AUD,2017-03-31,2017-03-31,Q1,56463.5,76870.5,-20407.0,-0.3614193239880631,81968.75,488916.25,61350.0,546188.25,51481.0,0.0,1340.0,6831.5,-704123.0,-12.470410087932912,-710954.5,-12.591399753823266,546188.25,-162541.75,-2.8787048270121405,0.0,-162541.75,-2.8787048270121405,-0.00327275,-0.00327275,47373867.0,47373867.0,,,1620600156,18:42:36,20210509
12,2017-01-31,ZIP.AX,AUD,2017-01-31,2017-01-31,Q1,56463.5,76870.5,-20407.0,-0.3614193239880631,81968.75,488916.25,61350.0,546188.25,51481.0,0.0,1340.0,6831.5,-704123.0,-12.470410087932912,-710954.5,-12.591399753823266,546188.25,-162541.75,-2.8787048270121405,0.0,-162541.75,-2.8787048270121405,-0.00327275,-0.00327275,47373867.0,47373867.0,,,1620600156,18:42:36,20210509
13,2016-06-30,ZIP.AX,AUD,2016-06-30,2016-06-30,Q2,192849.75,294011.25,-101161.5,-0.5245612192911839,372194.25,2582294.75,595126.25,274102.5,129992.75,0.0,1298.5,13981.0,-3780769.5,-19.604741515091412,-3794750.5,-19.677238368211523,274102.5,-3502451.25,-18.16155452625684,0.0,-3502451.25,-18.16155452625684,-0.07822725,-0.07822725,44770380.0,44770380.0,,,1620600156,18:42:36,20210509
14,2016-03-31,ZIP.AX,AUD,2016-03-31,2016-03-31,Q1,192849.75,294011.25,-101161.5,-0.5245612192911839,372194.25,2582294.75,595126.25,274102.5,129992.75,0.0,1298.5,13981.0,-3780769.5,-19.604741515091412,-3794750.5,-19.677238368211523,274102.5,-3502451.25,-18.16155452625684,0.0,-3502451.25,-18.16155452625684,-0.07822725,-0.07822725,44770380.0,44770380.0,,,1620600156,18:42:36,20210509
15,2016-01-31,ZIP.AX,AUD,2016-01-31,2016-01-31,Q1,192849.75,294011.25,-101161.5,-0.5245612192911839,372194.25,2582294.75,595126.25,274102.5,129992.75,0.0,1298.5,13981.0,-3780769.5,-19.604741515091412,-3794750.5,-19.677238368211523,274102.5,-3502451.25,-18.16155452625684,0.0,-3502451.25,-18.16155452625684,-0.07822725,-0.07822725,44770380.0,44770380.0,,,1620600156,18:42:36,20210509
16,2015-09-30,ZIP.AX,AUD,2015-09-30,2015-09-30,Q3,124745.25,165874.75,-41129.5,-0.329707944791485,0.0,1091486.0,232639.0,38582.5,80592.25,0.0,682.25,13963.25,-1445846.75,-11.590395225469507,-1459810.0,-11.702329347209613,38582.5,-1421909.75,-11.398508159629325,0.0,-1421909.75,-11.398508159629325,-0.03731825,-0.03731825,38102331.0,38102331.0,,,1620600156,18:42:36,20210509
17,2015-06-30,ZIP.AX,AUD,2015-06-30,2015-06-30,Q2,124745.25,165874.75,-41129.5,-0.329707944791485,0.0,1091486.0,232639.0,38582.5,80592.25,0.0,682.25,13963.25,-1445846.75,-11.590395225469507,-1459810.0,-11.702329347209613,38582.5,-1421909.75,-11.398508159629325,0.0,-1421909.75,-11.398508159629325,-0.03731825,-0.03731825,38102331.0,38102331.0,,,1620600156,18:42:36,20210509
18,2015-03-31,ZIP.AX,AUD,2015-03-31,2015-03-31,Q1,124745.25,165874.75,-41129.5,-0.329707944791485,0.0,1091486.0,232639.0,38582.5,80592.25,0.0,682.25,13963.25,-1445846.75,-11.590395225469507,-1459810.0,-11.702329347209613,38582.5,-1421909.75,-11.398508159629325,0.0,-1421909.75,-11.398508159629325,-0.03731825,-0.03731825,38102331.0,38102331.0,,,1620600156,18:42:36,20210509
19,2015-01-31,ZIP.AX,AUD,2015-01-31,2015-01-31,Q1,124745.25,165874.75,-41129.5,-0.329707944791485,0.0,1091486.0,232639.0,38582.5,80592.25,0.0,682.25,13963.25,-1445846.75,-11.590395225469507,-1459810.0,-11.702329347209613,38582.5,-1421909.75,-11.398508159629325,0.0,-1421909.75,-11.398508159629325,-0.03731825,-0.03731825,38102331.0,38102331.0,,,1620600156,18:42:36,20210509
20,2014-09-30,ZIP.AX,AUD,2014-09-30,2014-09-30,Q3,138928.5,63332.5,75596.0,0.5441360124092609,0.0,348579.25,86413.25,-92207.75,130964.25,0.0,2789.25,13927.25,-502231.0,-3.615032192818608,-516158.25,-3.7152798022004125,-92207.75,-611155.25,-4.399063187179016,0.0,-611155.25,-4.399063187179016,-0.0400455,-0.0400455,15276390.0,15276390.0,,,1620600156,18:42:36,20210509
21,2014-06-30,ZIP.AX,AUD,2014-06-30,2014-06-30,Q2,138928.5,63332.5,75596.0,0.5441360124092609,0.0,348579.25,86413.25,-92207.75,130964.25,0.0,2789.25,13927.25,-502231.0,-3.615032192818608,-516158.25,-3.7152798022004125,-92207.75,-611155.25,-4.399063187179016,0.0,-611155.25,-4.399063187179016,-0.0400455,-0.0400455,15276390.0,15276390.0,,,1620600156,18:42:36,20210509
22,2014-03-31,ZIP.AX,AUD,2014-03-31,2014-03-31,Q1,138928.5,63332.5,75596.0,0.5441360124092609,0.0,348579.25,86413.25,-92207.75,130964.25,0.0,2789.25,13927.25,-502231.0,-3.615032192818608,-516158.25,-3.7152798022004125,-92207.75,-611155.25,-4.399063187179016,0.0,-611155.25,-4.399063187179016,-0.0400455,-0.0400455,15276390.0,15276390.0,,,1620600156,18:42:36,20210509
23,2014-01-31,ZIP.AX,AUD,2014-01-31,2014-01-31,Q1,138928.5,63332.5,75596.0,0.5441360124092609,0.0,348579.25,86413.25,-92207.75,130964.25,0.0,2789.25,13927.25,-502231.0,-3.615032192818608,-516158.25,-3.7152798022004125,-92207.75,-611155.25,-4.399063187179016,0.0,-611155.25,-4.399063187179016,-0.0400455,-0.0400455,15276390.0,15276390.0,,,1620600156,18:42:36,20210509
24,2013-09-30,ZIP.AX,AUD,2013-09-30,2013-09-30,Q3,745750.0,596250.0,149500.0,0.20046932618169627,0.0,266750.0,11500.0,-214250.0,317750.0,0.0,37750.0,48000.0,-446500.0,-0.5987261146496815,-494500.0,-0.663090848139457,-214250.0,-532250.0,-0.7137110291652699,0.0,-532250.0,-0.7137110291652699,-0.159091,-0.159091,3267000.0,3267000.0,,,1620600156,18:42:36,20210509
25,2013-06-30,ZIP.AX,AUD,2013-06-30,2013-06-30,Q2,745750.0,596250.0,149500.0,0.20046932618169627,0.0,266750.0,11500.0,-214250.0,317750.0,0.0,37750.0,48000.0,-446500.0,-0.5987261146496815,-494500.0,-0.663090848139457,-214250.0,-532250.0,-0.7137110291652699,0.0,-532250.0,-0.7137110291652699,-0.159091,-0.159091,3267000.0,3267000.0,,,1620600156,18:42:36,20210509
26,2013-03-31,ZIP.AX,AUD,2013-03-31,2013-03-31,Q1,745750.0,596250.0,149500.0,0.20046932618169627,0.0,266750.0,11500.0,-214250.0,317750.0,0.0,37750.0,48000.0,-446500.0,-0.5987261146496815,-494500.0,-0.663090848139457,-214250.0,-532250.0,-0.7137110291652699,0.0,-532250.0,-0.7137110291652699,-0.159091,-0.159091,3267000.0,3267000.0,,,1620600156,18:42:36,20210509
27,2013-01-31,ZIP.AX,AUD,2013-01-31,2013-01-31,Q1,745750.0,596250.0,149500.0,0.20046932618169627,0.0,266750.0,11500.0,-214250.0,317750.0,0.0,37750.0,48000.0,-446500.0,-0.5987261146496815,-494500.0,-0.663090848139457,-214250.0,-532250.0,-0.7137110291652699,0.0,-532250.0,-0.7137110291652699,-0.159091,-0.159091,3267000.0,3267000.0,,,1620600156,18:42:36,20210509
28,2012-09-30,ZIP.AX,AUD,2012-09-30,2012-09-30,Q3,3718000.0,2043250.0,1674750.0,0.4504437869822485,0.0,775750.0,79000.0,-24250.0,409000.0,0.0,175250.0,154250.0,411000.0,0.11054330285099516,256750.0,0.06905594405594405,-1076750.0,-995250.0,-0.267684238838085,0.0,-995250.0,-0.267684238838085,-0.2954545,-0.2954545,3540417.0,3540417.0,,,1620600156,18:42:36,20210509
29,2012-06-30,ZIP.AX,AUD,2012-06-30,2012-06-30,Q2,3718000.0,2043250.0,1674750.0,0.4504437869822485,0.0,775750.0,79000.0,-24250.0,409000.0,0.0,175250.0,154250.0,411000.0,0.11054330285099516,256750.0,0.06905594405594405,-1076750.0,-995250.0,-0.267684238838085,0.0,-995250.0,-0.267684238838085,-0.2954545,-0.2954545,3540417.0,3540417.0,,,1620600156,18:42:36,20210509
30,2012-03-31,ZIP.AX,AUD,2012-03-31,2012-03-31,Q1,3718000.0,2043250.0,1674750.0,0.4504437869822485,0.0,775750.0,79000.0,-24250.0,409000.0,0.0,175250.0,154250.0,411000.0,0.11054330285099516,256750.0,0.06905594405594405,-1076750.0,-995250.0,-0.267684238838085,0.0,-995250.0,-0.267684238838085,-0.2954545,-0.2954545,3540417.0,3540417.0,,,1620600156,18:42:36,20210509
31,2012-01-31,ZIP.AX,AUD,2012-01-31,2012-01-31,Q1,3718000.0,2043250.0,1674750.0,0.4504437869822485,0.0,775750.0,79000.0,-24250.0,409000.0,0.0,175250.0,154250.0,411000.0,0.11054330285099516,256750.0,0.06905594405594405,-1076750.0,-995250.0,-0.267684238838085,0.0,-995250.0,-0.267684238838085,-0.2954545,-0.2954545,3540417.0,3540417.0,,,1620600156,18:42:36,20210509
32,2011-09-30,ZIP.AX,AUD,2011-09-30,2011-09-30,Q3,4182750.0,2306250.0,1876500.0,0.44862829478214095,0.0,849500.0,149000.0,35500.0,350250.0,0.0,224750.0,167000.0,527750.0,0.12617297232681848,360750.0,0.08624708624708624,-152000.0,-13500.0,-0.0032275416890801506,-75000.0,61500.0,0.014703245472476242,0.0454545,0.0454545,1353000.0,1353000.0,,,1620600156,18:42:36,20210509
33,2011-06-30,ZIP.AX,AUD,2011-06-30,2011-06-30,Q2,4182750.0,2306250.0,1876500.0,0.44862829478214095,0.0,849500.0,149000.0,35500.0,350250.0,0.0,224750.0,167000.0,527750.0,0.12617297232681848,360750.0,0.08624708624708624,-152000.0,-13500.0,-0.0032275416890801506,-75000.0,61500.0,0.014703245472476242,0.0454545,0.0454545,1353000.0,1353000.0,,,1620600156,18:42:36,20210509
34,2011-03-31,ZIP.AX,AUD,2011-03-31,2011-03-31,Q1,4182750.0,2306250.0,1876500.0,0.44862829478214095,0.0,849500.0,149000.0,35500.0,350250.0,0.0,224750.0,167000.0,527750.0,0.12617297232681848,360750.0,0.08624708624708624,-152000.0,-13500.0,-0.0032275416890801506,-75000.0,61500.0,0.014703245472476242,0.0454545,0.0454545,1353000.0,1353000.0,,,1620600156,18:42:36,20210509
35,2011-01-31,ZIP.AX,AUD,2011-01-31,2011-01-31,Q1,4182750.0,2306250.0,1876500.0,0.44862829478214095,0.0,849500.0,149000.0,35500.0,350250.0,0.0,224750.0,167000.0,527750.0,0.12617297232681848,360750.0,0.08624708624708624,-152000.0,-13500.0,-0.0032275416890801506,-75000.0,61500.0,0.014703245472476242,0.0454545,0.0454545,1353000.0,1353000.0,,,1620600156,18:42:36,20210509
36,2010-09-30,ZIP.AX,AUD,2010-09-30,2010-09-30,Q3,6237250.0,3158250.0,3079000.0,0.4936470399615215,0.0,1035000.0,260000.0,-87500.0,747750.0,0.0,230250.0,331500.0,1036250.0,0.16613892340374364,704750.0,0.11299050062126739,-426500.0,50250.0,0.008056435127660428,-95000.0,145250.0,0.023287506513287107,0.123791,0.123791,1201339.0,1201339.0,,,1620600156,18:42:36,20210509
37,2010-06-30,ZIP.AX,AUD,2010-06-30,2010-06-30,Q2,6237250.0,3158250.0,3079000.0,0.4936470399615215,0.0,1035000.0,260000.0,-87500.0,747750.0,0.0,230250.0,331500.0,1036250.0,0.16613892340374364,704750.0,0.11299050062126739,-426500.0,50250.0,0.008056435127660428,-95000.0,145250.0,0.023287506513287107,0.123791,0.123791,1201339.0,1201339.0,,,1620600156,18:42:36,20210509
38,2010-03-31,ZIP.AX,AUD,2010-03-31,2010-03-31,Q1,6237250.0,3158250.0,3079000.0,0.4936470399615215,0.0,1035000.0,260000.0,-87500.0,747750.0,0.0,230250.0,331500.0,1036250.0,0.16613892340374364,704750.0,0.11299050062126739,-426500.0,50250.0,0.008056435127660428,-95000.0,145250.0,0.023287506513287107,0.123791,0.123791,1201339.0,1201339.0,,,1620600156,18:42:36,20210509
39,2010-01-31,ZIP.AX,AUD,2010-01-31,2010-01-31,Q1,6237250.0,3158250.0,3079000.0,0.4936470399615215,0.0,1035000.0,260000.0,-87500.0,747750.0,0.0,230250.0,331500.0,1036250.0,0.16613892340374364,704750.0,0.11299050062126739,-426500.0,50250.0,0.008056435127660428,-95000.0,145250.0,0.023287506513287107,0.123791,0.123791,1201339.0,1201339.0,,,1620600156,18:42:36,20210509
40,2009-09-30,ZIP.AX,AUD,2009-09-30,2009-09-30,Q3,7672750.0,4860500.0,2812250.0,0.3665243882571438,0.0,1331750.0,540000.0,-131750.0,912500.0,0.0,255000.0,185250.0,28000.0,0.0036492782900524583,-157250.0,-0.02049460753966961,-136750.0,-544250.0,-0.07093284676289466,-400000.0,-144250.0,-0.018800299762145253,-0.16748175,-0.16748175,861287.0,861287.0,,,1620600156,18:42:36,20210509
41,2009-06-30,ZIP.AX,AUD,2009-06-30,2009-06-30,Q2,7672750.0,4860500.0,2812250.0,0.3665243882571438,0.0,1331750.0,540000.0,-131750.0,912500.0,0.0,255000.0,185250.0,28000.0,0.0036492782900524583,-157250.0,-0.02049460753966961,-136750.0,-544250.0,-0.07093284676289466,-400000.0,-144250.0,-0.018800299762145253,-0.16748175,-0.16748175,861287.0,861287.0,,,1620600156,18:42:36,20210509
42,2009-03-31,ZIP.AX,AUD,2009-03-31,2009-03-31,Q1,7672750.0,4860500.0,2812250.0,0.3665243882571438,0.0,1331750.0,540000.0,-131750.0,912500.0,0.0,255000.0,185250.0,28000.0,0.0036492782900524583,-157250.0,-0.02049460753966961,-136750.0,-544250.0,-0.07093284676289466,-400000.0,-144250.0,-0.018800299762145253,-0.16748175,-0.16748175,861287.0,861287.0,,,1620600156,18:42:36,20210509
43,2009-01-31,ZIP.AX,AUD,2009-01-31,2009-01-31,Q1,7672750.0,4860500.0,2812250.0,0.3665243882571438,0.0,1331750.0,540000.0,-131750.0,912500.0,0.0,255000.0,185250.0,28000.0,0.0036492782900524583,-157250.0,-0.02049460753966961,-136750.0,-544250.0,-0.07093284676289466,-400000.0,-144250.0,-0.018800299762145253,-0.16748175,-0.16748175,861287.0,861287.0,,,1620600156,18:42:36,20210509
44,2008-09-30,ZIP.AX,AUD,2008-09-30,2008-09-30,Q3,9180750.0,4867250.0,4313500.0,0.46984178852490266,0.0,1640500.0,841000.0,-185250.0,881500.0,0.0,431000.0,151750.0,950500.0,0.10353184652669989,798750.0,0.08700269585818152,-185250.0,187500.0,0.02042316804182665,-600000.0,787500.0,0.08577730577567193,1.42723625,1.3398545,551765.0,587750.0,,,1620600156,18:42:36,20210509
45,2008-06-30,ZIP.AX,AUD,2008-06-30,2008-06-30,Q2,9180750.0,4867250.0,4313500.0,0.46984178852490266,0.0,1640500.0,841000.0,-185250.0,881500.0,0.0,431000.0,151750.0,950500.0,0.10353184652669989,798750.0,0.08700269585818152,-185250.0,187500.0,0.02042316804182665,-600000.0,787500.0,0.08577730577567193,1.42723625,1.3398545,551765.0,587750.0,,,1620600156,18:42:36,20210509
46,2008-03-31,ZIP.AX,AUD,2008-03-31,2008-03-31,Q1,9180750.0,4867250.0,4313500.0,0.46984178852490266,0.0,1640500.0,841000.0,-185250.0,881500.0,0.0,431000.0,151750.0,950500.0,0.10353184652669989,798750.0,0.08700269585818152,-185250.0,187500.0,0.02042316804182665,-600000.0,787500.0,0.08577730577567193,1.42723625,1.3398545,551765.0,587750.0,,,1620600156,18:42:36,20210509
47,2008-01-31,ZIP.AX,AUD,2008-01-31,2008-01-31,Q1,9180750.0,4867250.0,4313500.0,0.46984178852490266,0.0,1640500.0,841000.0,-185250.0,881500.0,0.0,431000.0,151750.0,950500.0,0.10353184652669989,798750.0,0.08700269585818152,-185250.0,187500.0,0.02042316804182665,-600000.0,787500.0,0.08577730577567193,1.42723625,1.3398545,551765.0,587750.0,,,1620600156,18:42:36,20210509
48,2007-09-30,ZIP.AX,AUD,2007-09-30,2007-09-30,Q3,5572000.0,2532250.0,3039750.0,0.5455402010050251,0.0,1063000.0,709000.0,-877500.0,47500.0,0.0,232750.0,55750.0,1220250.0,0.21899676956209618,1164500.0,0.20899138549892318,-877500.0,68750.0,0.012338478104809763,3500.0,65250.0,0.011710337401292174,0.1820455,0.1747635,362328.0,373361.0,,,1620600156,18:42:36,20210509
49,2007-06-30,ZIP.AX,AUD,2007-06-30,2007-06-30,Q2,5572000.0,2532250.0,3039750.0,0.5455402010050251,0.0,1063000.0,709000.0,-877500.0,47500.0,0.0,232750.0,55750.0,1220250.0,0.21899676956209618,1164500.0,0.20899138549892318,-877500.0,68750.0,0.012338478104809763,3500.0,65250.0,0.011710337401292174,0.1820455,0.1747635,362328.0,373361.0,,,1620600156,18:42:36,20210509
50,2007-03-31,ZIP.AX,AUD,2007-03-31,2007-03-31,Q1,5572000.0,2532250.0,3039750.0,0.5455402010050251,0.0,1063000.0,709000.0,-877500.0,47500.0,0.0,232750.0,55750.0,1220250.0,0.21899676956209618,1164500.0,0.20899138549892318,-877500.0,68750.0,0.012338478104809763,3500.0,65250.0,0.011710337401292174,0.1820455,0.1747635,362328.0,373361.0,,,1620600156,18:42:36,20210509
51,2007-01-31,ZIP.AX,AUD,2007-01-31,2007-01-31,Q1,5572000.0,2532250.0,3039750.0,0.5455402010050251,0.0,1063000.0,709000.0,-877500.0,47500.0,0.0,232750.0,55750.0,1220250.0,0.21899676956209618,1164500.0,0.20899138549892318,-877500.0,68750.0,0.012338478104809763,3500.0,65250.0,0.011710337401292174,0.1820455,0.1747635,362328.0,373361.0,,,1620600156,18:42:36,20210509
52,2006-09-30,ZIP.AX,AUD,2006-09-30,2006-09-30,Q3,4735163.75,2697511.75,2037652.0,0.4303234497434223,0.0,981098.75,753220.25,-763888.75,487524.75,0.0,71240.25,70479.0,-184191.75,-0.03889870756845526,-254670.75,-0.053782881320630145,-2519755.75,-2817893.25,-0.5950994302995329,0.0,-2817893.25,-0.5950994302995329,-11.60571975,-11.60571975,225124.0,225124.0,,,1620600156,18:42:36,20210509
53,2006-06-30,ZIP.AX,AUD,2006-06-30,2006-06-30,Q2,4735163.75,2697511.75,2037652.0,0.4303234497434223,0.0,981098.75,753220.25,-763888.75,487524.75,0.0,71240.25,70479.0,-184191.75,-0.03889870756845526,-254670.75,-0.053782881320630145,-2519755.75,-2817893.25,-0.5950994302995329,0.0,-2817893.25,-0.5950994302995329,-11.60571975,-11.60571975,225124.0,225124.0,,,1620600156,18:42:36,20210509
54,2006-03-31,ZIP.AX,AUD,2006-03-31,2006-03-31,Q1,4735163.75,2697511.75,2037652.0,0.4303234497434223,0.0,981098.75,753220.25,-763888.75,487524.75,0.0,71240.25,70479.0,-184191.75,-0.03889870756845526,-254670.75,-0.053782881320630145,-2519755.75,-2817893.25,-0.5950994302995329,0.0,-2817893.25,-0.5950994302995329,-11.60571975,-11.60571975,225124.0,225124.0,,,1620600156,18:42:36,20210509
55,2006-01-31,ZIP.AX,AUD,2006-01-31,2006-01-31,Q1,4735163.75,2697511.75,2037652.0,0.4303234497434223,0.0,981098.75,753220.25,-763888.75,487524.75,0.0,71240.25,70479.0,-184191.75,-0.03889870756845526,-254670.75,-0.053782881320630145,-2519755.75,-2817893.25,-0.5950994302995329,0.0,-2817893.25,-0.5950994302995329,-11.60571975,-11.60571975,225124.0,225124.0,,,1620600156,18:42:36,20210509
56,2005-09-30,ZIP.AX,AUD,2005-09-30,2005-09-30,Q3,4957343.25,2851862.5,2105480.75,0.4247195814007836,0.0,1151800.75,274366.0,-734288.75,871386.25,0.0,47953.25,2833624.5,-192072.25,-0.03874499713127591,-3025696.75,-0.6103464290071098,-1112101.0,-4131184.5,-0.8333464704103352,-4131184.5,0.0,0.0,-18.38390925,-18.38390925,224923.0,224923.0,,,1620600156,18:42:36,20210509
57,2005-06-30,ZIP.AX,AUD,2005-06-30,2005-06-30,Q2,4957343.25,2851862.5,2105480.75,0.4247195814007836,0.0,1151800.75,274366.0,-734288.75,871386.25,0.0,47953.25,2833624.5,-192072.25,-0.03874499713127591,-3025696.75,-0.6103464290071098,-1112101.0,-4131184.5,-0.8333464704103352,-4131184.5,0.0,0.0,-18.38390925,-18.38390925,224923.0,224923.0,,,1620600156,18:42:36,20210509
58,2005-03-31,ZIP.AX,AUD,2005-03-31,2005-03-31,Q1,4957343.25,2851862.5,2105480.75,0.4247195814007836,0.0,1151800.75,274366.0,-734288.75,871386.25,0.0,47953.25,2833624.5,-192072.25,-0.03874499713127591,-3025696.75,-0.6103464290071098,-1112101.0,-4131184.5,-0.8333464704103352,-4131184.5,0.0,0.0,-18.38390925,-18.38390925,224923.0,224923.0,,,1620600156,18:42:36,20210509
59,2005-01-31,ZIP.AX,AUD,2005-01-31,2005-01-31,Q1,4957343.25,2851862.5,2105480.75,0.4247195814007836,0.0,1151800.75,274366.0,-734288.75,871386.25,0.0,47953.25,2833624.5,-192072.25,-0.03874499713127591,-3025696.75,-0.6103464290071098,-1112101.0,-4131184.5,-0.8333464704103352,-4131184.5,0.0,0.0,-18.38390925,-18.38390925,224923.0,224923.0,,,1620600156,18:42:36,20210509
60,2004-09-30,ZIP.AX,AUD,2004-09-30,2004-09-30,Q3,3459431.75,1822650.0,1636781.75,0.47313601431795843,0.0,597046.25,48654.5,-743480.25,607284.75,0.0,41224.25,152486.0,383796.25,0.11094199213497997,231310.25,0.066863654702828,-751133.75,-552088.75,-0.1595894325708261,-552088.75,24557.25,0.007098636936543118,-3.29787675,-5.2625695,224319.0,224319.0,,,1620600156,18:42:36,20210509
61,2004-06-30,ZIP.AX,AUD,2004-06-30,2004-06-30,Q2,3459431.75,1822650.0,1636781.75,0.47313601431795843,0.0,597046.25,48654.5,-743480.25,607284.75,0.0,41224.25,152486.0,383796.25,0.11094199213497997,231310.25,0.066863654702828,-751133.75,-552088.75,-0.1595894325708261,-552088.75,24557.25,0.007098636936543118,-3.29787675,-5.2625695,224319.0,224319.0,,,1620600156,18:42:36,20210509
62,2004-03-31,ZIP.AX,AUD,2004-03-31,2004-03-31,Q1,3459431.75,1822650.0,1636781.75,0.47313601431795843,0.0,597046.25,48654.5,-743480.25,607284.75,0.0,41224.25,152486.0,383796.25,0.11094199213497997,231310.25,0.066863654702828,-751133.75,-552088.75,-0.1595894325708261,-552088.75,24557.25,0.007098636936543118,-3.29787675,-5.2625695,224319.0,224319.0,,,1620600156,18:42:36,20210509
63,2004-01-31,ZIP.AX,AUD,2004-01-31,2004-01-31,Q1,3459431.75,1822650.0,1636781.75,0.47313601431795843,0.0,597046.25,48654.5,-743480.25,607284.75,0.0,41224.25,152486.0,383796.25,0.11094199213497997,231310.25,0.066863654702828,-751133.75,-552088.75,-0.1595894325708261,-552088.75,24557.25,0.007098636936543118,-3.29787675,-5.2625695,224319.0,224319.0,,,1620600156,18:42:36,20210509
