,date,symbol,reportedCurrency,fillingDate,acceptedDate,period,revenue,costOfRevenue,grossProfit,grossProfitRatio,researchAndDevelopmentExpenses,generalAndAdministrativeExpenses,sellingAndMarketingExpenses,otherExpenses,operatingExpenses,costAndExpenses,interestExpense,depreciationAndAmortization,ebitda,ebitdaratio,operatingIncome,operatingIncomeRatio,totalOtherIncomeExpensesNet,incomeBeforeTax,incomeBeforeTaxRatio,incomeTaxExpense,netIncome,netIncomeRatio,eps,epsdiluted,weightedAverageShsOut,weightedAverageShsOutDil,link,finalLink,timestamp,est_time,est_date
0,2020-03-31,BOCA,USD,2020-05-11,2020-05-11 17:00:10,Q1,74714000.0,0.0,74714000.0,1.0,0.0,0.0,0.0,4167000.0,0.0,0.0,-22853000.0,4524000.0,-4234000.0,-0.0566694327702974,-8758000.0,-0.11722033353856037,1925000.0,-8758000.0,-0.11722033353856037,-2165000.0,-6593000.0,-0.08824316727788634,-0.19,-0.19,34700000.0,34700000.0,https://www.sec.gov/Archives/edgar/data/1169770/000116977020000013/0001169770-20-000013-index.htm,https://www.sec.gov/Archives/edgar/data/1169770/000116977020000013/banc-03312020x10q.htm,1620589558,15:45:58,20210509
1,2019-12-31,BOCA,USD,2020-03-02,2020-03-02 14:18:35,Q4,56660000.0,12791000.0,43869000.0,0.774249911754324,0.0,24036000.0,0.0,14737000.0,24536000.0,37327000.0,27042000.0,9218000.0,26301000.0,0.46418990469467,17083000.0,0.3015001764913519,874000.0,17083000.0,0.3015001764913519,2811000.0,14272000.0,0.2518884574655842,0.28193395392912357,0.2813605477903764,50621785.0,50724951.0,https://www.sec.gov/Archives/edgar/data/1169770/000116977020000007/0001169770-20-000007-index.htm,https://www.sec.gov/Archives/edgar/data/1169770/000116977020000007/banc-12312019x10k.htm,1620589558,15:45:58,20210509
2,2019-09-30,BOCA,USD,2019-11-08,2019-11-08 16:39:41,Q3,58915000.0,0.0,58915000.0,1.0,0.0,25934000.0,0.0,3289000.0,26434000.0,26434000.0,33742000.0,3189000.0,-10943000.0,-0.18574217092421286,-14132000.0,-0.2398710005940762,2351000.0,-19751000.0,-0.3352456929474667,-5619000.0,-14132000.0,-0.2398710005940762,-0.27816,-0.27816,50804429.0,50804429.0,https://www.sec.gov/Archives/edgar/data/1169770/000116977019000071/0001169770-19-000071-index.htm,https://www.sec.gov/Archives/edgar/data/1169770/000116977019000071/banc-9302019x10q.htm,1620589558,15:45:58,20210509
3,2019-06-30,BOCA,USD,2019-08-09,2019-08-09 14:48:21,Q2,64780000.0,0.0,64780000.0,1.0,0.0,27506000.0,0.0,4637000.0,28086000.0,28086000.0,39260000.0,2906000.0,23796000.0,0.367335597406607,20890000.0,0.3224760728619944,-7251000.0,20890000.0,0.3224760728619944,4308000.0,16582000.0,0.25597406606977463,0.32662674973410116,0.3258068198586153,50767428.0,50895190.0,https://www.sec.gov/Archives/edgar/data/1169770/000116977019000048/0001169770-19-000048-index.htm,https://www.sec.gov/Archives/edgar/data/1169770/000116977019000048/banc-6302019x10q.htm,1620589558,15:45:58,20210509
4,2019-03-31,BOCA,USD,2019-05-09,2019-05-09 16:46:42,Q1,67808000.0,0.0,67808000.0,1.0,0.0,28439000.0,0.0,2982000.0,29059000.0,29059000.0,42904000.0,3143000.0,12899000.0,0.1902282916470033,9756000.0,0.14387682869277962,2376000.0,9756000.0,0.14387682869277962,2719000.0,7037000.0,0.10377831524303917,0.1388605995470662,0.13839633828108602,50676722.0,50846721.0,https://www.sec.gov/Archives/edgar/data/1169770/000116977019000022/0001169770-19-000022-index.htm,https://www.sec.gov/Archives/edgar/data/1169770/000116977019000022/banc-3312019x10q.htm,1620589558,15:45:58,20210509
5,2018-12-31,BOCA,USD,2019-03-01,2019-02-28 20:02:44,Q4,70682000.0,28928000.0,41754000.0,0.5907303132339209,0.0,24587000.0,0.0,15358000.0,25224000.0,54152000.0,40448000.0,3281000.0,20189000.0,0.2856314195976345,16908000.0,0.23921224639936617,9752000.0,16908000.0,0.23921224639936617,6117000.0,11038000.0,0.15616422851645398,0.2180422257595536,0.2170630088803116,50623222.0,50851594.0,https://www.sec.gov/Archives/edgar/data/1169770/000116977019000005/0001169770-19-000005-index.htm,https://www.sec.gov/Archives/edgar/data/1169770/000116977019000005/banc-12312018x10k.htm,1620589558,15:45:58,20210509
6,2018-09-30,BOCA,USD,2018-11-09,2018-11-09 16:33:27,Q3,71192000.0,0.0,71192000.0,1.0,0.0,24832000.0,0.0,4368000.0,25525000.0,25525000.0,36582000.0,3264000.0,16993000.0,0.23869254972468817,13729000.0,0.192844701651871,2072000.0,13729000.0,0.192844701651871,3327000.0,11096000.0,0.15586020901224856,0.21922965748922374,0.21811175994685747,50613590.0,50873002.0,https://www.sec.gov/Archives/edgar/data/1169770/000116977018000013/0001169770-18-000013-index.htm,https://www.sec.gov/Archives/edgar/data/1169770/000116977018000013/banc-9302018x10q.htm,1620589558,15:45:58,20210509
7,2018-06-30,BOCA,USD,2018-08-08,2018-08-08 16:25:37,Q2,72764000.0,0.0,72764000.0,1.0,0.0,29440000.0,0.0,5362000.0,30267000.0,30267000.0,32421000.0,3620000.0,19253000.0,0.2645951294596229,15633000.0,0.2148452531471607,4145000.0,15633000.0,0.2148452531471607,1753000.0,14780000.0,0.20312242317629597,0.2921410788406348,0.2903682208917106,50591995.0,50900887.0,https://www.sec.gov/Archives/edgar/data/1169770/000116977018000010/0001169770-18-000010-index.htm,https://www.sec.gov/Archives/edgar/data/1169770/000116977018000010/banc-6302018x10q.htm,1620589558,15:45:58,20210509
8,2018-03-31,BOCA,USD,2018-05-10,2018-05-10 16:40:43,Q1,71438000.0,0.0,71438000.0,1.0,0.0,31115000.0,0.0,3229000.0,31958000.0,31958000.0,27269000.0,3370000.0,4091000.0,0.057266440829810465,721000.0,0.010092667767854642,1241000.0,721000.0,0.010092667767854642,560000.0,8558000.0,0.11979618690332876,0.1691620440143509,0.16804930650697206,50590545.0,50925530.0,https://www.sec.gov/Archives/edgar/data/1169770/000116977018000007/0001169770-18-000007-index.htm,https://www.sec.gov/Archives/edgar/data/1169770/000116977018000007/banc-3312018x10q.htm,1620589558,15:45:58,20210509
9,2017-12-31,BOCA,USD,2018-02-28,2018-02-28 16:07:02,Q4,73173000.0,56471000.0,16702000.0,0.2282535908053517,0.0,33146000.0,0.0,37201000.0,33984000.0,90455000.0,23984000.0,4978000.0,12412000.0,0.16962540827901001,7434000.0,0.10159485055963265,2285000.0,7434000.0,0.10159485055963265,-3418000.0,11302000.0,0.1544558785344321,0.22489485787319546,0.22239367773853452,50254595.0,50819790.0,https://www.sec.gov/Archives/edgar/data/1169770/000116977018000004/0001169770-18-000004-index.htm,https://www.sec.gov/Archives/edgar/data/1169770/000116977018000004/banc-12312017x10k.htm,1620589558,15:45:58,20210509
10,2017-09-30,BOCA,USD,2017-11-08,2017-11-08 17:31:57,Q3,75036000.0,0.0,75036000.0,1.0,0.0,30216000.0,0.0,12975000.0,31132000.0,31132000.0,21715000.0,5445000.0,19614000.0,0.2613945306252999,14169000.0,0.188829361906285,2293000.0,14169000.0,0.188829361906285,-3939000.0,16949000.0,0.22587824510901433,0.33789247280273604,0.3335733957021836,50160928.0,50810407.0,https://www.sec.gov/Archives/edgar/data/1169770/000116977017000020/0001169770-17-000020-index.htm,https://www.sec.gov/Archives/edgar/data/1169770/000116977017000020/banc-9302017x10q.htm,1620589558,15:45:58,20210509
11,2017-06-30,BOCA,USD,2017-08-09,2017-08-09 16:15:40,Q2,75500000.0,0.0,75500000.0,1.0,0.0,33348000.0,0.0,5283000.0,34404000.0,34404000.0,20940000.0,7081000.0,9466000.0,0.1253774834437086,2385000.0,0.031589403973509934,1174000.0,2385000.0,0.031589403973509934,-12753000.0,12257000.0,0.16234437086092715,0.24485332572623972,0.2415834185750745,50058540.0,50736098.0,https://www.sec.gov/Archives/edgar/data/1169770/000116977017000015/0001169770-17-000015-index.htm,https://www.sec.gov/Archives/edgar/data/1169770/000116977017000015/banc-6302017x10q.htm,1620589558,15:45:58,20210509
12,2017-03-31,BOCA,USD,2017-05-10,2017-05-10 16:17:14,Q1,80481000.0,0.0,80481000.0,1.0,0.0,32443000.0,0.0,8414000.0,33533000.0,33533000.0,18361000.0,6308000.0,9213000.0,0.11447422372982444,2905000.0,0.03609547595084554,1541000.0,2905000.0,0.03609547595084554,-6471000.0,17201000.0,0.21372746362495496,0.3440806545377819,0.33890828029907705,49991186.0,50754145.0,https://www.sec.gov/Archives/edgar/data/1169770/000116977017000012/0001169770-17-000012-index.htm,https://www.sec.gov/Archives/edgar/data/1169770/000116977017000012/banc-3312017x10q.htm,1620589558,15:45:58,20210509
13,2016-12-31,BOCA,USD,2017-03-01,2017-03-01 16:42:47,Q4,87058000.0,67943000.0,19115000.0,0.21956626616738267,0.0,71680000.0,0.0,7967000.0,72731000.0,140674000.0,16799000.0,10071000.0,46988000.0,0.5397321326012543,36917000.0,0.4240506329113924,2288000.0,36917000.0,0.4240506329113924,3653000.0,33264000.0,0.3820901008523054,0.7103372152103306,0.6982645510353529,46828463.0,47638105.0,https://www.sec.gov/Archives/edgar/data/1169770/000116977017000008/0001169770-17-000008-index.htm,https://www.sec.gov/Archives/edgar/data/1169770/000116977017000008/banc-12312016x10k.htm,1620589558,15:45:58,20210509
14,2016-09-30,BOCA,USD,2017-03-01,2017-03-01 16:36:53,Q3,86961000.0,0.0,86961000.0,1.0,0.0,68033000.0,0.0,6931000.0,69233000.0,69233000.0,15274000.0,13744000.0,48481000.0,0.5575027886063868,34737000.0,0.3994549280712043,7280000.0,34737000.0,0.3994549280712043,-1200000.0,35937000.0,0.4132542174078035,0.7853227747188521,0.7698368921339559,45760802.0,46681317.0,https://www.sec.gov/Archives/edgar/data/1169770/000116977017000007/0001169770-17-000007-index.htm,https://www.sec.gov/Archives/edgar/data/1169770/000116977017000007/banc-9302016x10q.htm,1620589558,15:45:58,20210509
15,2016-06-30,BOCA,USD,2016-08-04,2016-08-03 21:31:48,Q2,81037000.0,0.0,81037000.0,1.0,0.0,61022000.0,0.0,5993000.0,62300000.0,62300000.0,13603000.0,14389000.0,59186000.0,0.7303577378234634,44797000.0,0.5527968705652974,3469000.0,44797000.0,0.5527968705652974,18269000.0,26528000.0,0.3273566395597073,0.6071219237361214,0.5946109038433163,43694683.0,44614049.0,https://www.sec.gov/Archives/edgar/data/1169770/000116977016000022/0001169770-16-000022-index.htm,https://www.sec.gov/Archives/edgar/data/1169770/000116977016000022/banc-6302016x10q.htm,1620589558,15:45:58,20210509
16,2016-03-31,BOCA,USD,2016-05-04,2016-05-04 16:12:31,Q1,70417000.0,0.0,70417000.0,1.0,0.0,57183000.0,0.0,7046000.0,58505000.0,58505000.0,13823000.0,14625000.0,47580000.0,0.6756891091639803,32955000.0,0.4679977846258716,1297000.0,32955000.0,0.4679977846258716,13268000.0,19687000.0,0.27957737478165784,0.4922149678553899,0.4830974064930333,39996752.0,40751616.0,https://www.sec.gov/Archives/edgar/data/1169770/000116977016000019/0001169770-16-000019-index.htm,https://www.sec.gov/Archives/edgar/data/1169770/000116977016000019/banc-3312016x10q.htm,1620589558,15:45:58,20210509
17,2015-12-31,BOCA,USD,2016-02-18,2016-02-18 06:11:15,Q4,62066000.0,28469000.0,33597000.0,0.5413108626301034,0.0,54008000.0,0.0,8536000.0,55354000.0,83823000.0,12133000.0,13408000.0,44374000.0,0.7149486030999259,30966000.0,0.49892050397963456,1807000.0,30966000.0,0.49892050397963456,11928000.0,19038000.0,0.30673798859278834,0.5138933959758891,0.5063498661609162,37046594.0,37598509.0,https://www.sec.gov/Archives/edgar/data/1169770/000116977016000016/0001169770-16-000016-index.htm,https://www.sec.gov/Archives/edgar/data/1169770/000116977016000016/banc-12312015x10k.htm,1620589558,15:45:58,20210509
18,2015-09-30,BOCA,USD,2015-11-06,2015-11-06 16:03:37,Q3,55550000.0,0.0,55550000.0,1.0,0.0,53215000.0,0.0,6430000.0,54616000.0,54616000.0,10965000.0,10282000.0,34081000.0,0.6135193519351935,23799000.0,0.42842484248424845,38000.0,23799000.0,0.42842484248424845,9263000.0,14536000.0,0.26167416741674165,0.39525052223997953,0.38960939406787,36776675.0,37309162.0,https://www.sec.gov/Archives/edgar/data/1169770/000116977015000013/0001169770-15-000013-index.htm,https://www.sec.gov/Archives/edgar/data/1169770/000116977015000013/banc-9302015x10q.htm,1620589558,15:45:58,20210509
19,2015-06-30,BOCA,USD,2015-08-07,2015-08-07 16:46:32,Q2,54104000.0,0.0,54104000.0,1.0,0.0,56120000.0,0.0,7011000.0,57665000.0,57665000.0,10740000.0,10800000.0,38203000.0,0.7061030607718468,27403000.0,0.5064875055448765,1311000.0,27403000.0,0.5064875055448765,11479000.0,15924000.0,0.29432204642909954,0.41742285895023656,0.41139531966777837,38148366.0,38707295.0,https://www.sec.gov/Archives/edgar/data/1169770/000116977015000010/0001169770-15-000010-index.htm,https://www.sec.gov/Archives/edgar/data/1169770/000116977015000010/banc-6302015x10q.htm,1620589558,15:45:58,20210509
20,2015-03-31,BOCA,USD,2015-05-08,2015-05-08 16:09:04,Q1,51997000.0,0.0,51997000.0,1.0,0.0,49771000.0,0.0,6088000.0,51315000.0,51315000.0,8783000.0,10558000.0,32656000.0,0.6280362328595881,22098000.0,0.42498605688789737,712000.0,22098000.0,0.42498605688789737,9524000.0,12574000.0,0.24182164355635902,0.33200211241426764,0.3282628805587288,37873253.0,38304666.0,https://www.sec.gov/Archives/edgar/data/1169770/000116977015000007/0001169770-15-000007-index.htm,https://www.sec.gov/Archives/edgar/data/1169770/000116977015000007/banc-3312015x10q.htm,1620589558,15:45:58,20210509
21,2014-12-31,BOCA,USD,2015-03-16,2015-03-16 16:39:54,Q4,46331000.0,20339000.0,25992000.0,0.5610066694006173,0.0,47974000.0,0.0,6428000.0,49280000.0,69619000.0,8749000.0,9522000.0,14212000.0,0.3067492607541387,4690000.0,0.10122811940169649,-12719000.0,4690000.0,0.10122811940169649,-5524000.0,10214000.0,0.22045714532386523,0.36420765170537717,0.36158026648260316,28044441.0,28248223.0,https://www.sec.gov/Archives/edgar/data/1169770/000116977015000004/0001169770-15-000004-index.htm,https://www.sec.gov/Archives/edgar/data/1169770/000116977015000004/banc-12312014x10k.htm,1620589558,15:45:58,20210509
22,2014-09-30,BOCA,USD,2014-11-07,2014-11-07 16:10:59,Q3,38186000.0,0.0,38186000.0,1.0,0.0,41094000.0,0.0,7314000.0,41984000.0,41984000.0,8463000.0,50391000.0,62338000.0,1.6324831089928247,11947000.0,0.3128633530613314,5677000.0,11947000.0,0.3128633530613314,721000.0,11226000.0,0.29398208767611167,0.4277181476855213,0.4247468100761627,26246256.0,26429863.0,https://www.sec.gov/Archives/edgar/data/1169770/000116977014000008/0001169770-14-000008-index.htm,https://www.sec.gov/Archives/edgar/data/1169770/000116977014000008/banc-9302014x10q.htm,1620589558,15:45:58,20210509
23,2014-06-30,BOCA,USD,2014-08-18,2014-08-18 17:13:08,Q2,35575000.0,0.0,35575000.0,1.0,0.0,39130000.0,0.0,5746000.0,40074000.0,40074000.0,8059000.0,-6216000.0,2158000.0,0.06066057624736472,8374000.0,0.23539002108222065,5000000.0,8374000.0,0.23539002108222065,253000.0,8121000.0,0.2282782853127196,0.3525918409266779,0.34923447510630345,23032297.0,23253718.0,https://www.sec.gov/Archives/edgar/data/1169770/000119312514313461/0001193125-14-313461-index.htm,https://www.sec.gov/Archives/edgar/data/1169770/000119312514313461/d744660d10q.htm,1620589558,15:45:58,20210509
24,2014-03-31,BOCA,USD,2014-05-09,2014-05-09 16:26:03,Q1,35185000.0,0.0,35185000.0,1.0,0.0,34681000.0,0.0,6019000.0,35620000.0,35620000.0,7591000.0,-8068000.0,-7302000.0,-0.20753161858746624,766000.0,0.02177064089810999,3291000.0,766000.0,0.02177064089810999,9000.0,757000.0,0.021514850078158305,0.03748,0.03748,20199025.0,20199025.0,https://www.sec.gov/Archives/edgar/data/1169770/000119312514192516/0001193125-14-192516-index.htm,https://www.sec.gov/Archives/edgar/data/1169770/000119312514192516/d690249d10q.htm,1620589558,15:45:58,20210509
25,2013-12-31,BOCA,USD,2014-03-17,2014-03-17 16:10:30,Q4,33302000.0,20956000.0,12346000.0,0.37072848477568915,0.0,36117000.0,0.0,14015000.0,37061000.0,58017000.0,7454000.0,-17766000.0,-8929000.0,-0.26812203471262985,8837000.0,0.2653594378715993,5000.0,8837000.0,0.2653594378715993,5516000.0,3321000.0,0.09972374031589694,0.21725,0.21725,15286834.0,15286834.0,https://www.sec.gov/Archives/edgar/data/1169770/000119312514102322/0001193125-14-102322-index.htm,https://www.sec.gov/Archives/edgar/data/1169770/000119312514102322/d652491d10k.htm,1620589558,15:45:58,20210509
26,2013-09-30,BOCA,USD,2013-11-12,2013-11-12 17:04:10,Q3,26943000.0,0.0,26943000.0,1.0,0.0,30179000.0,0.0,5451000.0,31152000.0,31152000.0,6903000.0,2345000.0,-6899000.0,-0.2560590877036707,-9244000.0,-0.3430946813643618,545000.0,-9244000.0,-0.3430946813643618,-710000.0,-8534000.0,-0.31674275321976025,-0.60619,-0.60619,14078048.0,14078048.0,https://www.sec.gov/Archives/edgar/data/1169770/000119312513438460/0001193125-13-438460-index.htm,https://www.sec.gov/Archives/edgar/data/1169770/000119312513438460/d606400d10q.htm,1620589558,15:45:58,20210509
27,2013-06-30,BOCA,USD,2013-08-09,2013-08-09 06:09:02,Q2,21625000.0,0.0,21625000.0,1.0,0.0,25311000.0,0.0,3899000.0,25678000.0,25678000.0,5116000.0,1250000.0,7435000.0,0.3438150289017341,6185000.0,0.28601156069364164,1069000.0,6185000.0,0.28601156069364164,1822000.0,4363000.0,0.201757225433526,0.3618156528102246,0.361383561479312,12058627.0,12073045.0,https://www.sec.gov/Archives/edgar/data/1169770/000119312513327905/0001193125-13-327905-index.htm,https://www.sec.gov/Archives/edgar/data/1169770/000119312513327905/d557651d10q.htm,1620589558,15:45:58,20210509
28,2013-03-31,BOCA,USD,2013-05-10,2013-05-10 06:10:44,Q1,15359000.0,0.0,15359000.0,1.0,0.0,19080000.0,0.0,2224000.0,19447000.0,19447000.0,3809000.0,1186000.0,2747000.0,0.17885278989517547,1561000.0,0.10163422097792825,166000.0,1561000.0,0.10163422097792825,632000.0,929000.0,0.06048570870499381,0.07792842261799907,0.07791206403314944,11921196.0,11923699.0,https://www.sec.gov/Archives/edgar/data/1169770/000119312513212359/0001193125-13-212359-index.htm,https://www.sec.gov/Archives/edgar/data/1169770/000119312513212359/d499420d10q.htm,1620589558,15:45:58,20210509
29,2012-12-31,BOCA,USD,2013-03-28,2013-03-28 17:23:33,Q4,14837000.0,0.0,14837000.0,1.0,0.0,18234000.0,0.0,5768000.0,18930000.0,18930000.0,2769000.0,1181000.0,7292000.0,0.4914740176585563,6111000.0,0.4118757161151176,431000.0,6111000.0,0.4118757161151176,1545000.0,5996000.0,0.4041248230774415,0.5123327709008657,0.5119313909481549,11703331.0,11712507.0,https://www.sec.gov/Archives/edgar/data/1169770/000119312513132678/0001193125-13-132678-index.htm,https://www.sec.gov/Archives/edgar/data/1169770/000119312513132678/d453853d10k.htm,1620589558,15:45:58,20210509
30,2012-09-30,BOCA,USD,2012-11-13,2012-11-13 17:14:09,Q3,14408000.0,0.0,14408000.0,1.0,0.0,13613000.0,0.0,-580000.0,13613000.0,13613000.0,2314000.0,1262000.0,11125000.0,0.772140477512493,9863000.0,0.6845502498611882,-580000.0,8433000.0,0.5852998334258745,320000.0,9543000.0,0.662340366463076,0.815408878036518,0.8147700573412677,11703331.0,11712507.0,https://www.sec.gov/Archives/edgar/data/1169770/000119312512467724/0001193125-12-467724-index.htm,https://www.sec.gov/Archives/edgar/data/1169770/000119312512467724/d411197d10q.htm,1620589558,15:45:58,20210509
31,2012-06-30,BOCA,USD,2012-08-10,2012-08-09 17:39:14,Q2,8431000.0,0.0,8431000.0,1.0,0.0,5177000.0,0.0,223000.0,5177000.0,5177000.0,1947000.0,62000.0,-1090000.0,-0.12928478235084806,-1152000.0,-0.13663859565887795,223000.0,-1152000.0,-0.13663859565887795,-413000.0,-739000.0,-0.08765271023603369,-0.06314441589321877,-0.06309494628263616,11703331.0,11712507.0,https://www.sec.gov/Archives/edgar/data/1169770/000119312512348038/0001193125-12-348038-index.htm,https://www.sec.gov/Archives/edgar/data/1169770/000119312512348038/d347560d10q.htm,1620589558,15:45:58,20210509
32,2012-03-31,BOCA,USD,2012-05-10,2012-05-10 16:04:34,Q1,8876000.0,0.0,8876000.0,1.0,0.0,4867000.0,0.0,357000.0,4867000.0,4867000.0,1449000.0,40000.0,510000.0,0.05745831455610635,470000.0,0.05295178008111762,357000.0,470000.0,0.05295178008111762,93000.0,377000.0,0.042474087426768815,0.03221305113903042,0.032187814274091786,11703331.0,11712507.0,https://www.sec.gov/Archives/edgar/data/1169770/000119312512225464/0001193125-12-225464-index.htm,https://www.sec.gov/Archives/edgar/data/1169770/000119312512225464/d332190d10q.htm,1620589558,15:45:58,20210509
33,2011-12-31,BOCA,USD,2012-03-30,2012-03-30 16:06:25,Q4,7493000.0,0.0,7493000.0,1.0,0.0,4426000.0,0.0,0.0,4426000.0,4426000.0,1330000.0,168000.0,-7167000.0,-0.9564927265447751,-7335000.0,-0.9789136527425597,0.0,-7335000.0,-0.9789136527425597,-1721000.0,-5614000.0,-0.749232617109302,-0.479692490966888,-0.4793166825855472,11703331.0,11712507.0,https://www.sec.gov/Archives/edgar/data/1169770/000119312512143562/0001193125-12-143562-index.htm,https://www.sec.gov/Archives/edgar/data/1169770/000119312512143562/d270236d10k.htm,1620589558,15:45:58,20210509
34,2011-09-30,BOCA,USD,2011-11-14,2011-11-14 17:12:09,Q3,7484000.0,0.0,7484000.0,1.0,0.0,3251000.0,0.0,0.0,3251000.0,3251000.0,1339000.0,132000.0,1144000.0,0.15285943345804381,1012000.0,0.13522180652057722,0.0,1012000.0,0.13522180652057722,368000.0,644000.0,0.08605024051309461,0.062366786625888085,0.06234709109674826,10326009.0,10329271.0,https://www.sec.gov/Archives/edgar/data/1169770/000119312511311383/0001193125-11-311383-index.htm,https://www.sec.gov/Archives/edgar/data/1169770/000119312511311383/d234802d10q.htm,1620589558,15:45:58,20210509
35,2011-06-30,BOCA,USD,2011-08-05,2011-08-05 16:05:47,Q2,1118000.0,158746000.0,-157628000.0,-140.99105545617172,0.0,439000.0,0.0,-35516000.0,439000.0,439000.0,1822000.0,-14460000.0,-12267000.0,-10.97227191413238,2193000.0,1.9615384615384615,0.0,2193000.0,1.9615384615384615,1058000.0,1549000.0,1.385509838998211,0.15956645721465984,0.15932673397681174,9707554.0,9722160.0,https://www.sec.gov/Archives/edgar/data/1169770/000119312511212313/0001193125-11-212313-index.htm,https://www.sec.gov/Archives/edgar/data/1169770/000119312511212313/d10q.htm,1620589558,15:45:58,20210509
36,2011-03-31,BOCA,USD,2011-04-29,2011-04-29 17:11:03,Q1,319000.0,0.0,319000.0,1.0,0.0,330000.0,0.0,0.0,330000.0,330000.0,-1794000.0,130000.0,1236000.0,3.8746081504702192,1106000.0,3.4670846394984327,0.0,1106000.0,3.4670846394984327,413000.0,693000.0,2.1724137931034484,0.07,0.07,9899999.0,9899999.0,https://www.sec.gov/Archives/edgar/data/1169770/000119312511118884/0001193125-11-118884-index.htm,https://www.sec.gov/Archives/edgar/data/1169770/000119312511118884/d10q.htm,1620589558,15:45:58,20210509
37,2010-12-31,BOCA,USD,2011-02-25,2011-02-25 16:05:42,Q4,3274000.0,0.0,3274000.0,1.0,0.0,498000.0,0.0,0.0,498000.0,498000.0,-2145000.0,107000.0,1939000.0,0.5922419059254734,1832000.0,0.5595601710445938,-25000.0,1832000.0,0.5595601710445938,456000.0,1376000.0,0.4202810018326206,0.18022,0.18022,7635135.0,7635135.0,https://www.sec.gov/Archives/edgar/data/1169770/000119312511047390/0001193125-11-047390-index.htm,https://www.sec.gov/Archives/edgar/data/1169770/000119312511047390/d10k.htm,1620589558,15:45:58,20210509
38,2010-09-30,BOCA,USD,2010-10-22,2010-10-22 17:15:52,Q3,10638000.0,0.0,10638000.0,1.0,0.0,927000.0,0.0,0.0,927000.0,927000.0,-8643000.0,93000.0,2122000.0,0.1994735852603873,2029000.0,0.19073134047753337,25000.0,2029000.0,0.19073134047753337,580000.0,1449000.0,0.1362098138747885,0.17,0.17,8523529.0,8523529.0,https://www.sec.gov/Archives/edgar/data/1169770/000119312510234692/0001193125-10-234692-index.htm,https://www.sec.gov/Archives/edgar/data/1169770/000119312510234692/d10q.htm,1620589558,15:45:58,20210509
39,2010-06-30,BOCA,USD,2010-08-16,2010-08-16 17:25:54,Q2,9989000.0,0.0,9989000.0,1.0,0.0,636000.0,0.0,0.0,636000.0,636000.0,-6144000.0,93000.0,-1844000.0,-0.18460306336970667,-1937000.0,-0.19391330463509862,-36000.0,-1937000.0,-0.19391330463509862,-354000.0,-1583000.0,-0.1584743217539293,-0.5,-0.5,3166000.0,3166000.0,https://www.sec.gov/Archives/edgar/data/1169770/000119312510190423/0001193125-10-190423-index.htm,https://www.sec.gov/Archives/edgar/data/1169770/000119312510190423/d10q.htm,1620589558,15:45:58,20210509
40,2010-03-31,BOCA,USD,2010-05-10,2010-05-10 17:26:08,Q1,10519000.0,0.0,10519000.0,1.0,0.0,396000.0,0.0,0.0,396000.0,396000.0,-3179000.0,97000.0,1331000.0,0.12653294039357355,1234000.0,0.1173115315144025,6000.0,1234000.0,0.1173115315144025,359000.0,875000.0,0.08318281205437779,0.15,0.15,5833333.0,5833333.0,https://www.sec.gov/Archives/edgar/data/1169770/000119312510114864/0001193125-10-114864-index.htm,https://www.sec.gov/Archives/edgar/data/1169770/000119312510114864/d10q.htm,1620589558,15:45:58,20210509
41,2009-12-31,BOCA,USD,2010-03-10,2010-03-10 16:32:32,Q4,10993000.0,0.0,10993000.0,1.0,0.0,1148000.0,0.0,0.0,1148000.0,1148000.0,-17976000.0,112000.0,-2582000.0,-0.23487673974347312,-2694000.0,-0.24506504138997545,-16000.0,-2694000.0,-0.24506504138997545,-1695000.0,-999000.0,-0.09087601200764123,-0.48,-0.48,2081250.0,2081250.0,https://www.sec.gov/Archives/edgar/data/1169770/000119312510052670/0001193125-10-052670-index.htm,https://www.sec.gov/Archives/edgar/data/1169770/000119312510052670/d10k.htm,1620589558,15:45:58,20210509
42,2009-09-30,BOCA,USD,2009-11-06,2009-11-06 06:10:51,Q3,11515000.0,0.0,11515000.0,1.0,0.0,841000.0,0.0,0.0,841000.0,841000.0,-14234000.0,111000.0,-739000.0,-0.06417716022579245,-850000.0,-0.07381676074685194,16000.0,-850000.0,-0.07381676074685194,-452000.0,-398000.0,-0.034563612679114196,-0.19123123123123123,-0.19123123123123123,2081250.0,2081250.0,https://www.sec.gov/Archives/edgar/data/1169770/000119312509226380/0001193125-09-226380-index.htm,https://www.sec.gov/Archives/edgar/data/1169770/000119312509226380/d10q.htm,1620589558,15:45:58,20210509
43,2009-06-30,BOCA,USD,2009-08-06,2009-08-06 17:16:02,Q2,12094000.0,0.0,12094000.0,1.0,0.0,1118000.0,0.0,0.0,1118000.0,1118000.0,-9986000.0,114000.0,-2302000.0,-0.19034231850504382,-2416000.0,-0.19976848023813462,13000.0,-2416000.0,-0.19976848023813462,-523000.0,-1893000.0,-0.15652389614684967,-0.9095495495495496,-0.9095495495495496,2081250.0,2081250.0,https://www.sec.gov/Archives/edgar/data/1169770/000119312509167381/0001193125-09-167381-index.htm,https://www.sec.gov/Archives/edgar/data/1169770/000119312509167381/d10q.htm,1620589558,15:45:58,20210509
44,2009-03-31,BOCA,USD,2009-05-15,2009-05-15 16:32:49,Q1,12064000.0,0.0,12064000.0,1.0,0.0,580000.0,0.0,0.0,580000.0,580000.0,-5170000.0,109000.0,-3189000.0,-0.26434018567639256,-3298000.0,-0.2733753315649867,8000.0,-3298000.0,-0.2733753315649867,-720000.0,-2578000.0,-0.21369363395225463,-0.69541,-0.69541,3707142.0,3707142.0,https://www.sec.gov/Archives/edgar/data/1169770/000119312509113173/0001193125-09-113173-index.htm,https://www.sec.gov/Archives/edgar/data/1169770/000119312509113173/d10q.htm,1620589558,15:45:58,20210509
45,2008-12-31,BOCA,USD,2009-03-06,2009-03-06 08:34:29,Q4,0.0,0.0,0.0,0.0,0.0,0.0,0.0,0.0,0.0,0.0,-6214000.0,500000.0,2214000.0,0.0,1714000.0,0.0,0.0,1714000.0,0.0,548000.0,1038000.0,0.0,0.28,0.28,3707142.0,3707142.0,https://www.sec.gov/Archives/edgar/data/1169770/000119312509046811/0001193125-09-046811-index.htm,https://www.sec.gov/Archives/edgar/data/1169770/000119312509046811/d10k.htm,1620589558,15:45:58,20210509
46,2008-09-30,BOCA,USD,2008-11-04,2008-11-04 06:10:55,Q3,11645000.0,0.0,11645000.0,1.0,0.0,1287000.0,0.0,0.0,1287000.0,1287000.0,-17398000.0,0.0,1017000.0,0.1531987977672821,1017000.0,0.08733361957921855,10000.0,1017000.0,0.08733361957921855,203000.0,814000.0,0.06990124516960068,0.2,0.2,4070000.0,4070000.0,https://www.sec.gov/Archives/edgar/data/1169770/000119312508223581/0001193125-08-223581-index.htm,https://www.sec.gov/Archives/edgar/data/1169770/000119312508223581/d10q.htm,1620589558,15:45:58,20210509
47,2008-06-30,BOCA,USD,2008-08-08,2008-08-08 16:32:58,Q2,11230000.0,0.0,11230000.0,1.0,0.0,867000.0,0.0,0.0,867000.0,867000.0,-11737000.0,0.0,-767000.0,-0.2209260908281389,-767000.0,-0.06829919857524488,6000.0,-767000.0,-0.06829919857524488,-137000.0,-630000.0,-0.05609973285841496,-0.15,-0.15,4200000.0,4200000.0,https://www.sec.gov/Archives/edgar/data/1169770/000119312508171990/0001193125-08-171990-index.htm,https://www.sec.gov/Archives/edgar/data/1169770/000119312508171990/d10q.htm,1620589558,15:45:58,20210509
48,2008-03-31,BOCA,USD,2008-05-06,2008-05-06 08:31:11,Q1,11339000.0,0.0,11339000.0,1.0,0.0,445000.0,0.0,0.0,445000.0,445000.0,-6214000.0,-53000.0,1661000.0,0.14648558073904225,1714000.0,0.1511597142605168,3000.0,1714000.0,0.1511597142605168,548000.0,1166000.0,0.10283093747244025,0.28,0.28,4164285.0,4164285.0,https://www.sec.gov/Archives/edgar/data/1169770/000119312508103325/0001193125-08-103325-index.htm,https://www.sec.gov/Archives/edgar/data/1169770/000119312508103325/d10q.htm,1620589558,15:45:58,20210509
49,2007-12-31,BOCA,USD,2008-03-10,2008-03-10 06:19:36,Q4,11214000.0,0.0,11214000.0,1.0,0.0,1624000.0,0.0,0.0,1624000.0,1624000.0,-28847000.0,467000.0,4052000.0,0.3613340467273052,3585000.0,0.3196896736222579,-13000.0,3585000.0,0.3196896736222579,624000.0,2961000.0,0.2640449438202247,0.71,0.71,4170422.0,4170422.0,https://www.sec.gov/Archives/edgar/data/1169770/000119312508050815/0001193125-08-050815-index.htm,https://www.sec.gov/Archives/edgar/data/1169770/000119312508050815/d10k.htm,1620589558,15:45:58,20210509
50,2007-09-30,BOCA,USD,2007-11-02,2007-11-02 14:48:46,Q3,11262000.0,0.0,11262000.0,1.0,0.0,1153000.0,0.0,0.0,1153000.0,1153000.0,-21903000.0,-6000.0,2882000.0,0.25590481264429055,2888000.0,0.2564375776949032,13000.0,2888000.0,0.2564375776949032,767000.0,2121000.0,0.1883324453915823,0.5100000649222147,0.5,4158823.0,4242000.0,https://www.sec.gov/Archives/edgar/data/1169770/000119312507233676/0001193125-07-233676-index.htm,https://www.sec.gov/Archives/edgar/data/1169770/000119312507233676/d10q.htm,1620589558,15:45:58,20210509
51,2007-06-30,BOCA,USD,2007-08-03,2007-08-03 06:13:59,Q2,11297000.0,0.0,11297000.0,1.0,0.0,755000.0,0.0,0.0,755000.0,755000.0,-14600000.0,-4000.0,2756000.0,0.24395857307249713,2760000.0,0.24431264937594052,9000.0,2760000.0,0.24431264937594052,922000.0,1838000.0,0.16269806143223864,0.4400000766050188,0.43000006082699443,4177272.0,4274418.0,https://www.sec.gov/Archives/edgar/data/1169770/000119312507169981/0001193125-07-169981-index.htm,https://www.sec.gov/Archives/edgar/data/1169770/000119312507169981/d10q.htm,1620589558,15:45:58,20210509
52,2007-03-31,BOCA,USD,2007-05-04,2007-05-04 06:11:59,Q1,11938000.0,0.0,11938000.0,1.0,0.0,305000.0,0.0,0.0,305000.0,305000.0,-7449000.0,-5000.0,1582000.0,0.1325180097168705,1587000.0,0.13293684034176578,4000.0,1587000.0,0.13293684034176578,549000.0,1038000.0,0.08694923772826268,0.25,0.25,4152000.0,4152000.0,https://www.sec.gov/Archives/edgar/data/1169770/000119312507101919/0001193125-07-101919-index.htm,https://www.sec.gov/Archives/edgar/data/1169770/000119312507101919/d10q.htm,1620589558,15:45:58,20210509
53,2006-12-31,BOCA,USD,2007-02-28,2007-02-28 06:14:32,Q4,11903000.0,0.0,11903000.0,1.0,0.0,1380000.0,0.0,0.0,1380000.0,1380000.0,-26945000.0,-5000.0,7240000.0,0.6082500210031084,7245000.0,0.6086700831723095,-14000.0,7245000.0,0.6086700831723095,2531000.0,4714000.0,0.3960346131227422,1.15,1.15,4099130.0,4099130.0,https://www.sec.gov/Archives/edgar/data/1169770/000119312507041688/0001193125-07-041688-index.htm,https://www.sec.gov/Archives/edgar/data/1169770/000119312507041688/d10k.htm,1620589558,15:45:58,20210509
54,2006-09-30,BOCA,USD,2006-11-07,2006-11-07 09:03:12,Q3,12012000.0,0.0,12012000.0,1.0,0.0,1093000.0,0.0,0.0,1093000.0,1093000.0,-19432000.0,-5000.0,5352000.0,0.44555444555444557,5357000.0,0.445970695970696,14000.0,5357000.0,0.445970695970696,1868000.0,3489000.0,0.2904595404595405,0.8600001577529668,0.8300000903984048,4056976.0,4203614.0,https://www.sec.gov/Archives/edgar/data/1169770/000119312506226057/0001193125-06-226057-index.htm,https://www.sec.gov/Archives/edgar/data/1169770/000119312506226057/d10q.htm,1620589558,15:45:58,20210509
55,2006-06-30,BOCA,USD,2006-08-02,2006-08-02 06:12:01,Q2,11290000.0,0.0,11290000.0,1.0,0.0,739000.0,0.0,0.0,739000.0,739000.0,-12065000.0,-5000.0,3457000.0,0.30620017714791853,3462000.0,0.3066430469441984,9000.0,3462000.0,0.3066430469441984,1228000.0,2234000.0,0.1978742249778565,0.5500000246195177,0.530000042703674,4061818.0,4215094.0,https://www.sec.gov/Archives/edgar/data/1169770/000119312506158721/0001193125-06-158721-index.htm,https://www.sec.gov/Archives/edgar/data/1169770/000119312506158721/d10q.htm,1620589558,15:45:58,20210509
56,2006-03-31,BOCA,USD,2006-05-10,2006-05-10 06:15:55,Q1,10309000.0,0.0,10309000.0,1.0,0.0,290000.0,0.0,0.0,290000.0,290000.0,-5560000.0,-5000.0,1746000.0,0.16936657289746823,1751000.0,0.1698515859928218,4000.0,1751000.0,0.1698515859928218,639000.0,1112000.0,0.10786691240663498,0.27,0.27,4118518.0,4118518.0,https://www.sec.gov/Archives/edgar/data/1169770/000119312506106372/0001193125-06-106372-index.htm,https://www.sec.gov/Archives/edgar/data/1169770/000119312506106372/d10q.htm,1620589558,15:45:58,20210509
57,2005-12-31,BOCA,USD,2006-03-09,2006-03-09 09:06:28,Q4,18000.0,0.0,18000.0,1.0,0.0,296000.0,0.0,0.0,296000.0,296000.0,-4920000.0,-5000.0,1945000.0,108.05555555555556,1950000.0,108.33333333333333,-20000.0,1950000.0,108.33333333333333,717000.0,1233000.0,68.5,0.29754,0.29754,4143965.0,4143965.0,https://www.sec.gov/Archives/edgar/data/1169770/000119312506049134/0001193125-06-049134-index.htm,https://www.sec.gov/Archives/edgar/data/1169770/000119312506049134/d10k.htm,1620589558,15:45:58,20210509
58,2005-09-30,BOCA,USD,2005-11-03,2005-11-03 06:20:09,Q3,9176000.0,0.0,9176000.0,1.0,0.0,818000.0,0.0,0.0,818000.0,818000.0,-11783000.0,-5000.0,5477000.0,0.5968831734960767,5482000.0,0.5974280732345248,20000.0,5482000.0,0.5974280732345248,1908000.0,3574000.0,0.38949433304272013,0.8600001973139793,0.8400001786234291,4155813.0,4254761.0,https://www.sec.gov/Archives/edgar/data/1169770/000119312505214818/0001193125-05-214818-index.htm,https://www.sec.gov/Archives/edgar/data/1169770/000119312505214818/d10q.htm,1620589558,15:45:58,20210509
59,2005-06-30,BOCA,USD,2005-08-02,2005-08-02 06:53:47,Q2,8581000.0,0.0,8581000.0,1.0,0.0,574000.0,0.0,0.0,574000.0,574000.0,-7321000.0,-15000.0,3452000.0,0.40228411607038805,3467000.0,0.40403216408344017,16000.0,3467000.0,0.40403216408344017,1247000.0,2220000.0,0.2587111059317096,0.5300000310360379,0.5200000936937106,4188679.0,4269230.0,https://www.sec.gov/Archives/edgar/data/1169770/000119312505154335/0001193125-05-154335-index.htm,https://www.sec.gov/Archives/edgar/data/1169770/000119312505154335/d10q.htm,1620589558,15:45:58,20210509
60,2005-03-31,BOCA,USD,2005-05-10,2005-05-10 16:26:25,Q1,8285000.0,0.0,8285000.0,1.0,0.0,390000.0,0.0,0.0,390000.0,390000.0,-3472000.0,5000.0,1815000.0,0.21907060953530477,1810000.0,0.2184671092335546,0.0,1810000.0,0.2184671092335546,661000.0,1149000.0,0.13868436934218467,0.2700000352480464,0.26000004525675285,4255555.0,4419230.0,https://www.sec.gov/Archives/edgar/data/1169770/000119312505102825/0001193125-05-102825-index.htm,https://www.sec.gov/Archives/edgar/data/1169770/000119312505102825/d10q.htm,1620589558,15:45:58,20210509
61,2004-12-31,BOCA,USD,2005-03-16,2005-03-16 17:03:28,Q4,93000.0,0.0,93000.0,1.0,0.0,1102000.0,0.0,0.0,1102000.0,1102000.0,-11426000.0,-2000.0,8959000.0,96.33333333333333,8961000.0,96.35483870967742,-213000.0,8961000.0,96.35483870967742,3886000.0,5075000.0,54.56989247311828,1.18,1.18,4300847.0,4300847.0,https://www.sec.gov/Archives/edgar/data/1169770/000119312505052871/0001193125-05-052871-index.htm,https://www.sec.gov/Archives/edgar/data/1169770/000119312505052871/d10k.htm,1620589558,15:45:58,20210509
62,2004-09-30,BOCA,USD,2004-11-09,2004-11-09 06:23:54,Q3,66000.0,0.0,66000.0,1.0,0.0,250000.0,0.0,0.0,250000.0,250000.0,-2919000.0,2000.0,2392000.0,36.24242424242424,2390000.0,36.21212121212121,58000.0,2390000.0,36.21212121212121,1033000.0,1357000.0,20.560606060606062,0.3134421888566567,0.3066282082134331,4329347.0,4425555.0,https://www.sec.gov/Archives/edgar/data/1169770/000119312504190246/0001193125-04-190246-index.htm,https://www.sec.gov/Archives/edgar/data/1169770/000119312504190246/d10q.htm,1620589558,15:45:58,20210509
63,2004-06-30,BOCA,USD,2004-07-30,2004-07-30 06:07:25,Q2,27000.0,0.0,27000.0,1.0,0.0,277000.0,0.0,0.0,277000.0,277000.0,-2225000.0,-19000.0,2338000.0,86.5925925925926,2357000.0,87.29629629629629,155000.0,2357000.0,87.29629629629629,926000.0,1431000.0,53.0,0.3269612074579143,0.32151183808385236,4376666.0,4450847.0,https://www.sec.gov/Archives/edgar/data/1169770/000119312504127617/0001193125-04-127617-index.htm,https://www.sec.gov/Archives/edgar/data/1169770/000119312504127617/d10q.htm,1620589558,15:45:58,20210509
64,2004-03-31,BOCA,USD,2004-05-07,2004-05-06 20:44:09,Q1,331000.0,0.0,331000.0,1.0,0.0,277000.0,0.0,0.0,277000.0,277000.0,-3107000.0,49000.0,2302000.0,6.954682779456193,2253000.0,6.806646525679758,0.0,2253000.0,6.806646525679758,1058000.0,1195000.0,3.610271903323263,0.26,0.26,4596153.0,4596153.0,https://www.sec.gov/Archives/edgar/data/1169770/000119312504080903/0001193125-04-080903-index.htm,https://www.sec.gov/Archives/edgar/data/1169770/000119312504080903/d10q.htm,1620589558,15:45:58,20210509
65,2003-12-31,BOCA,USD,2004-03-15,2004-03-15 14:21:53,Q4,26774000.0,0.0,26774000.0,1.0,0.0,1294000.0,0.0,0.0,1294000.0,1294000.0,-9159000.0,19000.0,7080000.0,0.2644356465227459,7061000.0,0.2637260028385747,-32000.0,7061000.0,0.2637260028385747,2960000.0,4101000.0,0.15317098677821767,0.86,0.86,4768604.0,4768604.0,https://www.sec.gov/Archives/edgar/data/1169770/000119312504042022/0001193125-04-042022-index.htm,https://www.sec.gov/Archives/edgar/data/1169770/000119312504042022/d10k.htm,1620589558,15:45:58,20210509
66,2003-09-30,BOCA,USD,2003-11-13,2003-11-13 16:39:34,Q3,947000.0,0.0,947000.0,1.0,0.0,884000.0,0.0,0.0,884000.0,884000.0,-6613000.0,50000.0,5164000.0,5.453009503695882,5114000.0,5.400211193241816,32000.0,5114000.0,5.400211193241816,2142000.0,2972000.0,3.1383315733896517,0.61,0.61,4872131.0,4872131.0,https://www.sec.gov/Archives/edgar/data/1169770/000119312503080215/0001193125-03-080215-index.htm,https://www.sec.gov/Archives/edgar/data/1169770/000119312503080215/d10q.htm,1620589558,15:45:58,20210509
67,2003-06-30,BOCA,USD,2003-08-11,2003-08-11 15:50:44,Q2,12955000.0,0.0,12955000.0,1.0,0.0,585000.0,0.0,0.0,585000.0,585000.0,-4227000.0,76000.0,3572000.0,0.2757236588189888,3496000.0,0.26985719799305286,20000.0,3496000.0,0.26985719799305286,1493000.0,2003000.0,0.154612118873022,0.41,0.41,4885365.0,4885365.0,https://www.sec.gov/Archives/edgar/data/1169770/000119312503033003/0001193125-03-033003-index.htm,https://www.sec.gov/Archives/edgar/data/1169770/000119312503033003/d10q.htm,1620589558,15:45:58,20210509
68,2003-03-31,BOCA,USD,2003-05-15,2003-05-15 13:56:19,Q1,238000.0,0.0,238000.0,1.0,0.0,237000.0,0.0,0.0,237000.0,237000.0,-2550000.0,75000.0,1740000.0,7.310924369747899,1665000.0,6.995798319327731,0.0,1665000.0,6.995798319327731,708000.0,957000.0,4.0210084033613445,0.19,0.19,5036842.0,5036842.0,https://www.sec.gov/Archives/edgar/data/1169770/000089843003003051/0000898430-03-003051-index.htm,https://www.sec.gov/Archives/edgar/data/1169770/000089843003003051/d10q.htm,1620589558,15:45:58,20210509
69,2002-12-31,BOCA,USD,2003-03-21,2003-03-21 08:16:43,Q4,21095000.0,0.0,21095000.0,1.0,0.0,672000.0,0.0,0.0,672000.0,672000.0,-8110000.0,53000.0,4646000.0,0.22024176345105476,4593000.0,0.21772931974401516,0.0,4593000.0,0.21772931974401516,1957000.0,2636000.0,0.12495852097653472,0.23,0.23,11460869.0,11460869.0,https://www.sec.gov/Archives/edgar/data/1169770/000101706203000485/0001017062-03-000485-index.htm,https://www.sec.gov/Archives/edgar/data/1169770/000101706203000485/d10k.htm,1620589558,15:45:58,20210509
