,date,symbol,reportedCurrency,fillingDate,acceptedDate,period,revenue,costOfRevenue,grossProfit,grossProfitRatio,researchAndDevelopmentExpenses,generalAndAdministrativeExpenses,sellingAndMarketingExpenses,otherExpenses,operatingExpenses,costAndExpenses,interestExpense,depreciationAndAmortization,ebitda,ebitdaratio,operatingIncome,operatingIncomeRatio,totalOtherIncomeExpensesNet,incomeBeforeTax,incomeBeforeTaxRatio,incomeTaxExpense,netIncome,netIncomeRatio,eps,epsdiluted,weightedAverageShsOut,weightedAverageShsOutDil,link,finalLink,timestamp,est_time,est_date
0,2020-12-31,RAJESHEXPO.NS,INR,2020-12-31,2020-12-31,Q4,455864230000,452068450000,3795780000,0.008326558107004799,0.0,0.0,0.0,9490000.0,1464810000,453533260000,0.0,304430000.0,2635400000,0.005781107238881191,2330970000,0.005113298755640467,0.0,2340460000,0.005134116357407555,64040000.0,2276420000,0.004993635934102573,7.71,7.71,295255512,295255512,https://www.nseindia.com/companies-listing/corporate-filings-annual-reports,https://www.nseindia.com/companies-listing/corporate-filings-annual-reports,1620597052,17:50:52,20210509
1,2020-09-30,RAJESHEXPO.NS,INR,2020-09-30,2020-09-30,Q3,1021498380000,1018394310000,3104070000,0.003038741970398426,0.0,0.0,0.0,6190000.0,1231470000,1019625780000,0.0,188100000.0,2060700000,0.002017330658909121,1872600000,0.0018331893977159318,0.0,1878790000,0.0018392491234298384,148720000.0,1730070000,0.001693659073644346,5.86,5.86,295233788,295233788,https://www.nseindia.com/companies-listing/corporate-filings-annual-reports,https://www.nseindia.com/companies-listing/corporate-filings-annual-reports,1620597052,17:50:52,20210509
2,2020-06-30,RAJESHEXPO.NS,INR,2020-06-30,2020-06-30,Q2,460542650000,457680470000,2862180000,0.006214798998529235,0.0,0.0,0.0,2870000.0,1189210000,458869680000,0.0,185910000.0,1858880000,0.004036281981701369,1672970000,0.003632606013796985,0.0,1675840000,0.0036388377927646875,154320000.0,1521520000,0.0033037548205361654,5.15,5.15,295440777,295440777,https://www.nseindia.com/companies-listing/corporate-filings-annual-reports,https://www.nseindia.com/companies-listing/corporate-filings-annual-reports,1620597052,17:50:52,20210509
3,2019-09-30,RAJESHEXPO.NS,INR,2019-09-30,2019-09-30,Q3,668273660000,663387040000,4886620000,0.007312303764897752,0.0,0.0,0.0,8380000.0,1462840000,664849880000,0.0,183430000.0,3607210000,0.005397803648283848,3423780000,0.0051233202876797505,0.0,3432160000,0.005135860060682326,275840000.0,3156320000,0.004723095026669164,10.69,10.69,295259121,295259121,https://www.nseindia.com/companies-listing/corporate-filings-annual-reports,https://www.nseindia.com/companies-listing/corporate-filings-annual-reports,1620597052,17:50:52,20210509
4,2019-06-30,RAJESHEXPO.NS,INR,2019-06-30,2019-06-30,Q2,406190280000,401648240000,4542040000,0.011182049949595051,0.0,0.0,0.0,34950000.0,1417850000,403066090000,0.0,180070000.0,3304260000,0.008134758911513097,3124190000,0.007691444512163117,0.0,3159140000,0.007777487930041064,139720000.0,3019420000,0.007433511210558756,10.23,10.23,295153470,295153470,https://www.nseindia.com/companies-listing/corporate-filings-annual-reports,https://www.nseindia.com/companies-listing/corporate-filings-annual-reports,1620597052,17:50:52,20210509
5,2018-09-30,RAJESHEXPO.NS,INR,2018-09-30,2018-09-30,Q3,533758020000,527938520000,5819500000,0.010902880672406572,0.0,0.0,0.0,151930000.0,1447210000,529385730000,1062570000.0,175760000.0,4548050000,0.008520808736513223,4372290000,0.008191520944266093,0.0,3461650000,0.0064854294835701015,313040000.0,3148610000,0.005898946492644738,10.66,10.66,295366792,295366792,https://www.nseindia.com/companies-listing/corporate-filings-annual-reports,https://www.nseindia.com/companies-listing/corporate-filings-annual-reports,1620597052,17:50:52,20210509
6,2018-06-30,RAJESHEXPO.NS,INR,2018-06-30,2018-06-30,Q2,439267990000,432351720000,6916270000,0.01574498974987911,0.0,0.0,0.0,0.0,1320700000,433672420000,1471560000.0,185230000.0,5780800000,0.013160075697753437,5595570000,0.012738396895252942,0.0,4124020000,0.009388391810657544,132450000.0,3991570000,0.00908686744964048,13.52,13.52,295234467,295234467,https://www.nseindia.com/companies-listing/corporate-filings-annual-reports,https://www.nseindia.com/companies-listing/corporate-filings-annual-reports,1620597052,17:50:52,20210509
7,2018-03-31,RAJESHEXPO.NS,INR,2018-03-31,2018-03-31,Q1,438418760000,431734660000,6684100000,0.015245926063930293,0.0,0.0,0.0,0.0,1278730000,433013390000,1527680000.0,174790000.0,5580160000,0.012727922500396652,5405370000,0.012329239743299306,0.0,3877690000,0.00884471732003439,185020000.0,3692670000,0.008422700707424107,12.51,12.51,295177458,295177458,https://www.nseindia.com/companies-listing/corporate-filings-annual-reports,https://www.nseindia.com/companies-listing/corporate-filings-annual-reports,1620597052,17:50:52,20210509
8,2017-12-31,RAJESHEXPO.NS,INR,2017-12-31,2017-12-31,Q4,413048430000,407692890000,5355540000,0.012965888769992419,0.0,0.0,0.0,0.0,1196520000,408889410000,867210000.0,169430000.0,4328450000,0.010479279633141325,4159020000,0.010069085603351645,0.0,3291810000,0.007969549720840241,276590000.0,3015220000,0.007299918801289234,10.21,10.21,295320274,295320274,https://www.nseindia.com/companies-listing/corporate-filings-annual-reports,https://www.nseindia.com/companies-listing/corporate-filings-annual-reports,1620597052,17:50:52,20210509
9,2017-09-30,RAJESHEXPO.NS,INR,2017-09-30,2017-09-30,Q3,521305310000,515229320000,6075990000,0.011655338787935999,0.0,0.0,0.0,0.0,1151410000,516380730000,1826210000.0,177490000.0,5102070000,0.009787105372089919,4924580000,0.009446633106422799,0.0,3098370000,0.005943484442926545,116970000.0,2981400000,0.00571910537416164,10.1,10.1,295188119,295188119,https://www.nseindia.com/companies-listing/corporate-filings-annual-reports,https://www.nseindia.com/companies-listing/corporate-filings-annual-reports,1620597052,17:50:52,20210509
10,2017-06-30,RAJESHEXPO.NS,INR,2017-06-30,2017-06-30,Q2,504082060000,498836580000,5245480000,0.010406004133533337,0.0,0.0,0.0,0.0,951270000,499787850000,1145650000.0,158210000.0,4452420000,0.00883272854423742,4294210000,0.008518870915580689,0.0,3148560000,0.006246125878790449,179980000.0,2968580000,0.0058890808373541405,10.05,10.05,295381095,295381095,https://www.nseindia.com/companies-listing/corporate-filings-annual-reports,https://www.nseindia.com/companies-listing/corporate-filings-annual-reports,1620597052,17:50:52,20210509
11,2017-03-31,RAJESHEXPO.NS,INR,2017-03-31,2017-03-31,Q1,542700620000,537021850000,5678770000,0.010463909180719197,0.0,0.0,0.0,0.0,845500000,537867350000,1202380000.0,175010000.0,5008280000,0.009228439797986595,4833270000,0.008905959974764724,0.0,3630890000,0.00669041063560974,309720000.0,3321170000,0.006119709242270628,11.25,11.25,295215111,295215111,https://www.nseindia.com/companies-listing/corporate-filings-annual-reports,https://www.nseindia.com/companies-listing/corporate-filings-annual-reports,1620597052,17:50:52,20210509
12,2016-12-31,RAJESHEXPO.NS,INR,2016-12-31,2016-12-31,Q4,644862330000,639274320000,5588010000,0.008665430961054897,0.0,0.0,0.0,0.0,950760000,640225080000,1190450000.0,170470000.0,4807720000,0.0074554207562411035,4637250000,0.007191069759029032,0.0,3446800000,0.005345016819326382,105200000.0,3341600000,0.0051818812241676455,11.32,11.32,295194346,295194346,https://www.nseindia.com/companies-listing/corporate-filings-annual-reports,https://www.nseindia.com/companies-listing/corporate-filings-annual-reports,1620597052,17:50:52,20210509
13,2016-09-30,RAJESHEXPO.NS,INR,2016-09-30,2016-09-30,Q3,644589370000,639384250000,5205120000,0.008075094381404397,0.0,0.0,0.0,0.0,1004810000,640389060000,979970000.0,147460000.0,4347770000,0.0067450228042078945,4200310000,0.006516257008706178,0.0,3220340000,0.004995955797409442,123190000.0,3097150000,0.0048048418794123145,10.49,10.49,295247855,295247855,https://www.nseindia.com/companies-listing/corporate-filings-annual-reports,https://www.nseindia.com/companies-listing/corporate-filings-annual-reports,1620597052,17:50:52,20210509
14,2016-06-30,RAJESHEXPO.NS,INR,2016-06-30,2016-06-30,Q2,589167640000,584466330000,4701310000,0.007979579462307197,0.0,0.0,0.0,0.0,1039090000,585505420000,929870000.0,153370000.0,3815590000,0.006476238240104294,3662220000,0.006215921838477076,0.0,2732350000,0.0046376443892947004,33270000.0,2699080000,0.0045811748927690596,9.141368,9.141368,295259959,295259959,https://www.nseindia.com/companies-listing/corporate-filings-annual-reports,https://www.nseindia.com/companies-listing/corporate-filings-annual-reports,1620597052,17:50:52,20210509
15,2016-03-31,RAJESHEXPO.NS,INR,2016-03-31,2016-03-31,Q1,559283320000,552358730000,6924590000,0.012381184548825808,0.0,0.0,0.0,0.0,1924310000,554283040000,2131160000.0,179990000.0,5180270000,0.009262335948084417,5000280000,0.008940513369860556,0.0,2869120000,0.005129993864290464,357970000.0,2511150000,0.004489942592959861,8.5,8.5,295429412,295429412,https://www.nseindia.com/companies-listing/corporate-filings-annual-reports,https://www.nseindia.com/companies-listing/corporate-filings-annual-reports,1620597052,17:50:52,20210509
16,2015-12-31,RAJESHEXPO.NS,INR,2015-12-31,2015-12-31,Q4,498191310000,493432410000,4758900000,0.009552354496107128,0.0,0.0,0.0,0.0,1182310000,494614720000,549740000.0,244860000.0,3821450000,0.007670647647386703,3576590000,0.007179149712587319,0.0,3026850000,0.0060756780362146426,0.0,3026850000,0.0060756780362146426,10.25,10.25,295302439,295302439,https://www.nseindia.com/companies-listing/corporate-filings-annual-reports,https://www.nseindia.com/companies-listing/corporate-filings-annual-reports,1620597052,17:50:52,20210509
17,2015-09-30,RAJESHEXPO.NS,INR,2015-09-30,2015-09-30,Q3,443196500000,437581060000,5615440000,0.01267031666540688,0.0,0.0,0.0,0.0,1089760000,438670820000,1672030000.0,196980000.0,4722660000,0.01065590545051687,4525680000,0.010211452482138283,0.0,2853650000,0.006438791822588851,55270000.0,2798380000,0.006314084159058115,9.48,9.48,295187764,295187764,https://www.nseindia.com/companies-listing/corporate-filings-annual-reports,https://www.nseindia.com/companies-listing/corporate-filings-annual-reports,1620597052,17:50:52,20210509
18,2015-06-30,RAJESHEXPO.NS,INR,2015-06-30,2015-06-30,Q2,151442560000,146992460000,4450100000,0.02938473834568037,0.0,0.0,0.0,0.0,654940000,147647400000,1423540000.0,168230000.0,3963390000,0.026170912588904995,3795160000,0.02506006237612465,0.0,2371620000,0.015660194861999162,0.0,2371620000,0.015660194861999162,8.03,8.03,295344956,295344956,https://www.nseindia.com/companies-listing/corporate-filings-annual-reports,https://www.nseindia.com/companies-listing/corporate-filings-annual-reports,1620597052,17:50:52,20210509
19,2015-03-31,RAJESHEXPO.NS,INR,2015-03-31,2015-03-31,Q1,191659901249,186323745485,5336155764,0.027841795436737666,0.0,0.0,0.0,0.0,791815557,187115561042,1587071791.0,195561493.0,4739901700,0.024730794856468345,4544340207,0.023710438007040924,0.0,2766999722,0.014437029884541052,711561464.0,2055438258,0.010724404242124822,6.962069863087622,6.962069863087622,295233788,295233788,https://www.nseindia.com/companies-listing/corporate-filings-annual-reports,https://www.nseindia.com/companies-listing/corporate-filings-annual-reports,1620597052,17:50:52,20210509
20,2014-12-31,RAJESHEXPO.NS,INR,2014-12-31,2014-12-31,Q4,124324320000,120987710000,3336610000,0.026837950933493945,0.0,0.0,0.0,0.0,712620000,121700330000,911430000.0,136770000.0,2760760000,0.02220611381586483,2623990000,0.021106007255861124,0.0,1712560000,0.013774939609563117,0.0,1712560000,0.013774939609563117,5.8,5.8,295268966,295268966,https://www.nseindia.com/companies-listing/corporate-filings-annual-reports,https://www.nseindia.com/companies-listing/corporate-filings-annual-reports,1620597052,17:50:52,20210509
21,2014-09-30,RAJESHEXPO.NS,INR,2014-09-30,2014-09-30,Q3,109594270000,106457130000,3137140000,0.02862503669215553,0.0,0.0,0.0,0.0,639050000,107096180000,900440000.0,145170000.0,2643260000,0.024118596711306166,2498090000,0.022793983663561973,0.0,1597650000,0.014577860685599712,0.0,1597650000,0.014577860685599712,5.41,5.41,295314233,295314233,https://www.nseindia.com/companies-listing/corporate-filings-annual-reports,https://www.nseindia.com/companies-listing/corporate-filings-annual-reports,1620597052,17:50:52,20210509
22,2014-06-30,RAJESHEXPO.NS,INR,2014-06-30,2014-06-30,Q2,79050450000,75484400000,3566050000,0.045111065148901744,0.0,0.0,0.0,0.0,1190170000,76674570000,1192430000.0,144730000.0,2520610000,0.03188609299504304,2375880000,0.03005523687720943,0.0,1183450000,0.014970819267948507,0.0,1183450000,0.014970819267948507,4.0,4.0,295862500,295862500,https://www.nseindia.com/companies-listing/corporate-filings-annual-reports,https://www.nseindia.com/companies-listing/corporate-filings-annual-reports,1620597052,17:50:52,20210509
23,2014-03-31,RAJESHEXPO.NS,INR,2014-03-31,2014-03-31,Q1,122304664389,117890559090,4414105299,0.036091062602163534,0.0,0.0,0.0,0.0,2342721681,120233280771,770210613.0,147863561.0,2219247179,0.01814523746977877,2071383618,0.016936260185562463,0.0,1034785181,0.008460717227503124,462832513.0,571952668,0.0046764583416120395,1.9372872999211053,1.9372872999211053,295233788,295233788,https://www.nseindia.com/companies-listing/corporate-filings-annual-reports,https://www.nseindia.com/companies-listing/corporate-filings-annual-reports,1620597052,17:50:52,20210509
24,2013-12-31,RAJESHEXPO.NS,INR,2013-12-31,2013-12-31,Q4,50229900000,48441860000,1788040000,0.035597124421908065,0.0,0.0,0.0,0.0,64260000,48506120000,807100000.0,5400000.0,1729180000,0.034425312413522625,1723780000,0.03431780672467992,0.0,916680000,0.01824968793487544,0.0,916680000,0.01824968793487544,3.1,3.1,295703226,295703226,https://www.nseindia.com/companies-listing/corporate-filings-annual-reports,https://www.nseindia.com/companies-listing/corporate-filings-annual-reports,1620597052,17:50:52,20210509
25,2013-09-30,RAJESHEXPO.NS,INR,2013-09-30,2013-09-30,Q3,64405730000,62073150000,2332580000,0.03621696392541471,0.0,0.0,0.0,0.0,49320000,62122470000,1278630000.0,5450000.0,2288710000,0.035535813350768636,2283260000,0.035451193550635945,0.0,1004630000,0.015598456845376956,0.0,1004630000,0.015598456845376956,3.4,3.4,295479412,295479412,https://www.nseindia.com/companies-listing/corporate-filings-annual-reports,https://www.nseindia.com/companies-listing/corporate-filings-annual-reports,1620597052,17:50:52,20210509
26,2013-06-30,RAJESHEXPO.NS,INR,2013-06-30,2013-06-30,Q2,55031680000,53348680000,1683000000,0.030582384546501216,0.0,0.0,0.0,0.0,88440000,53437120000,513320000.0,5420000.0,1599980000,0.029073798946352356,1594560000,0.028975310221312525,0.0,1081240000,0.019647592077872235,0.0,1081240000,0.019647592077872235,3.66,3.66,295420765,295420765,https://www.nseindia.com/companies-listing/corporate-filings-annual-reports,https://www.nseindia.com/companies-listing/corporate-filings-annual-reports,1620597052,17:50:52,20210509
27,2013-03-31,RAJESHEXPO.NS,INR,2013-03-31,2013-03-31,Q1,115386385617,114257816981,1128568636,0.00978077812183179,0.0,0.0,0.0,25732404.0,100234467,114358051448,1014462757.0,5295444.0,1033629613,0.008957985879121897,1028334169,0.008912092735215154,0.0,1474275048,0.012776854393321022,370117106.0,1104157942,0.009569222019528475,3.739944365717382,3.739944365717382,295233788,295233788,https://www.nseindia.com/companies-listing/corporate-filings-annual-reports,https://www.nseindia.com/companies-listing/corporate-filings-annual-reports,1620597052,17:50:52,20210509
28,2012-12-31,RAJESHEXPO.NS,INR,2012-12-31,2012-12-31,Q4,78231640000,76280580000,1951060000,0.024939525746871725,0.0,0.0,0.0,1040000.0,56990000,76337570000,580430000.0,5100000.0,1899170000,0.024276239127800466,1894070000,0.02421104811301412,0.0,1314680000,0.016804965356727788,0.0,1314680000,0.016804965356727788,4.45,4.45,295433708,295433708,https://www.nseindia.com/companies-listing/corporate-filings-annual-reports,https://www.nseindia.com/companies-listing/corporate-filings-annual-reports,1620597052,17:50:52,20210509
29,2012-09-30,RAJESHEXPO.NS,INR,2012-09-30,2012-09-30,Q3,67454790000,65468530000,1986260000,0.029445796214027202,0.0,0.0,0.0,0.0,40060000,65508590000,821670000.0,5080000.0,1951280000,0.02892722666544511,1946200000,0.028851916965422324,0.0,1124530000,0.016670869481618725,0.0,1124530000,0.016670869481618725,3.81,3.81,295152231,295152231,https://www.nseindia.com/companies-listing/corporate-filings-annual-reports,https://www.nseindia.com/companies-listing/corporate-filings-annual-reports,1620597052,17:50:52,20210509
30,2012-06-30,RAJESHEXPO.NS,INR,2012-06-30,2012-06-30,Q2,49671520000,48111410000,1560110000,0.03140854155459708,0.0,0.0,0.0,0.0,79500000,48190910000,497940000.0,5130000.0,1485740000,0.0299113053113736,1480610000,0.029808026812950358,0.0,982670000,0.019783368819798548,0.0,982670000,0.019783368819798548,3.33,3.33,295096096,295096096,https://www.nseindia.com/companies-listing/corporate-filings-annual-reports,https://www.nseindia.com/companies-listing/corporate-filings-annual-reports,1620597052,17:50:52,20210509
31,2012-03-31,RAJESHEXPO.NS,INR,2012-03-31,2012-03-31,Q1,86450402205,85516708770,933693435,0.01080033650723719,0.0,0.0,0.0,11480458.0,43004355,85559713125,1701708124.0,1113592.0,891802672,0.010315772388025063,890689080,0.010302891106138608,0.0,1149157344,0.013292677820919804,194515740.0,954641605,0.011042650822332285,3.2335106745979902,3.2335106745979902,295233788,295233788,https://www.nseindia.com/companies-listing/corporate-filings-annual-reports,https://www.nseindia.com/companies-listing/corporate-filings-annual-reports,1620597052,17:50:52,20210509
32,2011-12-31,RAJESHEXPO.NS,INR,2011-12-31,2011-12-31,Q4,65182320000,62720460000,2461860000,0.037768830566325344,0.0,0.0,0.0,-64530000.0,173730000,62894190000,1075950000.0,9000000.0,2297130000,0.035241611529015844,2288130000,0.035103537278206726,0.0,1147650000,0.017606768215675663,0.0,1147650000,0.017606768215675663,3.89,3.89,295025707,295025707,https://www.nseindia.com/companies-listing/corporate-filings-annual-reports,https://www.nseindia.com/companies-listing/corporate-filings-annual-reports,1620597052,17:50:52,20210509
