,date,symbol,reportedCurrency,fillingDate,acceptedDate,period,revenue,costOfRevenue,grossProfit,grossProfitRatio,researchAndDevelopmentExpenses,generalAndAdministrativeExpenses,sellingAndMarketingExpenses,otherExpenses,operatingExpenses,costAndExpenses,interestExpense,depreciationAndAmortization,ebitda,ebitdaratio,operatingIncome,operatingIncomeRatio,totalOtherIncomeExpensesNet,incomeBeforeTax,incomeBeforeTaxRatio,incomeTaxExpense,netIncome,netIncomeRatio,eps,epsdiluted,weightedAverageShsOut,weightedAverageShsOutDil,link,finalLink,timestamp,est_time,est_date
0,2020-09-30,1213.HK,HKD,2020-09-30,2020-09-30,Q3,115311250,89653500,25657750,0.22250864508016346,0.0,16341000.0,9026000.0,58000.0,0.0,114350750,891750.0,2647750.0,3608250.0,0.03129139611269499,960500.0,0.008329629589480645,0.0,391250.0,0.003392990709926395,1203500.0,-1432250.0,-0.012420730848030873,-0.00716125,-0.00716125,200000000.0,200000000.0,https://www1.hkexnews.hk/search/titlesearch.xhtml,https://www1.hkexnews.hk/search/titlesearch.xhtml,1620585132,14:32:12,20210509
1,2020-06-30,1213.HK,HKD,2020-06-30,2020-06-30,Q2,115311250,89653500,25657750,0.22250864508016346,0.0,16341000.0,9026000.0,58000.0,0.0,114350750,891750.0,2647750.0,3608250.0,0.03129139611269499,960500.0,0.008329629589480645,0.0,391250.0,0.003392990709926395,1203500.0,-1432250.0,-0.012420730848030873,-0.00716125,-0.00716125,200000000.0,200000000.0,https://www1.hkexnews.hk/search/titlesearch.xhtml,https://www1.hkexnews.hk/search/titlesearch.xhtml,1620585132,14:32:12,20210509
2,2020-03-31,1213.HK,HKD,2020-03-31,2020-03-31,Q1,115311250,89653500,25657750,0.22250864508016346,0.0,16341000.0,9026000.0,58000.0,0.0,114350750,891750.0,2647750.0,3608250.0,0.03129139611269499,960500.0,0.008329629589480645,0.0,391250.0,0.003392990709926395,1203500.0,-1432250.0,-0.012420730848030873,-0.00716125,-0.00716125,200000000.0,200000000.0,https://www1.hkexnews.hk/search/titlesearch.xhtml,https://www1.hkexnews.hk/search/titlesearch.xhtml,1620585132,14:32:12,20210509
3,2020-01-31,1213.HK,HKD,2020-01-31,2020-01-31,Q1,115311250,89653500,25657750,0.22250864508016346,0.0,16341000.0,9026000.0,58000.0,0.0,114350750,891750.0,2647750.0,3608250.0,0.03129139611269499,960500.0,0.008329629589480645,0.0,391250.0,0.003392990709926395,1203500.0,-1432250.0,-0.012420730848030873,-0.00716125,-0.00716125,200000000.0,200000000.0,https://www1.hkexnews.hk/search/titlesearch.xhtml,https://www1.hkexnews.hk/search/titlesearch.xhtml,1620585132,14:32:12,20210509
4,2019-06-30,1213.HK,HKD,2019-06-30,2019-06-30,Q2,119849000,92048500,27800500,0.23196271975569258,0.0,17646750.0,9865750.0,28500.0,0.0,118787000,795250.0,785250.0,1847250.0,0.015413144873966408,1062000.0,0.00886115028076997,0.0,439500.0,0.0036671144523525434,1168000.0,-1922500.0,-0.01604101828133735,-0.0096,-0.0096,200000000.0,200000000.0,https://www1.hkexnews.hk/search/titlesearch.xhtml,https://www1.hkexnews.hk/search/titlesearch.xhtml,1620585132,14:32:12,20210509
5,2019-03-31,1213.HK,HKD,2019-03-31,2019-03-31,Q1,119849000,92048500,27800500,0.23196271975569258,0.0,17646750.0,9865750.0,28500.0,0.0,118787000,795250.0,785250.0,1847250.0,0.015413144873966408,1062000.0,0.00886115028076997,0.0,439500.0,0.0036671144523525434,1168000.0,-1922500.0,-0.01604101828133735,-0.0096,-0.0096,200000000.0,200000000.0,https://www1.hkexnews.hk/search/titlesearch.xhtml,https://www1.hkexnews.hk/search/titlesearch.xhtml,1620585132,14:32:12,20210509
6,2019-01-31,1213.HK,HKD,2019-01-31,2019-01-31,Q1,119849000,92048500,27800500,0.23196271975569258,0.0,17646750.0,9865750.0,28500.0,0.0,118787000,795250.0,785250.0,1847250.0,0.015413144873966408,1062000.0,0.00886115028076997,0.0,439500.0,0.0036671144523525434,1168000.0,-1922500.0,-0.01604101828133735,-0.0096,-0.0096,200000000.0,200000000.0,https://www1.hkexnews.hk/search/titlesearch.xhtml,https://www1.hkexnews.hk/search/titlesearch.xhtml,1620585132,14:32:12,20210509
7,2018-06-30,1213.HK,HKD,2018-06-30,2018-06-30,Q2,136668000,104977250,31690750,0.23188127432903094,0.0,23003000.0,11010000.0,0.0,0.0,137580250,634750.0,1175000.0,262750.0,0.0019225422191003014,-912250.0,-0.00667493487868411,0.0,-1482250.0,-0.01084562589633272,1270000.0,-4283000.0,-0.03133871864664735,-0.021425,-0.021425,200000000.0,200000000.0,https://www1.hkexnews.hk/search/titlesearch.xhtml,https://www1.hkexnews.hk/search/titlesearch.xhtml,1620585132,14:32:12,20210509
8,2018-03-31,1213.HK,HKD,2018-03-31,2018-03-31,Q1,136668000,104977250,31690750,0.23188127432903094,0.0,23003000.0,11010000.0,0.0,0.0,137580250,634750.0,1175000.0,262750.0,0.0019225422191003014,-912250.0,-0.00667493487868411,0.0,-1482250.0,-0.01084562589633272,1270000.0,-4283000.0,-0.03133871864664735,-0.021425,-0.021425,200000000.0,200000000.0,https://www1.hkexnews.hk/search/titlesearch.xhtml,https://www1.hkexnews.hk/search/titlesearch.xhtml,1620585132,14:32:12,20210509
9,2018-01-31,1213.HK,HKD,2018-01-31,2018-01-31,Q1,136668000,104977250,31690750,0.23188127432903094,0.0,23003000.0,11010000.0,0.0,0.0,137580250,634750.0,1175000.0,262750.0,0.0019225422191003014,-912250.0,-0.00667493487868411,0.0,-1482250.0,-0.01084562589633272,1270000.0,-4283000.0,-0.03133871864664735,-0.021425,-0.021425,200000000.0,200000000.0,https://www1.hkexnews.hk/search/titlesearch.xhtml,https://www1.hkexnews.hk/search/titlesearch.xhtml,1620585132,14:32:12,20210509
10,2017-06-30,1213.HK,HKD,2017-06-30,2017-06-30,Q2,156942750,119424250,37518500,0.23905851018922505,0.0,26101500.0,12697500.0,0.0,0.0,156451500,624000.0,1701750.0,2193000.0,0.013973248206750551,491250.0,0.003130122289815872,0.0,1623250.0,0.010342943525584966,1310250.0,-940750.0,-0.005994224008436197,-0.0047,-0.0047,200000000.0,200000000.0,https://www1.hkexnews.hk/search/titlesearch.xhtml,https://www1.hkexnews.hk/search/titlesearch.xhtml,1620585132,14:32:12,20210509
11,2017-03-31,1213.HK,HKD,2017-03-31,2017-03-31,Q1,156942750,119424250,37518500,0.23905851018922505,0.0,26101500.0,12697500.0,0.0,0.0,156451500,624000.0,1701750.0,2193000.0,0.013973248206750551,491250.0,0.003130122289815872,0.0,1623250.0,0.010342943525584966,1310250.0,-940750.0,-0.005994224008436197,-0.0047,-0.0047,200000000.0,200000000.0,https://www1.hkexnews.hk/search/titlesearch.xhtml,https://www1.hkexnews.hk/search/titlesearch.xhtml,1620585132,14:32:12,20210509
12,2017-01-31,1213.HK,HKD,2017-01-31,2017-01-31,Q1,156942750,119424250,37518500,0.23905851018922505,0.0,26101500.0,12697500.0,0.0,0.0,156451500,624000.0,1701750.0,2193000.0,0.013973248206750551,491250.0,0.003130122289815872,0.0,1623250.0,0.010342943525584966,1310250.0,-940750.0,-0.005994224008436197,-0.0047,-0.0047,200000000.0,200000000.0,https://www1.hkexnews.hk/search/titlesearch.xhtml,https://www1.hkexnews.hk/search/titlesearch.xhtml,1620585132,14:32:12,20210509
13,2016-06-30,1213.HK,HKD,2016-06-30,2016-06-30,Q2,171093500,130021000,41072500,0.24005879825943124,0.0,24415250.0,12577000.0,0.0,0.0,166510250,609500.0,1855500.0,6438750.0,0.03763293170108742,4583250.0,0.026787984347739685,0.0,3935750.0,0.02300350393206054,1396750.0,941500.0,0.005502839090906434,0.0047,0.0047,200000000.0,200000000.0,https://www1.hkexnews.hk/search/titlesearch.xhtml,https://www1.hkexnews.hk/search/titlesearch.xhtml,1620585132,14:32:12,20210509
14,2016-03-31,1213.HK,HKD,2016-03-31,2016-03-31,Q1,171093500,130021000,41072500,0.24005879825943124,0.0,24415250.0,12577000.0,0.0,0.0,166510250,609500.0,1855500.0,6438750.0,0.03763293170108742,4583250.0,0.026787984347739685,0.0,3935750.0,0.02300350393206054,1396750.0,941500.0,0.005502839090906434,0.0047,0.0047,200000000.0,200000000.0,https://www1.hkexnews.hk/search/titlesearch.xhtml,https://www1.hkexnews.hk/search/titlesearch.xhtml,1620585132,14:32:12,20210509
15,2016-01-31,1213.HK,HKD,2016-01-31,2016-01-31,Q1,171093500,130021000,41072500,0.24005879825943124,0.0,24415250.0,12577000.0,0.0,0.0,166510250,609500.0,1855500.0,6438750.0,0.03763293170108742,4583250.0,0.026787984347739685,0.0,3935750.0,0.02300350393206054,1396750.0,941500.0,0.005502839090906434,0.0047,0.0047,200000000.0,200000000.0,https://www1.hkexnews.hk/search/titlesearch.xhtml,https://www1.hkexnews.hk/search/titlesearch.xhtml,1620585132,14:32:12,20210509
16,2015-09-30,1213.HK,HKD,2015-09-30,2015-09-30,Q3,173764250,136613500,37150750,0.21379973153280954,0.0,21129750.0,11609250.0,0.0,0.0,168850750,480500.0,1350750.0,6264250.0,0.03605028076833986,4913500.0,0.02827681758474485,0.0,4485000.0,0.02581083278062087,1539750.0,1947250.0,0.011206275168799105,0.009725,0.009725,200000000.0,200000000.0,https://www1.hkexnews.hk/search/titlesearch.xhtml,https://www1.hkexnews.hk/search/titlesearch.xhtml,1620585132,14:32:12,20210509
17,2015-06-30,1213.HK,HKD,2015-06-30,2015-06-30,Q2,173764250,136613500,37150750,0.21379973153280954,0.0,21129750.0,11609250.0,0.0,0.0,168850750,480500.0,1350750.0,6264250.0,0.03605028076833986,4913500.0,0.02827681758474485,0.0,4485000.0,0.02581083278062087,1539750.0,1947250.0,0.011206275168799105,0.009725,0.009725,200000000.0,200000000.0,https://www1.hkexnews.hk/search/titlesearch.xhtml,https://www1.hkexnews.hk/search/titlesearch.xhtml,1620585132,14:32:12,20210509
18,2015-03-31,1213.HK,HKD,2015-03-31,2015-03-31,Q1,173764250,136613500,37150750,0.21379973153280954,0.0,21129750.0,11609250.0,0.0,0.0,168850750,480500.0,1350750.0,6264250.0,0.03605028076833986,4913500.0,0.02827681758474485,0.0,4485000.0,0.02581083278062087,1539750.0,1947250.0,0.011206275168799105,0.009725,0.009725,200000000.0,200000000.0,https://www1.hkexnews.hk/search/titlesearch.xhtml,https://www1.hkexnews.hk/search/titlesearch.xhtml,1620585132,14:32:12,20210509
19,2015-01-31,1213.HK,HKD,2015-01-31,2015-01-31,Q1,173764250,136613500,37150750,0.21379973153280954,0.0,21129750.0,11609250.0,0.0,0.0,168850750,480500.0,1350750.0,6264250.0,0.03605028076833986,4913500.0,0.02827681758474485,0.0,4485000.0,0.02581083278062087,1539750.0,1947250.0,0.011206275168799105,0.009725,0.009725,200000000.0,200000000.0,https://www1.hkexnews.hk/search/titlesearch.xhtml,https://www1.hkexnews.hk/search/titlesearch.xhtml,1620585132,14:32:12,20210509
20,2014-09-30,1213.HK,HKD,2014-09-30,2014-09-30,Q3,150819000,123273000,27546000,0.18264277047321623,0.0,16005750.0,9615750.0,0.0,0.0,148240750,293750.0,676500.0,3254750.0,0.0215805037826799,2578250.0,0.01709499466247621,0.0,2310500.0,0.015319687837739277,977750.0,253250.0,0.0016791650919313879,0.001275,0.001275,200000000.0,200000000.0,https://www1.hkexnews.hk/search/titlesearch.xhtml,https://www1.hkexnews.hk/search/titlesearch.xhtml,1620585132,14:32:12,20210509
21,2014-06-30,1213.HK,HKD,2014-06-30,2014-06-30,Q2,150819000,123273000,27546000,0.18264277047321623,0.0,16005750.0,9615750.0,0.0,0.0,148240750,293750.0,676500.0,3254750.0,0.0215805037826799,2578250.0,0.01709499466247621,0.0,2310500.0,0.015319687837739277,977750.0,253250.0,0.0016791650919313879,0.001275,0.001275,200000000.0,200000000.0,https://www1.hkexnews.hk/search/titlesearch.xhtml,https://www1.hkexnews.hk/search/titlesearch.xhtml,1620585132,14:32:12,20210509
22,2014-03-31,1213.HK,HKD,2014-03-31,2014-03-31,Q1,150819000,123273000,27546000,0.18264277047321623,0.0,16005750.0,9615750.0,0.0,0.0,148240750,293750.0,676500.0,3254750.0,0.0215805037826799,2578250.0,0.01709499466247621,0.0,2310500.0,0.015319687837739277,977750.0,253250.0,0.0016791650919313879,0.001275,0.001275,200000000.0,200000000.0,https://www1.hkexnews.hk/search/titlesearch.xhtml,https://www1.hkexnews.hk/search/titlesearch.xhtml,1620585132,14:32:12,20210509
23,2014-01-31,1213.HK,HKD,2014-01-31,2014-01-31,Q1,150819000,123273000,27546000,0.18264277047321623,0.0,16005750.0,9615750.0,0.0,0.0,148240750,293750.0,676500.0,3254750.0,0.0215805037826799,2578250.0,0.01709499466247621,0.0,2310500.0,0.015319687837739277,977750.0,253250.0,0.0016791650919313879,0.001275,0.001275,200000000.0,200000000.0,https://www1.hkexnews.hk/search/titlesearch.xhtml,https://www1.hkexnews.hk/search/titlesearch.xhtml,1620585132,14:32:12,20210509
24,2013-09-30,1213.HK,HKD,2013-09-30,2013-09-30,Q3,136471750,111151500,25320250,0.18553473521076708,0.0,14306500.0,9109500.0,0.0,0.0,134260000,254750.0,362250.0,2574000.0,0.018861046333765046,2211750.0,0.016206650827002657,0.0,1950750.0,0.014294167107844664,666750.0,283500.0,0.002077353005292304,0.001425,0.001425,200000000.0,200000000.0,https://www1.hkexnews.hk/search/titlesearch.xhtml,https://www1.hkexnews.hk/search/titlesearch.xhtml,1620585132,14:32:12,20210509
25,2013-06-30,1213.HK,HKD,2013-06-30,2013-06-30,Q2,136471750,111151500,25320250,0.18553473521076708,0.0,14306500.0,9109500.0,0.0,0.0,134260000,254750.0,362250.0,2574000.0,0.018861046333765046,2211750.0,0.016206650827002657,0.0,1950750.0,0.014294167107844664,666750.0,283500.0,0.002077353005292304,0.001425,0.001425,200000000.0,200000000.0,https://www1.hkexnews.hk/search/titlesearch.xhtml,https://www1.hkexnews.hk/search/titlesearch.xhtml,1620585132,14:32:12,20210509
26,2013-03-31,1213.HK,HKD,2013-03-31,2013-03-31,Q1,136471750,111151500,25320250,0.18553473521076708,0.0,14306500.0,9109500.0,0.0,0.0,134260000,254750.0,362250.0,2574000.0,0.018861046333765046,2211750.0,0.016206650827002657,0.0,1950750.0,0.014294167107844664,666750.0,283500.0,0.002077353005292304,0.001425,0.001425,200000000.0,200000000.0,https://www1.hkexnews.hk/search/titlesearch.xhtml,https://www1.hkexnews.hk/search/titlesearch.xhtml,1620585132,14:32:12,20210509
27,2013-01-31,1213.HK,HKD,2013-01-31,2013-01-31,Q1,136471750,111151500,25320250,0.18553473521076708,0.0,14306500.0,9109500.0,0.0,0.0,134260000,254750.0,362250.0,2574000.0,0.018861046333765046,2211750.0,0.016206650827002657,0.0,1950750.0,0.014294167107844664,666750.0,283500.0,0.002077353005292304,0.001425,0.001425,200000000.0,200000000.0,https://www1.hkexnews.hk/search/titlesearch.xhtml,https://www1.hkexnews.hk/search/titlesearch.xhtml,1620585132,14:32:12,20210509
28,2012-09-30,1213.HK,HKD,2012-09-30,2012-09-30,Q3,147157000,120371500,26785500,0.1820198835257582,0.0,15810500.0,9618000.0,0.0,-543250.0,145256750,247750.0,454500.0,2354750.0,0.016001617320276985,1900250.0,0.012913079228307181,0.0,1639250.0,0.011139463294304722,648250.0,185750.0,0.0012622573170151608,0.000925,0.000925,200000000.0,200000000.0,https://www1.hkexnews.hk/search/titlesearch.xhtml,https://www1.hkexnews.hk/search/titlesearch.xhtml,1620585132,14:32:12,20210509
29,2012-06-30,1213.HK,HKD,2012-06-30,2012-06-30,Q2,147157000,120371500,26785500,0.1820198835257582,0.0,15810500.0,9618000.0,0.0,-543250.0,145256750,247750.0,454500.0,2354750.0,0.016001617320276985,1900250.0,0.012913079228307181,0.0,1639250.0,0.011139463294304722,648250.0,185750.0,0.0012622573170151608,0.000925,0.000925,200000000.0,200000000.0,https://www1.hkexnews.hk/search/titlesearch.xhtml,https://www1.hkexnews.hk/search/titlesearch.xhtml,1620585132,14:32:12,20210509
30,2012-03-31,1213.HK,HKD,2012-03-31,2012-03-31,Q1,147157000,120371500,26785500,0.1820198835257582,0.0,15810500.0,9618000.0,0.0,-543250.0,145256750,247750.0,454500.0,2354750.0,0.016001617320276985,1900250.0,0.012913079228307181,0.0,1639250.0,0.011139463294304722,648250.0,185750.0,0.0012622573170151608,0.000925,0.000925,200000000.0,200000000.0,https://www1.hkexnews.hk/search/titlesearch.xhtml,https://www1.hkexnews.hk/search/titlesearch.xhtml,1620585132,14:32:12,20210509
31,2012-01-31,1213.HK,HKD,2012-01-31,2012-01-31,Q1,147157000,120371500,26785500,0.1820198835257582,0.0,15810500.0,9618000.0,0.0,-543250.0,145256750,247750.0,454500.0,2354750.0,0.016001617320276985,1900250.0,0.012913079228307181,0.0,1639250.0,0.011139463294304722,648250.0,185750.0,0.0012622573170151608,0.000925,0.000925,200000000.0,200000000.0,https://www1.hkexnews.hk/search/titlesearch.xhtml,https://www1.hkexnews.hk/search/titlesearch.xhtml,1620585132,14:32:12,20210509
32,2011-09-30,1213.HK,HKD,2011-09-30,2011-09-30,Q3,184958000,153931000,31027000,0.1677515976600093,0.0,15940250.0,10638750.0,0.0,-608500.0,179901500,300000.0,497000.0,5553500.0,0.030025735572400222,5056500.0,0.02733863904237719,0.0,4741000.0,0.025632846375933997,1072500.0,2897750.0,0.015667070361920003,0.0145,0.0145,200000000.0,200000000.0,https://www1.hkexnews.hk/search/titlesearch.xhtml,https://www1.hkexnews.hk/search/titlesearch.xhtml,1620585132,14:32:12,20210509
33,2011-06-30,1213.HK,HKD,2011-06-30,2011-06-30,Q2,184958000,153931000,31027000,0.1677515976600093,0.0,15940250.0,10638750.0,0.0,-608500.0,179901500,300000.0,497000.0,5553500.0,0.030025735572400222,5056500.0,0.02733863904237719,0.0,4741000.0,0.025632846375933997,1072500.0,2897750.0,0.015667070361920003,0.0145,0.0145,200000000.0,200000000.0,https://www1.hkexnews.hk/search/titlesearch.xhtml,https://www1.hkexnews.hk/search/titlesearch.xhtml,1620585132,14:32:12,20210509
34,2011-03-31,1213.HK,HKD,2011-03-31,2011-03-31,Q1,184958000,153931000,31027000,0.1677515976600093,0.0,15940250.0,10638750.0,0.0,-608500.0,179901500,300000.0,497000.0,5553500.0,0.030025735572400222,5056500.0,0.02733863904237719,0.0,4741000.0,0.025632846375933997,1072500.0,2897750.0,0.015667070361920003,0.0145,0.0145,200000000.0,200000000.0,https://www1.hkexnews.hk/search/titlesearch.xhtml,https://www1.hkexnews.hk/search/titlesearch.xhtml,1620585132,14:32:12,20210509
35,2011-01-31,1213.HK,HKD,2011-01-31,2011-01-31,Q1,184958000,153931000,31027000,0.1677515976600093,0.0,15940250.0,10638750.0,0.0,-608500.0,179901500,300000.0,497000.0,5553500.0,0.030025735572400222,5056500.0,0.02733863904237719,0.0,4741000.0,0.025632846375933997,1072500.0,2897750.0,0.015667070361920003,0.0145,0.0145,200000000.0,200000000.0,https://www1.hkexnews.hk/search/titlesearch.xhtml,https://www1.hkexnews.hk/search/titlesearch.xhtml,1620585132,14:32:12,20210509
36,2010-09-30,1213.HK,HKD,2010-09-30,2010-09-30,Q3,179299250,150904500,28394750,0.15836513538121325,0.0,16106000.0,10962500.0,0.0,-647750.0,177325250,254500.0,718000.0,2692000.0,0.015014005914692895,1974000.0,0.011009527368352071,0.0,1706750.0,0.009519002449815043,832750.0,460750.0,0.0025697263095077086,0.0025,0.0025,200000000.0,200000000.0,https://www1.hkexnews.hk/search/titlesearch.xhtml,https://www1.hkexnews.hk/search/titlesearch.xhtml,1620585132,14:32:12,20210509
37,2010-06-30,1213.HK,HKD,2010-06-30,2010-06-30,Q2,179299250,150904500,28394750,0.15836513538121325,0.0,16106000.0,10962500.0,0.0,-647750.0,177325250,254500.0,718000.0,2692000.0,0.015014005914692895,1974000.0,0.011009527368352071,0.0,1706750.0,0.009519002449815043,832750.0,460750.0,0.0025697263095077086,0.0025,0.0025,200000000.0,200000000.0,https://www1.hkexnews.hk/search/titlesearch.xhtml,https://www1.hkexnews.hk/search/titlesearch.xhtml,1620585132,14:32:12,20210509
38,2010-03-31,1213.HK,HKD,2010-03-31,2010-03-31,Q1,179299250,150904500,28394750,0.15836513538121325,0.0,16106000.0,10962500.0,0.0,-647750.0,177325250,254500.0,718000.0,2692000.0,0.015014005914692895,1974000.0,0.011009527368352071,0.0,1706750.0,0.009519002449815043,832750.0,460750.0,0.0025697263095077086,0.0025,0.0025,200000000.0,200000000.0,https://www1.hkexnews.hk/search/titlesearch.xhtml,https://www1.hkexnews.hk/search/titlesearch.xhtml,1620585132,14:32:12,20210509
39,2010-01-31,1213.HK,HKD,2010-01-31,2010-01-31,Q1,179299250,150904500,28394750,0.15836513538121325,0.0,16106000.0,10962500.0,0.0,-647750.0,177325250,254500.0,718000.0,2692000.0,0.015014005914692895,1974000.0,0.011009527368352071,0.0,1706750.0,0.009519002449815043,832750.0,460750.0,0.0025697263095077086,0.0025,0.0025,200000000.0,200000000.0,https://www1.hkexnews.hk/search/titlesearch.xhtml,https://www1.hkexnews.hk/search/titlesearch.xhtml,1620585132,14:32:12,20210509
40,2009-09-30,1213.HK,HKD,2009-09-30,2009-09-30,Q3,191698750,161106250,30592500,0.15958633011430695,0.0,18358500.0,11832250.0,0.0,-553250.0,190743750,527500.0,1265000.0,2220000.0,0.011580670192163486,955000.0,0.00498177478987213,0.0,519500.0,0.002709981155328347,617250.0,-486500.0,-0.0025378360578772684,-0.002425,-0.002425,200000000.0,200000000.0,https://www1.hkexnews.hk/search/titlesearch.xhtml,https://www1.hkexnews.hk/search/titlesearch.xhtml,1620585132,14:32:12,20210509
41,2009-06-30,1213.HK,HKD,2009-06-30,2009-06-30,Q2,191698750,161106250,30592500,0.15958633011430695,0.0,18358500.0,11832250.0,0.0,-553250.0,190743750,527500.0,1265000.0,2220000.0,0.011580670192163486,955000.0,0.00498177478987213,0.0,519500.0,0.002709981155328347,617250.0,-486500.0,-0.0025378360578772684,-0.002425,-0.002425,200000000.0,200000000.0,https://www1.hkexnews.hk/search/titlesearch.xhtml,https://www1.hkexnews.hk/search/titlesearch.xhtml,1620585132,14:32:12,20210509
42,2009-03-31,1213.HK,HKD,2009-03-31,2009-03-31,Q1,191698750,161106250,30592500,0.15958633011430695,0.0,18358500.0,11832250.0,0.0,-553250.0,190743750,527500.0,1265000.0,2220000.0,0.011580670192163486,955000.0,0.00498177478987213,0.0,519500.0,0.002709981155328347,617250.0,-486500.0,-0.0025378360578772684,-0.002425,-0.002425,200000000.0,200000000.0,https://www1.hkexnews.hk/search/titlesearch.xhtml,https://www1.hkexnews.hk/search/titlesearch.xhtml,1620585132,14:32:12,20210509
43,2009-01-31,1213.HK,HKD,2009-01-31,2009-01-31,Q1,191698750,161106250,30592500,0.15958633011430695,0.0,18358500.0,11832250.0,0.0,-553250.0,190743750,527500.0,1265000.0,2220000.0,0.011580670192163486,955000.0,0.00498177478987213,0.0,519500.0,0.002709981155328347,617250.0,-486500.0,-0.0025378360578772684,-0.002425,-0.002425,200000000.0,200000000.0,https://www1.hkexnews.hk/search/titlesearch.xhtml,https://www1.hkexnews.hk/search/titlesearch.xhtml,1620585132,14:32:12,20210509
44,2008-09-30,1213.HK,HKD,2008-09-30,2008-09-30,Q3,233341000,198502250,34838750,0.14930402286782005,0.0,17441750.0,11883250.0,0.0,0.0,227827250,0.0,0.0,5513750.0,42.319836771707095,5513750.0,0.02362958074234704,0.0,4904500.0,0.02101859510330375,1302000.0,3602500.0,0.015438778440136967,0.013,0.013,200000000.0,200000000.0,https://www1.hkexnews.hk/search/titlesearch.xhtml,https://www1.hkexnews.hk/search/titlesearch.xhtml,1620585132,14:32:12,20210509
45,2008-06-30,1213.HK,HKD,2008-06-30,2008-06-30,Q2,233341000,198502250,34838750,0.14930402286782005,0.0,17441750.0,11883250.0,0.0,0.0,227827250,0.0,0.0,5513750.0,42.319836771707095,5513750.0,0.02362958074234704,0.0,4904500.0,0.02101859510330375,1302000.0,3602500.0,0.015438778440136967,0.013,0.013,200000000.0,200000000.0,https://www1.hkexnews.hk/search/titlesearch.xhtml,https://www1.hkexnews.hk/search/titlesearch.xhtml,1620585132,14:32:12,20210509
46,2008-03-31,1213.HK,HKD,2008-03-31,2008-03-31,Q1,233341000,198502250,34838750,0.14930402286782005,0.0,17441750.0,11883250.0,0.0,0.0,227827250,0.0,0.0,5513750.0,42.319836771707095,5513750.0,0.02362958074234704,0.0,4904500.0,0.02101859510330375,1302000.0,3602500.0,0.015438778440136967,0.013,0.013,200000000.0,200000000.0,https://www1.hkexnews.hk/search/titlesearch.xhtml,https://www1.hkexnews.hk/search/titlesearch.xhtml,1620585132,14:32:12,20210509
47,2008-01-31,1213.HK,HKD,2008-01-31,2008-01-31,Q1,233341000,198502250,34838750,0.14930402286782005,0.0,17441750.0,11883250.0,0.0,0.0,227827250,0.0,0.0,5513750.0,42.319836771707095,5513750.0,0.02362958074234704,0.0,4904500.0,0.02101859510330375,1302000.0,3602500.0,0.015438778440136967,0.013,0.013,200000000.0,200000000.0,https://www1.hkexnews.hk/search/titlesearch.xhtml,https://www1.hkexnews.hk/search/titlesearch.xhtml,1620585132,14:32:12,20210509
48,2007-09-30,1213.HK,HKD,2007-09-30,2007-09-30,Q3,251691750,214920000,36771750,0.14609835244897776,0.0,17808750.0,11859500.0,0.0,0.0,244588250,0.0,0.0,7103500.0,35.432075737312594,7103500.0,0.028223014858452848,0.0,6115500.0,0.02429757828772695,1675500.0,4440000.0,0.01764062588463865,0.0185,0.0175,200027027.0,211457143.0,https://www1.hkexnews.hk/search/titlesearch.xhtml,https://www1.hkexnews.hk/search/titlesearch.xhtml,1620585132,14:32:12,20210509
49,2007-06-30,1213.HK,HKD,2007-06-30,2007-06-30,Q2,251691750,214920000,36771750,0.14609835244897776,0.0,17808750.0,11859500.0,0.0,0.0,244588250,0.0,0.0,7103500.0,35.432075737312594,7103500.0,0.028223014858452848,0.0,6115500.0,0.02429757828772695,1675500.0,4440000.0,0.01764062588463865,0.0185,0.0175,200027027.0,211457143.0,https://www1.hkexnews.hk/search/titlesearch.xhtml,https://www1.hkexnews.hk/search/titlesearch.xhtml,1620585132,14:32:12,20210509
50,2007-03-31,1213.HK,HKD,2007-03-31,2007-03-31,Q1,251691750,214920000,36771750,0.14609835244897776,0.0,17808750.0,11859500.0,0.0,0.0,244588250,0.0,0.0,7103500.0,35.432075737312594,7103500.0,0.028223014858452848,0.0,6115500.0,0.02429757828772695,1675500.0,4440000.0,0.01764062588463865,0.0185,0.0175,200027027.0,211457143.0,https://www1.hkexnews.hk/search/titlesearch.xhtml,https://www1.hkexnews.hk/search/titlesearch.xhtml,1620585132,14:32:12,20210509
51,2007-01-31,1213.HK,HKD,2007-01-31,2007-01-31,Q1,251691750,214920000,36771750,0.14609835244897776,0.0,17808750.0,11859500.0,0.0,0.0,244588250,0.0,0.0,7103500.0,35.432075737312594,7103500.0,0.028223014858452848,0.0,6115500.0,0.02429757828772695,1675500.0,4440000.0,0.01764062588463865,0.0185,0.0175,200027027.0,211457143.0,https://www1.hkexnews.hk/search/titlesearch.xhtml,https://www1.hkexnews.hk/search/titlesearch.xhtml,1620585132,14:32:12,20210509
52,2006-09-30,1213.HK,HKD,2006-09-30,2006-09-30,Q3,272131500,233061500,39070000,0.14357029597823112,0.0,18694750.0,11441250.0,0.0,0.0,263197500,0.0,0.0,8934000.0,30.460208193418403,8934000.0,0.03282971651572861,0.0,7985500.0,0.02934426922278384,2022250.0,5963250.0,0.02191311920891187,0.02425,0.02425,199835052.0,199835052.0,https://www1.hkexnews.hk/search/titlesearch.xhtml,https://www1.hkexnews.hk/search/titlesearch.xhtml,1620585132,14:32:12,20210509
53,2006-06-30,1213.HK,HKD,2006-06-30,2006-06-30,Q2,272131500,233061500,39070000,0.14357029597823112,0.0,18694750.0,11441250.0,0.0,0.0,263197500,0.0,0.0,8934000.0,30.460208193418403,8934000.0,0.03282971651572861,0.0,7985500.0,0.02934426922278384,2022250.0,5963250.0,0.02191311920891187,0.02425,0.02425,199835052.0,199835052.0,https://www1.hkexnews.hk/search/titlesearch.xhtml,https://www1.hkexnews.hk/search/titlesearch.xhtml,1620585132,14:32:12,20210509
54,2006-03-31,1213.HK,HKD,2006-03-31,2006-03-31,Q1,272131500,233061500,39070000,0.14357029597823112,0.0,18694750.0,11441250.0,0.0,0.0,263197500,0.0,0.0,8934000.0,30.460208193418403,8934000.0,0.03282971651572861,0.0,7985500.0,0.02934426922278384,2022250.0,5963250.0,0.02191311920891187,0.02425,0.02425,199835052.0,199835052.0,https://www1.hkexnews.hk/search/titlesearch.xhtml,https://www1.hkexnews.hk/search/titlesearch.xhtml,1620585132,14:32:12,20210509
55,2006-01-31,1213.HK,HKD,2006-01-31,2006-01-31,Q1,272131500,233061500,39070000,0.14357029597823112,0.0,18694750.0,11441250.0,0.0,0.0,263197500,0.0,0.0,8934000.0,30.460208193418403,8934000.0,0.03282971651572861,0.0,7985500.0,0.02934426922278384,2022250.0,5963250.0,0.02191311920891187,0.02425,0.02425,199835052.0,199835052.0,https://www1.hkexnews.hk/search/titlesearch.xhtml,https://www1.hkexnews.hk/search/titlesearch.xhtml,1620585132,14:32:12,20210509
56,2005-09-30,1213.HK,HKD,2005-09-30,2005-09-30,Q3,320098000,279570000,40528000,0.1266112253122481,0.0,18961250.0,9966000.0,0.0,0.0,308497250,0.0,0.0,11600750.0,27.59287115057216,11600750.0,0.036241244868758946,0.0,11198250.0,0.03498381745590413,2375500.0,8822750.0,0.027562652687614417,0.0405,0.0405,200339506.0,200339506.0,https://www1.hkexnews.hk/search/titlesearch.xhtml,https://www1.hkexnews.hk/search/titlesearch.xhtml,1620585132,14:32:12,20210509
57,2005-06-30,1213.HK,HKD,2005-06-30,2005-06-30,Q2,320098000,279570000,40528000,0.1266112253122481,0.0,18961250.0,9966000.0,0.0,0.0,308497250,0.0,0.0,11600750.0,27.59287115057216,11600750.0,0.036241244868758946,0.0,11198250.0,0.03498381745590413,2375500.0,8822750.0,0.027562652687614417,0.0405,0.0405,200339506.0,200339506.0,https://www1.hkexnews.hk/search/titlesearch.xhtml,https://www1.hkexnews.hk/search/titlesearch.xhtml,1620585132,14:32:12,20210509
58,2005-03-31,1213.HK,HKD,2005-03-31,2005-03-31,Q1,320098000,279570000,40528000,0.1266112253122481,0.0,18961250.0,9966000.0,0.0,0.0,308497250,0.0,0.0,11600750.0,27.59287115057216,11600750.0,0.036241244868758946,0.0,11198250.0,0.03498381745590413,2375500.0,8822750.0,0.027562652687614417,0.0405,0.0405,200339506.0,200339506.0,https://www1.hkexnews.hk/search/titlesearch.xhtml,https://www1.hkexnews.hk/search/titlesearch.xhtml,1620585132,14:32:12,20210509
59,2005-01-31,1213.HK,HKD,2005-01-31,2005-01-31,Q1,320098000,279570000,40528000,0.1266112253122481,0.0,18961250.0,9966000.0,0.0,0.0,308497250,0.0,0.0,11600750.0,27.59287115057216,11600750.0,0.036241244868758946,0.0,11198250.0,0.03498381745590413,2375500.0,8822750.0,0.027562652687614417,0.0405,0.0405,200339506.0,200339506.0,https://www1.hkexnews.hk/search/titlesearch.xhtml,https://www1.hkexnews.hk/search/titlesearch.xhtml,1620585132,14:32:12,20210509
60,2004-09-30,1213.HK,HKD,2004-09-30,2004-09-30,Q3,289982250,258038000,31944250,0.11015932871753358,0.0,13574000.0,8548000.0,0.0,-81750.0,280078250,0.0,468000.0,10372000.0,0.03576770647168922,9904000.0,0.0341538145869273,0.0,9623750.0,0.03318737612388344,1680750.0,7943000.0,0.02739133171082023,0.03575,0.03575,200244755.0,200244755.0,https://www1.hkexnews.hk/search/titlesearch.xhtml,https://www1.hkexnews.hk/search/titlesearch.xhtml,1620585132,14:32:12,20210509
61,2004-06-30,1213.HK,HKD,2004-06-30,2004-06-30,Q2,289982250,258038000,31944250,0.11015932871753358,0.0,13574000.0,8548000.0,0.0,-81750.0,280078250,0.0,468000.0,10372000.0,0.03576770647168922,9904000.0,0.0341538145869273,0.0,9623750.0,0.03318737612388344,1680750.0,7943000.0,0.02739133171082023,0.03575,0.03575,200244755.0,200244755.0,https://www1.hkexnews.hk/search/titlesearch.xhtml,https://www1.hkexnews.hk/search/titlesearch.xhtml,1620585132,14:32:12,20210509
62,2004-03-31,1213.HK,HKD,2004-03-31,2004-03-31,Q1,289982250,258038000,31944250,0.11015932871753358,0.0,13574000.0,8548000.0,0.0,-81750.0,280078250,0.0,468000.0,10372000.0,0.03576770647168922,9904000.0,0.0341538145869273,0.0,9623750.0,0.03318737612388344,1680750.0,7943000.0,0.02739133171082023,0.03575,0.03575,200244755.0,200244755.0,https://www1.hkexnews.hk/search/titlesearch.xhtml,https://www1.hkexnews.hk/search/titlesearch.xhtml,1620585132,14:32:12,20210509
63,2004-01-31,1213.HK,HKD,2004-01-31,2004-01-31,Q1,289982250,258038000,31944250,0.11015932871753358,0.0,13574000.0,8548000.0,0.0,-81750.0,280078250,0.0,468000.0,10372000.0,0.03576770647168922,9904000.0,0.0341538145869273,0.0,9623750.0,0.03318737612388344,1680750.0,7943000.0,0.02739133171082023,0.03575,0.03575,200244755.0,200244755.0,https://www1.hkexnews.hk/search/titlesearch.xhtml,https://www1.hkexnews.hk/search/titlesearch.xhtml,1620585132,14:32:12,20210509
64,2003-09-30,1213.HK,HKD,2003-09-30,2003-09-30,Q3,163924750,142189250,21735500,0.132594376383066,0.0,10417000.0,5712500.0,0.0,0.0,158318750,0.0,345000.0,5951000.0,0.036303242798906205,5606000.0,0.0341986185734613,0.0,5533000.0,0.0337532922880773,723500.0,4809500.0,0.029339681774716752,0.0225,0.0225,199211111.0,199211111.0,https://www1.hkexnews.hk/search/titlesearch.xhtml,https://www1.hkexnews.hk/search/titlesearch.xhtml,1620585132,14:32:12,20210509
65,2003-06-30,1213.HK,HKD,2003-06-30,2003-06-30,Q2,163924750,142189250,21735500,0.132594376383066,0.0,10417000.0,5712500.0,0.0,0.0,158318750,0.0,345000.0,5951000.0,0.036303242798906205,5606000.0,0.0341986185734613,0.0,5533000.0,0.0337532922880773,723500.0,4809500.0,0.029339681774716752,0.0225,0.0225,199211111.0,199211111.0,https://www1.hkexnews.hk/search/titlesearch.xhtml,https://www1.hkexnews.hk/search/titlesearch.xhtml,1620585132,14:32:12,20210509
66,2003-03-31,1213.HK,HKD,2003-03-31,2003-03-31,Q1,163924750,142189250,21735500,0.132594376383066,0.0,10417000.0,5712500.0,0.0,0.0,158318750,0.0,345000.0,5951000.0,0.036303242798906205,5606000.0,0.0341986185734613,0.0,5533000.0,0.0337532922880773,723500.0,4809500.0,0.029339681774716752,0.0225,0.0225,199211111.0,199211111.0,https://www1.hkexnews.hk/search/titlesearch.xhtml,https://www1.hkexnews.hk/search/titlesearch.xhtml,1620585132,14:32:12,20210509
67,2003-01-31,1213.HK,HKD,2003-01-31,2003-01-31,Q1,163924750,142189250,21735500,0.132594376383066,0.0,10417000.0,5712500.0,0.0,0.0,158318750,0.0,345000.0,5951000.0,0.036303242798906205,5606000.0,0.0341986185734613,0.0,5533000.0,0.0337532922880773,723500.0,4809500.0,0.029339681774716752,0.0225,0.0225,199211111.0,199211111.0,https://www1.hkexnews.hk/search/titlesearch.xhtml,https://www1.hkexnews.hk/search/titlesearch.xhtml,1620585132,14:32:12,20210509
68,2002-09-30,1213.HK,HKD,2002-09-30,2002-09-30,Q3,76808250,64809250,11999000,0.15622019770011686,0.0,10530500.0,360500.0,0.0,-34500.0,75665750,0.0,194000.0,1336500.0,0.017400474558397046,1142500.0,0.014874704214716518,0.0,1396000.0,0.01817513092669082,384500.0,1011500.0,0.013169158260994098,0.00575,0.00575,191434783.0,191434783.0,https://www1.hkexnews.hk/search/titlesearch.xhtml,https://www1.hkexnews.hk/search/titlesearch.xhtml,1620585132,14:32:12,20210509
69,2002-06-30,1213.HK,HKD,2002-06-30,2002-06-30,Q2,76808250,64809250,11999000,0.15622019770011686,0.0,10530500.0,360500.0,0.0,-34500.0,75665750,0.0,194000.0,1336500.0,0.017400474558397046,1142500.0,0.014874704214716518,0.0,1396000.0,0.01817513092669082,384500.0,1011500.0,0.013169158260994098,0.00575,0.00575,191434783.0,191434783.0,https://www1.hkexnews.hk/search/titlesearch.xhtml,https://www1.hkexnews.hk/search/titlesearch.xhtml,1620585132,14:32:12,20210509
70,2002-03-31,1213.HK,HKD,2002-03-31,2002-03-31,Q1,76808250,64809250,11999000,0.15622019770011686,0.0,10530500.0,360500.0,0.0,-34500.0,75665750,0.0,194000.0,1336500.0,0.017400474558397046,1142500.0,0.014874704214716518,0.0,1396000.0,0.01817513092669082,384500.0,1011500.0,0.013169158260994098,0.00575,0.00575,191434783.0,191434783.0,https://www1.hkexnews.hk/search/titlesearch.xhtml,https://www1.hkexnews.hk/search/titlesearch.xhtml,1620585132,14:32:12,20210509
71,2002-01-31,1213.HK,HKD,2002-01-31,2002-01-31,Q1,76808250,64809250,11999000,0.15622019770011686,0.0,10530500.0,360500.0,0.0,-34500.0,75665750,0.0,194000.0,1336500.0,0.017400474558397046,1142500.0,0.014874704214716518,0.0,1396000.0,0.01817513092669082,384500.0,1011500.0,0.013169158260994098,0.00575,0.00575,191434783.0,191434783.0,https://www1.hkexnews.hk/search/titlesearch.xhtml,https://www1.hkexnews.hk/search/titlesearch.xhtml,1620585132,14:32:12,20210509
72,2001-09-30,1213.HK,HKD,2001-09-30,2001-09-30,Q3,115231500,97207500,18024000,0.15641556345270174,0.0,7034750.0,420750.0,0.0,0.0,104663000,0.0,277250.0,10845750.0,0.0941213990966012,10568500.0,0.09171537296659334,0.0,10774250.0,0.09350090903962892,1525250.0,9249000.0,0.0802645110061051,0.06,0.06,1000000.0,1000000.0,https://www1.hkexnews.hk/search/titlesearch.xhtml,https://www1.hkexnews.hk/search/titlesearch.xhtml,1620585132,14:32:12,20210509
73,2001-06-30,1213.HK,HKD,2001-06-30,2001-06-30,Q2,115231500,97207500,18024000,0.15641556345270174,0.0,7034750.0,420750.0,0.0,0.0,104663000,0.0,277250.0,10845750.0,0.0941213990966012,10568500.0,0.09171537296659334,0.0,10774250.0,0.09350090903962892,1525250.0,9249000.0,0.0802645110061051,0.06,0.06,1000000.0,1000000.0,https://www1.hkexnews.hk/search/titlesearch.xhtml,https://www1.hkexnews.hk/search/titlesearch.xhtml,1620585132,14:32:12,20210509
74,2001-03-31,1213.HK,HKD,2001-03-31,2001-03-31,Q1,115231500,97207500,18024000,0.15641556345270174,0.0,7034750.0,420750.0,0.0,0.0,104663000,0.0,277250.0,10845750.0,0.0941213990966012,10568500.0,0.09171537296659334,0.0,10774250.0,0.09350090903962892,1525250.0,9249000.0,0.0802645110061051,0.06,0.06,1000000.0,1000000.0,https://www1.hkexnews.hk/search/titlesearch.xhtml,https://www1.hkexnews.hk/search/titlesearch.xhtml,1620585132,14:32:12,20210509
75,2001-01-31,1213.HK,HKD,2001-01-31,2001-01-31,Q1,115231500,97207500,18024000,0.15641556345270174,0.0,7034750.0,420750.0,0.0,0.0,104663000,0.0,277250.0,10845750.0,0.0941213990966012,10568500.0,0.09171537296659334,0.0,10774250.0,0.09350090903962892,1525250.0,9249000.0,0.0802645110061051,0.06,0.06,1000000.0,1000000.0,https://www1.hkexnews.hk/search/titlesearch.xhtml,https://www1.hkexnews.hk/search/titlesearch.xhtml,1620585132,14:32:12,20210509
76,2000-09-30,1213.HK,HKD,2000-09-30,2000-09-30,Q3,147043000,131824500,15218500,0.10349693627034269,0.0,6347500.0,380750.0,0.0,0.0,138552750,0.0,180750.0,8671000.0,0.05896914508001061,8490250.0,0.057739912814618856,0.0,8614000.0,0.05858150336976259,1380750.0,7233250.0,0.04919139299388614,0.0475,0.0475,146436842.0,146436842.0,https://www1.hkexnews.hk/search/titlesearch.xhtml,https://www1.hkexnews.hk/search/titlesearch.xhtml,1620585132,14:32:12,20210509
77,2000-06-30,1213.HK,HKD,2000-06-30,2000-06-30,Q2,147043000,131824500,15218500,0.10349693627034269,0.0,6347500.0,380750.0,0.0,0.0,138552750,0.0,180750.0,8671000.0,0.05896914508001061,8490250.0,0.057739912814618856,0.0,8614000.0,0.05858150336976259,1380750.0,7233250.0,0.04919139299388614,0.0475,0.0475,146436842.0,146436842.0,https://www1.hkexnews.hk/search/titlesearch.xhtml,https://www1.hkexnews.hk/search/titlesearch.xhtml,1620585132,14:32:12,20210509
78,2000-03-31,1213.HK,HKD,2000-03-31,2000-03-31,Q1,147043000,131824500,15218500,0.10349693627034269,0.0,6347500.0,380750.0,0.0,0.0,138552750,0.0,180750.0,8671000.0,0.05896914508001061,8490250.0,0.057739912814618856,0.0,8614000.0,0.05858150336976259,1380750.0,7233250.0,0.04919139299388614,0.0475,0.0475,146436842.0,146436842.0,https://www1.hkexnews.hk/search/titlesearch.xhtml,https://www1.hkexnews.hk/search/titlesearch.xhtml,1620585132,14:32:12,20210509
79,2000-01-31,1213.HK,HKD,2000-01-31,2000-01-31,Q1,147043000,131824500,15218500,0.10349693627034269,0.0,6347500.0,380750.0,0.0,0.0,138552750,0.0,180750.0,8671000.0,0.05896914508001061,8490250.0,0.057739912814618856,0.0,8614000.0,0.05858150336976259,1380750.0,7233250.0,0.04919139299388614,0.0475,0.0475,146436842.0,146436842.0,https://www1.hkexnews.hk/search/titlesearch.xhtml,https://www1.hkexnews.hk/search/titlesearch.xhtml,1620585132,14:32:12,20210509
