,date,symbol,reportedCurrency,fillingDate,acceptedDate,period,revenue,costOfRevenue,grossProfit,grossProfitRatio,researchAndDevelopmentExpenses,generalAndAdministrativeExpenses,sellingAndMarketingExpenses,otherExpenses,operatingExpenses,costAndExpenses,interestExpense,depreciationAndAmortization,ebitda,ebitdaratio,operatingIncome,operatingIncomeRatio,totalOtherIncomeExpensesNet,incomeBeforeTax,incomeBeforeTaxRatio,incomeTaxExpense,netIncome,netIncomeRatio,eps,epsdiluted,weightedAverageShsOut,weightedAverageShsOutDil,link,finalLink,timestamp,est_time,est_date
0,2020-09-30,TMZ.AX,AUD,2020-09-30,2020-09-30,Q3,0.0,0.0,0.0,0.0,0.0,48384.75,0.0,0.0,67370.75,0.0,0.0,212.0,-115755.5,0.0,-115967.5,0.0,0.0,-115745.75,0.0,0.0,-115745.75,0.0,-0.0008514763490505014,-0.0008514763490505014,135935367,135935367,,,1620598906,18:21:46,20210509
1,2020-06-30,TMZ.AX,AUD,2020-06-30,2020-06-30,Q2,0.0,0.0,0.0,0.0,0.0,48384.75,0.0,0.0,67370.75,0.0,0.0,212.0,-115755.5,0.0,-115967.5,0.0,0.0,-115745.75,0.0,0.0,-115745.75,0.0,-0.0008514763490505014,-0.0008514763490505014,135935367,135935367,,,1620598906,18:21:46,20210509
2,2020-03-31,TMZ.AX,AUD,2020-03-31,2020-03-31,Q1,0.0,0.0,0.0,0.0,0.0,48384.75,0.0,0.0,67370.75,0.0,0.0,212.0,-115755.5,0.0,-115967.5,0.0,0.0,-115745.75,0.0,0.0,-115745.75,0.0,-0.0008514763490505014,-0.0008514763490505014,135935367,135935367,,,1620598906,18:21:46,20210509
3,2020-01-31,TMZ.AX,AUD,2020-01-31,2020-01-31,Q1,0.0,0.0,0.0,0.0,0.0,48384.75,0.0,0.0,67370.75,0.0,0.0,212.0,-115755.5,0.0,-115967.5,0.0,0.0,-115745.75,0.0,0.0,-115745.75,0.0,-0.0008514763490505014,-0.0008514763490505014,135935367,135935367,,,1620598906,18:21:46,20210509
4,2019-06-30,TMZ.AX,AUD,2019-06-30,2019-06-30,Q2,0.0,0.0,0.0,0.0,0.0,57524.75,0.0,0.0,201429.25,0.0,0.0,328.5,-258954.0,0.0,-259282.5,0.0,0.0,-257284.0,0.0,0.0,-257284.0,0.0,-0.00189275,-0.00189275,135935367,135935367,,,1620598906,18:21:46,20210509
5,2019-03-31,TMZ.AX,AUD,2019-03-31,2019-03-31,Q1,0.0,0.0,0.0,0.0,0.0,57524.75,0.0,0.0,201429.25,0.0,0.0,328.5,-258954.0,0.0,-259282.5,0.0,0.0,-257284.0,0.0,0.0,-257284.0,0.0,-0.00189275,-0.00189275,135935367,135935367,,,1620598906,18:21:46,20210509
6,2019-01-31,TMZ.AX,AUD,2019-01-31,2019-01-31,Q1,0.0,0.0,0.0,0.0,0.0,57524.75,0.0,0.0,201429.25,0.0,0.0,328.5,-258954.0,0.0,-259282.5,0.0,0.0,-257284.0,0.0,0.0,-257284.0,0.0,-0.00189275,-0.00189275,135935367,135935367,,,1620598906,18:21:46,20210509
7,2018-06-30,TMZ.AX,AUD,2018-06-30,2018-06-30,Q2,0.0,0.0,0.0,0.0,0.0,29102.25,0.0,290909.25,95686.25,0.0,0.0,256.5,-124788.5,0.0,-125045.0,0.0,290909.25,166477.25,0.0,0.0,166477.25,0.0,0.00133725,0.00133725,125411892,125411892,,,1620598906,18:21:46,20210509
8,2018-03-31,TMZ.AX,AUD,2018-03-31,2018-03-31,Q1,0.0,0.0,0.0,0.0,0.0,29102.25,0.0,290909.25,95686.25,0.0,0.0,256.5,-124788.5,0.0,-125045.0,0.0,290909.25,166477.25,0.0,0.0,166477.25,0.0,0.00133725,0.00133725,125411892,125411892,,,1620598906,18:21:46,20210509
9,2018-01-31,TMZ.AX,AUD,2018-01-31,2018-01-31,Q1,0.0,0.0,0.0,0.0,0.0,29102.25,0.0,290909.25,95686.25,0.0,0.0,256.5,-124788.5,0.0,-125045.0,0.0,290909.25,166477.25,0.0,0.0,166477.25,0.0,0.00133725,0.00133725,125411892,125411892,,,1620598906,18:21:46,20210509
10,2017-06-30,TMZ.AX,AUD,2017-06-30,2017-06-30,Q2,0.0,0.0,0.0,0.0,0.0,53755.75,0.0,51645.25,34936.5,0.0,0.0,261.75,-88692.25,0.0,-88954.0,0.0,51645.25,-37171.25,0.0,0.0,-37171.25,0.0,-0.0003085,-0.0003085,120970442,120970442,,,1620598906,18:21:46,20210509
11,2017-03-31,TMZ.AX,AUD,2017-03-31,2017-03-31,Q1,0.0,0.0,0.0,0.0,0.0,53755.75,0.0,51645.25,34936.5,0.0,0.0,261.75,-88692.25,0.0,-88954.0,0.0,51645.25,-37171.25,0.0,0.0,-37171.25,0.0,-0.0003085,-0.0003085,120970442,120970442,,,1620598906,18:21:46,20210509
12,2017-01-31,TMZ.AX,AUD,2017-01-31,2017-01-31,Q1,0.0,0.0,0.0,0.0,0.0,53755.75,0.0,51645.25,34936.5,0.0,0.0,261.75,-88692.25,0.0,-88954.0,0.0,51645.25,-37171.25,0.0,0.0,-37171.25,0.0,-0.0003085,-0.0003085,120970442,120970442,,,1620598906,18:21:46,20210509
13,2016-06-30,TMZ.AX,AUD,2016-06-30,2016-06-30,Q2,0.0,0.0,0.0,0.0,0.0,58823.0,0.0,34183.75,224678.25,0.0,0.0,1570.25,-283501.25,0.0,-285071.5,0.0,34183.75,-250703.25,0.0,0.0,-250703.25,0.0,-0.00222175,-0.00222175,112529360,112529360,,,1620598906,18:21:46,20210509
14,2016-03-31,TMZ.AX,AUD,2016-03-31,2016-03-31,Q1,0.0,0.0,0.0,0.0,0.0,58823.0,0.0,34183.75,224678.25,0.0,0.0,1570.25,-283501.25,0.0,-285071.5,0.0,34183.75,-250703.25,0.0,0.0,-250703.25,0.0,-0.00222175,-0.00222175,112529360,112529360,,,1620598906,18:21:46,20210509
15,2016-01-31,TMZ.AX,AUD,2016-01-31,2016-01-31,Q1,0.0,0.0,0.0,0.0,0.0,58823.0,0.0,34183.75,224678.25,0.0,0.0,1570.25,-283501.25,0.0,-285071.5,0.0,34183.75,-250703.25,0.0,0.0,-250703.25,0.0,-0.00222175,-0.00222175,112529360,112529360,,,1620598906,18:21:46,20210509
16,2015-09-30,TMZ.AX,AUD,2015-09-30,2015-09-30,Q3,0.0,0.0,0.0,0.0,0.0,72408.75,0.0,69794.5,324823.5,0.0,0.0,2219.5,-397232.25,0.0,-399451.75,0.0,69794.5,-328003.75,0.0,0.0,-328003.75,0.0,-0.00360025,-0.00360025,90929655,90929655,,,1620598906,18:21:46,20210509
17,2015-06-30,TMZ.AX,AUD,2015-06-30,2015-06-30,Q2,0.0,0.0,0.0,0.0,0.0,72408.75,0.0,69794.5,324823.5,0.0,0.0,2219.5,-397232.25,0.0,-399451.75,0.0,69794.5,-328003.75,0.0,0.0,-328003.75,0.0,-0.00360025,-0.00360025,90929655,90929655,,,1620598906,18:21:46,20210509
18,2015-03-31,TMZ.AX,AUD,2015-03-31,2015-03-31,Q1,0.0,0.0,0.0,0.0,0.0,72408.75,0.0,69794.5,324823.5,0.0,0.0,2219.5,-397232.25,0.0,-399451.75,0.0,69794.5,-328003.75,0.0,0.0,-328003.75,0.0,-0.00360025,-0.00360025,90929655,90929655,,,1620598906,18:21:46,20210509
19,2015-01-31,TMZ.AX,AUD,2015-01-31,2015-01-31,Q1,0.0,0.0,0.0,0.0,0.0,72408.75,0.0,69794.5,324823.5,0.0,0.0,2219.5,-397232.25,0.0,-399451.75,0.0,69794.5,-328003.75,0.0,0.0,-328003.75,0.0,-0.00360025,-0.00360025,90929655,90929655,,,1620598906,18:21:46,20210509
20,2014-09-30,TMZ.AX,AUD,2014-09-30,2014-09-30,Q3,0.0,0.0,0.0,0.0,0.0,65455.0,0.0,96818.5,473448.75,0.0,0.0,4009.0,-538903.75,0.0,-542912.75,0.0,96818.5,-438613.75,0.0,0.0,-438613.75,0.0,-0.00499925,-0.00499925,87649277,87649277,,,1620598906,18:21:46,20210509
21,2014-06-30,TMZ.AX,AUD,2014-06-30,2014-06-30,Q2,0.0,0.0,0.0,0.0,0.0,65455.0,0.0,96818.5,473448.75,0.0,0.0,4009.0,-538903.75,0.0,-542912.75,0.0,96818.5,-438613.75,0.0,0.0,-438613.75,0.0,-0.00499925,-0.00499925,87649277,87649277,,,1620598906,18:21:46,20210509
22,2014-03-31,TMZ.AX,AUD,2014-03-31,2014-03-31,Q1,0.0,0.0,0.0,0.0,0.0,65455.0,0.0,96818.5,473448.75,0.0,0.0,4009.0,-538903.75,0.0,-542912.75,0.0,96818.5,-438613.75,0.0,0.0,-438613.75,0.0,-0.00499925,-0.00499925,87649277,87649277,,,1620598906,18:21:46,20210509
23,2014-01-31,TMZ.AX,AUD,2014-01-31,2014-01-31,Q1,0.0,0.0,0.0,0.0,0.0,65455.0,0.0,96818.5,473448.75,0.0,0.0,4009.0,-538903.75,0.0,-542912.75,0.0,96818.5,-438613.75,0.0,0.0,-438613.75,0.0,-0.00499925,-0.00499925,87649277,87649277,,,1620598906,18:21:46,20210509
24,2013-09-30,TMZ.AX,AUD,2013-09-30,2013-09-30,Q3,0.0,0.0,0.0,0.0,0.0,83453.5,3516.25,291393.25,376022.0,0.0,0.0,5750.25,-462991.75,0.0,-468742.0,0.0,291393.25,-159789.5,0.0,0.0,-159789.5,0.0,-0.00187225,-0.00187225,85347760,85347760,,,1620598906,18:21:46,20210509
25,2013-06-30,TMZ.AX,AUD,2013-06-30,2013-06-30,Q2,0.0,0.0,0.0,0.0,0.0,83453.5,3516.25,291393.25,376022.0,0.0,0.0,5750.25,-462991.75,0.0,-468742.0,0.0,291393.25,-159789.5,0.0,0.0,-159789.5,0.0,-0.00187225,-0.00187225,85347760,85347760,,,1620598906,18:21:46,20210509
26,2013-03-31,TMZ.AX,AUD,2013-03-31,2013-03-31,Q1,0.0,0.0,0.0,0.0,0.0,83453.5,3516.25,291393.25,376022.0,0.0,0.0,5750.25,-462991.75,0.0,-468742.0,0.0,291393.25,-159789.5,0.0,0.0,-159789.5,0.0,-0.00187225,-0.00187225,85347760,85347760,,,1620598906,18:21:46,20210509
27,2013-01-31,TMZ.AX,AUD,2013-01-31,2013-01-31,Q1,0.0,0.0,0.0,0.0,0.0,83453.5,3516.25,291393.25,376022.0,0.0,0.0,5750.25,-462991.75,0.0,-468742.0,0.0,291393.25,-159789.5,0.0,0.0,-159789.5,0.0,-0.00187225,-0.00187225,85347760,85347760,,,1620598906,18:21:46,20210509
28,2012-09-30,TMZ.AX,AUD,2012-09-30,2012-09-30,Q3,0.0,0.0,0.0,0.0,0.0,135686.25,7976.0,0.0,248715.25,0.0,0.0,6003.5,-392377.5,0.0,-398381.0,0.0,0.0,-356802.0,0.0,0.0,-356802.0,0.0,-0.00417625,-0.00417625,85281426,85281426,,,1620598906,18:21:46,20210509
29,2012-06-30,TMZ.AX,AUD,2012-06-30,2012-06-30,Q2,0.0,0.0,0.0,0.0,0.0,135686.25,7976.0,0.0,248715.25,0.0,0.0,6003.5,-392377.5,0.0,-398381.0,0.0,0.0,-356802.0,0.0,0.0,-356802.0,0.0,-0.00417625,-0.00417625,85281426,85281426,,,1620598906,18:21:46,20210509
30,2012-03-31,TMZ.AX,AUD,2012-03-31,2012-03-31,Q1,0.0,0.0,0.0,0.0,0.0,135686.25,7976.0,0.0,248715.25,0.0,0.0,6003.5,-392377.5,0.0,-398381.0,0.0,0.0,-356802.0,0.0,0.0,-356802.0,0.0,-0.00417625,-0.00417625,85281426,85281426,,,1620598906,18:21:46,20210509
31,2012-01-31,TMZ.AX,AUD,2012-01-31,2012-01-31,Q1,0.0,0.0,0.0,0.0,0.0,135686.25,7976.0,0.0,248715.25,0.0,0.0,6003.5,-392377.5,0.0,-398381.0,0.0,0.0,-356802.0,0.0,0.0,-356802.0,0.0,-0.00417625,-0.00417625,85281426,85281426,,,1620598906,18:21:46,20210509
32,2011-09-30,TMZ.AX,AUD,2011-09-30,2011-09-30,Q3,0.0,0.0,0.0,0.0,5104.5,66255.0,12781.5,72645.25,41854.5,0.0,0.0,3722.75,-125995.5,0.0,-129718.25,0.0,72645.25,-8489.75,0.0,0.0,-8489.75,0.0,-0.0001235,-0.0001235,72800066,72800066,,,1620598906,18:21:46,20210509
33,2011-06-30,TMZ.AX,AUD,2011-06-30,2011-06-30,Q2,0.0,0.0,0.0,0.0,5104.5,66255.0,12781.5,72645.25,41854.5,0.0,0.0,3722.75,-125995.5,0.0,-129718.25,0.0,72645.25,-8489.75,0.0,0.0,-8489.75,0.0,-0.0001235,-0.0001235,72800066,72800066,,,1620598906,18:21:46,20210509
34,2011-03-31,TMZ.AX,AUD,2011-03-31,2011-03-31,Q1,0.0,0.0,0.0,0.0,5104.5,66255.0,12781.5,72645.25,41854.5,0.0,0.0,3722.75,-125995.5,0.0,-129718.25,0.0,72645.25,-8489.75,0.0,0.0,-8489.75,0.0,-0.0001235,-0.0001235,72800066,72800066,,,1620598906,18:21:46,20210509
35,2011-01-31,TMZ.AX,AUD,2011-01-31,2011-01-31,Q1,0.0,0.0,0.0,0.0,5104.5,66255.0,12781.5,72645.25,41854.5,0.0,0.0,3722.75,-125995.5,0.0,-129718.25,0.0,72645.25,-8489.75,0.0,0.0,-8489.75,0.0,-0.0001235,-0.0001235,72800066,72800066,,,1620598906,18:21:46,20210509
36,2010-09-30,TMZ.AX,AUD,2010-09-30,2010-09-30,Q3,0.0,0.0,0.0,0.0,0.0,0.0,0.0,0.0,0.0,0.0,0.0,0.0,0.0,0.0,0.0,0.0,0.0,0.0,0.0,0.0,0.0,0.0,0.0,0.0,46529500,46529500,,,1620598906,18:21:46,20210509
37,2010-06-30,TMZ.AX,AUD,2010-06-30,2010-06-30,Q2,0.0,0.0,0.0,0.0,0.0,0.0,0.0,0.0,0.0,0.0,0.0,0.0,0.0,0.0,0.0,0.0,0.0,0.0,0.0,0.0,0.0,0.0,0.0,0.0,46529500,46529500,,,1620598906,18:21:46,20210509
38,2010-03-31,TMZ.AX,AUD,2010-03-31,2010-03-31,Q1,0.0,0.0,0.0,0.0,0.0,0.0,0.0,0.0,0.0,0.0,0.0,0.0,0.0,0.0,0.0,0.0,0.0,0.0,0.0,0.0,0.0,0.0,0.0,0.0,46529500,46529500,,,1620598906,18:21:46,20210509
39,2010-01-31,TMZ.AX,AUD,2010-01-31,2010-01-31,Q1,0.0,0.0,0.0,0.0,0.0,0.0,0.0,0.0,0.0,0.0,0.0,0.0,0.0,0.0,0.0,0.0,0.0,0.0,0.0,0.0,0.0,0.0,0.0,0.0,46529500,46529500,,,1620598906,18:21:46,20210509
