,date,symbol,reportedCurrency,fillingDate,acceptedDate,period,revenue,costOfRevenue,grossProfit,grossProfitRatio,researchAndDevelopmentExpenses,generalAndAdministrativeExpenses,sellingAndMarketingExpenses,otherExpenses,operatingExpenses,costAndExpenses,interestExpense,depreciationAndAmortization,ebitda,ebitdaratio,operatingIncome,operatingIncomeRatio,totalOtherIncomeExpensesNet,incomeBeforeTax,incomeBeforeTaxRatio,incomeTaxExpense,netIncome,netIncomeRatio,eps,epsdiluted,weightedAverageShsOut,weightedAverageShsOutDil,link,finalLink,timestamp,est_time,est_date
0,2021-03-28,SBUX,USD,2021-04-27,2021-04-27,Q2,6668000000,4815700000,1852300000,0.2777894421115777,0,464400000,0,0,918800000.0,5734500000.0,115000000,384500000.0,1318000000,0.19766046790641872,933500000,0.13345830833833233,54100000,889900000,0.13345830833833233,230500000,659400000,0.09889022195560888,0.56,0.56,1177500000,1184800000,https://www.sec.gov/Archives/edgar/data/829224/000082922421000053/0000829224-21-000053-index.htm,https://www.sec.gov/Archives/edgar/data/829224/000082922421000053/sbux-20210328.htm,1620597635,18:00:35,20210509
1,2020-12-27,SBUX,USD,2021-01-26,2021-01-26 16:40:03,Q1,6749000000,2049000000,4700000000,0.6963994665876426,0,472000000,0,5446000,5918000.0,7967000000.0,120000000,388000000.0,1301000000,0.19276929915543042,913000000,0.13527930063713142,15000,808000000,0.11972144021336495,186000000,622000000,0.09216180174840717,0.5301286968379784,0.527565733672604,1173300000,1179000000,https://www.sec.gov/Archives/edgar/data/829224/000082922421000029/0000829224-21-000029-index.htm,https://www.sec.gov/Archives/edgar/data/829224/000082922421000029/sbux-20201227.htm,1620597635,18:00:35,20210509
2,2020-09-27,SBUX,USD,2020-11-12,2020-11-12 16:59:07,Q4,6203100000,4660000000,1543100000,0.2487627154164853,0,439000000,0,20364954,20578682.0,5562000000.0,124900000,379200000.0,1020300000,0.1644822749915365,641100000,0.1033515500314359,-82800000,442400000,0.07131917912011736,49700000,392600000,0.0632909351775725,0.334612,0.33,1173300000,1179000000,https://www.sec.gov/Archives/edgar/data/829224/000082922420000078/0000829224-20-000078-index.htm,https://www.sec.gov/Archives/edgar/data/829224/000082922420000078/sbux-20200927.htm,1620597635,18:00:35,20210509
3,2020-06-28,SBUX,USD,2020-07-28,2020-07-28 16:38:08,Q3,4222100000,4021800000,200300000,0.047440846971886025,0,399900000,0,133600000,904199999.9999998,4926000000.0,121000000,377100000.0,-326800000,-0.07740224059117501,-703900000,-0.16671798394164042,12000000,-812000000,-0.19232135667085098,-133900000,-678400000,-0.16067833542549917,-0.58057,-0.58057,1168500000,1168500000,https://www.sec.gov/Archives/edgar/data/829224/000082922420000066/0000829224-20-000066-index.htm,https://www.sec.gov/Archives/edgar/data/829224/000082922420000066/sbux-20200628.htm,1620597635,18:00:35,20210509
4,2020-03-29,SBUX,USD,2020-04-28,2020-04-28 16:53:56,Q2,5995700000,4719100000,1276600000,0.21291925880214155,0,406500000,0,95000000,789199999.9999998,5508300000.0,99200000,377700000.0,865100000,0.14428673882949447,487400000,0.0812915923078206,3000000,390200000,0.0650799739813533,65400000,328400000,0.05477258702069817,0.27814,0.27814,1180700000,1180700000,https://www.sec.gov/Archives/edgar/data/829224/000082922420000045/0000829224-20-000045-index.htm,https://www.sec.gov/Archives/edgar/data/829224/000082922420000045/sbux-20200329.htm,1620597635,18:00:35,20210509
5,2019-12-29,SBUX,USD,2020-01-28 00:00:00,2020-01-28 16:58:14,Q1,7097100000,5057900000,2039200000,0.2873286271857519,0,434200000,0,101800000,819400000.0000005,5877300000.000001,91900000,369200000.0,1589000000,0.22389426667230278,1219800000,0.17187301855687534,0,1143800000,0.16116441926984262,258500000,885700000,0.12479745248059067,0.74366,0.74366,1191000000,1191000000,https://www.sec.gov/Archives/edgar/data/829224/000082922420000012/0000829224-20-000012-index.html,https://www.sec.gov/Archives/edgar/data/829224/000082922420000012/sbux-20191229.htm,1620597635,18:00:35,20210509
6,2019-09-29,SBUX,USD,2019-11-15 00:00:00,2019-11-15 16:16:58,Q4,6747000000,4888200000,1858800000,0.27550022232103155,0,404900000,0,105800000,775500000.0,5663700000.0,95700000,365700000.00000006,1449000000,0.21476211649622054,1083300000,0.16056024899955537,0,1003900000,0.1487920557284719,201500000,802800000,0.11898621609604268,0.66589,0.66589,1205600000,1205600000,https://www.sec.gov/Archives/edgar/data/829224/000082922419000051/0000829224-19-000051-index.html,https://www.sec.gov/Archives/edgar/data/829224/000082922419000051/sbux-9292019x10xk.htm,1620597635,18:00:35,20210509
7,2019-06-30,SBUX,USD,2019-07-30 00:00:00,2019-07-30 16:45:22,Q3,6823000000,4827100000,1995900000,0.2925252821339587,0,480200000,0,0,912900000.0,5740000000.0,86400000,360100000.0,1443100000,0.21150520298988715,1083000000,0.15872783233181884,640100000,1676900000,0.2457716546973472,303700000,1372800000,0.2012018173823831,1.137837,1.12,1206500000,1223000000,https://www.sec.gov/Archives/edgar/data/829224/000082922419000036/0000829224-19-000036-index.html,https://www.sec.gov/Archives/edgar/data/829224/000082922419000036/sbux-6302019x10xq.htm,1620597635,18:00:35,20210509
8,2019-03-31,SBUX,USD,2019-04-30 00:00:00,2019-04-30 16:24:57,Q2,6305900000,4553400000,1752500000,0.27791433419496026,0,475600000,0,0,914100000.0,5467500000.0,73900000,372700000.0,1211100000,0.1920582311803232,838400000,0.13295485180545202,40300000,820000000,0.13003694952346215,161200000,663200000,0.10517134746824403,0.548099,0.53,1210000000,1250700000,https://www.sec.gov/Archives/edgar/data/829224/000082922419000024/0000829224-19-000024-index.html,https://www.sec.gov/Archives/edgar/data/829224/000082922419000024/sbux-3312019x10xq.htm,1620597635,18:00:35,20210509
9,2018-12-30,SBUX,USD,2019-01-29 00:00:00,2019-01-29 17:04:40,Q1,6632700000,4751700000,1881000000,0.28359491609751686,0,463300000,0,93200000,865300000.0000002,5617000000.0,75000000,350800000.0,1366500000,0.20602469582522953,1015700000,0.15313522396610732,0,965500000,0.14556666214362177,205100000,760600000,0.11467426538212191,0.60683,0.60683,1253400000,1253400000,https://www.sec.gov/Archives/edgar/data/829224/000082922419000011/0000829224-19-000011-index.html,https://www.sec.gov/Archives/edgar/data/829224/000082922419000011/sbux-12302018x10xq.htm,1620597635,18:00:35,20210509
10,2018-09-30,SBUX,USD,2018-11-16 00:00:00,2018-11-16 16:44:31,Q4,6303600000,4442400000,1861200000,0.2952598515134209,0,505400000,0,0,947300000.0,5389700000.0,63900000,344400000.0,1258300000,0.1996160923916492,913900000,0.14498064598007487,45400000,931600000,0.14778856526429343,175500000,755500000,0.11985214797893268,0.577343,0.56,1309100000,1348700000,https://www.sec.gov/Archives/edgar/data/829224/000082922418000052/0000829224-18-000052-index.html,https://www.sec.gov/Archives/edgar/data/829224/000082922418000052/sbux-9302018x10xk.htm,1620597635,18:00:35,20210509
11,2018-07-01,SBUX,USD,2018-07-31 00:00:00,2018-07-31 16:18:00,Q3,6310300000,2554900000,3755400000,0.5951222604313583,0,2293700000,0,148000000,2714700000.0000005,5269600000.0,45400000,344000000.0,1384700000,0.2194348921604361,1040700000,0.16492084369998256,0,1026800000,0.1627180958116096,185800000,852500000,0.1350965881178391,0.61397,0.61397,1388500000,1388500000,https://www.sec.gov/Archives/edgar/data/829224/000082922418000037/0000829224-18-000037-index.html,https://www.sec.gov/Archives/edgar/data/829224/000082922418000037/sbux-07012018x10xq.htm,1620597635,18:00:35,20210509
12,2018-04-01,SBUX,USD,2018-05-01 00:00:00,2018-05-01 16:14:34,Q2,6031800000,2516000000,3515800000,0.5828774163599589,0,2195400000,0,134300000,2700600000.0000005,5216600000.0,35100000,346000000.0,1161200000,0.19251301435723997,815200000,0.13515036970721842,0,815600000,0.1352166849033456,128800000,660100000,0.10943665240889949,0.46929,0.46929,1406600000,1406600000,https://www.sec.gov/Archives/edgar/data/829224/000082922418000022/0000829224-18-000022-index.html,https://www.sec.gov/Archives/edgar/data/829224/000082922418000022/sbux-04012018x10xq.htm,1620597635,18:00:35,20210509
13,2017-12-31,SBUX,USD,2018-01-31 00:00:00,2018-01-31 16:12:56,Q1,6073700000,4239900000,1833800000,0.30192469170357444,0,379100000,0,0,779500000.0,5019400000.0,25900000,272400000.0,1326700000,0.2184335742628052,1054300000,0.17358447075094258,1889300000,3005900000,0.49490425934767934,755800000,2250200000,0.3704825724023248,1.598608,1.57,1407600000,1434600000,https://www.sec.gov/Archives/edgar/data/829224/000082922418000009/0000829224-18-000009-index.html,https://www.sec.gov/Archives/edgar/data/829224/000082922418000009/sbux-12312017x10xq.htm,1620597635,18:00:35,20210509
14,2017-10-01,SBUX,USD,2017-11-17 00:00:00,2017-11-17 16:10:18,Q4,5698300000,2352900000,3345400000,0.5870873769369812,0,2024900000,0,131100000,2322799999.9999995,4675700000.0,22300000,271000000.0,1293600000,0.22701507467139323,1022600000,0.17945703104434657,0,1151900000,0.20214800905533228,362500000,788600000,0.13839215204534686,0.54337,0.54337,1451300000,1451300000,https://www.sec.gov/Archives/edgar/data/829224/000082922417000049/0000829224-17-000049-index.html,https://www.sec.gov/Archives/edgar/data/829224/000082922417000049/sbux-1012017x10xk.htm,1620597635,18:00:35,20210509
15,2017-07-02,SBUX,USD,2017-08-01 00:00:00,2017-08-01 17:00:02,Q3,5661500000,2249100000,3412400000,0.6027377903382496,0,1953900000,0,142500000,2368200000.0000005,4617300000.0,23500000,266000000.0,1310200000,0.23142276781771615,1044200000,0.18443875298065884,0,1052400000,0.18588713238541021,361100000,691600000,0.12215843857634902,0.47389,0.47389,1459400000,1459400000,https://www.sec.gov/Archives/edgar/data/829224/000082922417000036/0000829224-17-000036-index.html,https://www.sec.gov/Archives/edgar/data/829224/000082922417000036/sbux-722017x10xq.htm,1620597635,18:00:35,20210509
16,2017-04-02,SBUX,USD,2017-05-02 00:00:00,2017-05-02 16:14:19,Q2,5294000000,2141200000,3152800000,0.5955421231582924,0,1913200000,0,134700000,2217400000.0000005,4358600000.000001,22900000,267000000.0,1202400000,0.22712504722327162,935400000,0.17669059312429164,0,980400000,0.18519078201737815,327600000,652800000,0.12330940687570835,0.44566,0.44566,1464800000,1464800000,https://www.sec.gov/Archives/edgar/data/829224/000082922417000021/0000829224-17-000021-index.html,https://www.sec.gov/Archives/edgar/data/829224/000082922417000021/sbux-422017x10xq.htm,1620597635,18:00:35,20210509
17,2017-01-01,SBUX,USD,2017-01-31 00:00:00,2017-01-31 16:09:30,Q1,5732900000,2295000000,3437900000,0.5996790455092537,0,1994600000,0,145400000,2305300000.0,4600300000.0,23800000,263000000.0,1395600000,0.2434370039596016,1132600000,0.1975614435974812,0,1132900000,0.19761377313401593,381400000,751800000,0.13113781855605366,0.51125,0.51125,1470500000,1470500000,https://www.sec.gov/Archives/edgar/data/829224/000082922417000005/0000829224-17-000005-index.html,https://www.sec.gov/Archives/edgar/data/829224/000082922417000005/sbux-112017x10xq.htm,1620597635,18:00:35,20210509
18,2016-10-02,SBUX,USD,2016-11-18 00:00:00,2016-11-18 16:06:40,Q4,5711200000,2254200000,3457000000,0.6053018630060233,0,1963500000,0,122100000,2229600000.0000005,4483800000.0,24700000,262000000.0,1489400000,0.26078582434514636,1227400000,0.21491105196806276,0,1215200000,0.2127748984451604,413500000,800900000,0.14023322594200868,0.54199,0.54199,1477700000,1477700000,https://www.sec.gov/Archives/edgar/data/829224/000082922416000083/0000829224-16-000083-index.html,https://www.sec.gov/Archives/edgar/data/829224/000082922416000083/sbux-1022016x10xk.htm,1620597635,18:00:35,20210509
19,2016-06-26,SBUX,USD,2016-07-27,2016-07-27 16:33:28,Q3,5238000000,2060300000,3177700000,0.6066628484154257,0,1852800000,0,137500000,2155399999.9999995,4215699999.9999995,21800000,259000000.0,1281300000,0.24461626575028636,1022300000,0.19516991218022145,0,1073400000,0.20492554410080183,318900000,754100000,0.143967163039328,0.50977,0.50977,1479300000,1479300000,https://www.sec.gov/Archives/edgar/data/829224/000082922416000074/sbux-6262016x10xq.htm,https://www.sec.gov/Archives/edgar/data/829224/000082922416000074/sbux-6262016x10xq.htm,1620597635,18:00:35,20210509
20,2016-03-27,SBUX,USD,2016-04-26 00:00:00,2016-04-26 16:07:55,Q2,4993200000,2010300000,2982900000,0.5973924537370824,0,1796900000,0,139600000,2118700000.0,4129000000.0,18300000,262000000.0,1126200000,0.2255467435712569,864200000,0.1730753825202275,0,860400000,0.17231434751261715,285400000,575100000,0.11517664023071376,0.38686,0.38686,1486600000,1486600000,https://www.sec.gov/Archives/edgar/data/829224/000082922416000062/0000829224-16-000062-index.html,https://www.sec.gov/Archives/edgar/data/829224/000082922416000062/sbux-3272016x10xq.htm,1620597635,18:00:35,20210509
21,2015-12-27,SBUX,USD,2016-01-26 00:00:00,2016-01-26 16:08:20,Q1,5373500000,2186200000,3187300000,0.5931515771843305,0,1811700000,0,146200000,2129300000.0,4315500000.0,16500000,247000000.0,1305000000,0.2428584721317577,1058000000,0.1968921559504978,0,1049600000,0.1953289290034428,361900000,687600000,0.12796129152321578,0.45739,0.45739,1503300000,1503300000,https://www.sec.gov/Archives/edgar/data/829224/000082922416000049/0000829224-16-000049-index.html,https://www.sec.gov/Archives/edgar/data/829224/000082922416000049/sbux-12272015x10q.htm,1620597635,18:00:35,20210509
22,2015-09-27,SBUX,USD,2015-11-12 00:00:00,2015-11-12 16:26:50,Q4,4914800000,1982600000,2932200000,0.5966061691218361,0,1682500000,0,127900000,2023900000.0,4006500000.0,18200000,241000000.0,1149300000,0.23384471392528688,908300000,0.18480914787987304,0,896500000,0.182408236347359,244000000,652500000,0.1327622690648653,0.43364,0.43364,1504700000,1504700000,https://www.sec.gov/Archives/edgar/data/829224/000082922415000038/0000829224-15-000038-index.html,https://www.sec.gov/Archives/edgar/data/829224/000082922415000038/sbux-9272015x10k.htm,1620597635,18:00:35,20210509
23,2015-06-28,SBUX,USD,2015-07-28 00:00:00,2015-07-28 17:23:17,Q3,4881200000,1953900000,2927300000,0.5997090879291977,0,1680900000,0,131600000,1988699999.9999998,3942600000.0,19100000,249000000.0,1187600000,0.2433008276653282,938600000,0.19228878144718511,0,945000000,0.19359993444235024,318500000,626700000,0.1283905596984348,0.41347,0.41347,1515700000,1515700000,https://www.sec.gov/Archives/edgar/data/829224/000082922415000029/0000829224-15-000029-index.html,https://www.sec.gov/Archives/edgar/data/829224/000082922415000029/sbux-6282015x10q.htm,1620597635,18:00:35,20210509
24,2015-03-29,SBUX,USD,2015-04-28 00:00:00,2015-04-28 17:26:33,Q2,4563400000,1859800000,2703600000,0.592452995573476,0,1630500000,0,133500000,1926200000.0,3786000000.0,16900000,228000000.0,1005400000,0.22031818381031687,777400000,0.1703554367357672,0,761800000,0.16693693298856116,266300000,494800000,0.10842792654599641,0.32651,0.32651,1515400000,1515400000,https://www.sec.gov/Archives/edgar/data/829224/000082922415000017/0000829224-15-000017-index.html,https://www.sec.gov/Archives/edgar/data/829224/000082922415000017/sbux-3292015x10q.htm,1620597635,18:00:35,20210509
25,2014-12-28,SBUX,USD,2015-01-27,2015-01-27 16:09:01,Q1,4803300000,1991200000,2812100000,0.5854516686444736,0,1613900000,0,129400000,1505900000.0,3497100000.0,16300000,216000000.0,1522200000,0.31690712635063395,1306200000,0.27193804259571547,0,1299700000,0.2705848062790165,314900000,983400000,0.20473424520642058,0.64842,0.64842,1516600000,1516600000,https://www.sec.gov/Archives/edgar/data/829224/000082922414000041/sbux-9282014x10k.htm,https://www.sec.gov/Archives/edgar/data/829224/000082922414000041/sbux-9282014x10k.htm,1620597635,18:00:35,20210509
26,2014-09-28,SBUX,USD,2014-11-14 00:00:00,2014-11-14 16:08:21,Q4,4180700000,1723100000,2457600000,0.5878441409333365,0,1390800000,0,111000000,1602800000.0000002,3325900000.0,16400000,194000000.0,1048800000,0.2508670796756524,854800000,0.20446336737866863,0,924100000,0.22103953883320976,336600000,587800000,0.1405984643719951,0.38635,0.38635,1521400000,1521400000,https://www.sec.gov/Archives/edgar/data/829224/000082922414000041/0000829224-14-000041-index.html,https://www.sec.gov/Archives/edgar/data/829224/000082922414000041/sbux-9282014x10k.htm,1620597635,18:00:35,20210509
27,2014-06-29,SBUX,USD,2014-07-29 00:00:00,2014-07-29 16:08:28,Q3,4153700000,1711500000,2442200000,0.5879577244384525,0,1445900000,0,120600000,1673699999.9999998,3385200000.0,16400000,190000000.0,958500000,0.2307581192671594,768500000,0.1850157690733563,0,771500000,0.18573801670799528,259000000,512600000,0.12340804583864988,0.33679,0.33679,1522000000,1522000000,https://www.sec.gov/Archives/edgar/data/829224/000082922414000030/0000829224-14-000030-index.html,https://www.sec.gov/Archives/edgar/data/829224/000082922414000030/sbux-6292014x10q.htm,1620597635,18:00:35,20210509
28,2014-03-30,SBUX,USD,2014-04-29 00:00:00,2014-04-29 16:05:28,Q2,3873800000,1629200000,2244600000,0.5794310496153647,0,1375100000,0,110800000,1600400000.0,3229600000.0,16800000,184000000.0,828200000,0.21379523981620113,644200000,0.16629665961071816,0,645300000,0.1665806185141205,218300000,427100000,0.110253497857401,0.28101,0.28101,1519900000,1519900000,https://www.sec.gov/Archives/edgar/data/829224/000082922414000021/0000829224-14-000021-index.html,https://www.sec.gov/Archives/edgar/data/829224/000082922414000021/sbux-3302014x10q.htm,1620597635,18:00:35,20210509
29,2013-12-29,SBUX,USD,2014-01-28,2014-01-28 16:09:06,Q1,4239600000,1795000000,2444600000,0.5766110010378338,0,1417700000,0,114900000,1631000000.0,3426000000.0,14500000,180000000.0,993600000,0.23436173223889045,813600000,0.19190489668836683,0,818800000,0.19313142749315973,278100000,540600000,0.1275120294367393,0.35336,0.35336,1529900000,1529900000,https://www.sec.gov/Archives/edgar/data/829224/000082922413000044/sbux-9292013x10k.htm,https://www.sec.gov/Archives/edgar/data/829224/000082922413000044/sbux-9292013x10k.htm,1620597635,18:00:35,20210509
30,2013-09-29,SBUX,USD,2013-11-18 00:00:00,2013-11-18 16:44:56,Q4,3788700000,1633700000,2155000000,0.5687966848787183,0,1300000000,0,101000000,4270200000.0,5903900000.0,9100000,177000000.0,-1938200000,-0.5115738907804788,-2115200000,-0.5582917623459234,0,-2052200000,-0.5416633673819516,-820100000,-1232000000,-0.32517750151767094,-0.81882,-0.81882,1504600000,1504600000,https://www.sec.gov/Archives/edgar/data/829224/000082922413000044/0000829224-13-000044-index.html,https://www.sec.gov/Archives/edgar/data/829224/000082922413000044/sbux-9292013x10k.htm,1620597635,18:00:35,20210509
31,2013-06-30,SBUX,USD,2013-07-30 00:00:00,2013-07-30 16:04:21,Q3,3741700000,2681700000,1060000000,0.2832936900339418,0,249600000,0,0,508200000.0,3189900000.0,6300000,161200000.0,713000000,0.19055509527754763,551800000,0.14747307373653687,63400000,612400000,0.1636689205441377,194600000,417800000,0.1116604751850763,0.278125,0.275,1502200000,1523800000,https://www.sec.gov/Archives/edgar/data/829224/000082922413000032/0000829224-13-000032-index.html,https://www.sec.gov/Archives/edgar/data/829224/000082922413000032/sbux-6302013x10q.htm,1620597635,18:00:35,20210509
32,2013-03-31,SBUX,USD,2013-04-30 00:00:00,2013-04-30 16:05:09,Q2,3555900000,2568800000,987100000,0.27759498298602325,0,230300000,0,0,495500000.0,3064300000.0,6100000,161300000.0,652900000,0.1836103377485306,491600000,0.13824910711774796,52500000,588800000,0.16558395905396664,198100000,390400000,0.10978936415534746,0.260858,0.255,1496600000,1522600000,https://www.sec.gov/Archives/edgar/data/829224/000082922413000024/0000829224-13-000024-index.html,https://www.sec.gov/Archives/edgar/data/829224/000082922413000024/sbux-3312013x10q.htm,1620597635,18:00:35,20210509
33,2012-12-30,SBUX,USD,2013-01-29 00:00:00,2013-01-29 16:20:11,Q1,3799500000,1620700000,2178800000,0.5734438741939729,0,1321400000,0,132500000,1548300000.0,3169000000.0,6600000,157000000.0,787500000,0.20726411369917094,630500000,0.1659428872220029,0,621100000,0.16346887748387945,188700000,432100000,0.11372549019607843,0.28379,0.28379,1522600000,1522600000,https://www.sec.gov/Archives/edgar/data/829224/000082922413000007/0000829224-13-000007-index.html,https://www.sec.gov/Archives/edgar/data/829224/000082922413000007/sbux-12302012x10q.htm,1620597635,18:00:35,20210509
34,2012-09-30,SBUX,USD,2012-11-16 00:00:00,2012-11-16 17:29:12,Q4,3364100000,1459200000,1904900000,0.5662435718319907,0,1193600000,0,0,1765200000.0,3224400000.0,6500000,152900000.0,292600000,0.08697720043993935,139700000,0.04152670848072293,263500000,539200000,0.16028060996997712,180200000,358700000,0.10662584346481971,0.239557,0.23186813186813188,1498600000,1547000000,https://www.sec.gov/Archives/edgar/data/829224/000082922412000007/0000829224-12-000007-index.html,https://www.sec.gov/Archives/edgar/data/829224/000082922412000007/sbux-9302012x10k.htm,1620597635,18:00:35,20210509
35,2012-07-01,SBUX,USD,2012-08-02 00:00:00,2012-08-02 17:01:49,Q3,3303600000,1446100000,1857500000,0.5622654074343141,0,1175000000,0,105900000,1365900000.0,2812000000.0,8800000,140000000.0,631600000,0.1911853735319046,491600000,0.14880736166606126,0,492400000,0.1490495217338661,159100000,333100000,0.1008293982322315,0.21441,0.21441,1553600000,1553600000,https://www.sec.gov/Archives/edgar/data/829224/000144530512002431/0001445305-12-002431-index.html,https://www.sec.gov/Archives/edgar/data/829224/000144530512002431/sbux-712012x10q.htm,1620597635,18:00:35,20210509
36,2012-04-01,SBUX,USD,2012-05-02,2012-05-02 16:02:29,Q2,3195900000,1411900000,1784000000,0.5582152132419663,0,1163400000,0,105300000,1353600000.0,2765500000.0,8800000,144000000.0,574400000,0.17973027942050754,430400000,0.1346725492036672,0,456900000,0.14296442316718294,146800000,309900000,0.09696799023749178,0.20038,0.20038,1546600000,1546600000,https://www.sec.gov/Archives/edgar/data/829224/000119312512204460/d323302d10q.htm,https://www.sec.gov/Archives/edgar/data/829224/000119312512204460/d323302d10q.htm,1620597635,18:00:35,20210509
37,2012-01-01,SBUX,USD,2012-01-31 00:00:00,2012-01-31 17:31:16,Q1,3435900000,1496100000,1939800000,0.5645682353968392,0,1187200000,0,106700000,1383800000.0000002,2879900000.0,8600000,144000000.0,700000000,0.20373119124537967,556000000,0.16182077476061585,0,570600000,0.1660700253208766,188400000,382100000,0.11120812596408511,0.2486,0.2486,1537000000,1537000000,https://www.sec.gov/Archives/edgar/data/829224/000119312512032427/0001193125-12-032427-index.html,https://www.sec.gov/Archives/edgar/data/829224/000119312512032427/d270627d10q.htm,1620597635,18:00:35,20210509
38,2011-10-02,SBUX,USD,2011-11-18 00:00:00,2011-11-18 16:07:44,Q4,3031900000,1314500000,1717400000,0.5664434842837824,0,1115200000,0,103700000,1269100000.0,2583600000.0,9800000,142000000.0,590300000,0.1946963949998351,448300000,0.14786107721230912,0,504200000,0.16629836076387744,145900000,358500000,0.11824268610442297,0.23325,0.23325,1537000000,1537000000,https://www.sec.gov/Archives/edgar/data/829224/000119312511317175/0001193125-11-317175-index.html,https://www.sec.gov/Archives/edgar/data/829224/000119312511317175/d232803d10k.htm,1620597635,18:00:35,20210509
39,2011-07-03,SBUX,USD,2011-08-05 00:00:00,2011-08-05 15:37:13,Q3,2932200000,1237500000,1694700000,0.5779619398403929,0,1107300000,0,100000000,1292500000.0,2530000000.0,8500000,136000000.0,538200000,0.18354818907305095,402200000,0.137166632562581,0,409700000,0.13972443898779074,129900000,279100000,0.09518450310347179,0.18079,0.18079,1543800000,1543800000,https://www.sec.gov/Archives/edgar/data/829224/000119312511212221/0001193125-11-212221-index.html,https://www.sec.gov/Archives/edgar/data/829224/000119312511212221/d10q.htm,1620597635,18:00:35,20210509
40,2011-04-03,SBUX,USD,2011-05-06 00:00:00,2011-05-06 13:52:44,Q2,2785700000,1171200000,1614500000,0.5795670747029472,0,1048800000,0,98900000,1238400000.0,2409600000.0,7100000,137000000.0,513100000,0.18419068815737516,376100000,0.13501094877409628,0,388900000,0.13960584413253402,126500000,261600000,0.09390817388807123,0.16947,0.16947,1543600000,1543600000,https://www.sec.gov/Archives/edgar/data/829224/000119312511130357/0001193125-11-130357-index.html,https://www.sec.gov/Archives/edgar/data/829224/000119312511130357/d10q.htm,1620597635,18:00:35,20210509
41,2011-01-02,SBUX,USD,2011-02-04,2011-02-04 13:06:15,Q1,2950800000,1192300000,1758500000,0.5959400840450048,0,1073200000,0,90100000,1256600000.0,2448900000.0,7900000,135000000.0,636900000,0.21583977226514844,501900000,0.17008946726311508,0,508400000,0.17229225972617596,160800000,346600000,0.11745967195336858,0.22603,0.22603,1533400000,1533400000,https://www.sec.gov/Archives/edgar/data/829224/000119312510266333/d10k.htm,https://www.sec.gov/Archives/edgar/data/829224/000119312510266333/d10k.htm,1620597635,18:00:35,20210509
42,2010-10-03,SBUX,USD,2010-11-22 00:00:00,2010-11-22 15:48:55,Q4,2838000000,1172600000,1665400000,0.5868217054263566,0,1099300000,0,82300000,1266100000.0,2438700000.0,8600000,136000000.0,535300000,0.18861874559548977,399300000,0.14069767441860465,0,412600000,0.14538407329105005,134100000,278900000,0.09827343199436223,0.18327,0.18327,1521800000,1521800000,https://www.sec.gov/Archives/edgar/data/829224/000119312510266333/0001193125-10-266333-index.html,https://www.sec.gov/Archives/edgar/data/829224/000119312510266333/d10k.htm,1620597635,18:00:35,20210509
43,2010-06-27,SBUX,USD,2010-08-02 00:00:00,2010-08-02 16:46:54,Q3,2612000000,1076200000,1535800000,0.5879785604900459,0,1021600000,0,77200000,1208100000.0,2284300000.0,24100000,132000000.0,459700000,0.17599540581929557,327700000,0.1254594180704441,0,318400000,0.12189892802450229,109900000,207900000,0.07959418070444105,0.13558,0.13558,1533400000,1533400000,https://www.sec.gov/Archives/edgar/data/829224/000119312510173723/0001193125-10-173723-index.html,https://www.sec.gov/Archives/edgar/data/829224/000119312510173723/d10q.htm,1620597635,18:00:35,20210509
44,2010-03-28,SBUX,USD,2010-05-04 00:00:00,2010-05-03 20:09:43,Q2,2534700000,1064100000,1470600000,0.5801870043792164,0,967000000,0,61800000,1130800000.0000002,2194900000.0,-3300000,135000000.0,474800000,0.18731999842190397,339800000,0.13405925750581923,0,336500000,0.13275732828342604,118700000,217300000,0.08573006667455714,0.14167,0.14167,1533800000,1533800000,https://www.sec.gov/Archives/edgar/data/829224/000119312510104825/0001193125-10-104825-index.html,https://www.sec.gov/Archives/edgar/data/829224/000119312510104825/d10q.htm,1620597635,18:00:35,20210509
45,2009-12-27,SBUX,USD,2010-02-02 00:00:00,2010-02-02 16:15:56,Q1,2722700000,1145700000,1577000000,0.5792044661549197,0,1033000000,0,71900000,1224400000.0,2370100000.0,8000000,138000000.0,490600000,0.18018878319315385,352600000,0.12950380137363646,0,369500000,0.13571087523414258,126000000,241500000,0.08869871818415544,0.15828,0.15828,1525800000,1525800000,https://www.sec.gov/Archives/edgar/data/829224/000095012310007737/0000950123-10-007737-index.html,https://www.sec.gov/Archives/edgar/data/829224/000095012310007737/v54197e10vq.htm,1620597635,18:00:35,20210509
46,2009-09-27,SBUX,USD,2009-11-20 00:00:00,2009-11-20 16:44:50,Q4,2422200000,1041200000,1381000000,0.570142845347205,0,980700000,0,58600000,1181600000.0,2222800000.0,9000000,140000000.0,339400000,0.14012055156469325,199400000,0.08232185616381801,0,212200000,0.08760630831475519,58700000,150000000,0.061927173643794894,0.09896,0.09896,1515800000,1515800000,https://www.sec.gov/Archives/edgar/data/829224/000095012309064772/0000950123-09-064772-index.html,https://www.sec.gov/Archives/edgar/data/829224/000095012309064772/v53316e10vk.htm,1620597635,18:00:35,20210509
47,2009-06-28,SBUX,USD,2009-08-05 00:00:00,2009-08-04 21:39:19,Q3,2403900000,1043400000,1360500000,0.5659553226007737,0,931700000,0,69200000,1156500000.0,2199900000.0,9000000,141000000.0,345000000,0.14351678522401098,204000000,0.0848620990889804,0,214000000,0.08902200590706769,65800000,151500000,0.06302258829402221,0.10145,0.10145,1493400000,1493400000,https://www.sec.gov/Archives/edgar/data/829224/000095012309029843/0000950123-09-029843-index.html,https://www.sec.gov/Archives/edgar/data/829224/000095012309029843/v52638e10vq.htm,1620597635,18:00:35,20210509
48,2009-03-29,SBUX,USD,2009-05-06 00:00:00,2009-05-06 16:43:43,Q2,2333300000,1043500000,1289800000,0.5527793254189346,0,923900000,0,64000000,1248900000.0,2292400000.0,8000000,141000000.0,181900000,0.0779582565465221,40900000,0.017528821840312004,0,35000000,0.015000214288775553,9900000,25000000,0.010714438777696825,0.01689,0.01689,1479800000,1479800000,https://www.sec.gov/Archives/edgar/data/829224/000095013409009696/0000950134-09-009696-index.html,https://www.sec.gov/Archives/edgar/data/829224/000095013409009696/v52354e10vq.htm,1620597635,18:00:35,20210509
49,2008-12-28,SBUX,USD,2009-02-04 00:00:00,2009-02-04 16:18:08,Q1,2615200000,1196800000,1418400000,0.5423676965432854,0,1041800000,0,72600000,1300700000.0,2497500000.0,13000000,141000000.0,258700000,0.09892168858978281,117700000,0.04500611807892322,0,98700000,0.037740899357601713,34000000,64300000,0.024587029672682777,0.0435,0.0435,1478200000,1478200000,https://www.sec.gov/Archives/edgar/data/829224/000095013409001837/0000950134-09-001837-index.html,https://www.sec.gov/Archives/edgar/data/829224/000095013409001837/v51211e10vq.htm,1620597635,18:00:35,20210509
50,2008-09-28,SBUX,USD,2008-11-24 00:00:00,2008-11-24 16:01:03,Q4,2515400000,1189500000,1325900000,0.5271129840184464,0,1028800000,0,82000000,1311699999.9999998,2501200000.0,13000000,174000000.0,188200000,0.07481911425618192,14200000,0.005645225411465373,0,-1200000,-0.0004770613023773555,-6600000,5400000,0.0021467758606980997,0.00364,0.00364,1483800000,1483800000,https://www.sec.gov/Archives/edgar/data/829224/000095013408021134/0000950134-08-021134-index.html,https://www.sec.gov/Archives/edgar/data/829224/000095013408021134/v50316e10vk.htm,1620597635,18:00:35,20210509
51,2008-06-29,SBUX,USD,2008-08-06 00:00:00,2008-08-06 15:52:36,Q3,2574000000,1163100000,1410900000,0.5481351981351982,0,1074400000,0,79600000,1432500000.0,2595600000.0,12000000,145000000.0,123400000,0.04794094794094794,-21600000,-0.008391608391608392,0,-33200000,-0.012898212898212899,-26500000,-6700000,-0.002602952602952603,-0.00458,-0.00458,1463400000,1463400000,https://www.sec.gov/Archives/edgar/data/829224/000095013408014290/0000950134-08-014290-index.html,https://www.sec.gov/Archives/edgar/data/829224/000095013408014290/v42779e10vq.htm,1620597635,18:00:35,20210509
52,2008-03-30,SBUX,USD,2008-05-08 00:00:00,2008-05-07 21:40:47,Q2,2526000000,1106700000,1419300000,0.56187648456057,0,1044700000,0,82800000,1241100000.0,2347800000.0,11000000,146000000.0,324200000,0.1283452098178939,178200000,0.07054631828978622,0,167200000,0.06619160728424386,58500000,108700000,0.043032462391132224,0.07352,0.07352,1478600000,1478600000,https://www.sec.gov/Archives/edgar/data/829224/000095013408008777/0000950134-08-008777-index.html,https://www.sec.gov/Archives/edgar/data/829224/000095013408008777/v40092e10vq.htm,1620597635,18:00:35,20210509
53,2007-12-30,SBUX,USD,2008-02-08,2008-02-07 21:54:27,Q1,2767600000,1186000000,1581600000,0.5714698655875127,0,1053200000,0,85700000,1248500000.0,2434500000.0,17000000,140000000.0,473100000,0.1709423327070386,333100000,0.12035698800404683,0,326700000,0.11804451510333863,118600000,208100000,0.07519150166208989,0.13968,0.13968,1489800000,1489800000,https://www.sec.gov/Archives/edgar/data/829224/000095013407024667/v33834e10vk.htm,https://www.sec.gov/Archives/edgar/data/829224/000095013407024667/v33834e10vk.htm,1620597635,18:00:35,20210509
54,2007-09-30,SBUX,USD,2007-11-29 00:00:00,2007-11-29 16:26:17,Q4,2440935000,1684693000,756242000,0.309816525224965,0,422528000,0,0,508209000.0,2192902000.0,0,130406000.0,378439000,0.1550385405592529,248033000,0.10161393072736472,38489000,246846000,0.10112764166190415,88343000,158503000,0.06493536288348523,0.10379346473708335,0.10379346473708335,1527100000,1527100000,https://www.sec.gov/Archives/edgar/data/829224/000095013407024667/0000950134-07-024667-index.html,https://www.sec.gov/Archives/edgar/data/829224/000095013407024667/v33834e10vk.htm,1620597635,18:00:35,20210509
55,2007-07-01,SBUX,USD,2007-08-10 00:00:00,2007-08-10 16:23:46,Q3,2359200000,1003900000,1355400000,0.5745167853509664,0,938700000,0,76500000,1110100000.0,2114000000.0,-3606000,126000000.0,371200000,0.15734147168531706,245200000,0.10393353679213292,0,243000000,0.10300101729399797,84600000,158300000,0.06709901661580196,0.10366,0.10366,1527100000,1527100000,https://www.sec.gov/Archives/edgar/data/829224/000095013407017907/0000950134-07-017907-index.html,https://www.sec.gov/Archives/edgar/data/829224/000095013407017907/v32843e10vq.htm,1620597635,18:00:35,20210509
56,2007-04-01,SBUX,USD,2007-05-11 00:00:00,2007-05-11 16:22:59,Q2,2255600000,944700000,1310800000,0.5811314062777088,0,907100000,0,75700000,1069899999.9999999,2014600000.0,-600000,119000000.0,360000000,0.15960276644795177,241000000,0.1068451853165455,0,240400000,0.1065791807057989,89500000,150800000,0.06685582550097535,0.0974,0.0974,1548200000,1548200000,https://www.sec.gov/Archives/edgar/data/829224/000095013407011254/0000950134-07-011254-index.html,https://www.sec.gov/Archives/edgar/data/829224/000095013407011254/v30211e10vq.htm,1620597635,18:00:35,20210509
57,2006-12-31,SBUX,USD,2007-02-09,2007-02-09 16:03:02,Q1,2355723000,1829328000,526395000,0.2234536912871335,0,115228000,0,0,206671000.0,2035999000.0,0,116335000.0,436059000,0.18510622853366038,319724000,0.13572223898989821,18753000,326163000,0.13845558242628697,121211000,204952000,0.08700174001782043,0.135,0.13,1516176000,1565528000,https://www.sec.gov/Archives/edgar/data/829224/000089102006000406/v24294e10vk.htm,https://www.sec.gov/Archives/edgar/data/829224/000089102006000406/v24294e10vk.htm,1620597635,18:00:35,20210509
58,2006-10-01,SBUX,USD,2006-12-14,2006-12-14 17:22:16,Q4,2003400000,835000000,1168400000,0.5832085454726964,0,835000000,0,61500000,970700000.0,1805700000.0,3900000,110000000.0,307600000,0.15353898372766298,197600000,0.09863232504741938,0,201500000,0.1005790156733553,67000000,117300000,0.05855046421084157,0.07477,0.07477,1568800000,1568800000,https://www.sec.gov/Archives/edgar/data/829224/000089102006000406/v24294e10vk.htm,https://www.sec.gov/Archives/edgar/data/829224/000089102006000406/v24294e10vk.htm,1620597635,18:00:35,20210509
59,2006-07-02,SBUX,USD,2006-08-11,2006-08-11 13:26:16,Q3,1963700000,804900000,1158800000,0.5901105056780568,0,801900000,0,69500000,944199999.9999999,1749100000.0,5000000,104000000.0,318600000,0.16224474206854408,214600000,0.10928349544227733,0,219600000,0.11182970922238632,74100000,145500000,0.07409482100117126,0.09114,0.09114,1596500000,1596500000,https://www.sec.gov/Archives/edgar/data/829224/000095012406004460/v22509e10vq.htm,https://www.sec.gov/Archives/edgar/data/829224/000095012406004460/v22509e10vq.htm,1620597635,18:00:35,20210509
60,2006-04-02,SBUX,USD,2006-05-12,2006-05-12 14:39:32,Q2,1885800000,760900000,1124900000,0.5965107646622123,0,784900000,0,63600000,923000000.0000001,1683900000.0,3100000,101000000.0,302900000,0.1606214869021105,201900000,0.10706331530384983,0,205000000,0.10870717997666773,77600000,127300000,0.06750450737087708,0.0801,0.0801,1589200000,1589200000,https://www.sec.gov/Archives/edgar/data/829224/000095012406002749/v20070e10vq.htm,https://www.sec.gov/Archives/edgar/data/829224/000095012406002749/v20070e10vq.htm,1620597635,18:00:35,20210509
61,2006-01-01,SBUX,USD,2006-02-10,2006-02-10 17:07:00,Q1,1934100000,778000000,1156100000,0.5977457215242231,0,745500000,0,59100000,876200000.0,1654200000.0,300000,98000000.0,377800000,0.19533633214414972,279800000,0.1446667700739362,0,280200000,0.1448735846129983,106000000,174200000,0.09006773176154284,0.10984,0.10984,1585900000,1585900000,https://www.sec.gov/Archives/edgar/data/829224/000089102005000350/v13039e10vk.htm,https://www.sec.gov/Archives/edgar/data/829224/000089102005000350/v13039e10vk.htm,1620597635,18:00:35,20210509
62,2005-10-02,SBUX,USD,2005-12-16,2005-12-16 17:27:28,Q4,1659200000,678900000,980400000,0.590887174541948,0,666900000,0,57900000,783800000.0000001,1462700000.0,3500000,95000000.0,291500000,0.1756870781099325,196500000,0.11843056894889104,0,200000000,0.12054001928640308,76300000,123700000,0.07455400192864031,0.08045,0.08045,1537600000,1537600000,https://www.sec.gov/Archives/edgar/data/829224/000089102005000350/v13039e10vk.htm,https://www.sec.gov/Archives/edgar/data/829224/000089102005000350/v13039e10vk.htm,1620597635,18:00:35,20210509
63,2005-07-03,SBUX,USD,2005-08-10,2005-08-10 16:20:37,Q3,1601800000,649800000,952000000,0.5943313772006493,0,636600000,0,48500000,752400000.0000001,1402200000.0,3200000,92000000.0,291600000,0.18204519915095518,199600000,0.1246098139592958,0,202800000,0.12660756648770133,77300000,125500000,0.07834935697340492,0.07766,0.07766,1616100000,1616100000,https://www.sec.gov/Archives/edgar/data/829224/000095012405004858/v11192e10vq.htm,https://www.sec.gov/Archives/edgar/data/829224/000095012405004858/v11192e10vq.htm,1620597635,18:00:35,20210509
64,2005-04-03,SBUX,USD,2005-05-10,2005-05-10 17:01:05,Q2,1518700000,626700000,892000000,0.5873444393231053,0,614900000,0,46300000,732700000.0,1359400000.0,4000000,95000000.0,254300000,0.16744584183841443,159300000,0.10489234213472048,0,163300000,0.10752617370119182,60800000,102500000,0.06749193389082768,0.06189,0.06189,1656100000,1656100000,https://www.sec.gov/Archives/edgar/data/829224/000095012405003185/v08848e10vq.htm,https://www.sec.gov/Archives/edgar/data/829224/000095012405003185/v08848e10vq.htm,1620597635,18:00:35,20210509
65,2005-01-02,SBUX,USD,2005-02-16,2005-02-16 17:13:34,Q1,1589500000,649800000,939800000,0.5912551116703366,0,604600000,0,44300000,714600000.0000001,1364400000.0,5100000,85000000.0,310200000,0.19515570934256055,225200000,0.14167977351368355,0,230300000,0.14488832966341617,87600000,142700000,0.08977665932683233,0.08327,0.08327,1713600000,1713600000,https://www.sec.gov/Archives/edgar/data/829224/000089102005000046/v05812e10vq.htm,https://www.sec.gov/Archives/edgar/data/829224/000089102005000046/v05812e10vq.htm,1620597635,18:00:35,20210509
66,2004-10-03,SBUX,USD,2004-10-03,2004-10-03,Q4,1453300000,614300000,839000000,0.5773068189637377,0,590900000,0,42900000,683700000.0,1298000000.0,2800000,80000000.0,235200000,0.1618385742792266,155200000,0.10679144017064611,0,158100000,0.10878689878208216,55500000,102600000,0.07059794949425445,0.06234,0.06234,1645900000,1645900000,,,1620597635,18:00:35,20210509
67,2004-06-27,SBUX,USD,2004-08-06,2004-08-06 14:34:35,Q3,1318700000,540200000,778500000,0.5903541366497308,0,521400000,0,44300000,625599999.9999999,1165800000.0,4400000,82000000.0,234900000,0.1781299764919997,152900000,0.11594752407674225,0,157300000,0.1192841434746341,60000000,97400000,0.07386062030787897,0.05865,0.05865,1660800000,1660800000,https://www.sec.gov/Archives/edgar/data/829224/000095012404003640/v00861e10vq.htm,https://www.sec.gov/Archives/edgar/data/829224/000095012404003640/v00861e10vq.htm,1620597635,18:00:35,20210509
68,2004-03-28,SBUX,USD,2004-05-06,2004-05-06 16:22:12,Q2,1241100000,508300000,732800000,0.5904439610023366,0,506000000,0,40800000,609000000.0,1117300000.0,3700000,78000000.0,201800000,0.16259769559261944,123800000,0.09975022157763275,0,127400000,0.10265087422447829,48600000,78900000,0.06357263717669809,0.04793,0.04793,1646200000,1646200000,https://www.sec.gov/Archives/edgar/data/829224/000095012404002103/v98751e10vq.htm,https://www.sec.gov/Archives/edgar/data/829224/000095012404002103/v98751e10vq.htm,1620597635,18:00:35,20210509
69,2003-12-28,SBUX,USD,2004-02-04,2004-02-04 17:11:15,Q1,1281200000,528700000,752500000,0.5873399937558539,0,476200000,0,43700000,577800000.0,1106500000.0,3200000,74000000.0,248700000,0.19411489228847956,174700000,0.1363565407430534,0,177900000,0.138854199188261,67700000,110100000,0.0859350608804246,0.06752,0.06752,1630600000,1630600000,https://www.sec.gov/Archives/edgar/data/829224/000089102004000134/v96189e10vq.htm,https://www.sec.gov/Archives/edgar/data/829224/000089102004000134/v96189e10vq.htm,1620597635,18:00:35,20210509
70,2003-09-28,SBUX,USD,2003-09-28,2003-09-28,Q4,1081000000,449000000,632100000,0.584736355226642,0,430700000,0,43700000,519600000.0,968600000.0,800000,75000000.0,187400000,0.17335800185013875,112400000,0.10397779833487511,0,113100000,0.10462534690101757,43500000,69600000,0.06438482886216466,0.04302,0.04302,1618000000,1618000000,,,1620597635,18:00:35,20210509
71,2003-06-29,SBUX,USD,2003-08-08,2003-08-08 16:10:01,Q3,1036800000,425700000,611100000,0.5894097222222222,0,417400000,0,35700000,505099999.99999994,930800000.0,5100000,66000000.0,172000000,0.16589506172839505,106000000,0.10223765432098765,0,111100000,0.10715663580246913,42800000,68400000,0.06597222222222222,0.04247,0.04247,1610700000,1610700000,https://www.sec.gov/Archives/edgar/data/829224/000089102003002071/v92138e10vq.htm,https://www.sec.gov/Archives/edgar/data/829224/000089102003002071/v92138e10vq.htm,1620597635,18:00:35,20210509
72,2003-03-30,SBUX,USD,2003-05-13,2003-05-12 21:00:14,Q2,954200000,392100000,562100000,0.589079857472228,0,388700000,0,36500000,476600000.0,868700000.0,1200000,63000000.0,148500000,0.15562775099559842,85500000,0.08960385663382939,0,86700000,0.09086145462167261,34700000,52000000,0.05449591280653951,0.03253,0.03253,1598500000,1598500000,https://www.sec.gov/Archives/edgar/data/829224/000089102003001521/v90011e10vq.htm,https://www.sec.gov/Archives/edgar/data/829224/000089102003001521/v90011e10vq.htm,1620597635,18:00:35,20210509
73,2002-12-29,SBUX,USD,2003-02-12,2003-02-12 17:24:13,Q1,1003500000,419200000,584400000,0.5823617339312407,0,381200000,0,31500000,463500000.00000006,882700000.0000001,4500000,62000000.0,182800000,0.18216243148978575,120800000,0.12037867463876432,0,125300000,0.12486297957149975,47000000,78400000,0.07812655705032387,0.0491,0.0491,1596900000,1596900000,https://www.sec.gov/Archives/edgar/data/829224/000089102003000426/v87619e10vq.htm,https://www.sec.gov/Archives/edgar/data/829224/000089102003000426/v87619e10vq.htm,1620597635,18:00:35,20210509
74,2002-09-29,SBUX,USD,2003-02-12,2003-02-12,Q4,865200000,355500000,509700000,0.5891123439667129,0,344900000,0,34000000,420900000.0,776400000.0,3200000,63000000.0,151800000,0.1754507628294036,88800000,0.10263522884882108,0,92000000,0.10633379565418401,34300000,57700000,0.06668978270920019,0.03613,0.03613,1596900000,1596900000,https://www.sec.gov/Archives/edgar/data/829224/000089102003000427/0000891020-03-000427-index.htm,https://www.sec.gov/Archives/edgar/data/829224/000089102003000427/v87620e10vkza.htm,1620597635,18:00:35,20210509
75,2002-06-30,SBUX,USD,2002-08-14,2002-08-14 13:43:32,Q3,835158000,658115000,177043000,0.21198743231819608,0,46997000,0,0,89334000.0,747449000.0,0,54898000.0,142607000,0.17075451591195917,87709000,0.10502084635482148,8536000,89165000,0.10676422904408507,32991000,56174000,0.06726152416668463,0.036180134224729814,0.03500452402970156,1552620000,1604764000,https://www.sec.gov/Archives/edgar/data/829224/000089102002001234/v83821e10vq.htm,https://www.sec.gov/Archives/edgar/data/829224/000089102002001234/v83821e10vq.htm,1620597635,18:00:35,20210509
76,2002-03-31,SBUX,USD,2002-05-15,2002-05-15 16:58:53,Q2,783217000,624610000,158607000,0.20250709573464315,0,67314000,0,0,109827000.0,734437000.0,0,53842000.0,102622000,0.1310262673052296,48780000,0.062281589904202794,7459000,50915000,0.06500752664970244,18838000,32077000,0.04095544402126103,0.020864663610392718,0.020155908721890308,1537384000,1591444000,https://www.sec.gov/Archives/edgar/data/829224/000089102002000725/v81769e10-q.htm,https://www.sec.gov/Archives/edgar/data/829224/000089102002000725/v81769e10-q.htm,1620597635,18:00:35,20210509
77,2001-12-30,SBUX,USD,2001-12-30,2001-12-30,Q1,805300000,337000000,468300000,0.5815224140072023,0,301600000,0,30300000,376299999.99999994,713300000.0,15900000,54000000.0,146000000,0.18129889482180553,92000000,0.11424313920278158,0,107900000,0.13398733391282752,40100000,67700000,0.08406804917422078,0.04174,0.04174,1622000000,1622000000,,,1620597635,18:00:35,20210509
78,2001-09-30,SBUX,USD,2001-12-20 00:00:00,2001-12-20 00:00:00,Q4,689536000,533658000,155878000,0.22606216354186004,0,38455000,0,0,-640176000.0,-106518000.0,0,48967000.0,845021000,1.2254922150547614,796054000,1.1544777937627622,7971000,84521000,0.12257663124187859,31273000,53248000,0.07722294412474476,0.03374611825844477,0.03374611825844477,1577900000,1577900000,https://www.sec.gov/Archives/edgar/data/829224/000089102001500442/0000891020-01-500442-index.html,https://www.sec.gov/Archives/edgar/data/829224/000089102001500442/v77933e10-k.htm,1620597635,18:00:35,20210509
79,2001-07-01,SBUX,USD,2001-08-15 00:00:00,2001-08-15 00:00:00,Q3,662800000,271400000,391400000,0.5905250452625226,0,262300000,0,22700000,320100000.0,591500000.0,2900000,45000000.0,116300000,0.17546771273385636,71300000,0.1075739287869644,0,74200000,0.11194930597465298,27500000,46800000,0.07060953530476766,0.02966,0.02966,1577900000,1577900000,https://www.sec.gov/Archives/edgar/data/829224/000109581101504327/0001095811-01-504327-index.html,https://www.sec.gov/Archives/edgar/data/829224/000109581101504327/v75115e10-q.htm,1620597635,18:00:35,20210509
80,2001-04-01,SBUX,USD,2001-05-16 00:00:00,2001-05-16 00:00:00,Q2,629300000,271200000,358100000,0.5690449706022565,0,251000000,0,23800000,307200000.0,578400000.0,1600000,42000000.0,92900000,0.14762434450977277,50900000,0.08088352137295407,0,52400000,0.08326712219926903,20200000,32200000,0.05116796440489433,0.02034,0.02034,1582800000,1582800000,https://www.sec.gov/Archives/edgar/data/829224/000109581101502346/0001095811-01-502346-index.html,https://www.sec.gov/Archives/edgar/data/829224/000109581101502346/v72545e10-q.txt,1620597635,18:00:35,20210509
81,2000-12-31,SBUX,USD,2001-02-14,2001-02-14,Q1,667387000,520594000,146793000,0.21995184203468152,0,34877000,0,0,75541000.0,596135000.0,0,40664000.0,111916000,0.16769280792104133,71252000,0.1067626429642771,4805000,77770000,0.11652909031791149,28775000,48995000,0.07341317706218431,0.0325,0.03125,1509160000,1574640000,https://www.sec.gov/Archives/edgar/data/829224/000089102001000207/0000891020-01-000207-index.htm,https://www.sec.gov/Archives/edgar/data/829224/000089102001000207/v69539e10-q.txt,1620597635,18:00:35,20210509
82,2000-10-01,SBUX,USD,2000-12-22 00:00:00,2000-12-22 00:00:00,Q4,584100000,252900000,331200000,0.5670261941448382,0,213300000,0,22800000,263100000.0,516000000.0,-56900000,41000000.0,109100000,0.18678308508816982,68100000,0.11658962506420134,0,11200000,0.019174798835815784,9700000,1500000,0.0025680534155110425,0.00095,0.00095,1570900000,1570900000,https://www.sec.gov/Archives/edgar/data/829224/000089102000002203/0000891020-00-002203-index.html,https://www.sec.gov/Archives/edgar/data/829224/000089102000002203/v68084e10-k.txt,1620597635,18:00:35,20210509
83,2000-07-02,SBUX,USD,2000-08-16 00:00:00,2000-08-16 00:00:00,Q3,557500000,243100000,314500000,0.5641255605381166,0,213600000,0,17700000,260100000.0,503200000.0,1600000,33000000.0,87300000,0.1565919282511211,54300000,0.09739910313901345,0,55900000,0.10026905829596412,20900000,34900000,0.06260089686098655,0.0225,0.0225,1551000000,1551000000,https://www.sec.gov/Archives/edgar/data/829224/000089102000001527/0000891020-00-001527-index.html,https://www.sec.gov/Archives/edgar/data/829224/000089102000001527/e10-q.txt,1620597635,18:00:35,20210509
84,2000-04-02,SBUX,USD,2000-05-17 00:00:00,2000-05-17 00:00:00,Q2,506700000,225200000,281400000,0.5553582001184133,0,197900000,0,20200000,246300000.0,471500000.0,2200000,36000000.0,71200000,0.14051707124531282,35200000,0.06946911387408723,0,37400000,0.07381093349121769,14000000,23400000,0.046181172291296625,0.0152,0.0152,1539300000,1539300000,https://www.sec.gov/Archives/edgar/data/829224/000089102000001104/0000891020-00-001104-index.html,https://www.sec.gov/Archives/edgar/data/829224/0000891020-00-001104.txt,1620597635,18:00:35,20210509
85,2000-01-02,SBUX,USD,2000-01-02,2000-01-02,Q1,529300000,240700000,288600000,0.5452484413376157,0,190300000,0,17700000,234000000.0,474700000.0,1400000,32000000.0,86600000,0.16361231815605518,54600000,0.1031551105233327,0,56000000,0.10580011335726432,21300000,34700000,0.06555828452673342,0.02291,0.02291,1514700000,1514700000,,,1620597635,18:00:35,20210509
86,1999-10-03,SBUX,USD,1999-10-03,1999-10-03,Q4,474900000,199700000,275200000,0.5794904190355864,0,183800000,0,13900000,224600000.00000003,424300000.0,1700000,30000000.0,80600000,0.16971994104021898,50600000,0.1065487471046536,0,52200000,0.10991787744788377,19800000,32400000,0.06822488945041061,0.02143,0.02143,1511800000,1511800000,,,1620597635,18:00:35,20210509
87,1999-06-27,SBUX,USD,1999-06-27,1999-06-27,Q3,423800000,185000000,238800000,0.5634733364794714,0,162300000,0,13000000,200600000.00000003,385600000.0,1500000,27000000.0,65200000,0.15384615384615385,38200000,0.09013685700802265,0,39700000,0.09367626238791883,15100000,24600000,0.05804624823029731,0.01607,0.01607,1530700000,1530700000,,,1620597635,18:00:35,20210509
88,1999-03-28,SBUX,USD,1999-03-28,1999-03-28,Q2,375800000,170000000,205900000,0.5478978179882916,0,144200000,0,11100000,179100000.00000003,349100000.0,2200000,27000000.0,53800000,0.14316125598722726,26800000,0.07131452900478978,0,29000000,0.07716870675891431,11000000,18000000,0.047897817988291645,0.01195,0.01195,1506800000,1506800000,,,1620597635,18:00:35,20210509
89,1998-12-27,SBUX,USD,1998-12-27,1998-12-27,Q1,405600000,186300000,219300000,0.540680473372781,0,143000000,0,13300000,178200000.0,364500000.0,1900000,24000000.0,65200000,0.16074950690335305,41200000,0.10157790927021697,0,43100000,0.10626232741617357,16400000,26700000,0.06582840236686391,0.018,0.018,1483700000,1483700000,,,1620597635,18:00:35,20210509
90,1998-09-27,SBUX,USD,1998-12-28,1998-12-28,Q4,357700000,153700000,204000000,0.5703103159071848,0,133500000,0,13000000,166600000.00000003,320300000.0,1700000,23000000.0,60400000,0.16885658372938217,37400000,0.10455689124965055,0,39100000,0.10930947721554375,13600000,25600000,0.07156835336874476,0.01677,0.01677,1526400000,1526400000,https://www.sec.gov/Archives/edgar/data/829224/0000891020-98-001809-index.html,https://www.sec.gov/Archives/edgar/data/829224/,1620597635,18:00:35,20210509
91,1998-06-28,SBUX,USD,1998-08-12,1998-08-12,Q3,334400000,145100000,189300000,0.5660885167464115,0,132300000,0,12200000,172400000.0,317500000.0,2100000,21000000.0,37900000,0.11333732057416268,16900000,0.05053827751196172,0,19000000,0.056818181818181816,11100000,7900000,0.023624401913875596,0.00533,0.00533,1481200000,1481200000,https://www.sec.gov/Archives/edgar/data/829224/0000829224-98-000013-index.html,https://www.sec.gov/Archives/edgar/data/829224/,1620597635,18:00:35,20210509
92,1998-03-29,SBUX,USD,1998-03-29,1998-03-29,Q2,295200000,133500000,161700000,0.5477642276422764,0,114300000,0,8600000,140399999.99999997,273900000.0,2100000,19000000.0,40300000,0.13651761517615177,21300000,0.07215447154471545,0,23400000,0.07926829268292683,9500000,14000000,0.04742547425474255,0.00957,0.00957,1463000000,1463000000,,,1620597635,18:00:35,20210509
93,1997-12-28,SBUX,USD,1997-12-28,1997-12-28,Q1,321300000,146200000,175100000,0.544973544973545,0,115900000,0,9700000,141600000.00000003,287800000.0,1300000,18000000.0,51500000,0.160286336756925,33500000,0.10426392779333955,0,34800000,0.10830999066293184,13800000,21000000,0.06535947712418301,0.01443,0.01443,1455400000,1455400000,,,1620597635,18:00:35,20210509
94,1997-09-28,SBUX,USD,1997-09-28,1997-09-28,Q4,274700000,117000000,157700000,0.57408081543502,0,107100000,0,6400000,128400000.0,245400000.0,500000,17000000.0,46300000,0.1685475063705861,29300000,0.10666181288678558,0,29800000,0.10848198034219148,11900000,17900000,0.06516199490353113,0.01229,0.01229,1456300000,1456300000,,,1620597635,18:00:35,20210509
95,1997-06-29,SBUX,USD,1997-08-13 00:00:00,1997-08-13 00:00:00,Q3,244200000,103800000,140400000,0.5749385749385749,0,96900000,0,7200000,117899999.99999999,221700000.0,800000,15000000.0,37600000,0.15397215397215397,22600000,0.09254709254709255,0,23400000,0.09582309582309582,9200000,14200000,0.05814905814905815,0.00988,0.00988,1437900000,1437900000,https://www.sec.gov/Archives/edgar/data/829224/000082922497000002/0000829224-97-000002-index.html,https://www.sec.gov/Archives/edgar/data/829224/0000829224-97-000002.txt,1620597635,18:00:35,20210509
96,1997-03-30,SBUX,USD,1997-03-30,1997-03-30,Q2,217300000,100500000,116800000,0.5375057524160147,0,84200000,0,6900000,103699999.99999999,204200000.0,1700000,14000000.0,27000000,0.1242521859180856,13000000,0.05982512655315232,0,14800000,0.06810860561435803,6000000,8700000,0.04003681546249425,0.00597,0.00597,1456800000,1456800000,,,1620597635,18:00:35,20210509
97,1996-12-29,SBUX,USD,1996-12-29,1996-12-29,Q1,239100000,115600000,123600000,0.5169385194479298,0,83000000,0,7800000,102200000.00000001,217800000.00000003,2100000,13000000.0,34300000,0.14345462149728147,21300000,0.0890840652446675,0,23400000,0.09786700125470514,9000000,14400000,0.060225846925972396,0.01018,0.01018,1415000000,1415000000,,,1620597635,18:00:35,20210509
98,1996-09-29,SBUX,USD,1996-12-26 00:00:00,1996-12-26 16:23:00,Q4,196400000,89200000,107200000,0.5458248472505092,0,72600000,0,5300000,88200000.0,177400000.0,1300000,11000000.0,30000000,0.15274949083503056,19000000,0.09674134419551934,0,20300000,0.10336048879837068,7600000,12700000,0.06466395112016293,0.00842,0.00842,1508800000,1508800000,https://www.sec.gov/Archives/edgar/data/829224/000088755796000023/0000887557-96-000023-index.html,https://www.sec.gov/Archives/edgar/data/829224/0000887557-96-000023.txt,1620597635,18:00:35,20210509
99,1996-06-30,SBUX,USD,1996-08-12 00:00:00,1996-08-12 12:02:00,Q3,177000000,141100000,35900000,0.20282485875706216,0,10000000,0,0,21300000.0,162400000.0,0,10500000.0,25100000,0.14180790960451978,14600000,0.08248587570621468,2800000,15400000,0.08700564971751412,6000000,9400000,0.05310734463276836,0.000938,0.000938,1235024000,1235024000,https://www.sec.gov/Archives/edgar/data/829224/000088755796000015/0000887557-96-000015-index.html,https://www.sec.gov/Archives/edgar/data/829224/0000887557-96-000015.txt,1620597635,18:00:35,20210509
