,date,symbol,reportedCurrency,fillingDate,acceptedDate,period,revenue,costOfRevenue,grossProfit,grossProfitRatio,researchAndDevelopmentExpenses,generalAndAdministrativeExpenses,sellingAndMarketingExpenses,otherExpenses,operatingExpenses,costAndExpenses,interestExpense,depreciationAndAmortization,ebitda,ebitdaratio,operatingIncome,operatingIncomeRatio,totalOtherIncomeExpensesNet,incomeBeforeTax,incomeBeforeTaxRatio,incomeTaxExpense,netIncome,netIncomeRatio,eps,epsdiluted,weightedAverageShsOut,weightedAverageShsOutDil,link,finalLink,timestamp,est_time,est_date
0,2020-09-30,WPX,USD,2020-11-03,2020-11-03 14:44:47,Q3,583000000,333000000,250000000.0,0.4288164665523156,0.0,208000000,0.0,-1000000.0,253000000,586000000,48000000,0.0,240000000.0,0.411663807890223,-3000000.0,-0.005145797598627788,-129000000.0,-180000000,-0.30874785591766724,-32000000.0,-155000000.0,-0.2658662092624357,-0.28,-0.28,561000000,561000000,https://www.sec.gov/Archives/edgar/data/1518832/000151883220000019/0001518832-20-000019-index.htm,https://www.sec.gov/Archives/edgar/data/1518832/000151883220000019/wpx-20200930.htm,1620599914,18:38:34,20210509
1,2020-06-30,WPX,USD,2020-07-31,2020-07-30 19:41:40,Q2,308000000,261000000,47000000.0,0.1525974025974026,0.0,203000000,0.0,6000000.0,247000000,508000000,49000000,0.0,40000000.0,0.12987012987012986,-200000000.0,-0.6493506493506493,-265000000.0,-514000000,-1.6688311688311688,-101000000.0,-409000000.0,-1.327922077922078,-0.73,-0.73,559700000,559700000,https://www.sec.gov/Archives/edgar/data/1518832/000151883220000014/0001518832-20-000014-index.htm,https://www.sec.gov/Archives/edgar/data/1518832/000151883220000014/wpx-20200630.htm,1620599914,18:38:34,20210509
2,2020-03-31,WPX,USD,2020-05-07 00:00:00,2020-05-07 14:44:10,Q1,529000000,293000000,236000000.0,0.44612476370510395,0.0,214000000,0.0,-10000000.0,323000000,616000000,48000000,0.0,165000000.0,0.31190926275992437,-87000000.0,-0.16446124763705103,-132000000.0,-267000000,-0.504725897920605,-61000000.0,-388000000.0,-0.7334593572778828,-0.85,-0.85,458000000,458000000,https://www.sec.gov/Archives/edgar/data/1518832/000151883220000010/0001518832-20-000010-index.html,https://www.sec.gov/Archives/edgar/data/1518832/000151883220000010/wpx-20200331.htm,1620599914,18:38:34,20210509
3,2019-12-31,WPX,USD,2020-02-28 00:00:00,2020-02-27 17:34:57,Q4,642000000,284000000,358000000.0,0.557632398753894,0.0,210000000,0.0,0.0,285000000,569000000,40000000,0.0,329000000.0,0.5124610591900312,73000000.0,0.11370716510903427,-193000000.0,-160000000,-0.24922118380062305,-39000000.0,-122000000.0,-0.19003115264797507,-0.2663755458515284,-0.2663755458515284,458000000,458000000,https://www.sec.gov/Archives/edgar/data/1518832/000151883220000006/0001518832-20-000006-index.html,https://www.sec.gov/Archives/edgar/data/1518832/000151883220000006/wpx-20191231.htm,1620599914,18:38:34,20210509
4,2019-09-30,WPX,USD,2019-10-31 00:00:00,2019-10-31 13:26:27,Q3,620000000,277000000,343000000.0,0.5532258064516129,0.0,196000000,0.0,-12000000.0,264000000,541000000,38000000,0.0,308000000.0,0.4967741935483871,79000000.0,0.12741935483870967,120000000.0,161000000,0.25967741935483873,39000000.0,121000000.0,0.19516129032258064,0.28754752851711024,0.28686581318160265,420800000,421800000,https://www.sec.gov/Archives/edgar/data/1518832/000151883219000018/0001518832-19-000018-index.html,https://www.sec.gov/Archives/edgar/data/1518832/000151883219000018/wpx-20190930.htm,1620599914,18:38:34,20210509
5,2019-06-30,WPX,USD,2019-08-06,2019-08-06 13:48:51,Q2,617000000,262000000,355000000.0,0.5753646677471637,0.0,182000000,0.0,-3000000.0,249000000,511000000,40000000,0.0,324000000.0,0.5251215559157212,106000000.0,0.17179902755267423,323000000.0,389000000,0.6304700162074555,84000000.0,305000000.0,0.49432739059967584,0.7218934911242604,0.7201889020070839,422500000,423500000,https://www.sec.gov/Archives/edgar/data/1518832/000151883219000014/wpx-20190630.htm,https://www.sec.gov/Archives/edgar/data/1518832/000151883219000014/wpx-20190630.htm,1620599914,18:38:34,20210509
6,2019-03-31,WPX,USD,2019-05-02 00:00:00,2019-05-02 16:10:51,Q1,566000000,268000000,298000000.0,0.5265017667844523,0.0,175000000,0.0,-2000000.0,238000000,506000000,41000000,0.0,277000000.0,0.48939929328621906,60000000.0,0.10600706713780919,-81000000.0,-62000000,-0.10954063604240283,-14000000.0,-48000000.0,-0.08480565371024736,-0.11,-0.11,421000000,421000000,https://www.sec.gov/Archives/edgar/data/1518832/000151883219000009/0001518832-19-000009-index.html,https://www.sec.gov/Archives/edgar/data/1518832/000151883219000009/wpx-20190331.htm,1620599914,18:38:34,20210509
7,2018-12-31,WPX,USD,2019-02-21 00:00:00,2019-02-21 15:23:40,Q4,579000000,252000000,327000000.0,0.5647668393782384,0.0,184000000,0.0,-1000000.0,246000000,498000000,40000000,0.0,306000000.0,0.5284974093264249,81000000.0,0.13989637305699482,442000000.0,483000000,0.8341968911917098,130000000.0,354000000.0,0.6113989637305699,0.8408551068883611,0.8408551068883611,421000000,421000000,https://www.sec.gov/Archives/edgar/data/1518832/000151883219000005/0001518832-19-000005-index.html,https://www.sec.gov/Archives/edgar/data/1518832/000151883219000005/wpx-20181231.htm,1620599914,18:38:34,20210509
8,2018-09-30,WPX,USD,2018-11-01 00:00:00,2018-11-01 15:39:16,Q3,623000000,256000000,367000000.0,0.5890850722311396,0.0,138000000,0.0,-2000000.0,201000000,457000000,38000000,0.0,358000000.0,0.5746388443017657,166000000.0,0.2664526484751204,-142000000.0,-14000000,-0.02247191011235955,-8000000.0,-7000000.0,-0.011235955056179775,-0.01,-0.01,414000000,414000000,https://www.sec.gov/Archives/edgar/data/1518832/000151883218000016/0001518832-18-000016-index.html,https://www.sec.gov/Archives/edgar/data/1518832/000151883218000016/wpx2018093010q.htm,1620599914,18:38:34,20210509
9,2018-06-30,WPX,USD,2018-08-02 00:00:00,2018-08-02 15:35:06,Q2,584000000,251000000,333000000.0,0.5702054794520548,0.0,123000000,0.0,-2000000.0,181000000,432000000,39000000,0.0,347000000.0,0.5941780821917808,152000000.0,0.2602739726027397,-225000000.0,-112000000,-0.1917808219178082,-33000000.0,-81000000.0,-0.1386986301369863,-0.21,-0.21,400000000,400000000,https://www.sec.gov/Archives/edgar/data/1518832/000151883218000013/0001518832-18-000013-index.html,https://www.sec.gov/Archives/edgar/data/1518832/000151883218000013/wpx2018063010q.htm,1620599914,18:38:34,20210509
10,2018-03-31,WPX,USD,2018-05-03 00:00:00,2018-05-03 16:05:49,Q1,443000000,200000000,243000000.0,0.5485327313769752,0.0,116000000,0.0,-2000000.0,165000000,365000000,46000000,0.0,244000000.0,0.5507900677200903,78000000.0,0.17607223476297967,-73000000.0,-41000000,-0.09255079006772009,-15000000.0,-115000000.0,-0.2595936794582393,-0.3,-0.3,398600000,398600000,https://www.sec.gov/Archives/edgar/data/1518832/000151883218000006/0001518832-18-000006-index.html,https://www.sec.gov/Archives/edgar/data/1518832/000151883218000006/wpx2018033110q.htm,1620599914,18:38:34,20210509
11,2017-12-31,WPX,USD,2018-02-22 00:00:00,2018-02-22 17:19:35,Q4,448000000,196000000,252000000.0,0.5625,0.0,129000000,0.0,0.0,184000000,380000000,47000000,0.0,254000000.0,0.5669642857142857,68000000.0,0.15178571428571427,-198000000.0,-177000000,-0.3950892857142857,-146000000.0,-38000000.0,-0.08482142857142858,-0.09533366783743101,-0.09533366783743101,398600000,398600000,https://www.sec.gov/Archives/edgar/data/1518832/000151883218000003/0001518832-18-000003-index.html,https://www.sec.gov/Archives/edgar/data/1518832/000151883218000003/wpx20171231-10xk.htm,1620599914,18:38:34,20210509
12,2017-09-30,WPX,USD,2017-11-02 00:00:00,2017-11-02 16:58:41,Q3,330000000,173000000,157000000.0,0.47575757575757577,0.0,125000000,0.0,-3000000.0,171000000,344000000,48000000,0.0,152000000.0,0.46060606060606063,-14000000.0,-0.04242424242424243,-68000000.0,-130000000,-0.3939393939393939,20000000.0,-146000000.0,-0.44242424242424244,-0.38,-0.38,398100000,398100000,https://www.sec.gov/Archives/edgar/data/1518832/000151883217000019/0001518832-17-000019-index.html,https://www.sec.gov/Archives/edgar/data/1518832/000151883217000019/wpx2017093010q.htm,1620599914,18:38:34,20210509
13,2017-06-30,WPX,USD,2017-08-03 00:00:00,2017-08-03 15:13:44,Q2,297000000,179000000,118000000.0,0.39730639730639733,0.0,120000000,0.0,-8000000.0,164000000,343000000,46000000,0.0,117000000.0,0.3939393939393939,-46000000.0,-0.15488215488215487,115000000.0,23000000,0.07744107744107744,-53000000.0,76000000.0,0.2558922558922559,0.1910507792860734,0.17958412098298676,397800000,423200000,https://www.sec.gov/Archives/edgar/data/1518832/000151883217000013/0001518832-17-000013-index.html,https://www.sec.gov/Archives/edgar/data/1518832/000151883217000013/wpx2017063010q.htm,1620599914,18:38:34,20210509
14,2017-03-31,WPX,USD,2017-05-04 00:00:00,2017-05-04 16:08:51,Q1,258000000,152000000,106000000.0,0.4108527131782946,0.0,112000000,0.0,-4000000.0,170000000,322000000,47000000,0.0,79000000.0,0.3062015503875969,-64000000.0,-0.24806201550387597,236000000.0,125000000,0.4844961240310077,31000000.0,92000000.0,0.35658914728682173,0.23,0.22,386300000,410400000,https://www.sec.gov/Archives/edgar/data/1518832/000151883217000007/0001518832-17-000007-index.html,https://www.sec.gov/Archives/edgar/data/1518832/000151883217000007/wpx2017033110q.htm,1620599914,18:38:34,20210509
15,2016-12-31,WPX,USD,2017-02-23 00:00:00,2017-02-23 16:18:41,Q4,236000000,164000000,72000000.0,0.3050847457627119,0.0,116000000,0.0,-2000000.0,146000000,310000000,48000000,0.0,81000000.0,0.3432203389830508,-74000000.0,-0.3135593220338983,-147000000.0,-269000000,-1.1398305084745763,-98000000.0,-172000000.0,-0.7288135593220338,-0.4452498058503754,-0.4452498058503754,386300000,386300000,https://www.sec.gov/Archives/edgar/data/1518832/000151883217000004/0001518832-17-000004-index.html,https://www.sec.gov/Archives/edgar/data/1518832/000151883217000004/wpx20161231-10xk.htm,1620599914,18:38:34,20210509
16,2016-09-30,WPX,USD,2016-11-03 00:00:00,2016-11-03 14:43:04,Q3,213000000,181000000,32000000.0,0.15023474178403756,0.0,110000000,0.0,-10000000.0,134000000,315000000,49000000,0.0,38000000.0,0.1784037558685446,-102000000.0,-0.4788732394366197,-199000000.0,-350000000,-1.6431924882629108,-132000000.0,-219000000.0,-1.028169014084507,-0.72,-0.72,341500000,341500000,https://www.sec.gov/Archives/edgar/data/1518832/000151883216000035/0001518832-16-000035-index.html,https://www.sec.gov/Archives/edgar/data/1518832/000151883216000035/wpx2016093010q.htm,1620599914,18:38:34,20210509
17,2016-06-30,WPX,USD,2016-08-04,2016-08-04 15:43:46,Q2,292000000,295000000,-3000000.0,-0.010273972602739725,0.0,116000000,0.0,-2000000.0,144000000,439000000,53000000,0.0,14000000.0,0.04794520547945205,-147000000.0,-0.5034246575342466,-153000000.0,-353000000,-1.2089041095890412,-130000000.0,-198000000.0,-0.678082191780822,-0.68,-0.68,300700000,300700000,https://www.sec.gov/Archives/edgar/data/1518832/000151883216000030/0001518832-16-000030-index.htm,https://www.sec.gov/Archives/edgar/data/1518832/000151883216000030/wpx2016063010q.htm,1620599914,18:38:34,20210509
18,2016-03-31,WPX,USD,2016-05-05 00:00:00,2016-05-05 13:54:19,Q1,159000000,191000000,-32000000.0,-0.20125786163522014,0.0,111000000,0.0,-2000000.0,131000000,322000000,57000000,0.0,-4000000.0,-0.025157232704402517,-163000000.0,-1.0251572327044025,255000000.0,35000000,0.22012578616352202,35000000.0,-12000000.0,-0.07547169811320754,-0.06,-0.06,276100000,276100000,https://www.sec.gov/Archives/edgar/data/1518832/000151883216000021/0001518832-16-000021-index.html,https://www.sec.gov/Archives/edgar/data/1518832/000151883216000021/wpx2016033110q.htm,1620599914,18:38:34,20210509
19,2015-12-31,WPX,USD,2016-02-25 00:00:00,2016-02-25 16:51:14,Q4,316000000,306000000,10000000.0,0.03164556962025317,0.0,195000000,0.0,-29000000.0,254000000,560000000,57000000,0.0,-18000000.0,-0.056962025316455694,-244000000.0,-0.7721518987341772,-2093000000.0,-2394000000,-7.575949367088608,-862000000.0,-1534000000.0,-4.8544303797468356,-5.555957986236871,-5.555957986236871,276100000,276100000,https://www.sec.gov/Archives/edgar/data/1518832/000151883216000018/0001518832-16-000018-index.html,https://www.sec.gov/Archives/edgar/data/1518832/000151883216000018/wpx20151231-10xk.htm,1620599914,18:38:34,20210509
20,2015-09-30,WPX,USD,2015-11-05 00:00:00,2015-11-05 15:07:02,Q3,332000000,285000000,47000000.0,0.14156626506024098,0.0,179000000,0.0,-7000000.0,252000000,537000000,65000000,0.0,30000000.0,0.09036144578313253,-205000000.0,-0.6174698795180723,112000000.0,-158000000,-0.4759036144578313,-52000000.0,-230000000.0,-0.6927710843373494,-0.93,-0.93,251200000,251200000,https://www.sec.gov/Archives/edgar/data/1518832/000151883215000015/0001518832-15-000015-index.html,https://www.sec.gov/Archives/edgar/data/1518832/000151883215000015/wpx2015093010q.htm,1620599914,18:38:34,20210509
21,2015-06-30,WPX,USD,2015-08-06 00:00:00,2015-08-06 15:55:08,Q2,355000000,286000000,69000000.0,0.19436619718309858,0.0,183000000,0.0,-5000000.0,208000000,494000000,32000000,0.0,83000000.0,0.23380281690140844,-139000000.0,-0.39154929577464787,134000000.0,-37000000,-0.10422535211267606,-14000000.0,-30000000.0,-0.08450704225352113,-0.14,-0.14,205000000,205000000,https://www.sec.gov/Archives/edgar/data/1518832/000151883215000008/0001518832-15-000008-index.html,https://www.sec.gov/Archives/edgar/data/1518832/000151883215000008/wpx2015063010q.htm,1620599914,18:38:34,20210509
22,2015-03-31,WPX,USD,2015-05-06 00:00:00,2015-05-06 16:12:46,Q1,467000000,325000000,142000000.0,0.30406852248394006,0.0,194000000,0.0,-26000000.0,223000000,548000000,33000000,0.0,109000000.0,0.2334047109207709,-81000000.0,-0.1734475374732334,149000000.0,35000000,0.07494646680942184,13000000.0,67000000.0,0.14346895074946467,0.33,0.32,204100000,205900000,https://www.sec.gov/Archives/edgar/data/1518832/000151883215000005/0001518832-15-000005-index.html,https://www.sec.gov/Archives/edgar/data/1518832/000151883215000005/wpx2015033110q.htm,1620599914,18:38:34,20210509
23,2014-12-31,WPX,USD,2015-02-26,2015-02-26 17:19:11,Q4,510000000,382000000,128000000.0,0.25098039215686274,0.0,166000000,0.0,-3000000.0,243000000,625000000,36000000,0.0,107000000.0,0.20980392156862746,-115000000.0,-0.22549019607843138,464000000.0,313000000,0.6137254901960785,106000000.0,219000000.0,0.4294117647058823,1.0730034296913278,1.0730034296913278,204100000,204100000,https://www.sec.gov/Archives/edgar/data/1518832/000151883215000002/0001518832-15-000002-index.htm,https://www.sec.gov/Archives/edgar/data/1518832/000151883215000002/wpx20141231-10xk.htm,1620599914,18:38:34,20210509
24,2014-09-30,WPX,USD,2014-11-05 00:00:00,2014-11-05 16:34:41,Q3,646000000,377000000,269000000.0,0.41640866873065013,0.0,230000000,0.0,-3000000.0,299000000,676000000,30000000,0.0,183000000.0,0.28328173374613,-30000000.0,-0.04643962848297214,149000000.0,89000000,0.13777089783281735,28000000.0,62000000.0,0.09597523219814241,0.3049680275454993,0.2987951807228916,203300000,207500000,https://www.sec.gov/Archives/edgar/data/1518832/000151883214000024/0001518832-14-000024-index.html,https://www.sec.gov/Archives/edgar/data/1518832/000151883214000024/wpx2014093010q.htm,1620599914,18:38:34,20210509
25,2014-06-30,WPX,USD,2014-08-06 00:00:00,2014-08-06 15:16:43,Q2,831000000,448000000,383000000.0,0.4608904933814681,0.0,248000000,0.0,-3000000.0,347000000,795000000,27000000,0.0,248000000.0,0.29843561973525873,36000000.0,0.04332129963898917,-210000000.0,-201000000,-0.24187725631768953,-68000000.0,-135000000.0,-0.1624548736462094,-0.66,-0.66,202700000,202700000,https://www.sec.gov/Archives/edgar/data/1518832/000151883214000021/0001518832-14-000021-index.html,https://www.sec.gov/Archives/edgar/data/1518832/000151883214000021/wpx2014063010q.htm,1620599914,18:38:34,20210509
26,2014-03-31,WPX,USD,2014-05-07 00:00:00,2014-05-07 15:12:53,Q1,1182000000,598000000,584000000.0,0.494077834179357,0.0,257000000,0.0,-3000000.0,319000000,917000000,29000000,0.0,469000000.0,0.39678510998307953,265000000.0,0.22419627749576987,-194000000.0,42000000,0.03553299492385787,23000000.0,18000000.0,0.015228426395939087,0.08933002481389578,0.08771929824561403,201500000,205200000,https://www.sec.gov/Archives/edgar/data/1518832/000151883214000014/0001518832-14-000014-index.html,https://www.sec.gov/Archives/edgar/data/1518832/000151883214000014/wpx2014033110q.htm,1620599914,18:38:34,20210509
27,2013-12-31,WPX,USD,2014-02-27,2014-02-27 16:04:27,Q4,750000000,506000000,244000000.0,0.3253333333333333,0.0,262000000,0.0,1000000.0,667000000,1173000000,25000000,0.0,-181000000.0,-0.24133333333333334,-423000000.0,-0.564,-1107000000.0,-1555000000,-2.0733333333333333,-571000000.0,-973000000.0,-1.2973333333333332,-4.828784119106699,-4.828784119106699,201500000,201500000,https://www.sec.gov/Archives/edgar/data/1518832/000151883214000011/0001518832-14-000011-index.htm,https://www.sec.gov/Archives/edgar/data/1518832/000151883214000011/wpx20131231-10xk.htm,1620599914,18:38:34,20210509
28,2013-09-30,WPX,USD,2013-11-07 00:00:00,2013-11-07 13:19:58,Q3,673000000,442000000,231000000.0,0.34323922734026746,0.0,256000000,0.0,-10000000.0,313000000,755000000,26000000,0.0,149000000.0,0.2213967310549777,-82000000.0,-0.12184249628528974,-40000000.0,-148000000,-0.2199108469539376,-32000000.0,-114000000.0,-0.16939078751857356,-0.57,-0.57,200700000,200700000,https://www.sec.gov/Archives/edgar/data/1518832/000151883213000008/0001518832-13-000008-index.html,https://www.sec.gov/Archives/edgar/data/1518832/000151883213000008/wpx2013093010q.htm,1620599914,18:38:34,20210509
29,2013-06-30,WPX,USD,2013-08-01 00:00:00,2013-08-01 15:53:47,Q2,737000000,449000000,288000000.0,0.39077340569877883,0.0,258000000,0.0,-1000000.0,314000000,763000000,27000000,0.0,200000000.0,0.27137042062415195,-26000000.0,-0.035278154681139755,86000000.0,33000000,0.04477611940298507,11000000.0,18000000.0,0.024423337856173677,0.08982035928143713,0.08832188420019627,200400000,203800000,https://www.sec.gov/Archives/edgar/data/1518832/000151883213000003/0001518832-13-000003-index.html,https://www.sec.gov/Archives/edgar/data/1518832/000151883213000003/wpx2013063010q.htm,1620599914,18:38:34,20210509
30,2013-03-31,WPX,USD,2013-05-02 00:00:00,2013-05-02 16:39:39,Q1,725000000,474000000,251000000.0,0.34620689655172415,0.0,254000000,0.0,-7000000.0,308000000,782000000,25000000,0.0,167000000.0,0.2303448275862069,-57000000.0,-0.07862068965517241,-94000000.0,-176000000,-0.24275862068965517,-63000000.0,-116000000.0,-0.16,-0.58,-0.58,199900000,199900000,https://www.sec.gov/Archives/edgar/data/1518832/000144530513001071/0001445305-13-001071-index.html,https://www.sec.gov/Archives/edgar/data/1518832/000144530513001071/wpx2013033110q.htm,1620599914,18:38:34,20210509
31,2012-12-31,WPX,USD,2013-02-28 00:00:00,2013-02-28 17:21:09,Q4,749000000,632000000,117000000.0,0.15620827770360482,0.0,870000000,0.0,-4000000.0,199000000,831000000,24000000,0.0,260000000.0,0.3471295060080107,-82000000.0,-0.10947930574098798,-37000000.0,-143000000,-0.1909212283044059,-40000000.0,-106000000.0,-0.14152202937249667,-0.53,-0.53,199200000,199200000,https://www.sec.gov/Archives/edgar/data/1518832/000119312513084857/0001193125-13-084857-index.html,https://www.sec.gov/Archives/edgar/data/1518832/000119312513084857/d448908d10k.htm,1620599914,18:38:34,20210509
32,2012-09-30,WPX,USD,2012-11-01 00:00:00,2012-11-01 16:40:20,Q3,677000000,392000000,285000000.0,0.42097488921713444,0.0,67000000,0.0,0.0,360000000,752000000,23000000,0.0,169000000.0,0.24963072378138848,-75000000.0,-0.11078286558345643,7000000.0,-91000000,-0.1344165435745938,-28000000.0,-64000000.0,-0.09453471196454949,-0.32,-0.32,199100000,199100000,https://www.sec.gov/Archives/edgar/data/1518832/000119312512446699/0001193125-12-446699-index.html,https://www.sec.gov/Archives/edgar/data/1518832/000119312512446699/d418137d10q.htm,1620599914,18:38:34,20210509
33,2012-06-30,WPX,USD,2012-08-03 00:00:00,2012-08-02 18:32:11,Q2,704000000,381000000,323000000.0,0.4588068181818182,0.0,71000000,0.0,0.0,361000000,742000000,23000000,0.0,210000000.0,0.29829545454545453,-38000000.0,-0.05397727272727273,14000000.0,-47000000,-0.06676136363636363,-18000000.0,-10000000.0,-0.014204545454545454,-0.05,-0.05,198900000,198900000,https://www.sec.gov/Archives/edgar/data/1518832/000119312512332446/0001193125-12-332446-index.html,https://www.sec.gov/Archives/edgar/data/1518832/000119312512332446/d356943d10q.htm,1620599914,18:38:34,20210509
34,2012-03-31,WPX,USD,2012-05-04,2012-05-03 17:51:59,Q1,896000000,587000000,309000000.0,0.34486607142857145,0.0,68000000,0.0,0.0,320000000,907000000,24000000,0.0,224000000.0,0.25,-11000000.0,-0.012276785714285714,-28000000.0,-63000000,-0.0703125,-25000000.0,-43000000.0,-0.04799107142857143,-0.216407,-0.216407,198700000,198700000,https://www.sec.gov/Archives/edgar/data/1518832/000119312512209028/0001193125-12-209028-index.htm,https://www.sec.gov/Archives/edgar/data/1518832/000119312512209028/d296225d10q.htm,1620599914,18:38:34,20210509
