,date,symbol,reportedCurrency,fillingDate,acceptedDate,period,revenue,costOfRevenue,grossProfit,grossProfitRatio,researchAndDevelopmentExpenses,generalAndAdministrativeExpenses,sellingAndMarketingExpenses,otherExpenses,operatingExpenses,costAndExpenses,interestExpense,depreciationAndAmortization,ebitda,ebitdaratio,operatingIncome,operatingIncomeRatio,totalOtherIncomeExpensesNet,incomeBeforeTax,incomeBeforeTaxRatio,incomeTaxExpense,netIncome,netIncomeRatio,eps,epsdiluted,weightedAverageShsOut,weightedAverageShsOutDil,link,finalLink,timestamp,est_time,est_date
0,2019-06-30,JII.L,GBP,2019-06-30,2019-06-30,Q2,22113750.0,0.0,0.0,0.0,0.0,189500.0,0.0,0.0,2750.0,0.0,133250.0,0.0,0.0,0.0,0.0,0.0,0.0,21900500.0,0.9903566785371093,29500.0,21871000.0,0.9890226668927703,0.20915,0.20915,104574940,104574940,https://find-and-update.company-information.service.gov.uk/search/companies?q=JPMorgan+Indian+Investment+Trust+PLC,https://find-and-update.company-information.service.gov.uk/search/companies?q=JPMorgan+Indian+Investment+Trust+PLC,1620593924,16:58:44,20210509
1,2019-03-31,JII.L,GBP,2019-03-31,2019-03-31,Q1,22113750.0,0.0,0.0,0.0,0.0,189500.0,0.0,0.0,2750.0,0.0,133250.0,0.0,0.0,0.0,0.0,0.0,0.0,21900500.0,0.9903566785371093,29500.0,21871000.0,0.9890226668927703,0.20915,0.20915,104574940,104574940,https://find-and-update.company-information.service.gov.uk/search/companies?q=JPMorgan+Indian+Investment+Trust+PLC,https://find-and-update.company-information.service.gov.uk/search/companies?q=JPMorgan+Indian+Investment+Trust+PLC,1620593924,16:58:44,20210509
2,2019-01-31,JII.L,GBP,2019-01-31,2019-01-31,Q1,22113750.0,0.0,0.0,0.0,0.0,189500.0,0.0,0.0,2750.0,0.0,133250.0,0.0,0.0,0.0,0.0,0.0,0.0,21900500.0,0.9903566785371093,29500.0,21871000.0,0.9890226668927703,0.20915,0.20915,104574940,104574940,https://find-and-update.company-information.service.gov.uk/search/companies?q=JPMorgan+Indian+Investment+Trust+PLC,https://find-and-update.company-information.service.gov.uk/search/companies?q=JPMorgan+Indian+Investment+Trust+PLC,1620593924,16:58:44,20210509
3,2018-06-30,JII.L,GBP,2018-06-30,2018-06-30,Q2,-15011500.0,0.0,0.0,0.0,0.0,401000.0,0.0,0.0,250.0,0.0,282000.0,0.0,0.0,0.0,0.0,0.0,0.0,-15417750.0,1.0270625853512307,782000.0,-16199750.0,1.0791559804150153,-0.154225,-0.154225,105034167,105034167,https://find-and-update.company-information.service.gov.uk/search/companies?q=JPMorgan+Indian+Investment+Trust+PLC,https://find-and-update.company-information.service.gov.uk/search/companies?q=JPMorgan+Indian+Investment+Trust+PLC,1620593924,16:58:44,20210509
4,2018-03-31,JII.L,GBP,2018-03-31,2018-03-31,Q1,-15011500.0,0.0,0.0,0.0,0.0,401000.0,0.0,0.0,250.0,0.0,282000.0,0.0,0.0,0.0,0.0,0.0,0.0,-15417750.0,1.0270625853512307,782000.0,-16199750.0,1.0791559804150153,-0.154225,-0.154225,105034167,105034167,https://find-and-update.company-information.service.gov.uk/search/companies?q=JPMorgan+Indian+Investment+Trust+PLC,https://find-and-update.company-information.service.gov.uk/search/companies?q=JPMorgan+Indian+Investment+Trust+PLC,1620593924,16:58:44,20210509
5,2018-01-31,JII.L,GBP,2018-01-31,2018-01-31,Q1,-15011500.0,0.0,0.0,0.0,0.0,401000.0,0.0,0.0,250.0,0.0,282000.0,0.0,0.0,0.0,0.0,0.0,0.0,-15417750.0,1.0270625853512307,782000.0,-16199750.0,1.0791559804150153,-0.154225,-0.154225,105034167,105034167,https://find-and-update.company-information.service.gov.uk/search/companies?q=JPMorgan+Indian+Investment+Trust+PLC,https://find-and-update.company-information.service.gov.uk/search/companies?q=JPMorgan+Indian+Investment+Trust+PLC,1620593924,16:58:44,20210509
6,2017-06-30,JII.L,GBP,2017-06-30,2017-06-30,Q2,17780500.0,0.0,0.0,0.0,0.0,358500.0,28250.0,0.0,250.0,0.0,282750.0,0.0,0.0,0.0,0.0,0.0,0.0,17365250.0,0.976645763617446,0.0,17365250.0,0.976645763617446,0.164925,0.164925,105291799,105291799,https://find-and-update.company-information.service.gov.uk/search/companies?q=JPMorgan+Indian+Investment+Trust+PLC,https://find-and-update.company-information.service.gov.uk/search/companies?q=JPMorgan+Indian+Investment+Trust+PLC,1620593924,16:58:44,20210509
7,2017-03-31,JII.L,GBP,2017-03-31,2017-03-31,Q1,17780500.0,0.0,0.0,0.0,0.0,358500.0,28250.0,0.0,250.0,0.0,282750.0,0.0,0.0,0.0,0.0,0.0,0.0,17365250.0,0.976645763617446,0.0,17365250.0,0.976645763617446,0.164925,0.164925,105291799,105291799,https://find-and-update.company-information.service.gov.uk/search/companies?q=JPMorgan+Indian+Investment+Trust+PLC,https://find-and-update.company-information.service.gov.uk/search/companies?q=JPMorgan+Indian+Investment+Trust+PLC,1620593924,16:58:44,20210509
8,2017-01-31,JII.L,GBP,2017-01-31,2017-01-31,Q1,17780500.0,0.0,0.0,0.0,0.0,358500.0,28250.0,0.0,250.0,0.0,282750.0,0.0,0.0,0.0,0.0,0.0,0.0,17365250.0,0.976645763617446,0.0,17365250.0,0.976645763617446,0.164925,0.164925,105291799,105291799,https://find-and-update.company-information.service.gov.uk/search/companies?q=JPMorgan+Indian+Investment+Trust+PLC,https://find-and-update.company-information.service.gov.uk/search/companies?q=JPMorgan+Indian+Investment+Trust+PLC,1620593924,16:58:44,20210509
9,2016-06-30,JII.L,GBP,2016-06-30,2016-06-30,Q2,42314000.0,0.0,0.0,0.0,0.0,274750.0,45500.0,0.0,14000.0,0.0,172750.0,0.0,0.0,0.0,41934250.0,0.9910254289360495,0.0,41934250.0,0.9910254289360495,16750.0,41917500.0,0.9906295788627877,0.397325,0.397325,105496718,105496718,https://find-and-update.company-information.service.gov.uk/search/companies?q=JPMorgan+Indian+Investment+Trust+PLC,https://find-and-update.company-information.service.gov.uk/search/companies?q=JPMorgan+Indian+Investment+Trust+PLC,1620593924,16:58:44,20210509
10,2016-03-31,JII.L,GBP,2016-03-31,2016-03-31,Q1,42314000.0,0.0,0.0,0.0,0.0,274750.0,45500.0,0.0,14000.0,0.0,172750.0,0.0,0.0,0.0,41934250.0,0.9910254289360495,0.0,41934250.0,0.9910254289360495,16750.0,41917500.0,0.9906295788627877,0.397325,0.397325,105496718,105496718,https://find-and-update.company-information.service.gov.uk/search/companies?q=JPMorgan+Indian+Investment+Trust+PLC,https://find-and-update.company-information.service.gov.uk/search/companies?q=JPMorgan+Indian+Investment+Trust+PLC,1620593924,16:58:44,20210509
11,2016-01-31,JII.L,GBP,2016-01-31,2016-01-31,Q1,42314000.0,0.0,0.0,0.0,0.0,274750.0,45500.0,0.0,14000.0,0.0,172750.0,0.0,0.0,0.0,41934250.0,0.9910254289360495,0.0,41934250.0,0.9910254289360495,16750.0,41917500.0,0.9906295788627877,0.397325,0.397325,105496718,105496718,https://find-and-update.company-information.service.gov.uk/search/companies?q=JPMorgan+Indian+Investment+Trust+PLC,https://find-and-update.company-information.service.gov.uk/search/companies?q=JPMorgan+Indian+Investment+Trust+PLC,1620593924,16:58:44,20210509
12,2015-09-30,JII.L,GBP,2015-09-30,2015-09-30,Q3,18934750.0,0.0,0.0,0.0,0.0,274500.0,45500.0,0.0,16500.0,0.0,189750.0,0.0,0.0,0.0,18552750.0,0.9798254532011249,0.0,18552750.0,0.9798254532011249,26250.0,18526500.0,0.978439113270574,0.175275,0.175275,105707798,105707798,https://find-and-update.company-information.service.gov.uk/search/companies?q=JPMorgan+Indian+Investment+Trust+PLC,https://find-and-update.company-information.service.gov.uk/search/companies?q=JPMorgan+Indian+Investment+Trust+PLC,1620593924,16:58:44,20210509
13,2015-06-30,JII.L,GBP,2015-06-30,2015-06-30,Q2,18934750.0,0.0,0.0,0.0,0.0,274500.0,45500.0,0.0,16500.0,0.0,189750.0,0.0,0.0,0.0,18552750.0,0.9798254532011249,0.0,18552750.0,0.9798254532011249,26250.0,18526500.0,0.978439113270574,0.175275,0.175275,105707798,105707798,https://find-and-update.company-information.service.gov.uk/search/companies?q=JPMorgan+Indian+Investment+Trust+PLC,https://find-and-update.company-information.service.gov.uk/search/companies?q=JPMorgan+Indian+Investment+Trust+PLC,1620593924,16:58:44,20210509
14,2015-03-31,JII.L,GBP,2015-03-31,2015-03-31,Q1,18934750.0,0.0,0.0,0.0,0.0,274500.0,45500.0,0.0,16500.0,0.0,189750.0,0.0,0.0,0.0,18552750.0,0.9798254532011249,0.0,18552750.0,0.9798254532011249,26250.0,18526500.0,0.978439113270574,0.175275,0.175275,105707798,105707798,https://find-and-update.company-information.service.gov.uk/search/companies?q=JPMorgan+Indian+Investment+Trust+PLC,https://find-and-update.company-information.service.gov.uk/search/companies?q=JPMorgan+Indian+Investment+Trust+PLC,1620593924,16:58:44,20210509
15,2015-01-31,JII.L,GBP,2015-01-31,2015-01-31,Q1,18934750.0,0.0,0.0,0.0,0.0,274500.0,45500.0,0.0,16500.0,0.0,189750.0,0.0,0.0,0.0,18552750.0,0.9798254532011249,0.0,18552750.0,0.9798254532011249,26250.0,18526500.0,0.978439113270574,0.175275,0.175275,105707798,105707798,https://find-and-update.company-information.service.gov.uk/search/companies?q=JPMorgan+Indian+Investment+Trust+PLC,https://find-and-update.company-information.service.gov.uk/search/companies?q=JPMorgan+Indian+Investment+Trust+PLC,1620593924,16:58:44,20210509
16,2014-09-30,JII.L,GBP,2014-09-30,2014-09-30,Q3,37186250.0,0.0,0.0,0.0,0.0,295250.0,0.0,0.0,12750.0,0.0,81750.0,0.0,0.0,0.0,0.0,0.0,0.0,36840250.0,0.99069548556254,0.0,36840250.0,0.99069548556254,0.349125,0.349125,105522093,105522093,https://find-and-update.company-information.service.gov.uk/search/companies?q=JPMorgan+Indian+Investment+Trust+PLC,https://find-and-update.company-information.service.gov.uk/search/companies?q=JPMorgan+Indian+Investment+Trust+PLC,1620593924,16:58:44,20210509
17,2014-06-30,JII.L,GBP,2014-06-30,2014-06-30,Q2,37186250.0,0.0,0.0,0.0,0.0,295250.0,0.0,0.0,12750.0,0.0,81750.0,0.0,0.0,0.0,0.0,0.0,0.0,36840250.0,0.99069548556254,0.0,36840250.0,0.99069548556254,0.349125,0.349125,105522093,105522093,https://find-and-update.company-information.service.gov.uk/search/companies?q=JPMorgan+Indian+Investment+Trust+PLC,https://find-and-update.company-information.service.gov.uk/search/companies?q=JPMorgan+Indian+Investment+Trust+PLC,1620593924,16:58:44,20210509
18,2014-03-31,JII.L,GBP,2014-03-31,2014-03-31,Q1,37186250.0,0.0,0.0,0.0,0.0,295250.0,0.0,0.0,12750.0,0.0,81750.0,0.0,0.0,0.0,0.0,0.0,0.0,36840250.0,0.99069548556254,0.0,36840250.0,0.99069548556254,0.349125,0.349125,105522093,105522093,https://find-and-update.company-information.service.gov.uk/search/companies?q=JPMorgan+Indian+Investment+Trust+PLC,https://find-and-update.company-information.service.gov.uk/search/companies?q=JPMorgan+Indian+Investment+Trust+PLC,1620593924,16:58:44,20210509
19,2014-01-31,JII.L,GBP,2014-01-31,2014-01-31,Q1,37186250.0,0.0,0.0,0.0,0.0,295250.0,0.0,0.0,12750.0,0.0,81750.0,0.0,0.0,0.0,0.0,0.0,0.0,36840250.0,0.99069548556254,0.0,36840250.0,0.99069548556254,0.349125,0.349125,105522093,105522093,https://find-and-update.company-information.service.gov.uk/search/companies?q=JPMorgan+Indian+Investment+Trust+PLC,https://find-and-update.company-information.service.gov.uk/search/companies?q=JPMorgan+Indian+Investment+Trust+PLC,1620593924,16:58:44,20210509
20,2013-09-30,JII.L,GBP,2013-09-30,2013-09-30,Q3,-16642000.0,0.0,0.0,0.0,0.0,263750.0,36250.0,0.0,14250.0,0.0,56000.0,0.0,0.0,0.0,-16992500.0,1.021061170532388,0.0,-16992500.0,1.021061170532388,0.0,-16992500.0,1.021061170532388,-0.158475,-0.158475,107223518,107223518,https://find-and-update.company-information.service.gov.uk/search/companies?q=JPMorgan+Indian+Investment+Trust+PLC,https://find-and-update.company-information.service.gov.uk/search/companies?q=JPMorgan+Indian+Investment+Trust+PLC,1620593924,16:58:44,20210509
21,2013-06-30,JII.L,GBP,2013-06-30,2013-06-30,Q2,-16642000.0,0.0,0.0,0.0,0.0,263750.0,36250.0,0.0,14250.0,0.0,56000.0,0.0,0.0,0.0,-16992500.0,1.021061170532388,0.0,-16992500.0,1.021061170532388,0.0,-16992500.0,1.021061170532388,-0.158475,-0.158475,107223518,107223518,https://find-and-update.company-information.service.gov.uk/search/companies?q=JPMorgan+Indian+Investment+Trust+PLC,https://find-and-update.company-information.service.gov.uk/search/companies?q=JPMorgan+Indian+Investment+Trust+PLC,1620593924,16:58:44,20210509
22,2013-03-31,JII.L,GBP,2013-03-31,2013-03-31,Q1,-16642000.0,0.0,0.0,0.0,0.0,263750.0,36250.0,0.0,14250.0,0.0,56000.0,0.0,0.0,0.0,-16992500.0,1.021061170532388,0.0,-16992500.0,1.021061170532388,0.0,-16992500.0,1.021061170532388,-0.158475,-0.158475,107223518,107223518,https://find-and-update.company-information.service.gov.uk/search/companies?q=JPMorgan+Indian+Investment+Trust+PLC,https://find-and-update.company-information.service.gov.uk/search/companies?q=JPMorgan+Indian+Investment+Trust+PLC,1620593924,16:58:44,20210509
23,2013-01-31,JII.L,GBP,2013-01-31,2013-01-31,Q1,-16642000.0,0.0,0.0,0.0,0.0,263750.0,36250.0,0.0,14250.0,0.0,56000.0,0.0,0.0,0.0,-16992500.0,1.021061170532388,0.0,-16992500.0,1.021061170532388,0.0,-16992500.0,1.021061170532388,-0.158475,-0.158475,107223518,107223518,https://find-and-update.company-information.service.gov.uk/search/companies?q=JPMorgan+Indian+Investment+Trust+PLC,https://find-and-update.company-information.service.gov.uk/search/companies?q=JPMorgan+Indian+Investment+Trust+PLC,1620593924,16:58:44,20210509
24,2012-09-30,JII.L,GBP,2012-09-30,2012-09-30,Q3,5439000.0,0.0,0.0,0.0,0.0,336500.0,0.0,0.0,1438500.0,0.0,69250.0,0.0,0.0,0.0,5102500.0,0.938132009560581,0.0,5102500.0,0.938132009560581,0.0,5102500.0,0.938132009560581,0.04405,0.0437,115815283,116793906,https://find-and-update.company-information.service.gov.uk/search/companies?q=JPMorgan+Indian+Investment+Trust+PLC,https://find-and-update.company-information.service.gov.uk/search/companies?q=JPMorgan+Indian+Investment+Trust+PLC,1620593924,16:58:44,20210509
25,2012-06-30,JII.L,GBP,2012-06-30,2012-06-30,Q2,5439000.0,0.0,0.0,0.0,0.0,336500.0,0.0,0.0,1438500.0,0.0,69250.0,0.0,0.0,0.0,5102500.0,0.938132009560581,0.0,5102500.0,0.938132009560581,0.0,5102500.0,0.938132009560581,0.04405,0.0437,115815283,116793906,https://find-and-update.company-information.service.gov.uk/search/companies?q=JPMorgan+Indian+Investment+Trust+PLC,https://find-and-update.company-information.service.gov.uk/search/companies?q=JPMorgan+Indian+Investment+Trust+PLC,1620593924,16:58:44,20210509
26,2012-03-31,JII.L,GBP,2012-03-31,2012-03-31,Q1,5439000.0,0.0,0.0,0.0,0.0,336500.0,0.0,0.0,1438500.0,0.0,69250.0,0.0,0.0,0.0,5102500.0,0.938132009560581,0.0,5102500.0,0.938132009560581,0.0,5102500.0,0.938132009560581,0.04405,0.0437,115815283,116793906,https://find-and-update.company-information.service.gov.uk/search/companies?q=JPMorgan+Indian+Investment+Trust+PLC,https://find-and-update.company-information.service.gov.uk/search/companies?q=JPMorgan+Indian+Investment+Trust+PLC,1620593924,16:58:44,20210509
27,2012-01-31,JII.L,GBP,2012-01-31,2012-01-31,Q1,5439000.0,0.0,0.0,0.0,0.0,336500.0,0.0,0.0,1438500.0,0.0,69250.0,0.0,0.0,0.0,5102500.0,0.938132009560581,0.0,5102500.0,0.938132009560581,0.0,5102500.0,0.938132009560581,0.04405,0.0437,115815283,116793906,https://find-and-update.company-information.service.gov.uk/search/companies?q=JPMorgan+Indian+Investment+Trust+PLC,https://find-and-update.company-information.service.gov.uk/search/companies?q=JPMorgan+Indian+Investment+Trust+PLC,1620593924,16:58:44,20210509
28,2011-09-30,JII.L,GBP,2011-09-30,2011-09-30,Q3,-30457500.0,0.0,0.0,0.0,0.0,383250.0,0.0,0.0,1808250.0,0.0,127000.0,0.0,0.0,0.0,-32649000.0,1.0719527210046786,0.0,-32649000.0,1.0719527210046786,0.0,-32649000.0,1.0719527210046786,-0.2839,-0.2839,114998087,114998087,https://find-and-update.company-information.service.gov.uk/search/companies?q=JPMorgan+Indian+Investment+Trust+PLC,https://find-and-update.company-information.service.gov.uk/search/companies?q=JPMorgan+Indian+Investment+Trust+PLC,1620593924,16:58:44,20210509
29,2011-06-30,JII.L,GBP,2011-06-30,2011-06-30,Q2,-30457500.0,0.0,0.0,0.0,0.0,383250.0,0.0,0.0,1808250.0,0.0,127000.0,0.0,0.0,0.0,-32649000.0,1.0719527210046786,0.0,-32649000.0,1.0719527210046786,0.0,-32649000.0,1.0719527210046786,-0.2839,-0.2839,114998087,114998087,https://find-and-update.company-information.service.gov.uk/search/companies?q=JPMorgan+Indian+Investment+Trust+PLC,https://find-and-update.company-information.service.gov.uk/search/companies?q=JPMorgan+Indian+Investment+Trust+PLC,1620593924,16:58:44,20210509
30,2011-03-31,JII.L,GBP,2011-03-31,2011-03-31,Q1,-30457500.0,0.0,0.0,0.0,0.0,383250.0,0.0,0.0,1808250.0,0.0,127000.0,0.0,0.0,0.0,-32649000.0,1.0719527210046786,0.0,-32649000.0,1.0719527210046786,0.0,-32649000.0,1.0719527210046786,-0.2839,-0.2839,114998087,114998087,https://find-and-update.company-information.service.gov.uk/search/companies?q=JPMorgan+Indian+Investment+Trust+PLC,https://find-and-update.company-information.service.gov.uk/search/companies?q=JPMorgan+Indian+Investment+Trust+PLC,1620593924,16:58:44,20210509
31,2011-01-31,JII.L,GBP,2011-01-31,2011-01-31,Q1,-30457500.0,0.0,0.0,0.0,0.0,383250.0,0.0,0.0,1808250.0,0.0,127000.0,0.0,0.0,0.0,-32649000.0,1.0719527210046786,0.0,-32649000.0,1.0719527210046786,0.0,-32649000.0,1.0719527210046786,-0.2839,-0.2839,114998087,114998087,https://find-and-update.company-information.service.gov.uk/search/companies?q=JPMorgan+Indian+Investment+Trust+PLC,https://find-and-update.company-information.service.gov.uk/search/companies?q=JPMorgan+Indian+Investment+Trust+PLC,1620593924,16:58:44,20210509
32,2010-09-30,JII.L,GBP,2010-09-30,2010-09-30,Q3,39658250.0,0.0,0.0,0.0,0.0,403825.0,0.0,0.0,1544500.0,0.0,78000.0,0.0,0.0,0.0,37709925.0,0.9508721388361816,0.0,37709925.0,0.9508721388361816,43000.0,37666925.0,0.9497878751583845,0.3367,0.3255,111875619,111875619,https://find-and-update.company-information.service.gov.uk/search/companies?q=JPMorgan+Indian+Investment+Trust+PLC,https://find-and-update.company-information.service.gov.uk/search/companies?q=JPMorgan+Indian+Investment+Trust+PLC,1620593924,16:58:44,20210509
33,2010-06-30,JII.L,GBP,2010-06-30,2010-06-30,Q2,39658250.0,0.0,0.0,0.0,0.0,403825.0,0.0,0.0,1544500.0,0.0,78000.0,0.0,0.0,0.0,37709925.0,0.9508721388361816,0.0,37709925.0,0.9508721388361816,43000.0,37666925.0,0.9497878751583845,0.3367,0.3255,111875619,111875619,https://find-and-update.company-information.service.gov.uk/search/companies?q=JPMorgan+Indian+Investment+Trust+PLC,https://find-and-update.company-information.service.gov.uk/search/companies?q=JPMorgan+Indian+Investment+Trust+PLC,1620593924,16:58:44,20210509
34,2010-03-31,JII.L,GBP,2010-03-31,2010-03-31,Q1,39658250.0,0.0,0.0,0.0,0.0,403825.0,0.0,0.0,1544500.0,0.0,78000.0,0.0,0.0,0.0,37709925.0,0.9508721388361816,0.0,37709925.0,0.9508721388361816,43000.0,37666925.0,0.9497878751583845,0.3367,0.3255,111875619,111875619,https://find-and-update.company-information.service.gov.uk/search/companies?q=JPMorgan+Indian+Investment+Trust+PLC,https://find-and-update.company-information.service.gov.uk/search/companies?q=JPMorgan+Indian+Investment+Trust+PLC,1620593924,16:58:44,20210509
35,2010-01-31,JII.L,GBP,2010-01-31,2010-01-31,Q1,39658250.0,0.0,0.0,0.0,0.0,403825.0,0.0,0.0,1544500.0,0.0,78000.0,0.0,0.0,0.0,37709925.0,0.9508721388361816,0.0,37709925.0,0.9508721388361816,43000.0,37666925.0,0.9497878751583845,0.3367,0.3255,111875619,111875619,https://find-and-update.company-information.service.gov.uk/search/companies?q=JPMorgan+Indian+Investment+Trust+PLC,https://find-and-update.company-information.service.gov.uk/search/companies?q=JPMorgan+Indian+Investment+Trust+PLC,1620593924,16:58:44,20210509
36,2009-09-30,JII.L,GBP,2009-09-30,2009-09-30,Q3,31280500.0,0.0,0.0,0.0,0.0,276500.0,0.0,0.0,914250.0,0.0,1500.0,0.0,0.0,0.0,30089750.0,0.9619331532424353,0.0,30089750.0,0.9619331532424353,0.0,30089750.0,0.9619331532424353,0.2893,0.280325,104007815,104007815,https://find-and-update.company-information.service.gov.uk/search/companies?q=JPMorgan+Indian+Investment+Trust+PLC,https://find-and-update.company-information.service.gov.uk/search/companies?q=JPMorgan+Indian+Investment+Trust+PLC,1620593924,16:58:44,20210509
37,2009-06-30,JII.L,GBP,2009-06-30,2009-06-30,Q2,31280500.0,0.0,0.0,0.0,0.0,276500.0,0.0,0.0,914250.0,0.0,1500.0,0.0,0.0,0.0,30089750.0,0.9619331532424353,0.0,30089750.0,0.9619331532424353,0.0,30089750.0,0.9619331532424353,0.2893,0.280325,104007815,104007815,https://find-and-update.company-information.service.gov.uk/search/companies?q=JPMorgan+Indian+Investment+Trust+PLC,https://find-and-update.company-information.service.gov.uk/search/companies?q=JPMorgan+Indian+Investment+Trust+PLC,1620593924,16:58:44,20210509
38,2009-03-31,JII.L,GBP,2009-03-31,2009-03-31,Q1,31280500.0,0.0,0.0,0.0,0.0,276500.0,0.0,0.0,914250.0,0.0,1500.0,0.0,0.0,0.0,30089750.0,0.9619331532424353,0.0,30089750.0,0.9619331532424353,0.0,30089750.0,0.9619331532424353,0.2893,0.280325,104007815,104007815,https://find-and-update.company-information.service.gov.uk/search/companies?q=JPMorgan+Indian+Investment+Trust+PLC,https://find-and-update.company-information.service.gov.uk/search/companies?q=JPMorgan+Indian+Investment+Trust+PLC,1620593924,16:58:44,20210509
39,2009-01-31,JII.L,GBP,2009-01-31,2009-01-31,Q1,31280500.0,0.0,0.0,0.0,0.0,276500.0,0.0,0.0,914250.0,0.0,1500.0,0.0,0.0,0.0,30089750.0,0.9619331532424353,0.0,30089750.0,0.9619331532424353,0.0,30089750.0,0.9619331532424353,0.2893,0.280325,104007815,104007815,https://find-and-update.company-information.service.gov.uk/search/companies?q=JPMorgan+Indian+Investment+Trust+PLC,https://find-and-update.company-information.service.gov.uk/search/companies?q=JPMorgan+Indian+Investment+Trust+PLC,1620593924,16:58:44,20210509
40,2008-09-30,JII.L,GBP,2008-09-30,2008-09-30,Q3,-30617500.0,0.0,0.0,0.0,0.0,187750.0,0.0,0.0,1365000.0,0.0,99000.0,0.0,0.0,0.0,-32170250.0,1.0507144606842491,0.0,-32170250.0,1.0507144606842491,-500.0,-32169750.0,1.0506981301543235,-0.312675,-0.312675,102882855,102882855,https://find-and-update.company-information.service.gov.uk/search/companies?q=JPMorgan+Indian+Investment+Trust+PLC,https://find-and-update.company-information.service.gov.uk/search/companies?q=JPMorgan+Indian+Investment+Trust+PLC,1620593924,16:58:44,20210509
41,2008-06-30,JII.L,GBP,2008-06-30,2008-06-30,Q2,-30617500.0,0.0,0.0,0.0,0.0,187750.0,0.0,0.0,1365000.0,0.0,99000.0,0.0,0.0,0.0,-32170250.0,1.0507144606842491,0.0,-32170250.0,1.0507144606842491,-500.0,-32169750.0,1.0506981301543235,-0.312675,-0.312675,102882855,102882855,https://find-and-update.company-information.service.gov.uk/search/companies?q=JPMorgan+Indian+Investment+Trust+PLC,https://find-and-update.company-information.service.gov.uk/search/companies?q=JPMorgan+Indian+Investment+Trust+PLC,1620593924,16:58:44,20210509
42,2008-03-31,JII.L,GBP,2008-03-31,2008-03-31,Q1,-30617500.0,0.0,0.0,0.0,0.0,187750.0,0.0,0.0,1365000.0,0.0,99000.0,0.0,0.0,0.0,-32170250.0,1.0507144606842491,0.0,-32170250.0,1.0507144606842491,-500.0,-32169750.0,1.0506981301543235,-0.312675,-0.312675,102882855,102882855,https://find-and-update.company-information.service.gov.uk/search/companies?q=JPMorgan+Indian+Investment+Trust+PLC,https://find-and-update.company-information.service.gov.uk/search/companies?q=JPMorgan+Indian+Investment+Trust+PLC,1620593924,16:58:44,20210509
43,2008-01-31,JII.L,GBP,2008-01-31,2008-01-31,Q1,-30617500.0,0.0,0.0,0.0,0.0,187750.0,0.0,0.0,1365000.0,0.0,99000.0,0.0,0.0,0.0,-32170250.0,1.0507144606842491,0.0,-32170250.0,1.0507144606842491,-500.0,-32169750.0,1.0506981301543235,-0.312675,-0.312675,102882855,102882855,https://find-and-update.company-information.service.gov.uk/search/companies?q=JPMorgan+Indian+Investment+Trust+PLC,https://find-and-update.company-information.service.gov.uk/search/companies?q=JPMorgan+Indian+Investment+Trust+PLC,1620593924,16:58:44,20210509
44,2007-09-30,JII.L,GBP,2007-09-30,2007-09-30,Q3,38003250.0,0.0,0.0,0.0,0.0,313500.0,0.0,0.0,1247250.0,0.0,167000.0,0.0,0.0,0.0,36442500.0,0.9589311440468907,0.0,36442500.0,0.9589311440468907,31000.0,36411500.0,0.9581154243387079,0.34825,0.34825,104562209,104562209,https://find-and-update.company-information.service.gov.uk/search/companies?q=JPMorgan+Indian+Investment+Trust+PLC,https://find-and-update.company-information.service.gov.uk/search/companies?q=JPMorgan+Indian+Investment+Trust+PLC,1620593924,16:58:44,20210509
45,2007-06-30,JII.L,GBP,2007-06-30,2007-06-30,Q2,38003250.0,0.0,0.0,0.0,0.0,313500.0,0.0,0.0,1247250.0,0.0,167000.0,0.0,0.0,0.0,36442500.0,0.9589311440468907,0.0,36442500.0,0.9589311440468907,31000.0,36411500.0,0.9581154243387079,0.34825,0.34825,104562209,104562209,https://find-and-update.company-information.service.gov.uk/search/companies?q=JPMorgan+Indian+Investment+Trust+PLC,https://find-and-update.company-information.service.gov.uk/search/companies?q=JPMorgan+Indian+Investment+Trust+PLC,1620593924,16:58:44,20210509
46,2007-03-31,JII.L,GBP,2007-03-31,2007-03-31,Q1,38003250.0,0.0,0.0,0.0,0.0,313500.0,0.0,0.0,1247250.0,0.0,167000.0,0.0,0.0,0.0,36442500.0,0.9589311440468907,0.0,36442500.0,0.9589311440468907,31000.0,36411500.0,0.9581154243387079,0.34825,0.34825,104562209,104562209,https://find-and-update.company-information.service.gov.uk/search/companies?q=JPMorgan+Indian+Investment+Trust+PLC,https://find-and-update.company-information.service.gov.uk/search/companies?q=JPMorgan+Indian+Investment+Trust+PLC,1620593924,16:58:44,20210509
47,2007-01-31,JII.L,GBP,2007-01-31,2007-01-31,Q1,38003250.0,0.0,0.0,0.0,0.0,313500.0,0.0,0.0,1247250.0,0.0,167000.0,0.0,0.0,0.0,36442500.0,0.9589311440468907,0.0,36442500.0,0.9589311440468907,31000.0,36411500.0,0.9581154243387079,0.34825,0.34825,104562209,104562209,https://find-and-update.company-information.service.gov.uk/search/companies?q=JPMorgan+Indian+Investment+Trust+PLC,https://find-and-update.company-information.service.gov.uk/search/companies?q=JPMorgan+Indian+Investment+Trust+PLC,1620593924,16:58:44,20210509
48,2006-09-30,JII.L,GBP,2006-09-30,2006-09-30,Q3,17922500.0,0.0,0.0,0.0,0.0,241750.0,0.0,0.0,818000.0,0.0,26750.0,0.0,0.0,0.0,16862750.0,0.9408704142837215,0.0,16862750.0,0.9408704142837215,4750.0,16858000.0,0.9406053842934858,0.16495,0.16495,102202688,102202688,https://find-and-update.company-information.service.gov.uk/search/companies?q=JPMorgan+Indian+Investment+Trust+PLC,https://find-and-update.company-information.service.gov.uk/search/companies?q=JPMorgan+Indian+Investment+Trust+PLC,1620593924,16:58:44,20210509
49,2006-06-30,JII.L,GBP,2006-06-30,2006-06-30,Q2,17922500.0,0.0,0.0,0.0,0.0,241750.0,0.0,0.0,818000.0,0.0,26750.0,0.0,0.0,0.0,16862750.0,0.9408704142837215,0.0,16862750.0,0.9408704142837215,4750.0,16858000.0,0.9406053842934858,0.16495,0.16495,102202688,102202688,https://find-and-update.company-information.service.gov.uk/search/companies?q=JPMorgan+Indian+Investment+Trust+PLC,https://find-and-update.company-information.service.gov.uk/search/companies?q=JPMorgan+Indian+Investment+Trust+PLC,1620593924,16:58:44,20210509
50,2006-03-31,JII.L,GBP,2006-03-31,2006-03-31,Q1,17922500.0,0.0,0.0,0.0,0.0,241750.0,0.0,0.0,818000.0,0.0,26750.0,0.0,0.0,0.0,16862750.0,0.9408704142837215,0.0,16862750.0,0.9408704142837215,4750.0,16858000.0,0.9406053842934858,0.16495,0.16495,102202688,102202688,https://find-and-update.company-information.service.gov.uk/search/companies?q=JPMorgan+Indian+Investment+Trust+PLC,https://find-and-update.company-information.service.gov.uk/search/companies?q=JPMorgan+Indian+Investment+Trust+PLC,1620593924,16:58:44,20210509
51,2006-01-31,JII.L,GBP,2006-01-31,2006-01-31,Q1,17922500.0,0.0,0.0,0.0,0.0,241750.0,0.0,0.0,818000.0,0.0,26750.0,0.0,0.0,0.0,16862750.0,0.9408704142837215,0.0,16862750.0,0.9408704142837215,4750.0,16858000.0,0.9406053842934858,0.16495,0.16495,102202688,102202688,https://find-and-update.company-information.service.gov.uk/search/companies?q=JPMorgan+Indian+Investment+Trust+PLC,https://find-and-update.company-information.service.gov.uk/search/companies?q=JPMorgan+Indian+Investment+Trust+PLC,1620593924,16:58:44,20210509
52,2005-09-30,JII.L,GBP,2005-09-30,2005-09-30,Q3,20593000.0,0.0,0.0,0.0,0.0,645000.0,0.0,0.0,0.0,0.0,7250.0,0.0,0.0,0.0,0.0,0.0,0.0,19940750.0,0.9683266158403341,6500.0,19934250.0,0.9680109746030204,0.22185,0.22185,89848732,89848732,https://find-and-update.company-information.service.gov.uk/search/companies?q=JPMorgan+Indian+Investment+Trust+PLC,https://find-and-update.company-information.service.gov.uk/search/companies?q=JPMorgan+Indian+Investment+Trust+PLC,1620593924,16:58:44,20210509
53,2005-06-30,JII.L,GBP,2005-06-30,2005-06-30,Q2,20593000.0,0.0,0.0,0.0,0.0,645000.0,0.0,0.0,0.0,0.0,7250.0,0.0,0.0,0.0,0.0,0.0,0.0,19940750.0,0.9683266158403341,6500.0,19934250.0,0.9680109746030204,0.22185,0.22185,89848732,89848732,https://find-and-update.company-information.service.gov.uk/search/companies?q=JPMorgan+Indian+Investment+Trust+PLC,https://find-and-update.company-information.service.gov.uk/search/companies?q=JPMorgan+Indian+Investment+Trust+PLC,1620593924,16:58:44,20210509
54,2005-03-31,JII.L,GBP,2005-03-31,2005-03-31,Q1,20593000.0,0.0,0.0,0.0,0.0,645000.0,0.0,0.0,0.0,0.0,7250.0,0.0,0.0,0.0,0.0,0.0,0.0,19940750.0,0.9683266158403341,6500.0,19934250.0,0.9680109746030204,0.22185,0.22185,89848732,89848732,https://find-and-update.company-information.service.gov.uk/search/companies?q=JPMorgan+Indian+Investment+Trust+PLC,https://find-and-update.company-information.service.gov.uk/search/companies?q=JPMorgan+Indian+Investment+Trust+PLC,1620593924,16:58:44,20210509
55,2005-01-31,JII.L,GBP,2005-01-31,2005-01-31,Q1,20593000.0,0.0,0.0,0.0,0.0,645000.0,0.0,0.0,0.0,0.0,7250.0,0.0,0.0,0.0,0.0,0.0,0.0,19940750.0,0.9683266158403341,6500.0,19934250.0,0.9680109746030204,0.22185,0.22185,89848732,89848732,https://find-and-update.company-information.service.gov.uk/search/companies?q=JPMorgan+Indian+Investment+Trust+PLC,https://find-and-update.company-information.service.gov.uk/search/companies?q=JPMorgan+Indian+Investment+Trust+PLC,1620593924,16:58:44,20210509
56,2004-09-30,JII.L,GBP,2004-09-30,2004-09-30,Q3,5594500.0,0.0,0.0,0.0,0.0,209000.0,0.0,0.0,0.0,0.0,5750.0,0.0,0.0,0.0,0.0,0.0,0.0,5094000.0,0.9105371346858522,9750.0,5084250.0,0.9087943515953169,0.065425,0.065425,83942000,83942000,https://find-and-update.company-information.service.gov.uk/search/companies?q=JPMorgan+Indian+Investment+Trust+PLC,https://find-and-update.company-information.service.gov.uk/search/companies?q=JPMorgan+Indian+Investment+Trust+PLC,1620593924,16:58:44,20210509
57,2004-06-30,JII.L,GBP,2004-06-30,2004-06-30,Q2,5594500.0,0.0,0.0,0.0,0.0,209000.0,0.0,0.0,0.0,0.0,5750.0,0.0,0.0,0.0,0.0,0.0,0.0,5094000.0,0.9105371346858522,9750.0,5084250.0,0.9087943515953169,0.065425,0.065425,83942000,83942000,https://find-and-update.company-information.service.gov.uk/search/companies?q=JPMorgan+Indian+Investment+Trust+PLC,https://find-and-update.company-information.service.gov.uk/search/companies?q=JPMorgan+Indian+Investment+Trust+PLC,1620593924,16:58:44,20210509
58,2004-03-31,JII.L,GBP,2004-03-31,2004-03-31,Q1,5594500.0,0.0,0.0,0.0,0.0,209000.0,0.0,0.0,0.0,0.0,5750.0,0.0,0.0,0.0,0.0,0.0,0.0,5094000.0,0.9105371346858522,9750.0,5084250.0,0.9087943515953169,0.065425,0.065425,83942000,83942000,https://find-and-update.company-information.service.gov.uk/search/companies?q=JPMorgan+Indian+Investment+Trust+PLC,https://find-and-update.company-information.service.gov.uk/search/companies?q=JPMorgan+Indian+Investment+Trust+PLC,1620593924,16:58:44,20210509
59,2004-01-31,JII.L,GBP,2004-01-31,2004-01-31,Q1,5594500.0,0.0,0.0,0.0,0.0,209000.0,0.0,0.0,0.0,0.0,5750.0,0.0,0.0,0.0,0.0,0.0,0.0,5094000.0,0.9105371346858522,9750.0,5084250.0,0.9087943515953169,0.065425,0.065425,83942000,83942000,https://find-and-update.company-information.service.gov.uk/search/companies?q=JPMorgan+Indian+Investment+Trust+PLC,https://find-and-update.company-information.service.gov.uk/search/companies?q=JPMorgan+Indian+Investment+Trust+PLC,1620593924,16:58:44,20210509
60,2003-09-30,JII.L,GBP,2003-09-30,2003-09-30,Q3,6626750.0,0.0,0.0,0.0,0.0,148750.0,0.0,0.0,161750.0,0.0,10000.0,0.0,0.0,0.0,6316250.0,0.9531444524087976,0.0,6316250.0,0.9531444524087976,10750.0,6305500.0,0.9515222394084581,0.090575,0.090575,67145000,67145000,https://find-and-update.company-information.service.gov.uk/search/companies?q=JPMorgan+Indian+Investment+Trust+PLC,https://find-and-update.company-information.service.gov.uk/search/companies?q=JPMorgan+Indian+Investment+Trust+PLC,1620593924,16:58:44,20210509
61,2003-06-30,JII.L,GBP,2003-06-30,2003-06-30,Q2,6626750.0,0.0,0.0,0.0,0.0,148750.0,0.0,0.0,161750.0,0.0,10000.0,0.0,0.0,0.0,6316250.0,0.9531444524087976,0.0,6316250.0,0.9531444524087976,10750.0,6305500.0,0.9515222394084581,0.090575,0.090575,67145000,67145000,https://find-and-update.company-information.service.gov.uk/search/companies?q=JPMorgan+Indian+Investment+Trust+PLC,https://find-and-update.company-information.service.gov.uk/search/companies?q=JPMorgan+Indian+Investment+Trust+PLC,1620593924,16:58:44,20210509
62,2003-03-31,JII.L,GBP,2003-03-31,2003-03-31,Q1,6626750.0,0.0,0.0,0.0,0.0,148750.0,0.0,0.0,161750.0,0.0,10000.0,0.0,0.0,0.0,6316250.0,0.9531444524087976,0.0,6316250.0,0.9531444524087976,10750.0,6305500.0,0.9515222394084581,0.090575,0.090575,67145000,67145000,https://find-and-update.company-information.service.gov.uk/search/companies?q=JPMorgan+Indian+Investment+Trust+PLC,https://find-and-update.company-information.service.gov.uk/search/companies?q=JPMorgan+Indian+Investment+Trust+PLC,1620593924,16:58:44,20210509
63,2003-01-31,JII.L,GBP,2003-01-31,2003-01-31,Q1,6626750.0,0.0,0.0,0.0,0.0,148750.0,0.0,0.0,161750.0,0.0,10000.0,0.0,0.0,0.0,6316250.0,0.9531444524087976,0.0,6316250.0,0.9531444524087976,10750.0,6305500.0,0.9515222394084581,0.090575,0.090575,67145000,67145000,https://find-and-update.company-information.service.gov.uk/search/companies?q=JPMorgan+Indian+Investment+Trust+PLC,https://find-and-update.company-information.service.gov.uk/search/companies?q=JPMorgan+Indian+Investment+Trust+PLC,1620593924,16:58:44,20210509
