,date,symbol,reportedCurrency,fillingDate,acceptedDate,period,revenue,costOfRevenue,grossProfit,grossProfitRatio,researchAndDevelopmentExpenses,generalAndAdministrativeExpenses,sellingAndMarketingExpenses,otherExpenses,operatingExpenses,costAndExpenses,interestExpense,depreciationAndAmortization,ebitda,ebitdaratio,operatingIncome,operatingIncomeRatio,totalOtherIncomeExpensesNet,incomeBeforeTax,incomeBeforeTaxRatio,incomeTaxExpense,netIncome,netIncomeRatio,eps,epsdiluted,weightedAverageShsOut,weightedAverageShsOutDil,link,finalLink,timestamp,est_time,est_date
0,2020-09-30,KPO.AX,AUD,2020-09-30,2020-09-30,Q3,0.0,0.0,0.0,0.0,0.0,631655.0,0.0,104591.25,617008.0,0.0,33717.25,1222.25,-1248663.0,0.0,-1249885.25,0.0,104591.25,-1178658.0,0.0,0.0,-1130841.25,0.0,-0.002260121673532988,-0.002260121673532988,500345297.0,500345297.0,,,1620594222,17:03:42,20210509
1,2020-06-30,KPO.AX,AUD,2020-06-30,2020-06-30,Q2,0.0,0.0,0.0,0.0,0.0,631655.0,0.0,104591.25,617008.0,0.0,33717.25,1222.25,-1248663.0,0.0,-1249885.25,0.0,104591.25,-1178658.0,0.0,0.0,-1130841.25,0.0,-0.002260121673532988,-0.002260121673532988,500345297.0,500345297.0,,,1620594222,17:03:42,20210509
2,2020-03-31,KPO.AX,AUD,2020-03-31,2020-03-31,Q1,0.0,0.0,0.0,0.0,0.0,631655.0,0.0,104591.25,617008.0,0.0,33717.25,1222.25,-1248663.0,0.0,-1249885.25,0.0,104591.25,-1178658.0,0.0,0.0,-1130841.25,0.0,-0.002260121673532988,-0.002260121673532988,500345297.0,500345297.0,,,1620594222,17:03:42,20210509
3,2020-01-31,KPO.AX,AUD,2020-01-31,2020-01-31,Q1,0.0,0.0,0.0,0.0,0.0,631655.0,0.0,104591.25,617008.0,0.0,33717.25,1222.25,-1248663.0,0.0,-1249885.25,0.0,104591.25,-1178658.0,0.0,0.0,-1130841.25,0.0,-0.002260121673532988,-0.002260121673532988,500345297.0,500345297.0,,,1620594222,17:03:42,20210509
4,2019-06-30,KPO.AX,AUD,2019-06-30,2019-06-30,Q2,0.0,0.0,0.0,0.0,0.0,792272.75,0.0,51907.75,517898.0,0.0,32228.25,1164.25,-1313993.25,0.0,-1315157.5,0.0,51907.75,-1291999.0,0.0,0.0,-1199430.25,0.0,-0.0025,-0.0025,500345297.0,500345297.0,,,1620594222,17:03:42,20210509
5,2019-03-31,KPO.AX,AUD,2019-03-31,2019-03-31,Q1,0.0,0.0,0.0,0.0,0.0,792272.75,0.0,51907.75,517898.0,0.0,32228.25,1164.25,-1313993.25,0.0,-1315157.5,0.0,51907.75,-1291999.0,0.0,0.0,-1199430.25,0.0,-0.0025,-0.0025,500345297.0,500345297.0,,,1620594222,17:03:42,20210509
6,2019-01-31,KPO.AX,AUD,2019-01-31,2019-01-31,Q1,0.0,0.0,0.0,0.0,0.0,792272.75,0.0,51907.75,517898.0,0.0,32228.25,1164.25,-1313993.25,0.0,-1315157.5,0.0,51907.75,-1291999.0,0.0,0.0,-1199430.25,0.0,-0.0025,-0.0025,500345297.0,500345297.0,,,1620594222,17:03:42,20210509
7,2018-06-30,KPO.AX,AUD,2018-06-30,2018-06-30,Q2,24685.0,0.0,24685.0,1.0,0.0,1150359.0,0.0,302341.0,414557.75,0.0,40352.25,1110.25,-1548016.0,-62.71079602997772,-1549126.25,-62.75577273647964,302341.0,-1255746.25,-50.87082236175815,0.0,-1134147.5,-45.944804537168324,-0.00275,-0.00275,431172896.0,431172896.0,,,1620594222,17:03:42,20210509
8,2018-03-31,KPO.AX,AUD,2018-03-31,2018-03-31,Q1,24685.0,0.0,24685.0,1.0,0.0,1150359.0,0.0,302341.0,414557.75,0.0,40352.25,1110.25,-1548016.0,-62.71079602997772,-1549126.25,-62.75577273647964,302341.0,-1255746.25,-50.87082236175815,0.0,-1134147.5,-45.944804537168324,-0.00275,-0.00275,431172896.0,431172896.0,,,1620594222,17:03:42,20210509
9,2018-01-31,KPO.AX,AUD,2018-01-31,2018-01-31,Q1,24685.0,0.0,24685.0,1.0,0.0,1150359.0,0.0,302341.0,414557.75,0.0,40352.25,1110.25,-1548016.0,-62.71079602997772,-1549126.25,-62.75577273647964,302341.0,-1255746.25,-50.87082236175815,0.0,-1134147.5,-45.944804537168324,-0.00275,-0.00275,431172896.0,431172896.0,,,1620594222,17:03:42,20210509
10,2017-06-30,KPO.AX,AUD,2017-06-30,2017-06-30,Q2,7375.75,0.0,7375.75,1.0,0.0,1752096.25,0.0,-69655.0,499652.0,0.0,227540.0,1389.75,-2707063.25,-367.0220994475138,-2708453.0,-367.21052096396977,-69655.0,-2953578.25,-400.4444632749212,0.0,-2672051.75,-362.2752601430363,-0.009,-0.009,296108426.0,296108426.0,,,1620594222,17:03:42,20210509
11,2017-03-31,KPO.AX,AUD,2017-03-31,2017-03-31,Q1,7375.75,0.0,7375.75,1.0,0.0,1752096.25,0.0,-69655.0,499652.0,0.0,227540.0,1389.75,-2707063.25,-367.0220994475138,-2708453.0,-367.21052096396977,-69655.0,-2953578.25,-400.4444632749212,0.0,-2672051.75,-362.2752601430363,-0.009,-0.009,296108426.0,296108426.0,,,1620594222,17:03:42,20210509
12,2017-01-31,KPO.AX,AUD,2017-01-31,2017-01-31,Q1,7375.75,0.0,7375.75,1.0,0.0,1752096.25,0.0,-69655.0,499652.0,0.0,227540.0,1389.75,-2707063.25,-367.0220994475138,-2708453.0,-367.21052096396977,-69655.0,-2953578.25,-400.4444632749212,0.0,-2672051.75,-362.2752601430363,-0.009,-0.009,296108426.0,296108426.0,,,1620594222,17:03:42,20210509
13,2016-06-30,KPO.AX,AUD,2016-06-30,2016-06-30,Q2,131032.5,0.0,131032.5,1.0,0.0,527258.0,0.0,-2699290.75,141689.0,0.0,73181.0,125378.75,-539096.0,-4.11421593879381,-664474.75,-5.071068246427413,-3522044.75,-4212973.5,-32.15212638085971,0.0,-4154630.0,-31.70686661706065,-0.0285205,-0.0285205,145132235.0,145132235.0,,,1620594222,17:03:42,20210509
14,2016-03-31,KPO.AX,AUD,2016-03-31,2016-03-31,Q1,131032.5,0.0,131032.5,1.0,0.0,527258.0,0.0,-2699290.75,141689.0,0.0,73181.0,125378.75,-539096.0,-4.11421593879381,-664474.75,-5.071068246427413,-3522044.75,-4212973.5,-32.15212638085971,0.0,-4154630.0,-31.70686661706065,-0.0285205,-0.0285205,145132235.0,145132235.0,,,1620594222,17:03:42,20210509
15,2016-01-31,KPO.AX,AUD,2016-01-31,2016-01-31,Q1,131032.5,0.0,131032.5,1.0,0.0,527258.0,0.0,-2699290.75,141689.0,0.0,73181.0,125378.75,-539096.0,-4.11421593879381,-664474.75,-5.071068246427413,-3522044.75,-4212973.5,-32.15212638085971,0.0,-4154630.0,-31.70686661706065,-0.0285205,-0.0285205,145132235.0,145132235.0,,,1620594222,17:03:42,20210509
16,2015-09-30,KPO.AX,AUD,2015-09-30,2015-09-30,Q3,1494.75,135648.0,-134153.25,-89.74962368289012,0.0,384538.25,0.0,5717444.75,260810.75,0.0,377140.75,37910.75,-781644.75,-522.9267436026091,-819555.5,-548.2893460444891,3316818.0,2377513.5,1590.5760160561967,-36541.25,2589860.75,1732.6380665663155,0.03202675,0.023255,80647638.0,111367464.0,,,1620594222,17:03:42,20210509
17,2015-06-30,KPO.AX,AUD,2015-06-30,2015-06-30,Q2,1494.75,135648.0,-134153.25,-89.74962368289012,0.0,384538.25,0.0,5717444.75,260810.75,0.0,377140.75,37910.75,-781644.75,-522.9267436026091,-819555.5,-548.2893460444891,3316818.0,2377513.5,1590.5760160561967,-36541.25,2589860.75,1732.6380665663155,0.03202675,0.023255,80647638.0,111367464.0,,,1620594222,17:03:42,20210509
18,2015-03-31,KPO.AX,AUD,2015-03-31,2015-03-31,Q1,1494.75,135648.0,-134153.25,-89.74962368289012,0.0,384538.25,0.0,5717444.75,260810.75,0.0,377140.75,37910.75,-781644.75,-522.9267436026091,-819555.5,-548.2893460444891,3316818.0,2377513.5,1590.5760160561967,-36541.25,2589860.75,1732.6380665663155,0.03202675,0.023255,80647638.0,111367464.0,,,1620594222,17:03:42,20210509
19,2015-01-31,KPO.AX,AUD,2015-01-31,2015-01-31,Q1,1494.75,135648.0,-134153.25,-89.74962368289012,0.0,384538.25,0.0,5717444.75,260810.75,0.0,377140.75,37910.75,-781644.75,-522.9267436026091,-819555.5,-548.2893460444891,3316818.0,2377513.5,1590.5760160561967,-36541.25,2589860.75,1732.6380665663155,0.03202675,0.023255,80647638.0,111367464.0,,,1620594222,17:03:42,20210509
20,2014-09-30,KPO.AX,AUD,2014-09-30,2014-09-30,Q3,130658.0,108800.75,21857.25,0.16728596794685363,0.0,1039266.5,0.0,-532302.0,621561.75,0.0,2659446.75,54940.5,-1715592.0,-13.130401506222352,-1770532.5,-13.550892406128979,-3635305.5,-8063181.5,-61.712114834147165,0.0,-6953371.0,-53.21810375177945,-0.3674305,-0.3674305,18924231.0,18924231.0,,,1620594222,17:03:42,20210509
21,2014-06-30,KPO.AX,AUD,2014-06-30,2014-06-30,Q2,130658.0,108800.75,21857.25,0.16728596794685363,0.0,1039266.5,0.0,-532302.0,621561.75,0.0,2659446.75,54940.5,-1715592.0,-13.130401506222352,-1770532.5,-13.550892406128979,-3635305.5,-8063181.5,-61.712114834147165,0.0,-6953371.0,-53.21810375177945,-0.3674305,-0.3674305,18924231.0,18924231.0,,,1620594222,17:03:42,20210509
22,2014-03-31,KPO.AX,AUD,2014-03-31,2014-03-31,Q1,130658.0,108800.75,21857.25,0.16728596794685363,0.0,1039266.5,0.0,-532302.0,621561.75,0.0,2659446.75,54940.5,-1715592.0,-13.130401506222352,-1770532.5,-13.550892406128979,-3635305.5,-8063181.5,-61.712114834147165,0.0,-6953371.0,-53.21810375177945,-0.3674305,-0.3674305,18924231.0,18924231.0,,,1620594222,17:03:42,20210509
23,2014-01-31,KPO.AX,AUD,2014-01-31,2014-01-31,Q1,130658.0,108800.75,21857.25,0.16728596794685363,0.0,1039266.5,0.0,-532302.0,621561.75,0.0,2659446.75,54940.5,-1715592.0,-13.130401506222352,-1770532.5,-13.550892406128979,-3635305.5,-8063181.5,-61.712114834147165,0.0,-6953371.0,-53.21810375177945,-0.3674305,-0.3674305,18924231.0,18924231.0,,,1620594222,17:03:42,20210509
24,2013-09-30,KPO.AX,AUD,2013-09-30,2013-09-30,Q3,352141.5,315259.75,36881.75,0.10473559634408328,0.0,1472432.5,0.0,121629.5,666005.0,0.0,169224.0,65625.5,-2101555.75,-5.96792979526696,-2167181.25,-6.154290959742036,-633333.25,-2954583.25,-8.39032959761914,28812.5,-2919694.25,-8.291252948033675,-0.2417655,-0.2417655,9250759.0,9250759.0,,,1620594222,17:03:42,20210509
25,2013-06-30,KPO.AX,AUD,2013-06-30,2013-06-30,Q2,352141.5,315259.75,36881.75,0.10473559634408328,0.0,1472432.5,0.0,121629.5,666005.0,0.0,169224.0,65625.5,-2101555.75,-5.96792979526696,-2167181.25,-6.154290959742036,-633333.25,-2954583.25,-8.39032959761914,28812.5,-2919694.25,-8.291252948033675,-0.2417655,-0.2417655,9250759.0,9250759.0,,,1620594222,17:03:42,20210509
26,2013-03-31,KPO.AX,AUD,2013-03-31,2013-03-31,Q1,352141.5,315259.75,36881.75,0.10473559634408328,0.0,1472432.5,0.0,121629.5,666005.0,0.0,169224.0,65625.5,-2101555.75,-5.96792979526696,-2167181.25,-6.154290959742036,-633333.25,-2954583.25,-8.39032959761914,28812.5,-2919694.25,-8.291252948033675,-0.2417655,-0.2417655,9250759.0,9250759.0,,,1620594222,17:03:42,20210509
27,2013-01-31,KPO.AX,AUD,2013-01-31,2013-01-31,Q1,352141.5,315259.75,36881.75,0.10473559634408328,0.0,1472432.5,0.0,121629.5,666005.0,0.0,169224.0,65625.5,-2101555.75,-5.96792979526696,-2167181.25,-6.154290959742036,-633333.25,-2954583.25,-8.39032959761914,28812.5,-2919694.25,-8.291252948033675,-0.2417655,-0.2417655,9250759.0,9250759.0,,,1620594222,17:03:42,20210509
28,2012-09-30,KPO.AX,AUD,2012-09-30,2012-09-30,Q3,1165468.0,1054045.75,111422.25,0.09560301097928042,0.0,1065008.0,0.0,629515.75,738131.75,0.0,16855.0,51820.25,-1691717.5,-1.4515349198776801,-1743537.75,-1.495997959617939,-146081.0,-1862194.25,-1.5978081337282535,0.0,-1829759.75,-1.5699785408093572,-0.2498245,-0.2498245,7259043.0,7259043.0,,,1620594222,17:03:42,20210509
29,2012-06-30,KPO.AX,AUD,2012-06-30,2012-06-30,Q2,1165468.0,1054045.75,111422.25,0.09560301097928042,0.0,1065008.0,0.0,629515.75,738131.75,0.0,16855.0,51820.25,-1691717.5,-1.4515349198776801,-1743537.75,-1.495997959617939,-146081.0,-1862194.25,-1.5978081337282535,0.0,-1829759.75,-1.5699785408093572,-0.2498245,-0.2498245,7259043.0,7259043.0,,,1620594222,17:03:42,20210509
30,2012-03-31,KPO.AX,AUD,2012-03-31,2012-03-31,Q1,1165468.0,1054045.75,111422.25,0.09560301097928042,0.0,1065008.0,0.0,629515.75,738131.75,0.0,16855.0,51820.25,-1691717.5,-1.4515349198776801,-1743537.75,-1.495997959617939,-146081.0,-1862194.25,-1.5978081337282535,0.0,-1829759.75,-1.5699785408093572,-0.2498245,-0.2498245,7259043.0,7259043.0,,,1620594222,17:03:42,20210509
31,2012-01-31,KPO.AX,AUD,2012-01-31,2012-01-31,Q1,1165468.0,1054045.75,111422.25,0.09560301097928042,0.0,1065008.0,0.0,629515.75,738131.75,0.0,16855.0,51820.25,-1691717.5,-1.4515349198776801,-1743537.75,-1.495997959617939,-146081.0,-1862194.25,-1.5978081337282535,0.0,-1829759.75,-1.5699785408093572,-0.2498245,-0.2498245,7259043.0,7259043.0,,,1620594222,17:03:42,20210509
32,2011-09-30,KPO.AX,AUD,2011-09-30,2011-09-30,Q3,1194524.0,1034346.5,160177.5,0.13409316179499114,0.0,1034511.5,0.0,2203278.5,840571.25,0.0,89718.5,28573.75,-1714905.25,-1.4356390076716752,-1743479.0,-1.4595596237497113,1641884.0,-136822.0,-0.11454102219796337,0.0,-111728.0,-0.0935334911646815,-0.0241765,-0.0241765,5625665.0,5625665.0,,,1620594222,17:03:42,20210509
33,2011-06-30,KPO.AX,AUD,2011-06-30,2011-06-30,Q2,1194524.0,1034346.5,160177.5,0.13409316179499114,0.0,1034511.5,0.0,2203278.5,840571.25,0.0,89718.5,28573.75,-1714905.25,-1.4356390076716752,-1743479.0,-1.4595596237497113,1641884.0,-136822.0,-0.11454102219796337,0.0,-111728.0,-0.0935334911646815,-0.0241765,-0.0241765,5625665.0,5625665.0,,,1620594222,17:03:42,20210509
34,2011-03-31,KPO.AX,AUD,2011-03-31,2011-03-31,Q1,1194524.0,1034346.5,160177.5,0.13409316179499114,0.0,1034511.5,0.0,2203278.5,840571.25,0.0,89718.5,28573.75,-1714905.25,-1.4356390076716752,-1743479.0,-1.4595596237497113,1641884.0,-136822.0,-0.11454102219796337,0.0,-111728.0,-0.0935334911646815,-0.0241765,-0.0241765,5625665.0,5625665.0,,,1620594222,17:03:42,20210509
35,2011-01-31,KPO.AX,AUD,2011-01-31,2011-01-31,Q1,1194524.0,1034346.5,160177.5,0.13409316179499114,0.0,1034511.5,0.0,2203278.5,840571.25,0.0,89718.5,28573.75,-1714905.25,-1.4356390076716752,-1743479.0,-1.4595596237497113,1641884.0,-136822.0,-0.11454102219796337,0.0,-111728.0,-0.0935334911646815,-0.0241765,-0.0241765,5625665.0,5625665.0,,,1620594222,17:03:42,20210509
36,2010-09-30,KPO.AX,AUD,2010-09-30,2010-09-30,Q3,208781.0,156910.0,51871.0,0.24844693722129887,0.0,910425.0,0.0,9858.5,377179.5,0.0,67636.0,9713.75,-1235733.5,-5.918802477236913,-1245447.25,-5.965328502114656,-879965.25,-2120684.75,-10.157460448987216,0.0,-2060281.25,-9.868145329316365,-0.51576675,-0.51576675,3912302.0,3912302.0,,,1620594222,17:03:42,20210509
37,2010-06-30,KPO.AX,AUD,2010-06-30,2010-06-30,Q2,208781.0,156910.0,51871.0,0.24844693722129887,0.0,910425.0,0.0,9858.5,377179.5,0.0,67636.0,9713.75,-1235733.5,-5.918802477236913,-1245447.25,-5.965328502114656,-879965.25,-2120684.75,-10.157460448987216,0.0,-2060281.25,-9.868145329316365,-0.51576675,-0.51576675,3912302.0,3912302.0,,,1620594222,17:03:42,20210509
38,2010-03-31,KPO.AX,AUD,2010-03-31,2010-03-31,Q1,208781.0,156910.0,51871.0,0.24844693722129887,0.0,910425.0,0.0,9858.5,377179.5,0.0,67636.0,9713.75,-1235733.5,-5.918802477236913,-1245447.25,-5.965328502114656,-879965.25,-2120684.75,-10.157460448987216,0.0,-2060281.25,-9.868145329316365,-0.51576675,-0.51576675,3912302.0,3912302.0,,,1620594222,17:03:42,20210509
39,2010-01-31,KPO.AX,AUD,2010-01-31,2010-01-31,Q1,208781.0,156910.0,51871.0,0.24844693722129887,0.0,910425.0,0.0,9858.5,377179.5,0.0,67636.0,9713.75,-1235733.5,-5.918802477236913,-1245447.25,-5.965328502114656,-879965.25,-2120684.75,-10.157460448987216,0.0,-2060281.25,-9.868145329316365,-0.51576675,-0.51576675,3912302.0,3912302.0,,,1620594222,17:03:42,20210509
40,2009-09-30,KPO.AX,AUD,2009-09-30,2009-09-30,Q3,625013.0,126670.0,498343.0,0.7973322154899178,0.0,358263.25,0.0,549778.25,442644.5,0.0,75613.25,346.75,-302564.75,-0.48409353085455825,-302911.5,-0.4846483193149583,-3318732.25,-3693145.25,-5.9089094946825105,-415475.25,-3264740.25,-5.223475751704364,-1.30553425,-1.30553425,2538038.0,2538038.0,,,1620594222,17:03:42,20210509
41,2009-06-30,KPO.AX,AUD,2009-06-30,2009-06-30,Q2,625013.0,126670.0,498343.0,0.7973322154899178,0.0,358263.25,0.0,549778.25,442644.5,0.0,75613.25,346.75,-302564.75,-0.48409353085455825,-302911.5,-0.4846483193149583,-3318732.25,-3693145.25,-5.9089094946825105,-415475.25,-3264740.25,-5.223475751704364,-1.30553425,-1.30553425,2538038.0,2538038.0,,,1620594222,17:03:42,20210509
42,2009-03-31,KPO.AX,AUD,2009-03-31,2009-03-31,Q1,625013.0,126670.0,498343.0,0.7973322154899178,0.0,358263.25,0.0,549778.25,442644.5,0.0,75613.25,346.75,-302564.75,-0.48409353085455825,-302911.5,-0.4846483193149583,-3318732.25,-3693145.25,-5.9089094946825105,-415475.25,-3264740.25,-5.223475751704364,-1.30553425,-1.30553425,2538038.0,2538038.0,,,1620594222,17:03:42,20210509
43,2009-01-31,KPO.AX,AUD,2009-01-31,2009-01-31,Q1,625013.0,126670.0,498343.0,0.7973322154899178,0.0,358263.25,0.0,549778.25,442644.5,0.0,75613.25,346.75,-302564.75,-0.48409353085455825,-302911.5,-0.4846483193149583,-3318732.25,-3693145.25,-5.9089094946825105,-415475.25,-3264740.25,-5.223475751704364,-1.30553425,-1.30553425,2538038.0,2538038.0,,,1620594222,17:03:42,20210509
44,2008-09-30,KPO.AX,AUD,2008-09-30,2008-09-30,Q3,10048.0,0.0,10048.0,1.0,85704.0,351938.75,0.0,-10928.0,416858.25,0.0,4755.25,1303.0,-844453.0,-84.04189888535032,-845756.0,-84.17157643312102,-46893.5,-882852.5,-87.86350517515923,0.0,-617029.25,-61.408165804140125,-0.2417655,-0.2417655,2353526.0,2353526.0,,,1620594222,17:03:42,20210509
45,2008-06-30,KPO.AX,AUD,2008-06-30,2008-06-30,Q2,10048.0,0.0,10048.0,1.0,85704.0,351938.75,0.0,-10928.0,416858.25,0.0,4755.25,1303.0,-844453.0,-84.04189888535032,-845756.0,-84.17157643312102,-46893.5,-882852.5,-87.86350517515923,0.0,-617029.25,-61.408165804140125,-0.2417655,-0.2417655,2353526.0,2353526.0,,,1620594222,17:03:42,20210509
46,2008-03-31,KPO.AX,AUD,2008-03-31,2008-03-31,Q1,10048.0,0.0,10048.0,1.0,85704.0,351938.75,0.0,-10928.0,416858.25,0.0,4755.25,1303.0,-844453.0,-84.04189888535032,-845756.0,-84.17157643312102,-46893.5,-882852.5,-87.86350517515923,0.0,-617029.25,-61.408165804140125,-0.2417655,-0.2417655,2353526.0,2353526.0,,,1620594222,17:03:42,20210509
47,2008-01-31,KPO.AX,AUD,2008-01-31,2008-01-31,Q1,10048.0,0.0,10048.0,1.0,85704.0,351938.75,0.0,-10928.0,416858.25,0.0,4755.25,1303.0,-844453.0,-84.04189888535032,-845756.0,-84.17157643312102,-46893.5,-882852.5,-87.86350517515923,0.0,-617029.25,-61.408165804140125,-0.2417655,-0.2417655,2353526.0,2353526.0,,,1620594222,17:03:42,20210509
48,2007-09-30,KPO.AX,AUD,2007-09-30,2007-09-30,Q3,3661.75,0.0,3661.75,1.0,0.0,174886.25,0.0,-6701.0,133167.25,0.0,1365.25,492.5,-308053.5,-84.12739810200041,-308546.0,-84.26189663412303,-821879.0,-1067051.75,-291.40486106369906,0.0,-1067051.75,-291.40486106369906,-0.70917925,-0.70917925,1522245.0,1522245.0,,,1620594222,17:03:42,20210509
49,2007-06-30,KPO.AX,AUD,2007-06-30,2007-06-30,Q2,3661.75,0.0,3661.75,1.0,0.0,174886.25,0.0,-6701.0,133167.25,0.0,1365.25,492.5,-308053.5,-84.12739810200041,-308546.0,-84.26189663412303,-821879.0,-1067051.75,-291.40486106369906,0.0,-1067051.75,-291.40486106369906,-0.70917925,-0.70917925,1522245.0,1522245.0,,,1620594222,17:03:42,20210509
50,2007-03-31,KPO.AX,AUD,2007-03-31,2007-03-31,Q1,3661.75,0.0,3661.75,1.0,0.0,174886.25,0.0,-6701.0,133167.25,0.0,1365.25,492.5,-308053.5,-84.12739810200041,-308546.0,-84.26189663412303,-821879.0,-1067051.75,-291.40486106369906,0.0,-1067051.75,-291.40486106369906,-0.70917925,-0.70917925,1522245.0,1522245.0,,,1620594222,17:03:42,20210509
51,2007-01-31,KPO.AX,AUD,2007-01-31,2007-01-31,Q1,3661.75,0.0,3661.75,1.0,0.0,174886.25,0.0,-6701.0,133167.25,0.0,1365.25,492.5,-308053.5,-84.12739810200041,-308546.0,-84.26189663412303,-821879.0,-1067051.75,-291.40486106369906,0.0,-1067051.75,-291.40486106369906,-0.70917925,-0.70917925,1522245.0,1522245.0,,,1620594222,17:03:42,20210509
52,2006-09-30,KPO.AX,AUD,2006-09-30,2006-09-30,Q3,1631.75,0.0,1631.75,1.0,0.0,80211.5,0.0,0.0,60964.5,0.0,177.25,830.0,-139544.25,-85.51815535468056,-140374.25,-86.02681170522445,-32511.75,-116932.0,-71.66048720698636,0.0,-116932.0,-71.66048720698636,-0.09670625,-0.09670625,1172999.0,1172999.0,,,1620594222,17:03:42,20210509
53,2006-06-30,KPO.AX,AUD,2006-06-30,2006-06-30,Q2,1631.75,0.0,1631.75,1.0,0.0,80211.5,0.0,0.0,60964.5,0.0,177.25,830.0,-139544.25,-85.51815535468056,-140374.25,-86.02681170522445,-32511.75,-116932.0,-71.66048720698636,0.0,-116932.0,-71.66048720698636,-0.09670625,-0.09670625,1172999.0,1172999.0,,,1620594222,17:03:42,20210509
54,2006-03-31,KPO.AX,AUD,2006-03-31,2006-03-31,Q1,1631.75,0.0,1631.75,1.0,0.0,80211.5,0.0,0.0,60964.5,0.0,177.25,830.0,-139544.25,-85.51815535468056,-140374.25,-86.02681170522445,-32511.75,-116932.0,-71.66048720698636,0.0,-116932.0,-71.66048720698636,-0.09670625,-0.09670625,1172999.0,1172999.0,,,1620594222,17:03:42,20210509
55,2006-01-31,KPO.AX,AUD,2006-01-31,2006-01-31,Q1,1631.75,0.0,1631.75,1.0,0.0,80211.5,0.0,0.0,60964.5,0.0,177.25,830.0,-139544.25,-85.51815535468056,-140374.25,-86.02681170522445,-32511.75,-116932.0,-71.66048720698636,0.0,-116932.0,-71.66048720698636,-0.09670625,-0.09670625,1172999.0,1172999.0,,,1620594222,17:03:42,20210509
56,2005-09-30,KPO.AX,AUD,2005-09-30,2005-09-30,Q3,300.0,0.0,300.0,1.0,0.0,48274.5,0.0,3135.0,58800.75,0.0,378.25,789.5,-106775.25,-355.9175,-107564.75,-358.5491666666667,3135.0,-91311.5,-304.37166666666667,-91311.5,-91311.5,-304.37166666666667,-0.104765,-0.104765,844762.0,844762.0,,,1620594222,17:03:42,20210509
57,2005-06-30,KPO.AX,AUD,2005-06-30,2005-06-30,Q2,300.0,0.0,300.0,1.0,0.0,48274.5,0.0,3135.0,58800.75,0.0,378.25,789.5,-106775.25,-355.9175,-107564.75,-358.5491666666667,3135.0,-91311.5,-304.37166666666667,-91311.5,-91311.5,-304.37166666666667,-0.104765,-0.104765,844762.0,844762.0,,,1620594222,17:03:42,20210509
58,2005-03-31,KPO.AX,AUD,2005-03-31,2005-03-31,Q1,300.0,0.0,300.0,1.0,0.0,48274.5,0.0,3135.0,58800.75,0.0,378.25,789.5,-106775.25,-355.9175,-107564.75,-358.5491666666667,3135.0,-91311.5,-304.37166666666667,-91311.5,-91311.5,-304.37166666666667,-0.104765,-0.104765,844762.0,844762.0,,,1620594222,17:03:42,20210509
59,2005-01-31,KPO.AX,AUD,2005-01-31,2005-01-31,Q1,300.0,0.0,300.0,1.0,0.0,48274.5,0.0,3135.0,58800.75,0.0,378.25,789.5,-106775.25,-355.9175,-107564.75,-358.5491666666667,3135.0,-91311.5,-304.37166666666667,-91311.5,-91311.5,-304.37166666666667,-0.104765,-0.104765,844762.0,844762.0,,,1620594222,17:03:42,20210509
60,2004-09-30,KPO.AX,AUD,2004-09-30,2004-09-30,Q3,300.0,0.0,300.0,1.0,0.0,46170.75,0.0,12515.25,34847.5,0.0,305.5,787.5,-81130.75,-270.43583333333333,-81918.25,-273.06083333333333,11952.25,-57056.0,-190.18666666666667,-57056.0,-57056.0,-190.18666666666667,-0.0736805,-0.0736805,746636.0,746636.0,,,1620594222,17:03:42,20210509
61,2004-06-30,KPO.AX,AUD,2004-06-30,2004-06-30,Q2,300.0,0.0,300.0,1.0,0.0,46170.75,0.0,12515.25,34847.5,0.0,305.5,787.5,-81130.75,-270.43583333333333,-81918.25,-273.06083333333333,11952.25,-57056.0,-190.18666666666667,-57056.0,-57056.0,-190.18666666666667,-0.0736805,-0.0736805,746636.0,746636.0,,,1620594222,17:03:42,20210509
62,2004-03-31,KPO.AX,AUD,2004-03-31,2004-03-31,Q1,300.0,0.0,300.0,1.0,0.0,46170.75,0.0,12515.25,34847.5,0.0,305.5,787.5,-81130.75,-270.43583333333333,-81918.25,-273.06083333333333,11952.25,-57056.0,-190.18666666666667,-57056.0,-57056.0,-190.18666666666667,-0.0736805,-0.0736805,746636.0,746636.0,,,1620594222,17:03:42,20210509
63,2004-01-31,KPO.AX,AUD,2004-01-31,2004-01-31,Q1,300.0,0.0,300.0,1.0,0.0,46170.75,0.0,12515.25,34847.5,0.0,305.5,787.5,-81130.75,-270.43583333333333,-81918.25,-273.06083333333333,11952.25,-57056.0,-190.18666666666667,-57056.0,-57056.0,-190.18666666666667,-0.0736805,-0.0736805,746636.0,746636.0,,,1620594222,17:03:42,20210509
64,2003-09-30,KPO.AX,AUD,2003-09-30,2003-09-30,Q3,1550.0,0.0,1550.0,1.0,0.0,37354.0,0.0,35.5,198804.0,0.0,156.75,766.0,-234608.0,-151.36,-235374.0,-151.8541935483871,35.5,-240558.0,-155.19870967741934,-240558.0,3557.75,2.2953225806451614,-0.429803,-0.429803,525085.0,525085.0,,,1620594222,17:03:42,20210509
65,2003-06-30,KPO.AX,AUD,2003-06-30,2003-06-30,Q2,1550.0,0.0,1550.0,1.0,0.0,37354.0,0.0,35.5,198804.0,0.0,156.75,766.0,-234608.0,-151.36,-235374.0,-151.8541935483871,35.5,-240558.0,-155.19870967741934,-240558.0,3557.75,2.2953225806451614,-0.429803,-0.429803,525085.0,525085.0,,,1620594222,17:03:42,20210509
66,2003-03-31,KPO.AX,AUD,2003-03-31,2003-03-31,Q1,1550.0,0.0,1550.0,1.0,0.0,37354.0,0.0,35.5,198804.0,0.0,156.75,766.0,-234608.0,-151.36,-235374.0,-151.8541935483871,35.5,-240558.0,-155.19870967741934,-240558.0,3557.75,2.2953225806451614,-0.429803,-0.429803,525085.0,525085.0,,,1620594222,17:03:42,20210509
67,2003-01-31,KPO.AX,AUD,2003-01-31,2003-01-31,Q1,1550.0,0.0,1550.0,1.0,0.0,37354.0,0.0,35.5,198804.0,0.0,156.75,766.0,-234608.0,-151.36,-235374.0,-151.8541935483871,35.5,-240558.0,-155.19870967741934,-240558.0,3557.75,2.2953225806451614,-0.429803,-0.429803,525085.0,525085.0,,,1620594222,17:03:42,20210509
68,2002-09-30,KPO.AX,AUD,2002-09-30,2002-09-30,Q3,507.5,0.0,507.5,1.0,0.0,65540.0,0.0,8546.0,14298.0,0.0,119.25,12749.75,-79330.5,-156.31625615763548,-92080.25,-181.43891625615763,2257.5,-88491.25,-174.36699507389162,-88491.25,-789.75,-1.5561576354679802,-0.259033,-0.259033,346209.0,346209.0,,,1620594222,17:03:42,20210509
69,2002-06-30,KPO.AX,AUD,2002-06-30,2002-06-30,Q2,507.5,0.0,507.5,1.0,0.0,65540.0,0.0,8546.0,14298.0,0.0,119.25,12749.75,-79330.5,-156.31625615763548,-92080.25,-181.43891625615763,2257.5,-88491.25,-174.36699507389162,-88491.25,-789.75,-1.5561576354679802,-0.259033,-0.259033,346209.0,346209.0,,,1620594222,17:03:42,20210509
70,2002-03-31,KPO.AX,AUD,2002-03-31,2002-03-31,Q1,507.5,0.0,507.5,1.0,0.0,65540.0,0.0,8546.0,14298.0,0.0,119.25,12749.75,-79330.5,-156.31625615763548,-92080.25,-181.43891625615763,2257.5,-88491.25,-174.36699507389162,-88491.25,-789.75,-1.5561576354679802,-0.259033,-0.259033,346209.0,346209.0,,,1620594222,17:03:42,20210509
71,2002-01-31,KPO.AX,AUD,2002-01-31,2002-01-31,Q1,507.5,0.0,507.5,1.0,0.0,65540.0,0.0,8546.0,14298.0,0.0,119.25,12749.75,-79330.5,-156.31625615763548,-92080.25,-181.43891625615763,2257.5,-88491.25,-174.36699507389162,-88491.25,-789.75,-1.5561576354679802,-0.259033,-0.259033,346209.0,346209.0,,,1620594222,17:03:42,20210509
72,2001-09-30,KPO.AX,AUD,2001-09-30,2001-09-30,Q3,0.0,0.0,0.0,0.0,0.0,439271.5,49487.25,-119260.25,3631.75,0.0,46251.25,85916.25,-492390.5,0.0,-578306.75,0.0,-220738.75,-817519.5,0.0,-817519.5,-3213.5,0.0,-0.0302205,-0.0302205,271193.0,271193.0,,,1620594222,17:03:42,20210509
73,2001-06-30,KPO.AX,AUD,2001-06-30,2001-06-30,Q2,0.0,0.0,0.0,0.0,0.0,439271.5,49487.25,-119260.25,3631.75,0.0,46251.25,85916.25,-492390.5,0.0,-578306.75,0.0,-220738.75,-817519.5,0.0,-817519.5,-3213.5,0.0,-0.0302205,-0.0302205,271193.0,271193.0,,,1620594222,17:03:42,20210509
74,2001-03-31,KPO.AX,AUD,2001-03-31,2001-03-31,Q1,0.0,0.0,0.0,0.0,0.0,439271.5,49487.25,-119260.25,3631.75,0.0,46251.25,85916.25,-492390.5,0.0,-578306.75,0.0,-220738.75,-817519.5,0.0,-817519.5,-3213.5,0.0,-0.0302205,-0.0302205,271193.0,271193.0,,,1620594222,17:03:42,20210509
75,2001-01-31,KPO.AX,AUD,2001-01-31,2001-01-31,Q1,0.0,0.0,0.0,0.0,0.0,439271.5,49487.25,-119260.25,3631.75,0.0,46251.25,85916.25,-492390.5,0.0,-578306.75,0.0,-220738.75,-817519.5,0.0,-817519.5,-3213.5,0.0,-0.0302205,-0.0302205,271193.0,271193.0,,,1620594222,17:03:42,20210509
76,1999-09-30,KPO.AX,AUD,1999-09-30,1999-09-30,Q3,0.0,0.0,0.0,0.0,0.0,0.0,0.0,0.0,0.0,0.0,0.0,0.0,0.0,0.0,0.0,0.0,0.0,0.0,0.0,0.0,0.0,0.0,0.0,0.0,126291.0,126291.0,,,1620594222,17:03:42,20210509
77,1999-06-30,KPO.AX,AUD,1999-06-30,1999-06-30,Q2,0.0,0.0,0.0,0.0,0.0,0.0,0.0,0.0,0.0,0.0,0.0,0.0,0.0,0.0,0.0,0.0,0.0,0.0,0.0,0.0,0.0,0.0,0.0,0.0,126291.0,126291.0,,,1620594222,17:03:42,20210509
78,1999-03-31,KPO.AX,AUD,1999-03-31,1999-03-31,Q1,0.0,0.0,0.0,0.0,0.0,0.0,0.0,0.0,0.0,0.0,0.0,0.0,0.0,0.0,0.0,0.0,0.0,0.0,0.0,0.0,0.0,0.0,0.0,0.0,126291.0,126291.0,,,1620594222,17:03:42,20210509
79,1999-01-31,KPO.AX,AUD,1999-01-31,1999-01-31,Q1,0.0,0.0,0.0,0.0,0.0,0.0,0.0,0.0,0.0,0.0,0.0,0.0,0.0,0.0,0.0,0.0,0.0,0.0,0.0,0.0,0.0,0.0,0.0,0.0,126291.0,126291.0,,,1620594222,17:03:42,20210509
80,1996-09-30,KPO.AX,AUD,1996-09-30,1996-09-30,Q3,0.0,0.0,0.0,0.0,0.0,0.0,0.0,0.0,0.0,0.0,113950.5,0.0,-57791.25,0.0,0.0,0.0,0.0,-171741.75,0.0,-171741.75,0.0,0.0,-12.86530525,-12.86530525,13371.0,13371.0,,,1620594222,17:03:42,20210509
81,1996-06-30,KPO.AX,AUD,1996-06-30,1996-06-30,Q2,0.0,0.0,0.0,0.0,0.0,0.0,0.0,0.0,0.0,0.0,113950.5,0.0,-57791.25,0.0,0.0,0.0,0.0,-171741.75,0.0,-171741.75,0.0,0.0,-12.86530525,-12.86530525,13371.0,13371.0,,,1620594222,17:03:42,20210509
82,1996-03-31,KPO.AX,AUD,1996-03-31,1996-03-31,Q1,0.0,0.0,0.0,0.0,0.0,0.0,0.0,0.0,0.0,0.0,113950.5,0.0,-57791.25,0.0,0.0,0.0,0.0,-171741.75,0.0,-171741.75,0.0,0.0,-12.86530525,-12.86530525,13371.0,13371.0,,,1620594222,17:03:42,20210509
83,1996-01-31,KPO.AX,AUD,1996-01-31,1996-01-31,Q1,0.0,0.0,0.0,0.0,0.0,0.0,0.0,0.0,0.0,0.0,113950.5,0.0,-57791.25,0.0,0.0,0.0,0.0,-171741.75,0.0,-171741.75,0.0,0.0,-12.86530525,-12.86530525,13371.0,13371.0,,,1620594222,17:03:42,20210509
84,1995-09-30,KPO.AX,AUD,1995-09-30,1995-09-30,Q3,0.0,0.0,0.0,0.0,0.0,0.0,0.0,0.0,0.0,0.0,123750.0,0.0,17000.0,0.0,0.0,0.0,0.0,-106750.0,0.0,-106750.0,0.0,0.0,-11.82917325,-11.82917325,13370.0,13370.0,,,1620594222,17:03:42,20210509
85,1995-06-30,KPO.AX,AUD,1995-06-30,1995-06-30,Q2,0.0,0.0,0.0,0.0,0.0,0.0,0.0,0.0,0.0,0.0,123750.0,0.0,17000.0,0.0,0.0,0.0,0.0,-106750.0,0.0,-106750.0,0.0,0.0,-11.82917325,-11.82917325,13370.0,13370.0,,,1620594222,17:03:42,20210509
86,1995-03-31,KPO.AX,AUD,1995-03-31,1995-03-31,Q1,0.0,0.0,0.0,0.0,0.0,0.0,0.0,0.0,0.0,0.0,123750.0,0.0,17000.0,0.0,0.0,0.0,0.0,-106750.0,0.0,-106750.0,0.0,0.0,-11.82917325,-11.82917325,13370.0,13370.0,,,1620594222,17:03:42,20210509
87,1995-01-31,KPO.AX,AUD,1995-01-31,1995-01-31,Q1,0.0,0.0,0.0,0.0,0.0,0.0,0.0,0.0,0.0,0.0,123750.0,0.0,17000.0,0.0,0.0,0.0,0.0,-106750.0,0.0,-106750.0,0.0,0.0,-11.82917325,-11.82917325,13370.0,13370.0,,,1620594222,17:03:42,20210509
88,1994-09-30,KPO.AX,AUD,1994-09-30,1994-09-30,Q3,0.0,0.0,0.0,0.0,0.0,0.0,0.0,0.0,0.0,0.0,86000.0,0.0,-53750.0,0.0,0.0,0.0,0.0,-139750.0,0.0,-139750.0,0.0,0.0,-11.22476275,-11.22476275,13370.0,13370.0,,,1620594222,17:03:42,20210509
89,1994-06-30,KPO.AX,AUD,1994-06-30,1994-06-30,Q2,0.0,0.0,0.0,0.0,0.0,0.0,0.0,0.0,0.0,0.0,86000.0,0.0,-53750.0,0.0,0.0,0.0,0.0,-139750.0,0.0,-139750.0,0.0,0.0,-11.22476275,-11.22476275,13370.0,13370.0,,,1620594222,17:03:42,20210509
90,1994-03-31,KPO.AX,AUD,1994-03-31,1994-03-31,Q1,0.0,0.0,0.0,0.0,0.0,0.0,0.0,0.0,0.0,0.0,86000.0,0.0,-53750.0,0.0,0.0,0.0,0.0,-139750.0,0.0,-139750.0,0.0,0.0,-11.22476275,-11.22476275,13370.0,13370.0,,,1620594222,17:03:42,20210509
91,1994-01-31,KPO.AX,AUD,1994-01-31,1994-01-31,Q1,0.0,0.0,0.0,0.0,0.0,0.0,0.0,0.0,0.0,0.0,86000.0,0.0,-53750.0,0.0,0.0,0.0,0.0,-139750.0,0.0,-139750.0,0.0,0.0,-11.22476275,-11.22476275,13370.0,13370.0,,,1620594222,17:03:42,20210509
92,1993-09-30,KPO.AX,AUD,1993-09-30,1993-09-30,Q3,0.0,0.0,0.0,0.0,0.0,0.0,0.0,0.0,0.0,0.0,102000.0,0.0,79250.0,0.0,0.0,0.0,0.0,-22750.0,0.0,-22750.0,0.0,0.0,-2.59033,-2.59033,13370.0,13370.0,,,1620594222,17:03:42,20210509
93,1993-06-30,KPO.AX,AUD,1993-06-30,1993-06-30,Q2,0.0,0.0,0.0,0.0,0.0,0.0,0.0,0.0,0.0,0.0,102000.0,0.0,79250.0,0.0,0.0,0.0,0.0,-22750.0,0.0,-22750.0,0.0,0.0,-2.59033,-2.59033,13370.0,13370.0,,,1620594222,17:03:42,20210509
94,1993-03-31,KPO.AX,AUD,1993-03-31,1993-03-31,Q1,0.0,0.0,0.0,0.0,0.0,0.0,0.0,0.0,0.0,0.0,102000.0,0.0,79250.0,0.0,0.0,0.0,0.0,-22750.0,0.0,-22750.0,0.0,0.0,-2.59033,-2.59033,13370.0,13370.0,,,1620594222,17:03:42,20210509
95,1993-01-31,KPO.AX,AUD,1993-01-31,1993-01-31,Q1,0.0,0.0,0.0,0.0,0.0,0.0,0.0,0.0,0.0,0.0,102000.0,0.0,79250.0,0.0,0.0,0.0,0.0,-22750.0,0.0,-22750.0,0.0,0.0,-2.59033,-2.59033,13370.0,13370.0,,,1620594222,17:03:42,20210509
96,1992-09-30,KPO.AX,AUD,1992-09-30,1992-09-30,Q3,0.0,0.0,0.0,0.0,0.0,0.0,0.0,0.0,0.0,0.0,200250.0,0.0,178250.0,0.0,0.0,0.0,0.0,-22000.0,0.0,-22000.0,0.0,0.0,-1.77005875,-1.77005875,13370.0,13370.0,,,1620594222,17:03:42,20210509
97,1992-06-30,KPO.AX,AUD,1992-06-30,1992-06-30,Q2,0.0,0.0,0.0,0.0,0.0,0.0,0.0,0.0,0.0,0.0,200250.0,0.0,178250.0,0.0,0.0,0.0,0.0,-22000.0,0.0,-22000.0,0.0,0.0,-1.77005875,-1.77005875,13370.0,13370.0,,,1620594222,17:03:42,20210509
98,1992-03-31,KPO.AX,AUD,1992-03-31,1992-03-31,Q1,0.0,0.0,0.0,0.0,0.0,0.0,0.0,0.0,0.0,0.0,200250.0,0.0,178250.0,0.0,0.0,0.0,0.0,-22000.0,0.0,-22000.0,0.0,0.0,-1.77005875,-1.77005875,13370.0,13370.0,,,1620594222,17:03:42,20210509
99,1992-01-31,KPO.AX,AUD,1992-01-31,1992-01-31,Q1,0.0,0.0,0.0,0.0,0.0,0.0,0.0,0.0,0.0,0.0,200250.0,0.0,178250.0,0.0,0.0,0.0,0.0,-22000.0,0.0,-22000.0,0.0,0.0,-1.77005875,-1.77005875,13370.0,13370.0,,,1620594222,17:03:42,20210509
100,1991-09-30,KPO.AX,AUD,1991-09-30,1991-09-30,Q3,0.0,0.0,0.0,0.0,0.0,0.0,0.0,0.0,0.0,0.0,224750.0,0.0,115750.0,0.0,0.0,0.0,0.0,-109000.0,0.0,-109000.0,51750.0,0.0,0.0001034285728481625,0.0001034285728481625,500345297.0,500345297.0,,,1620594222,17:03:42,20210509
101,1991-06-30,KPO.AX,AUD,1991-06-30,1991-06-30,Q2,0.0,0.0,0.0,0.0,0.0,0.0,0.0,0.0,0.0,0.0,224750.0,0.0,115750.0,0.0,0.0,0.0,0.0,-109000.0,0.0,-109000.0,51750.0,0.0,0.0001034285728481625,0.0001034285728481625,500345297.0,500345297.0,,,1620594222,17:03:42,20210509
102,1991-03-31,KPO.AX,AUD,1991-03-31,1991-03-31,Q1,0.0,0.0,0.0,0.0,0.0,0.0,0.0,0.0,0.0,0.0,224750.0,0.0,115750.0,0.0,0.0,0.0,0.0,-109000.0,0.0,-109000.0,51750.0,0.0,0.0001034285728481625,0.0001034285728481625,500345297.0,500345297.0,,,1620594222,17:03:42,20210509
103,1991-01-31,KPO.AX,AUD,1991-01-31,1991-01-31,Q1,0.0,0.0,0.0,0.0,0.0,0.0,0.0,0.0,0.0,0.0,224750.0,0.0,115750.0,0.0,0.0,0.0,0.0,-109000.0,0.0,-109000.0,51750.0,0.0,0.0001034285728481625,0.0001034285728481625,500345297.0,500345297.0,,,1620594222,17:03:42,20210509
104,1990-09-30,KPO.AX,AUD,1990-09-30,1990-09-30,Q3,0.0,0.0,0.0,0.0,0.0,0.0,0.0,0.0,0.0,0.0,220500.0,0.0,260250.0,0.0,0.0,0.0,0.0,39750.0,0.0,39750.0,0.0,0.0,0.0,0.0,500345297.0,500345297.0,,,1620594222,17:03:42,20210509
105,1990-06-30,KPO.AX,AUD,1990-06-30,1990-06-30,Q2,0.0,0.0,0.0,0.0,0.0,0.0,0.0,0.0,0.0,0.0,220500.0,0.0,260250.0,0.0,0.0,0.0,0.0,39750.0,0.0,39750.0,0.0,0.0,0.0,0.0,500345297.0,500345297.0,,,1620594222,17:03:42,20210509
106,1990-03-31,KPO.AX,AUD,1990-03-31,1990-03-31,Q1,0.0,0.0,0.0,0.0,0.0,0.0,0.0,0.0,0.0,0.0,220500.0,0.0,260250.0,0.0,0.0,0.0,0.0,39750.0,0.0,39750.0,0.0,0.0,0.0,0.0,500345297.0,500345297.0,,,1620594222,17:03:42,20210509
107,1990-01-31,KPO.AX,AUD,1990-01-31,1990-01-31,Q1,0.0,0.0,0.0,0.0,0.0,0.0,0.0,0.0,0.0,0.0,220500.0,0.0,260250.0,0.0,0.0,0.0,0.0,39750.0,0.0,39750.0,0.0,0.0,0.0,0.0,500345297.0,500345297.0,,,1620594222,17:03:42,20210509
108,1989-09-30,KPO.AX,AUD,1989-09-30,1989-09-30,Q3,0.0,0.0,0.0,0.0,0.0,0.0,0.0,0.0,0.0,0.0,139250.0,0.0,206250.0,0.0,0.0,0.0,0.0,67000.0,0.0,67000.0,282000.0,0.0,0.0005636107737812913,0.0005636107737812913,500345297.0,500345297.0,,,1620594222,17:03:42,20210509
109,1989-06-30,KPO.AX,AUD,1989-06-30,1989-06-30,Q2,0.0,0.0,0.0,0.0,0.0,0.0,0.0,0.0,0.0,0.0,139250.0,0.0,206250.0,0.0,0.0,0.0,0.0,67000.0,0.0,67000.0,282000.0,0.0,0.0005636107737812913,0.0005636107737812913,500345297.0,500345297.0,,,1620594222,17:03:42,20210509
110,1989-03-31,KPO.AX,AUD,1989-03-31,1989-03-31,Q1,0.0,0.0,0.0,0.0,0.0,0.0,0.0,0.0,0.0,0.0,139250.0,0.0,206250.0,0.0,0.0,0.0,0.0,67000.0,0.0,67000.0,282000.0,0.0,0.0005636107737812913,0.0005636107737812913,500345297.0,500345297.0,,,1620594222,17:03:42,20210509
111,1989-01-31,KPO.AX,AUD,1989-01-31,1989-01-31,Q1,0.0,0.0,0.0,0.0,0.0,0.0,0.0,0.0,0.0,0.0,139250.0,0.0,206250.0,0.0,0.0,0.0,0.0,67000.0,0.0,67000.0,282000.0,0.0,0.0005636107737812913,0.0005636107737812913,500345297.0,500345297.0,,,1620594222,17:03:42,20210509
