,date,symbol,reportedCurrency,fillingDate,acceptedDate,period,revenue,costOfRevenue,grossProfit,grossProfitRatio,researchAndDevelopmentExpenses,generalAndAdministrativeExpenses,sellingAndMarketingExpenses,otherExpenses,operatingExpenses,costAndExpenses,interestExpense,depreciationAndAmortization,ebitda,ebitdaratio,operatingIncome,operatingIncomeRatio,totalOtherIncomeExpensesNet,incomeBeforeTax,incomeBeforeTaxRatio,incomeTaxExpense,netIncome,netIncomeRatio,eps,epsdiluted,weightedAverageShsOut,weightedAverageShsOutDil,link,finalLink,timestamp,est_time,est_date
0,2017-06-30,CDI,USD,2017-08-08 00:00:00,2017-08-08 16:46:32,Q2,169468000.0,137184000.0,32284000.0,0.19050204168338566,0.0,0.0,0.0,38541000.0,38541000.0,175725000,0.0,2046000.0,-4520000.0,-0.026671702032242076,-6566000.0,-0.03874477777515519,-309000.0,-6566000.0,-0.03874477777515519,1325000.0,-6566000.0,-0.03874477777515519,-0.35095,-0.35095,18709000,18709000,https://www.sec.gov/Archives/edgar/data/18396/000001839617000072/0000018396-17-000072-index.html,https://www.sec.gov/Archives/edgar/data/18396/000001839617000072/cdi-20170630x10q.htm,1620590069,15:54:29,20210509
1,2017-03-31,CDI,USD,2017-05-10 00:00:00,2017-05-10 16:37:30,Q1,187565000.0,153446000.0,34119000.0,0.1819049396209314,0.0,0.0,0.0,39978000.0,39978000.0,193424000,0.0,2110000.0,-4162000.0,-0.022189640924479514,-6272000.0,-0.03343907445418921,-413000.0,-6272000.0,-0.03343907445418921,565000.0,-6272000.0,-0.03343907445418921,-0.33578,-0.33578,18679000,18679000,https://www.sec.gov/Archives/edgar/data/18396/000001839617000031/0000018396-17-000031-index.html,https://www.sec.gov/Archives/edgar/data/18396/000001839617000031/cdi-20170331x10q.htm,1620590069,15:54:29,20210509
2,2016-12-31,CDI,USD,2017-03-08 00:00:00,2017-03-08 16:57:25,Q4,183890000.0,147673000.0,36217000.0,0.19694926314644626,0.0,0.0,0.0,38498000.0,38498000.0,186171000,0.0,2189000.0,-367000.0,-0.0019957583337865026,-2556000.0,-0.013899613899613899,-275000.0,-2556000.0,-0.013899613899613899,102000.0,-2658000.0,-0.014454293327532765,-0.13967,-0.13967,19031000,19031000,https://www.sec.gov/Archives/edgar/data/18396/000001839617000020/0000018396-17-000020-index.html,https://www.sec.gov/Archives/edgar/data/18396/000001839617000020/cdi-2016123110xk.htm,1620590069,15:54:29,20210509
3,2016-09-30,CDI,USD,2016-11-03 00:00:00,2016-11-03 15:44:28,Q3,220260000.0,179727000.0,40533000.0,0.18402342685916645,0.0,0.0,0.0,43675000.0,43675000.0,223402000,0.0,2404000.0,-15629000.0,-0.07095705075819486,-18033000.0,-0.08187142467992373,-112000.0,-18033000.0,-0.08187142467992373,-1419000.0,-16614000.0,-0.07542903840915281,-0.86721,-0.86721,19158000,19158000,https://www.sec.gov/Archives/edgar/data/18396/000001839616000217/0000018396-16-000217-index.html,https://www.sec.gov/Archives/edgar/data/18396/000001839616000217/cdi-20160930x10q.htm,1620590069,15:54:29,20210509
4,2016-06-30,CDI,USD,2016-08-04,2016-08-04 16:01:03,Q2,226693000.0,184598000.0,42095000.0,0.18569166229217487,0.0,0.0,0.0,48315000.0,48315000.0,232913000,0.0,2625000.0,-4287000.0,-0.018911038276435532,-6912000.0,-0.030490575359627337,-452000.0,-6912000.0,-0.030490575359627337,572000.0,-7484000.0,-0.03301381163070761,-0.38524,-0.38524,19427000,19427000,https://www.sec.gov/Archives/edgar/data/18396/000001839616000189/0000018396-16-000189-index.htm,https://www.sec.gov/Archives/edgar/data/18396/000001839616000189/cdi-20160630x10q.htm,1620590069,15:54:29,20210509
5,2016-03-31,CDI,USD,2016-05-05 00:00:00,2016-05-05 17:07:48,Q1,233524000.0,190249000.0,43275000.0,0.18531285863551497,0.0,0.0,0.0,47047000.0,47047000.0,237296000,0.0,3082000.0,-888000.0,-0.003802607012555455,-3970000.0,-0.01700039396378959,-149000.0,-3970000.0,-0.01700039396378959,847000.0,-4817000.0,-0.02062743015707165,-0.24478,-0.24478,19679000,19679000,https://www.sec.gov/Archives/edgar/data/18396/000001839616000141/0000018396-16-000141-index.html,https://www.sec.gov/Archives/edgar/data/18396/000001839616000141/cdi-20160331x10q.htm,1620590069,15:54:29,20210509
6,2015-12-31,CDI,USD,2016-03-03 00:00:00,2016-03-03 10:15:44,Q4,236553000.0,191896000.0,44657000.0,0.1887822179384747,0.0,0.0,0.0,49863000.0,49863000.0,241759000,0.0,4368000.0,-4980000.0,-0.021052364586371764,-9348000.0,-0.03951757111514122,-538000.0,-9348000.0,-0.03951757111514122,7766000.0,-17114000.0,-0.0723474231990294,-0.86979,-0.86979,19676000,19676000,https://www.sec.gov/Archives/edgar/data/18396/000001839616000133/0000018396-16-000133-index.html,https://www.sec.gov/Archives/edgar/data/18396/000001839616000133/cdi-2015123110xk.htm,1620590069,15:54:29,20210509
7,2015-09-30,CDI,USD,2015-11-05 00:00:00,2015-11-05 16:30:50,Q3,244662000.0,197835000.0,46827000.0,0.1913946587537092,0.0,0.0,0.0,46853000.0,46853000.0,244688000,0.0,2299000.0,-19147000.0,-0.07825898586621544,-21446000.0,-0.0876556228592916,683000.0,-21446000.0,-0.0876556228592916,-1244000.0,-20202000.0,-0.08257105721362533,-1.02715,-1.02715,19668000,19668000,https://www.sec.gov/Archives/edgar/data/18396/000001839615000097/0000018396-15-000097-index.html,https://www.sec.gov/Archives/edgar/data/18396/000001839615000097/cdi-20150930x10q.htm,1620590069,15:54:29,20210509
8,2015-06-30,CDI,USD,2015-08-06 00:00:00,2015-08-06 16:30:37,Q2,246821000.0,200174000.0,46647000.0,0.188991212255035,0.0,0.0,0.0,45444000.0,45444000.0,245618000,0.0,2450000.0,3653000.0,0.014800199334740562,1203000.0,0.004873977497862824,-97000.0,1106000.0,0.004480980143504807,1263000.0,-157000.0,-0.0006360885013835938,-0.007987789366573392,-0.007910914038093318,19655000,19846000,https://www.sec.gov/Archives/edgar/data/18396/000001839615000080/0000018396-15-000080-index.html,https://www.sec.gov/Archives/edgar/data/18396/000001839615000080/cdi-20150630x10q.htm,1620590069,15:54:29,20210509
9,2015-03-31,CDI,USD,2015-05-07 00:00:00,2015-05-07 16:05:58,Q1,257458000.0,210688000.0,46770000.0,0.1816606980556052,0.0,0.0,0.0,45273000.0,45273000.0,255961000,0.0,2562000.0,3702000.0,0.014379044348981193,1140000.0,0.00442790668769275,13000.0,1153000.0,0.004478400360447141,766000.0,470000.0,0.0018255404765049057,0.02393806661913008,0.023663276608599335,19634000,19862000,https://www.sec.gov/Archives/edgar/data/18396/000001839615000050/0000018396-15-000050-index.html,https://www.sec.gov/Archives/edgar/data/18396/000001839615000050/cdi-20150331x10q.htm,1620590069,15:54:29,20210509
10,2014-12-31,CDI,USD,2015-03-05,2015-03-05 16:34:25,Q4,266686000.0,218177000.0,48509000.0,0.18189556257171355,0.0,0.0,0.0,45052000.0,45052000.0,263229000,0.0,2647000.0,-12143000.0,-0.04553294886120756,-14790000.0,-0.05545847926025363,-21000.0,-14790000.0,-0.05545847926025363,-5873000.0,-8917000.0,-0.03343632586637469,-0.4554834755069725,-0.4505811015664477,19577000,19790000,https://www.sec.gov/Archives/edgar/data/18396/000001839615000024/0000018396-15-000024-index.htm,https://www.sec.gov/Archives/edgar/data/18396/000001839615000024/cdi-2014123110xk.htm,1620590069,15:54:29,20210509
11,2014-09-30,CDI,USD,2014-11-03 00:00:00,2014-11-03 17:19:56,Q3,295732000.0,241244000.0,54488000.0,0.18424790012578957,0.0,0.0,0.0,46006000.0,46006000.0,287250000,0.0,2587000.0,11069000.0,0.037429158832997446,8482000.0,0.028681373676166258,-133000.0,8349000.0,0.028231642162498478,2908000.0,5400000.0,0.018259775742902357,0.2760453941314794,0.27321022008601065,19562000,19765000,https://www.sec.gov/Archives/edgar/data/18396/000001839614000033/0000018396-14-000033-index.html,https://www.sec.gov/Archives/edgar/data/18396/000001839614000033/cdi-20140930x10q.htm,1620590069,15:54:29,20210509
12,2014-06-30,CDI,USD,2014-08-06 00:00:00,2014-08-06 16:02:35,Q2,284282000.0,231485000.0,52797000.0,0.18572051695147776,0.0,0.0,0.0,46107000.0,46107000.0,277592000,0.0,2793000.0,9781000.0,0.03440597716352073,6988000.0,0.024581225684355675,8000.0,6996000.0,0.02460936675554555,2544000.0,4427000.0,0.01557256526969699,0.2266072891072891,0.22400445276526842,19536000,19763000,https://www.sec.gov/Archives/edgar/data/18396/000001839614000024/0000018396-14-000024-index.html,https://www.sec.gov/Archives/edgar/data/18396/000001839614000024/cdi-20140630x10q.htm,1620590069,15:54:29,20210509
13,2014-03-31,CDI,USD,2014-05-07 00:00:00,2014-05-07 16:47:36,Q1,276272000.0,225509000.0,50763000.0,0.1837428331499392,0.0,0.0,0.0,45708000.0,45708000.0,271217000,0.0,2690000.0,7375000.0,0.02669470666589448,4685000.0,0.016957925522673306,-82000.0,4603000.0,0.016661116580760988,2562000.0,2037000.0,0.007373168471651126,0.10442405290408571,0.10286320254506894,19507000,19803000,https://www.sec.gov/Archives/edgar/data/18396/000001839614000012/0000018396-14-000012-index.html,https://www.sec.gov/Archives/edgar/data/18396/000001839614000012/cdi-20140331x10q.htm,1620590069,15:54:29,20210509
14,2013-12-31,CDI,USD,2014-03-06,2014-03-06 13:16:39,Q4,277114000.0,224866000.0,52248000.0,0.18854334317284582,0.0,0.0,0.0,42717000.0,42717000.0,267583000,0.0,2697000.0,6512000.0,0.0234993540564533,3815000.0,0.013766897377974407,-98000.0,3717000.0,0.013413252307714514,1385000.0,2427000.0,0.00875812842368123,0.12483283612797037,0.12295455696843811,19442000,19739000,https://www.sec.gov/Archives/edgar/data/18396/000001839614000004/0000018396-14-000004-index.htm,https://www.sec.gov/Archives/edgar/data/18396/000001839614000004/cdi-2013123110xk.htm,1620590069,15:54:29,20210509
15,2013-09-30,CDI,USD,2013-11-01 00:00:00,2013-11-01 14:28:56,Q3,277916000.0,225219000.0,52697000.0,0.18961484765180847,0.0,0.0,0.0,45751000.0,45751000.0,270970000,0.0,2526000.0,9472000.0,0.034082240677039105,6946000.0,0.02499316340189122,-57000.0,6889000.0,0.024788065458627787,2323000.0,4528000.0,0.01629269275608457,0.23308967363327499,0.22954476325661563,19426000,19726000,https://www.sec.gov/Archives/edgar/data/18396/000001839613000015/0000018396-13-000015-index.html,https://www.sec.gov/Archives/edgar/data/18396/000001839613000015/cdi-20130930x10q.htm,1620590069,15:54:29,20210509
16,2013-06-30,CDI,USD,2013-08-02 00:00:00,2013-08-02 10:58:00,Q2,263363000.0,211818000.0,51545000.0,0.19571845703458723,0.0,0.0,0.0,46303000.0,46303000.0,258121000,0.0,2562000.0,7804000.0,0.02963210473756754,5242000.0,0.01990408675478332,-62000.0,5180000.0,0.01966867023841618,1683000.0,3438000.0,0.01305422553661676,0.1771525738135724,0.17422591597831044,19407000,19733000,https://www.sec.gov/Archives/edgar/data/18396/000001839613000012/0000018396-13-000012-index.html,https://www.sec.gov/Archives/edgar/data/18396/000001839613000012/cdi-20130630x10q.htm,1620590069,15:54:29,20210509
17,2013-03-31,CDI,USD,2013-05-03 00:00:00,2013-05-03 16:07:14,Q1,269466000.0,219315000.0,50151000.0,0.18611253367771816,0.0,0.0,0.0,45238000.0,45238000.0,264553000,0.0,2561000.0,7474000.0,0.027736337794007408,4913000.0,0.018232355844522128,-51000.0,4862000.0,0.018043092635063422,2309000.0,2491000.0,0.009244208916894895,0.12854783775415418,0.12629924453683516,19378000,19723000,https://www.sec.gov/Archives/edgar/data/18396/000001839613000006/0000018396-13-000006-index.html,https://www.sec.gov/Archives/edgar/data/18396/000001839613000006/cdi-20130331x10q.htm,1620590069,15:54:29,20210509
18,2012-12-31,CDI,USD,2013-03-01 00:00:00,2013-02-28 17:53:10,Q4,270543000.0,217067000.0,53476000.0,0.19766173953863156,0.0,0.0,0.0,45472000.0,45472000.0,262539000,0.0,2598000.0,10602000.0,0.03918785553497965,8004000.0,0.029584945831161776,-86000.0,7918000.0,0.02926706660309082,2876000.0,4992000.0,0.018451780308490703,0.25806451612903225,0.252823499620157,19344000,19745000,https://www.sec.gov/Archives/edgar/data/18396/000001839613000002/0000018396-13-000002-index.html,https://www.sec.gov/Archives/edgar/data/18396/000001839613000002/cdi-2012123110xk.htm,1620590069,15:54:29,20210509
19,2012-09-30,CDI,USD,2012-10-31 00:00:00,2012-10-31 09:14:15,Q3,279390000.0,224670000.0,54720000.0,0.19585525609363255,0.0,0.0,0.0,45711000.0,45711000.0,270381000,0.0,2566000.0,11575000.0,0.04142954293281793,9009000.0,0.0322452485772576,-47000.0,8962000.0,0.03207702494720641,3556000.0,5349000.0,0.019145280790293137,0.2765484438010547,0.2708354430379747,19342000,19750000,https://www.sec.gov/Archives/edgar/data/18396/000001839612000012/0000018396-12-000012-index.html,https://www.sec.gov/Archives/edgar/data/18396/000001839612000012/cdi-2012930x10q.htm,1620590069,15:54:29,20210509
20,2012-06-30,CDI,USD,2012-07-31 00:00:00,2012-07-31 17:11:57,Q2,274398000.0,218870000.0,55528000.0,0.2023629909838993,0.0,0.0,0.0,47664000.0,47664000.0,266534000,0.0,2567000.0,10431000.0,0.03801412546738679,7864000.0,0.028659101013855787,-80000.0,7784000.0,0.028367553699370985,2713000.0,4952000.0,0.018046778766609085,0.25734033154913477,0.25213849287169043,19243000,19640000,https://www.sec.gov/Archives/edgar/data/18396/000001839612000008/0000018396-12-000008-index.html,https://www.sec.gov/Archives/edgar/data/18396/000001839612000008/cdi-2012630x10q.htm,1620590069,15:54:29,20210509
21,2012-03-31,CDI,USD,2012-05-08,2012-05-08 17:07:24,Q1,280627000.0,224942000.0,55685000.0,0.19843065706435944,0.0,0.0,0.0,48296000.0,48296000.0,273238000,0.0,2534000.0,9923000.0,0.035360104337786455,7389000.0,0.02633032459456859,-38000.0,7351000.0,0.026194913532910234,3437000.0,3823000.0,0.013623065492629005,0.19866964610507717,0.19465376782077393,19243000,19640000,https://www.sec.gov/Archives/edgar/data/18396/000144530512001575/0001445305-12-001575-index.htm,https://www.sec.gov/Archives/edgar/data/18396/000144530512001575/cdi-2012331x10q.htm,1620590069,15:54:29,20210509
22,2011-12-31,CDI,USD,2012-03-06 00:00:00,2012-03-06 08:02:35,Q4,267954000.0,211685000.0,56269000.0,0.2099949991416437,0.0,0.0,0.0,48672000.0,48672000.0,260357000,0.0,2665000.0,2139000.0,0.007982713450816185,-526000.0,-0.0019630235040342743,-245000.0,-526000.0,-0.0019630235040342743,92000.0,-618000.0,-0.0023063660180478738,-0.03211557449462142,-0.03146639511201629,19243000,19640000,https://www.sec.gov/Archives/edgar/data/18396/000119312512097893/0001193125-12-097893-index.html,https://www.sec.gov/Archives/edgar/data/18396/000119312512097893/d278968d10k.htm,1620590069,15:54:29,20210509
23,2011-09-30,CDI,USD,2011-11-04 00:00:00,2011-11-04 16:11:32,Q3,272474000.0,214732000.0,57742000.0,0.2119174673546834,0.0,0.0,0.0,53321000.0,53321000.0,268053000,0.0,2788000.0,7209000.0,0.026457570263584782,4421000.0,0.01622540132269501,0.0,4358000.0,0.0159941866012904,1496000.0,2814000.0,0.010327590889405961,0.14623499454347036,0.14327902240325865,19243000,19640000,https://www.sec.gov/Archives/edgar/data/18396/000119312511297385/0001193125-11-297385-index.html,https://www.sec.gov/Archives/edgar/data/18396/000119312511297385/d241094d10q.htm,1620590069,15:54:29,20210509
24,2011-06-30,CDI,USD,2011-08-05 00:00:00,2011-08-05 13:57:32,Q2,2913000.0,3535000.0,-622000.0,-0.2135255750085822,0.0,-26859000.0,0.0,43256000.0,43256000.0,249035000,-19259000.0,-125203000.0,-38504000.0,-13.217988328184003,86699000.0,29.762787504291108,15271000.0,38212000.0,13.117748026089942,17528000.0,82918000.0,28.46481290765534,4.308995478875436,4.2218940936863545,19243000,19640000,https://www.sec.gov/Archives/edgar/data/18396/000119312511211975/0001193125-11-211975-index.html,https://www.sec.gov/Archives/edgar/data/18396/000119312511211975/d10q.htm,1620590069,15:54:29,20210509
25,2011-03-31,CDI,USD,2011-05-06 00:00:00,2011-05-06 11:38:36,Q1,256636000.0,202306000.0,54330000.0,0.21170061877523028,0.0,0.0,0.0,51577000.0,51577000.0,253883000,0.0,2425000.0,5135000.0,0.020008884178369362,2710000.0,0.010559703237269907,-43000.0,2710000.0,0.010559703237269907,1970000.0,740000.0,0.002883461400582927,0.04,0.04,18500000,18500000,https://www.sec.gov/Archives/edgar/data/18396/000119312511130058/0001193125-11-130058-index.html,https://www.sec.gov/Archives/edgar/data/18396/000119312511130058/d10q.htm,1620590069,15:54:29,20210509
26,2010-12-31,CDI,USD,2011-03-10,2011-03-10 17:14:37,Q4,248012000.0,195597000.0,52415000.0,0.21134058029450187,0.0,0.0,0.0,53531000.0,53531000.0,249128000,0.0,2536000.0,-8131000.0,-0.032784703965937134,-10667000.0,-0.043010015644404306,-20000.0,-10667000.0,-0.043010015644404306,4272000.0,-14939000.0,-0.06023498862958244,-0.78743,-0.78743,18971929,18971929,https://www.sec.gov/Archives/edgar/data/18396/000119312511062464/0001193125-11-062464-index.htm,https://www.sec.gov/Archives/edgar/data/18396/000119312511062464/d10k.htm,1620590069,15:54:29,20210509
27,2010-09-30,CDI,USD,2010-11-05 00:00:00,2010-11-05 14:06:45,Q3,249355000.0,194017000.0,55338000.0,0.221924565378677,0.0,0.0,0.0,50400000.0,50400000.0,244417000,0.0,2640000.0,6824000.0,0.027366605843075133,4184000.0,0.016779290569669748,-442000.0,4184000.0,0.016779290569669748,2473000.0,1711000.0,0.0068617031942411425,0.08711,0.08711,19642857,19642857,https://www.sec.gov/Archives/edgar/data/18396/000119312510249792/0001193125-10-249792-index.html,https://www.sec.gov/Archives/edgar/data/18396/000119312510249792/d10q.htm,1620590069,15:54:29,20210509
28,2010-06-30,CDI,USD,2010-08-06 00:00:00,2010-08-06 14:41:25,Q2,218982000.0,174279000.0,44703000.0,0.20414006630681975,0.0,0.0,0.0,41135000.0,41135000.0,215414000,0.0,2387000.0,5408000.0,0.02469609374286471,3021000.0,0.013795654437351016,-130000.0,3021000.0,0.013795654437351016,423000.0,2598000.0,0.011863988820998986,0.13991,0.13991,18569230,18569230,https://www.sec.gov/Archives/edgar/data/18396/000119312510181149/0001193125-10-181149-index.html,https://www.sec.gov/Archives/edgar/data/18396/000119312510181149/d10q.htm,1620590069,15:54:29,20210509
29,2010-03-31,CDI,USD,2010-05-06 00:00:00,2010-05-06 14:33:06,Q1,209940000.0,168433000.0,41507000.0,0.19770886920072403,0.0,0.0,0.0,40892000.0,40892000.0,209325000,0.0,2408000.0,2724000.0,0.012975135753072306,316000.0,0.0015051919596075069,52000.0,316000.0,0.0015051919596075069,500000.0,-184000.0,-0.0008764408878727256,-0.01,-0.01,18400000,18400000,https://www.sec.gov/Archives/edgar/data/18396/000119312510110617/0001193125-10-110617-index.html,https://www.sec.gov/Archives/edgar/data/18396/000119312510110617/d10q.htm,1620590069,15:54:29,20210509
30,2009-12-31,CDI,USD,2010-03-02 00:00:00,2010-03-02 14:19:37,Q4,217199000.0,176232000.0,40967000.0,0.18861504887223238,0.0,0.0,0.0,47406000.0,47406000.0,223638000,0.0,2543000.0,-4886000.0,-0.022495499518874397,-7429000.0,-0.03420365655458819,16000.0,-6921000.0,-0.03186478759110309,-48000.0,-6873000.0,-0.031643792098490324,-0.3623,-0.3623,18970476,18970476,https://www.sec.gov/Archives/edgar/data/18396/000119312510045781/0001193125-10-045781-index.html,https://www.sec.gov/Archives/edgar/data/18396/000119312510045781/d10k.htm,1620590069,15:54:29,20210509
31,2009-09-30,CDI,USD,2009-11-05 00:00:00,2009-11-05 15:28:47,Q3,223673000.0,179782000.0,43891000.0,0.196228422742128,0.0,0.0,0.0,55464000.0,55464000.0,235246000,0.0,2656000.0,-9246000.0,-0.041337130543248404,-11902000.0,-0.05321160801706062,-51000.0,-11902000.0,-0.05321160801706062,280000.0,-12182000.0,-0.054463435461589015,-0.6443,-0.6443,18907246,18907246,https://www.sec.gov/Archives/edgar/data/18396/000119312509225416/0001193125-09-225416-index.html,https://www.sec.gov/Archives/edgar/data/18396/000119312509225416/d10q.htm,1620590069,15:54:29,20210509
32,2009-06-30,CDI,USD,2009-08-06 00:00:00,2009-08-06 15:38:50,Q2,215426000.0,171147000.0,44279000.0,0.205541578082497,0.0,0.0,0.0,43751000.0,43751000.0,214898000,259000.0,2709000.0,2815000.0,0.013067132101046298,106000.0,0.0004920483135740347,-143000.0,106000.0,0.0004920483135740347,50000.0,56000.0,0.000259950052454207,0.00324,0.00324,17280000,17280000,https://www.sec.gov/Archives/edgar/data/18396/000119312509167079/0001193125-09-167079-index.html,https://www.sec.gov/Archives/edgar/data/18396/000119312509167079/d10q.htm,1620590069,15:54:29,20210509
33,2009-03-31,CDI,USD,2009-05-08 00:00:00,2009-05-07 17:54:58,Q1,228652000.0,181225000.0,47427000.0,0.20742000944667005,0.0,0.0,0.0,48078000.0,48078000.0,229303000,-259000.0,2759000.0,2065000.0,0.00903119150499449,-694000.0,-0.003035180099015097,259000.0,-694000.0,-0.003035180099015097,226000.0,-920000.0,-0.004023581687455172,-0.05,-0.05,18400000,18400000,https://www.sec.gov/Archives/edgar/data/18396/000119312509103675/0001193125-09-103675-index.html,https://www.sec.gov/Archives/edgar/data/18396/000119312509103675/d10q.htm,1620590069,15:54:29,20210509
34,2008-12-31,CDI,USD,2009-03-11 00:00:00,2009-03-11 17:12:48,Q4,253641000.0,199617000.0,54024000.0,0.21299395602445978,0.0,0.0,0.0,57205000.0,57205000.0,256822000,2926000.0,3104000.0,-510000.0,-0.002010715933149609,-3614000.0,-0.014248485063534681,844000.0,-2743000.0,-0.010814497656136035,871000.0,-3614000.0,-0.014248485063534681,-0.18242,-0.18242,19811224,19811224,https://www.sec.gov/Archives/edgar/data/18396/000119312509050964/0001193125-09-050964-index.html,https://www.sec.gov/Archives/edgar/data/18396/000119312509050964/d10k.htm,1620590069,15:54:29,20210509
35,2008-09-30,CDI,USD,2008-11-07 00:00:00,2008-11-07 14:25:03,Q3,281865000.0,219279000.0,62586000.0,0.22204246713852377,0.0,0.0,0.0,55766000.0,55766000.0,275045000,-1065000.0,3101000.0,11227000.0,0.03983112482926224,8126000.0,0.028829404147375517,1065000.0,7885000.0,0.02797438490057297,-241000.0,8126000.0,0.028829404147375517,0.40226,0.40226,20200877,20200877,https://www.sec.gov/Archives/edgar/data/18396/000119312508229749/0001193125-08-229749-index.html,https://www.sec.gov/Archives/edgar/data/18396/000119312508229749/d10q.htm,1620590069,15:54:29,20210509
36,2008-06-30,CDI,USD,2008-08-08 00:00:00,2008-08-08 10:37:50,Q2,289211000.0,221629000.0,67582000.0,0.23367714229403447,0.0,0.0,0.0,56826000.0,56826000.0,278455000,-613000.0,2848000.0,9827000.0,0.03397865226426381,6979000.0,0.024131170667782347,613000.0,11369000.0,0.03931039967359471,4390000.0,6979000.0,0.024131170667782347,0.34186,0.34186,20415068,20415068,https://www.sec.gov/Archives/edgar/data/18396/000119312508171285/0001193125-08-171285-index.html,https://www.sec.gov/Archives/edgar/data/18396/000119312508171285/d10q.htm,1620590069,15:54:29,20210509
37,2008-03-31,CDI,USD,2008-05-09,2008-05-09 14:46:31,Q1,293880000.0,222625000.0,71255000.0,0.2424629100313053,0.0,0.0,0.0,60292000.0,60292000.0,282917000,-1248000.0,2850000.0,10774000.0,0.03666122226759221,7924000.0,0.02696338641622431,1248000.0,12211000.0,0.04155097318633456,4287000.0,7924000.0,0.02696338641622431,0.39,0.39,20317948,20317948,https://www.sec.gov/Archives/edgar/data/18396/000119312508109550/0001193125-08-109550-index.htm,https://www.sec.gov/Archives/edgar/data/18396/000119312508109550/d10q.htm,1620590069,15:54:29,20210509
38,2007-12-31,CDI,USD,2008-03-07,2008-03-07 17:27:27,Q4,298960000.0,224253000.0,74707000.0,0.2498896173401124,0.0,0.0,0.0,63013000.0,63013000.0,287266000,-1096000.0,2816000.0,-18467000.0,-0.06177080545892427,-21283000.0,-0.07119012576933369,1096000.0,12790000.0,0.04278164302916778,4619000.0,8171000.0,0.027331415573989833,0.40306,0.40306,20272611,20272611,https://www.sec.gov/Archives/edgar/data/18396/000119312508050355/0001193125-08-050355-index.htm,https://www.sec.gov/Archives/edgar/data/18396/000119312508050355/d10k.htm,1620590069,15:54:29,20210509
39,2007-09-30,CDI,USD,2007-11-07,2007-11-07 09:29:16,Q3,218260000.0,164221000.0,54039000.0,0.2475900302391643,0.0,0.0,0.0,44239000.0,44239000.0,208460000,-508000.0,2561000.0,177000.0,0.0008109594062127738,-2384000.0,-0.010922752680289563,508000.0,10308000.0,0.04722807660588289,3448000.0,6860000.0,0.03143040410519564,0.33927,0.33927,20219658,20219658,https://www.sec.gov/Archives/edgar/data/18396/000119312507237809/0001193125-07-237809-index.htm,https://www.sec.gov/Archives/edgar/data/18396/000119312507237809/d10q.htm,1620590069,15:54:29,20210509
40,2007-06-30,CDI,USD,2007-08-03,2007-08-03 11:56:33,Q2,338138000000.0,256738000000.0,81400000000.0,0.24073011610644174,0.0,0.0,0.0,69129000000.0,69129000000.0,325867000000,-699000000.0,2789000000.0,15324000000.0,0.04531877517463284,12535000000.0,0.03707066345693179,264000000.0,12535000000.0,0.03707066345693179,4206000000.0,8329000000.0,0.02463195500062105,0.41652,0.41652,19996428571,19996428571,https://www.sec.gov/Archives/edgar/data/18396/000119312507170352/0001193125-07-170352-index.htm,https://www.sec.gov/Archives/edgar/data/18396/000119312507170352/d10q.htm,1620590069,15:54:29,20210509
41,2007-03-31,CDI,USD,2007-05-07,2007-05-07 15:23:55,Q1,331941000.0,255147000.0,76794000.0,0.23134834202463692,0.0,0.0,0.0,63723000.0,63723000.0,318870000,0.0,2747000.0,16253000.0,0.04896352062565335,13506000.0,0.04068795358211248,435000.0,13506000.0,0.04068795358211248,5038000.0,8468000.0,0.025510557599091405,0.42,0.42,20161904,20161904,https://www.sec.gov/Archives/edgar/data/18396/000119312507104239/0001193125-07-104239-index.htm,https://www.sec.gov/Archives/edgar/data/18396/000119312507104239/d10q.htm,1620590069,15:54:29,20210509
42,2006-12-31,CDI,USD,2007-03-07,2007-03-07 16:44:09,Q4,321026000.0,244267000.0,76759000.0,0.2391052438120277,0.0,0.0,0.0,66232000.0,66232000.0,310499000,572000.0,2788000.0,13319000.0,0.041488851370294,10531000.0,0.03280419654482814,4000.0,10531000.0,0.03280419654482814,3730000.0,6801000.0,0.02118519995265181,0.34205,0.34205,19882905,19882905,https://www.sec.gov/Archives/edgar/data/18396/000119312507048477/0001193125-07-048477-index.htm,https://www.sec.gov/Archives/edgar/data/18396/000119312507048477/d10k.htm,1620590069,15:54:29,20210509
43,2006-09-30,CDI,USD,2006-11-08,2006-11-08 13:54:19,Q3,322451000000.0,247597000000.0,74854000000.0,0.23214069734626347,0.0,0.0,0.0,64447000000.0,64447000000.0,312044000000,0.0,2687000000.0,13052000000.0,0.04047746789434674,10365000000.0,0.03214441884193257,-42000000.0,10365000000.0,0.03214441884193257,4263000000.0,6102000000.0,0.018923805477421375,0.30766,0.30766,19833734939,19833734939,https://www.sec.gov/Archives/edgar/data/18396/000119312506228098/0001193125-06-228098-index.htm,https://www.sec.gov/Archives/edgar/data/18396/000119312506228098/d10q.htm,1620590069,15:54:29,20210509
44,2006-06-30,CDI,USD,2006-08-09,2006-08-09 14:12:22,Q2,314478000000.0,242170000000.0,72308000000.0,0.22993023359344691,0.0,0.0,0.0,64049000000.0,64049000000.0,306219000000,0.0,2543000000.0,10105000000.0,0.03213261341015906,7562000000.0,0.0240461971902645,-697000000.0,7562000000.0,0.0240461971902645,2108000000.0,5454000000.0,0.017343025585255568,0.27375,0.27375,19923076923,19923076923,https://www.sec.gov/Archives/edgar/data/18396/000119312506167423/0001193125-06-167423-index.htm,https://www.sec.gov/Archives/edgar/data/18396/000119312506167423/d10q.htm,1620590069,15:54:29,20210509
45,2006-03-31,CDI,USD,2006-05-10,2006-05-10 14:23:31,Q1,307331000000.0,236760000000.0,70571000000.0,0.2296253876114027,0.0,0.0,0.0,62737000000.0,62737000000.0,299497000000,0.0,2510000000.0,10507000000.0,0.03418789513586329,7997000000.0,0.026020804930189274,163000000.0,7997000000.0,0.026020804930189274,3091000000.0,4906000000.0,0.015963244840253667,0.25,0.25,19624000000,19624000000,https://www.sec.gov/Archives/edgar/data/18396/000119312506107340/0001193125-06-107340-index.htm,https://www.sec.gov/Archives/edgar/data/18396/000119312506107340/d10q.htm,1620590069,15:54:29,20210509
46,2005-12-31,CDI,USD,2006-03-16,2006-03-15 21:05:42,Q4,290724000.0,223322000.0,67402000.0,0.23184188439894884,0.0,0.0,0.0,62580000.0,62580000.0,285902000,0.0,2690000.0,7654000.0,0.0263273757928482,4964000.0,0.017074613722981247,16000.0,4964000.0,0.017074613722981247,1492000.0,3472000.0,0.011942598478281807,0.17662,0.17662,19657746,19657746,https://www.sec.gov/Archives/edgar/data/18396/000119312506055416/0001193125-06-055416-index.htm,https://www.sec.gov/Archives/edgar/data/18396/000119312506055416/d10k.htm,1620590069,15:54:29,20210509
47,2005-09-30,CDI,USD,2005-11-08,2005-11-08 16:25:46,Q3,290530000000.0,222395000000.0,68135000000.0,0.23451967094620177,0.0,0.0,0.0,61207000000.0,61207000000.0,283602000000,0.0,2547000000.0,9520000000.0,0.032767700409596257,6973000000.0,0.0240009637558944,45000000.0,6973000000.0,0.0240009637558944,2800000000.0,4173000000.0,0.014363404811895502,0.21094,0.21094,19783018867,19783018867,https://www.sec.gov/Archives/edgar/data/18396/000119312505219816/0001193125-05-219816-index.htm,https://www.sec.gov/Archives/edgar/data/18396/000119312505219816/d10q.htm,1620590069,15:54:29,20210509
48,2005-06-30,CDI,USD,2005-08-08,2005-08-08 14:41:01,Q2,286411000000.0,220165000000.0,66246000000.0,0.23129698230864038,0.0,0.0,0.0,59980000000.0,59980000000.0,280145000000,0.0,2526000000.0,8891000000.0,0.03104280212701328,6365000000.0,0.022223308462314646,99000000.0,6365000000.0,0.022223308462314646,2367000000.0,3998000000.0,0.01395896107342246,0.20269,0.20269,19725000000,19725000000,https://www.sec.gov/Archives/edgar/data/18396/000119312505160525/0001193125-05-160525-index.htm,https://www.sec.gov/Archives/edgar/data/18396/000119312505160525/d10q.htm,1620590069,15:54:29,20210509
49,2005-03-31,CDI,USD,2005-05-10,2005-05-10 16:51:14,Q1,265919000000.0,205134000000.0,60785000000.0,0.228584644196165,0.0,0.0,0.0,57665000000.0,57665000000.0,262799000000,0.0,2537000000.0,6224000000.0,0.02340562351693561,3687000000.0,0.013865124342374933,147000000.0,3687000000.0,0.013865124342374933,1373000000.0,2314000000.0,0.008701897946367127,0.12,0.12,19283333333,19283333333,https://www.sec.gov/Archives/edgar/data/18396/000119312505102911/0001193125-05-102911-index.htm,https://www.sec.gov/Archives/edgar/data/18396/000119312505102911/d10q.htm,1620590069,15:54:29,20210509
50,2004-12-31,CDI,USD,2005-03-31,2005-03-31 16:21:26,Q4,261132000.0,202452000.0,58680000.0,0.22471393777859475,0.0,0.0,0.0,68062000.0,68062000.0,270514000,0.0,2368000.0,-6729000.0,-0.025768576811727402,-9097000.0,-0.0348367875250831,-443000.0,-9097000.0,-0.0348367875250831,-4193000.0,-4904000.0,-0.018779774213807575,-0.24755,-0.24755,19810526,19810526,https://www.sec.gov/Archives/edgar/data/18396/000119312505067086/0001193125-05-067086-index.htm,https://www.sec.gov/Archives/edgar/data/18396/000119312505067086/d10k.htm,1620590069,15:54:29,20210509
51,2004-09-30,CDI,USD,2004-11-09,2004-11-09 14:57:25,Q3,263249000.0,200816000.0,62433000.0,0.2371632940675938,0.0,0.0,0.0,58825000.0,58825000.0,259641000,0.0,2411000.0,6058000.0,0.023012433095662282,3647000.0,0.013853803813119897,39000.0,3647000.0,0.013853803813119897,1360000.0,2287000.0,0.008687592355526517,0.1159,0.1159,19733333,19733333,https://www.sec.gov/Archives/edgar/data/18396/000089322004002426/0000893220-04-002426-index.htm,https://www.sec.gov/Archives/edgar/data/18396/000089322004002426/w68479e10vq.htm,1620590069,15:54:29,20210509
52,2004-06-30,CDI,USD,2004-08-05,2004-08-05 13:30:24,Q2,264839000000.0,201806000000.0,63033000000.0,0.23800497660843004,0.0,0.0,0.0,56781000000.0,56781000000.0,258587000000,0.0,2414000000.0,10097000000.0,0.03812504955841096,7683000000.0,0.029010077820864753,672000000.0,7683000000.0,0.029010077820864753,2474000000.0,5209000000.0,0.019668553347505467,0.267,0.267,19509615384,19509615384,https://www.sec.gov/Archives/edgar/data/18396/000089322004001589/0000893220-04-001589-index.htm,https://www.sec.gov/Archives/edgar/data/18396/000089322004001589/w99845e10vq.htm,1620590069,15:54:29,20210509
53,2004-03-31,CDI,USD,2004-05-07,2004-05-07 17:26:40,Q1,255987000.0,194739000.0,61248000.0,0.23926215003105628,0.0,0.0,0.0,53852000.0,53852000.0,248591000,0.0,2425000.0,10089000.0,0.0394121576486306,7664000.0,0.029939020340876685,-268000.0,7664000.0,0.029939020340876685,2728000.0,4936000.0,0.019282229175700327,0.25,0.25,19744000,19744000,https://www.sec.gov/Archives/edgar/data/18396/000089322004000954/0000893220-04-000954-index.htm,https://www.sec.gov/Archives/edgar/data/18396/000089322004000954/w97144e10vq.htm,1620590069,15:54:29,20210509
54,2003-12-31,CDI,USD,2004-03-12,2004-03-12 17:16:11,Q4,256439000.0,196628000.0,59811000.0,0.23323675415985867,0.0,0.0,0.0,223774000.0,223774000.0,420402000,257000.0,2405000.0,9655000.0,0.03765027940367885,7250000.0,0.028271830727775418,0.0,7250000.0,0.028271830727775418,-21160000.0,28410000.0,0.11078658082428959,0.71727,0.71727,39608620,39608620,https://www.sec.gov/Archives/edgar/data/18396/000089322004000423/0000893220-04-000423-index.htm,https://www.sec.gov/Archives/edgar/data/18396/000089322004000423/w94940e10vk.htm,1620590069,15:54:29,20210509
55,2003-09-30,CDI,USD,2003-11-14,2003-11-14 16:45:57,Q3,264355000.0,200888000.0,63467000.0,0.24008246486731857,0.0,0.0,0.0,0.0,0.0,200888000,170000.0,2565000.0,11855000.0,0.0448450000945698,9290000.0,0.03514213841236216,0.0,9290000.0,0.03514213841236216,3317000.0,5973000.0,0.02259461708687182,0.30996,0.30996,19270329,19270329,https://www.sec.gov/Archives/edgar/data/18396/000089322003001943/0000893220-03-001943-index.htm,https://www.sec.gov/Archives/edgar/data/18396/000089322003001943/w91761e10vq.htm,1620590069,15:54:29,20210509
