,date,symbol,reportedCurrency,fillingDate,acceptedDate,period,revenue,costOfRevenue,grossProfit,grossProfitRatio,researchAndDevelopmentExpenses,generalAndAdministrativeExpenses,sellingAndMarketingExpenses,otherExpenses,operatingExpenses,costAndExpenses,interestExpense,depreciationAndAmortization,ebitda,ebitdaratio,operatingIncome,operatingIncomeRatio,totalOtherIncomeExpensesNet,incomeBeforeTax,incomeBeforeTaxRatio,incomeTaxExpense,netIncome,netIncomeRatio,eps,epsdiluted,weightedAverageShsOut,weightedAverageShsOutDil,link,finalLink,timestamp,est_time,est_date
0,2020-03-31,AVIID,USD,2020-05-06,2020-05-06 16:02:51,Q1,113674000.0,12622000.0,101052000.0,0.8889631753963088,136144000.0,82768000.0,0.0,7420000.0,226332000.0,231700000.0,13615000.0,7813000.0,-9564000.0,-0.08413533437725425,-17377000.0,-0.15286697045938386,100649000.0,-17377000.0,-0.15286697045938386,115000.0,-17492000.0,-0.15387863539595686,-0.22886,-0.22886,76432000,76432000,https://www.sec.gov/Archives/edgar/data/873303/000156459020021905/0001564590-20-021905-index.htm,https://www.sec.gov/Archives/edgar/data/873303/000156459020021905/srpt-10q_20200331.htm,1620588973,15:36:13,20210509
1,2019-12-31,AVIID,USD,2020-02-26,2020-02-26 16:04:53,Q4,100113000.0,3500000.0,96613000.0,0.9650395053589443,223141000.0,81424000.0,0.0,4773000.0,309338000.0,330332000.0,8390000.0,9202000.0,-225790000.0,-2.25535145285827,-234992000.0,-2.3472675876259825,-174000.0,-234992000.0,-2.3472675876259825,711000.0,-235703000.0,-2.3543695623944942,-3.20183,-3.20183,73615000,73615000,https://www.sec.gov/Archives/edgar/data/873303/000156459020006769/0001564590-20-006769-index.htm,https://www.sec.gov/Archives/edgar/data/873303/000156459020006769/srpt-10k_20191231.htm,1620588973,15:36:13,20210509
2,2019-09-30,AVIID,USD,2019-11-07,2019-11-07 16:03:04,Q3,99041000.0,13037000.0,86004000.0,0.8683676457224786,133949000.0,75429000.0,0.0,2510000.0,211888000.0,222631000.0,7518000.0,9926000.0,-116174000.0,-1.1729889641663553,-126100000.0,-1.273210084712392,-7000.0,-126100000.0,-1.273210084712392,226000.0,-126326000.0,-1.2754919679728598,-1.72346,-1.72346,73298000,73298000,https://www.sec.gov/Archives/edgar/data/873303/000156459019041709/0001564590-19-041709-index.htm,https://www.sec.gov/Archives/edgar/data/873303/000156459019041709/srpt-10q_20190930.htm,1620588973,15:36:13,20210509
3,2019-06-30,AVIID,USD,2019-08-07,2019-08-07 16:02:48,Q2,94668000.0,15919000.0,78749000.0,0.8318439176913002,113266000.0,67393000.0,0.0,1034000.0,181693000.0,370035000.0,7426000.0,10018000.0,-266211000.0,-2.812048421853213,-276229000.0,-2.9178708750580977,63000.0,-276229000.0,-2.9178708750580977,174000.0,-276403000.0,-2.919708877339756,-3.79414,-3.79414,72850000,72850000,https://www.sec.gov/Archives/edgar/data/873303/000156459019030035/0001564590-19-030035-index.htm,https://www.sec.gov/Archives/edgar/data/873303/000156459019030035/srpt-10q_20190630.htm,1620588973,15:36:13,20210509
4,2019-03-31,AVIID,USD,2019-05-08,2019-05-08 16:02:44,Q1,87011000.0,12063000.0,74948000.0,0.861362356483663,90553000.0,60566000.0,0.0,-172000.0,151119000.0,163398000.0,7335000.0,9846000.0,-66713000.0,-0.7667191504522417,-76559000.0,-0.879877256898553,118000.0,-76559000.0,-0.879877256898553,84000.0,-76643000.0,-0.8808426520784728,-1.06848,-1.06848,71731000,71731000,https://www.sec.gov/Archives/edgar/data/873303/000156459019017175/0001564590-19-017175-index.htm,https://www.sec.gov/Archives/edgar/data/873303/000156459019017175/srpt-10q_20190331.htm,1620588973,15:36:13,20210509
5,2018-12-31,AVIID,USD,2019-02-28,2019-02-28 07:07:18,Q4,84415000.0,20488000.0,63927000.0,0.7572943197299058,146207000.0,64220000.0,0.0,-2311000.0,210427000.0,223778000.0,7249000.0,6457000.0,-135217000.0,-1.601812474086359,-141674000.0,-1.6783036190250549,16671000.0,-141674000.0,-1.6783036190250549,-779000.0,-140895000.0,-1.6690754012912397,-2.12672,-2.12672,66250000,66250000,https://www.sec.gov/Archives/edgar/data/873303/000156459019005170/0001564590-19-005170-index.htm,https://www.sec.gov/Archives/edgar/data/873303/000156459019005170/srpt-10k_20181231.htm,1620588973,15:36:13,20210509
6,2018-09-30,AVIID,USD,2018-10-31,2018-10-31 16:04:19,Q3,78486000.0,8741000.0,69745000.0,0.8886298193308361,86584000.0,53044000.0,0.0,-6968000.0,139628000.0,148585000.0,10681000.0,5507000.0,-71560000.0,-0.9117549626685014,-77067000.0,-0.9819203424814616,-6968000.0,-77067000.0,-0.9819203424814616,-674000.0,-76393000.0,-0.9733328236883011,-1.16713,-1.16713,65454000,65454000,https://www.sec.gov/Archives/edgar/data/873303/000156459018025831/0001564590-18-025831-index.htm,https://www.sec.gov/Archives/edgar/data/873303/000156459018025831/srpt-10q_20180930.htm,1620588973,15:36:13,20210509
7,2018-06-30,AVIID,USD,2018-08-08,2018-08-08 16:36:24,Q2,73529000.0,6735000.0,66794000.0,0.9084034870595276,122848000.0,47156000.0,0.0,-5218000.0,170004000.0,176956000.0,8145000.0,4442000.0,-104203000.0,-1.4171687361449223,-108645000.0,-1.477580274449537,-5218000.0,-108645000.0,-1.477580274449537,622000.0,-109267000.0,-1.4860395218213223,-1.67948,-1.67948,65060000,65060000,https://www.sec.gov/Archives/edgar/data/873303/000156459018020534/0001564590-18-020534-index.htm,https://www.sec.gov/Archives/edgar/data/873303/000156459018020534/srpt-10q_20180630.htm,1620588973,15:36:13,20210509
8,2018-03-31,AVIID,USD,2018-05-03,2018-05-03 16:02:55,Q1,64604000.0,5582000.0,59022000.0,0.9135966813200421,46204000.0,43341000.0,0.0,-4485000.0,89545000.0,95343000.0,7634000.0,3511000.0,-31713000.0,-0.4908829174664108,-35224000.0,-0.5452293975605226,-4485000.0,-35224000.0,-0.5452293975605226,139000.0,-35363000.0,-0.5473809671227787,-0.54715,-0.54715,64631000,64631000,https://www.sec.gov/Archives/edgar/data/873303/000156459018010662/0001564590-18-010662-index.htm,https://www.sec.gov/Archives/edgar/data/873303/000156459018010662/srpt-10q_20180331.htm,1620588973,15:36:13,20210509
9,2017-12-31,AVIID,USD,2018-03-01,2018-03-01 16:11:59,Q4,57277000.0,3647000.0,53630000.0,0.9363269724322154,44441000.0,32221000.0,0.0,-2693000.0,76662000.0,80424000.0,5781000.0,2868000.0,-22972000.0,-0.4010684917156974,-25840000.0,-0.45114094662779125,-1238000.0,-25840000.0,-0.45114094662779125,-1842000.0,-23998000.0,-0.418981441067095,-0.408,-0.408,58818000,58818000,https://www.sec.gov/Archives/edgar/data/873303/000156459018004107/0001564590-18-004107-index.htm,https://www.sec.gov/Archives/edgar/data/873303/000156459018004107/srpt-10k_20171231.htm,1620588973,15:36:13,20210509
10,2017-09-30,AVIID,USD,2017-11-01,2017-11-01 16:33:03,Q3,45954000.0,3021000.0,42933000.0,0.9342603473038256,34239000.0,28176000.0,0.0,184000.0,62415000.0,91861000.0,0.0,2846000.0,-42877000.0,-0.9330417373895635,-45723000.0,-0.9949732341036689,184000.0,-45723000.0,-0.9949732341036689,2011000.0,-47734000.0,-1.0387343865604735,-0.83501,-0.83501,57166000,57166000,https://www.sec.gov/Archives/edgar/data/873303/000156459017020808/0001564590-17-020808-index.htm,https://www.sec.gov/Archives/edgar/data/873303/000156459017020808/srpt-10q_20170930.htm,1620588973,15:36:13,20210509
11,2017-06-30,AVIID,USD,2017-08-03,2017-08-03 16:34:23,Q2,35011000.0,534000.0,34477000.0,0.9847476507383394,58908000.0,36069000.0,0.0,184000.0,94977000.0,98350000.0,0.0,1647000.0,-61508000.0,-1.756819285367456,-63155000.0,-1.8038616434834767,184000.0,-63155000.0,-1.8038616434834767,1891000.0,-63046000.0,-1.8007483362371826,-1.1481070056270828,-1.122294218171461,54913000,56176000,https://www.sec.gov/Archives/edgar/data/873303/000156459017015393/0001564590-17-015393-index.htm,https://www.sec.gov/Archives/edgar/data/873303/000156459017015393/srpt-10q_20170630.htm,1620588973,15:36:13,20210509
12,2017-03-31,AVIID,USD,2017-05-04,2017-05-04 16:02:24,Q1,16342000.0,252000.0,16090000.0,0.9845796108187492,29119000.0,26216000.0,0.0,335000.0,55335000.0,55587000.0,0.0,1619000.0,87709000.0,5.3670909313425526,86090000.0,5.268021050055073,125335000.0,86090000.0,5.268021050055073,2000000.0,84090000.0,5.145637008934035,1.5330902461257976,1.5012854388345354,54850000,56012000,https://www.sec.gov/Archives/edgar/data/873303/000156459017008747/0001564590-17-008747-index.htm,https://www.sec.gov/Archives/edgar/data/873303/000156459017008747/srpt-10q_20170331.htm,1620588973,15:36:13,20210509
13,2016-12-31,AVIID,USD,2017-02-28,2017-02-28 16:02:54,Q4,5421000.0,130000.0,5291000.0,0.9760191846522782,70749000.0,22937000.0,0.0,-535000.0,93686000.0,93816000.0,0.0,1271000.0,-265994000.0,-49.06733075078399,-267265000.0,-49.30178933776056,-535000.0,-267265000.0,-49.30178933776056,0.0,-267265000.0,-49.30178933776056,-5.48833,-5.48833,48697000,48697000,https://www.sec.gov/Archives/edgar/data/873303/000156459017002842/0001564590-17-002842-index.htm,https://www.sec.gov/Archives/edgar/data/873303/000156459017002842/srpt-10k_20161231.htm,1620588973,15:36:13,20210509
14,2016-09-30,AVIID,USD,2016-11-07,2016-11-07 08:31:11,Q3,60812000.0,0.0,60812000.0,1.0,34349000.0,22184000.0,0.0,-209000.0,56533000.0,56533000.0,0.0,1153000.0,-55589000.0,-0.9141123462474512,-56742000.0,-0.9330724199171216,-209000.0,-56742000.0,-0.9330724199171216,0.0,-56742000.0,-0.9330724199171216,-1.2148,-1.2148,46709000,46709000,https://www.sec.gov/Archives/edgar/data/873303/000156459016027821/0001564590-16-027821-index.htm,https://www.sec.gov/Archives/edgar/data/873303/000156459016027821/srpt-10q_20160930.htm,1620588973,15:36:13,20210509
15,2016-06-30,AVIID,USD,2016-08-09,2016-08-09 16:06:48,Q2,0.0,0.0,0.0,0.0,44348000.0,17752000.0,0.0,-269000.0,62100000.0,62100000.0,0.0,1628000.0,-120443000.0,0.0,-122071000.0,0.0,-269000.0,-122071000.0,0.0,0.0,-122071000.0,0.0,-2.65794,-2.65794,45927000,45927000,https://www.sec.gov/Archives/edgar/data/873303/000156459016023663/0001564590-16-023663-index.htm,https://www.sec.gov/Archives/edgar/data/873303/000156459016023663/srpt-10q_20160630.htm,1620588973,15:36:13,20210509
16,2016-03-31,AVIID,USD,2016-05-05,2016-05-05 06:46:32,Q1,0.0,0.0,0.0,0.0,38826000.0,20876000.0,0.0,-68000.0,59702000.0,59702000.0,0.0,1639000.0,-58131000.0,0.0,-59770000.0,0.0,-68000.0,-59770000.0,0.0,0.0,-59770000.0,0.0,-1.30796,-1.30796,45697000,45697000,https://www.sec.gov/Archives/edgar/data/873303/000156459016017783/0001564590-16-017783-index.htm,https://www.sec.gov/Archives/edgar/data/873303/000156459016017783/srpt-10q_20160331.htm,1620588973,15:36:13,20210509
17,2015-12-31,AVIID,USD,2016-02-25,2016-02-25 16:02:46,Q4,1253000.0,0.0,1253000.0,1.0,41376000.0,24329000.0,0.0,0.0,65705000.0,65705000.0,0.0,1211000.0,-63470000.0,-50.65442936951317,-64681000.0,-51.620909816440545,-229000.0,-64681000.0,-51.620909816440545,0.0,-64681000.0,-51.620909816440545,-1.52946,-1.52946,42290000,42290000,https://www.sec.gov/Archives/edgar/data/873303/000156459016013358/0001564590-16-013358-index.htm,https://www.sec.gov/Archives/edgar/data/873303/000156459016013358/srpt-10k_20151231.htm,1620588973,15:36:13,20210509
18,2015-09-30,AVIID,USD,2015-11-05,2015-11-05 07:01:51,Q3,0.0,0.0,0.0,0.0,36673000.0,15090000.0,0.0,0.0,51763000.0,51763000.0,0.0,1504000.0,-153845000.0,0.0,-155349000.0,0.0,383000.0,-155349000.0,0.0,0.0,-155349000.0,0.0,-3.75094,-3.75094,41416000,41416000,https://www.sec.gov/Archives/edgar/data/873303/000156459015009495/0001564590-15-009495-index.htm,https://www.sec.gov/Archives/edgar/data/873303/000156459015009495/srpt-10q_20150930.htm,1620588973,15:36:13,20210509
19,2015-06-30,AVIID,USD,2015-08-06,2015-08-06 07:00:58,Q2,0.0,0.0,0.0,0.0,29180000.0,12927000.0,0.0,0.0,42107000.0,42107000.0,0.0,1589000.0,-101821000.0,0.0,-103410000.0,0.0,256000.0,-103410000.0,0.0,0.0,-103410000.0,0.0,-2.50139,-2.50139,41341000,41341000,https://www.sec.gov/Archives/edgar/data/873303/000119312515279829/0001193125-15-279829-index.htm,https://www.sec.gov/Archives/edgar/data/873303/000119312515279829/d51192d10q.htm,1620588973,15:36:13,20210509
20,2015-03-31,AVIID,USD,2015-05-07,2015-05-07 07:02:18,Q1,0.0,0.0,0.0,0.0,39165000.0,22697000.0,0.0,0.0,61862000.0,61862000.0,0.0,1595000.0,-59964000.0,0.0,-61559000.0,0.0,303000.0,-61559000.0,0.0,0.0,-61559000.0,0.0,-1.48967,-1.48967,41324000,41324000,https://www.sec.gov/Archives/edgar/data/873303/000119312515175829/0001193125-15-175829-index.htm,https://www.sec.gov/Archives/edgar/data/873303/000119312515175829/d905491d10q.htm,1620588973,15:36:13,20210509
21,2014-12-31,AVIID,USD,2015-02-26,2015-02-26 07:06:08,Q4,27000.0,0.0,27000.0,1.0,30832000.0,13917000.0,0.0,0.0,44749000.0,44749000.0,0.0,1773000.0,-42643000.0,-1579.3703703703704,-44416000.0,-1645.037037037037,306000.0,-44416000.0,-1645.037037037037,0.0,-44416000.0,-1645.037037037037,-1.10968,-1.10968,40026000,40026000,https://www.sec.gov/Archives/edgar/data/873303/000119312515063997/0001193125-15-063997-index.htm,https://www.sec.gov/Archives/edgar/data/873303/000119312515063997/d835729d10k.htm,1620588973,15:36:13,20210509
22,2014-09-30,AVIID,USD,2014-11-06,2014-11-06 06:30:55,Q3,1059000.0,0.0,1059000.0,1.0,21852000.0,12882000.0,0.0,-280000.0,34734000.0,34734000.0,0.0,1739000.0,-27487000.0,-25.95561850802644,-29226000.0,-27.597733711048157,4449000.0,-29226000.0,-27.597733711048157,0.0,-29226000.0,-27.597733711048157,-0.73812,-0.73812,39595000,39595000,https://www.sec.gov/Archives/edgar/data/873303/000119312514399619/0001193125-14-399619-index.htm,https://www.sec.gov/Archives/edgar/data/873303/000119312514399619/d801018d10q.htm,1620588973,15:36:13,20210509
23,2014-06-30,AVIID,USD,2014-08-07,2014-08-07 06:49:29,Q2,2583000.0,0.0,2583000.0,1.0,20641000.0,12213000.0,0.0,280000.0,32854000.0,32854000.0,0.0,1568000.0,-32306000.0,-12.507162214479287,-33874000.0,-13.114208284939993,181000.0,-33874000.0,-13.114208284939993,0.0,-33874000.0,-13.114208284939993,-0.87198,-0.87198,38847000,38847000,https://www.sec.gov/Archives/edgar/data/873303/000119312514299374/0001193125-14-299374-index.htm,https://www.sec.gov/Archives/edgar/data/873303/000119312514299374/d759218d10q.htm,1620588973,15:36:13,20210509
24,2014-03-31,AVIID,USD,2014-05-08,2014-05-08 06:55:56,Q1,6088000.0,0.0,6088000.0,1.0,20906000.0,10303000.0,0.0,0.0,31209000.0,31209000.0,0.0,1042000.0,-27231000.0,-4.472897503285151,-28273000.0,-4.644053876478318,99000.0,-28273000.0,-4.644053876478318,0.0,-28273000.0,-4.644053876478318,-0.74755,-0.74755,37821000,37821000,https://www.sec.gov/Archives/edgar/data/873303/000119312514188608/0001193125-14-188608-index.htm,https://www.sec.gov/Archives/edgar/data/873303/000119312514188608/d692445d10q.htm,1620588973,15:36:13,20210509
25,2013-12-31,AVIID,USD,2014-03-03,2014-03-03 16:59:00,Q4,2626000.0,0.0,2626000.0,1.0,25076000.0,10399000.0,0.0,326000.0,35475000.0,35475000.0,0.0,279000.0,-8541000.0,-3.2524752475247523,-8820000.0,-3.358720487433359,24029000.0,-8820000.0,-3.358720487433359,0.0,-8820000.0,-3.358720487433359,-0.26056,-0.26056,33850000,33850000,https://www.sec.gov/Archives/edgar/data/873303/000119312514080447/0001193125-14-080447-index.htm,https://www.sec.gov/Archives/edgar/data/873303/000119312514080447/d628320d10k.htm,1620588973,15:36:13,20210509
26,2013-09-30,AVIID,USD,2013-11-12,2013-11-12 07:01:17,Q3,4168000.0,0.0,4168000.0,1.0,21087000.0,8014000.0,0.0,0.0,29101000.0,29101000.0,0.0,287000.0,-102878000.0,-24.682821497120923,-103165000.0,-24.75167946257198,63000.0,-103165000.0,-24.75167946257198,0.0,-103165000.0,-24.75167946257198,-3.16574,-3.16574,32588000,32588000,https://www.sec.gov/Archives/edgar/data/873303/000119312513436840/0001193125-13-436840-index.htm,https://www.sec.gov/Archives/edgar/data/873303/000119312513436840/d595042d10q.htm,1620588973,15:36:13,20210509
27,2013-06-30,AVIID,USD,2013-08-08,2013-08-08 07:08:43,Q2,2951000.0,0.0,2951000.0,1.0,12984000.0,7054000.0,0.0,0.0,20038000.0,20038000.0,0.0,260000.0,42344000.0,14.349034225686209,42084000.0,14.26092849881396,-19000.0,42084000.0,14.26092849881396,0.0,42084000.0,14.26092849881396,1.31929,1.31929,31899000,31899000,https://www.sec.gov/Archives/edgar/data/873303/000119312513325439/0001193125-13-325439-index.htm,https://www.sec.gov/Archives/edgar/data/873303/000119312513325439/d547562d10q.htm,1620588973,15:36:13,20210509
28,2013-03-31,AVIID,USD,2013-05-09,2013-05-09 17:21:41,Q1,4474000.0,0.0,4474000.0,1.0,13762000.0,6127000.0,0.0,0.0,19889000.0,19889000.0,0.0,451000.0,-41633000.0,-9.305543138131426,-42084000.0,-9.40634778721502,237000.0,-42084000.0,-9.40634778721502,0.0,-42084000.0,-9.40634778721502,-1.32286,-1.32286,31813000,31813000,https://www.sec.gov/Archives/edgar/data/873303/000119312513211458/0001193125-13-211458-index.htm,https://www.sec.gov/Archives/edgar/data/873303/000119312513211458/d511409d10q.htm,1620588973,15:36:13,20210509
29,2012-12-31,AVIID,USD,2013-03-15,2013-03-15 16:09:36,Q4,37329000.0,0.0,37329000.0,1.0,12834000.0,4869000.0,0.0,0.0,17703000.0,17703000.0,0.0,435000.0,-61632000.0,-1.6510487824479627,-62067000.0,-1.6627019207586595,84000.0,-62067000.0,-1.6627019207586595,0.0,-62067000.0,-1.6627019207586595,-2.62973,-2.62973,23602000,23602000,https://www.sec.gov/Archives/edgar/data/873303/000119312513109941/0001193125-13-109941-index.htm,https://www.sec.gov/Archives/edgar/data/873303/000119312513109941/d446380d10k.htm,1620588973,15:36:13,20210509
30,2012-09-30,AVIID,USD,2012-11-07,2012-11-07 16:29:12,Q3,7574000.0,0.0,7574000.0,1.0,10914000.0,3565000.0,0.0,0.0,14479000.0,14479000.0,0.0,375000.0,-49179000.0,-6.493134407182466,-49554000.0,-6.542645893847372,67000.0,-49554000.0,-6.542645893847372,0.0,-49554000.0,-6.542645893847372,-2.09957,-2.09957,23602000,23602000,https://www.sec.gov/Archives/edgar/data/873303/000119312512457533/0001193125-12-457533-index.htm,https://www.sec.gov/Archives/edgar/data/873303/000119312512457533/d398123d10q.htm,1620588973,15:36:13,20210509
31,2012-06-30,AVIID,USD,2012-08-07,2012-08-07 16:13:02,Q2,11207000.0,0.0,11207000.0,1.0,13849000.0,2915000.0,0.0,0.0,16764000.0,16764000.0,0.0,362000.0,8400000.0,0.749531542785759,8038000.0,0.7172303024895155,13595000.0,8038000.0,0.7172303024895155,0.0,8038000.0,0.7172303024895155,0.34056,0.34056,23602000,23602000,https://www.sec.gov/Archives/edgar/data/873303/000119312512340912/0001193125-12-340912-index.htm,https://www.sec.gov/Archives/edgar/data/873303/000119312512340912/d347036d10q.htm,1620588973,15:36:13,20210509
32,2012-03-31,AVIID,USD,2012-05-10,2012-05-10 09:01:08,Q1,11212000.0,0.0,11212000.0,1.0,14805000.0,3281000.0,0.0,0.0,18086000.0,18086000.0,0.0,353000.0,-17351000.0,-1.547538351765965,-17704000.0,-1.5790224759186586,96000.0,-17704000.0,-1.5790224759186586,0.0,-17704000.0,-1.5790224759186586,-0.13042,-0.13042,135743000,135743000,https://www.sec.gov/Archives/edgar/data/873303/000119312512223884/0001193125-12-223884-index.htm,https://www.sec.gov/Archives/edgar/data/873303/000119312512223884/d326013d10q.htm,1620588973,15:36:13,20210509
33,2011-12-31,AVIID,USD,2012-03-13,2012-03-13 16:38:27,Q4,13585000.0,0.0,13585000.0,1.0,18701000.0,3884000.0,0.0,147000.0,22585000.0,22585000.0,0.0,537000.0,-1781000.0,-0.13110047846889952,-2318000.0,-0.17062937062937064,7590000.0,-2318000.0,-0.17062937062937064,0.0,-2318000.0,-0.17062937062937064,-0.01789,-0.01789,129595000,129595000,https://www.sec.gov/Archives/edgar/data/873303/000119312512112142/0001193125-12-112142-index.htm,https://www.sec.gov/Archives/edgar/data/873303/000119312512112142/d252735d10k.htm,1620588973,15:36:13,20210509
34,2011-09-30,AVIID,USD,2011-11-08,2011-11-08 16:31:05,Q3,7524000.0,0.0,7524000.0,1.0,15610000.0,3185000.0,0.0,199000.0,18795000.0,18795000.0,0.0,273000.0,-10998000.0,-1.4617224880382775,-11271000.0,-1.498006379585327,7251000.0,-4020000.0,-0.5342902711323764,0.0,-4020000.0,-0.5342902711323764,-0.0310197152667927,-0.031523725131936985,129595000,127523000,https://www.sec.gov/Archives/edgar/data/873303/000119312511302239/0001193125-11-302239-index.htm,https://www.sec.gov/Archives/edgar/data/873303/000119312511302239/d230901d10q.htm,1620588973,15:36:13,20210509
35,2011-06-30,AVIID,USD,2011-08-08,2011-08-08 17:11:14,Q2,11585000.0,162713000.0,-151128000.0,-13.045144583513164,17750000.0,103904000.0,-99944000.0,241000.0,21710000.0,21710000.0,0.0,-19287000.0,-21120000.0,-1.8230470435908503,-1833000.0,-0.15822183858437636,18768000.0,587000.0,0.05066896849374191,5076000.0,-1833000.0,-0.15822183858437636,-0.01486063593468779,-0.014098047962589795,123346000,130018000,https://www.sec.gov/Archives/edgar/data/873303/000119312511214459/0001193125-11-214459-index.htm,https://www.sec.gov/Archives/edgar/data/873303/000119312511214459/d10q.htm,1620588973,15:36:13,20210509
36,2011-03-31,AVIID,USD,2011-05-10,2011-05-10 16:30:51,Q1,14296000.0,0.0,14296000.0,1.0,14801000.0,5026000.0,0.0,0.0,19827000.0,19827000.0,0.0,239000.0,2072000.0,0.14493564633463907,1833000.0,0.128217683268047,90000.0,1833000.0,0.128217683268047,0.0,1833000.0,0.128217683268047,0.0163,0.0163,112482000,112482000,https://www.sec.gov/Archives/edgar/data/873303/000119312511134271/0001193125-11-134271-index.htm,https://www.sec.gov/Archives/edgar/data/873303/000119312511134271/d10q.htm,1620588973,15:36:13,20210509
37,2010-12-31,AVIID,USD,2011-03-15,2011-03-14 20:56:14,Q4,15517000.0,0.0,15517000.0,1.0,13892000.0,3365000.0,0.0,89000.0,17257000.0,17257000.0,-89000.0,410000.0,-31767000.0,-2.047238512599085,-32177000.0,-2.0736611458400462,89000.0,-32177000.0,-2.0736611458400462,0.0,-32177000.0,-2.0736611458400462,-0.28928,-0.28928,111233000,111233000,https://www.sec.gov/Archives/edgar/data/873303/000119312511066190/0001193125-11-066190-index.htm,https://www.sec.gov/Archives/edgar/data/873303/000119312511066190/d10k.htm,1620588973,15:36:13,20210509
38,2010-09-30,AVIID,USD,2010-11-09,2010-11-09 16:30:13,Q3,8702000.0,0.0,8702000.0,1.0,9060000.0,3440000.0,0.0,83000.0,12500000.0,12500000.0,-83000.0,355000.0,355000.0,0.040795219489772466,0.0,0.0,83000.0,0.0,0.0,0.0,0.0,0.0,-0.22,-0.22,110863000,110863000,https://www.sec.gov/Archives/edgar/data/873303/000110465910057299/0001104659-10-057299-index.htm,https://www.sec.gov/Archives/edgar/data/873303/000110465910057299/a10-17604_110q.htm,1620588973,15:36:13,20210509
39,2010-06-30,AVIID,USD,2010-08-09,2010-08-09 15:25:07,Q2,3996000.0,0.0,3996000.0,1.0,6924000.0,4733000.0,0.0,87000.0,11657000.0,11657000.0,-87000.0,351000.0,935000.0,0.23398398398398398,584000.0,0.14614614614614616,45000.0,584000.0,0.14614614614614616,0.0,584000.0,0.14614614614614616,0.00529,0.00529,110404000,110404000,https://www.sec.gov/Archives/edgar/data/873303/000110465910043138/0001104659-10-043138-index.htm,https://www.sec.gov/Archives/edgar/data/873303/000110465910043138/a10-12966_110q.htm,1620588973,15:36:13,20210509
40,2010-03-31,AVIID,USD,2010-05-10,2010-05-10 14:43:56,Q1,1205000.0,0.0,1205000.0,1.0,6096000.0,2844000.0,0.0,0.0,8940000.0,8940000.0,0.0,347000.0,-237000.0,-0.1966804979253112,-584000.0,-0.4846473029045643,42000.0,-584000.0,-0.4846473029045643,0.0,-584000.0,-0.4846473029045643,-0.00529,-0.00529,110429000,110429000,https://www.sec.gov/Archives/edgar/data/873303/000110465910027202/0001104659-10-027202-index.htm,https://www.sec.gov/Archives/edgar/data/873303/000110465910027202/a10-6198_110q.htm,1620588973,15:36:13,20210509
41,2009-12-31,AVIID,USD,2010-03-16,2010-03-16 16:59:58,Q4,5141000.0,0.0,5141000.0,1.0,6625000.0,2470000.0,0.0,-312000.0,9095000.0,9095000.0,312000.0,299000.0,3824000.0,0.7438241587239837,3525000.0,0.6856642676522078,-312000.0,3525000.0,0.6856642676522078,0.0,3525000.0,0.6856642676522078,0.03787,0.03787,93090000,93090000,https://www.sec.gov/Archives/edgar/data/873303/000110465910014622/0001104659-10-014622-index.htm,https://www.sec.gov/Archives/edgar/data/873303/000110465910014622/a09-35851_110k.htm,1620588973,15:36:13,20210509
42,2009-09-30,AVIID,USD,2009-11-09,2009-11-09 13:29:22,Q3,6349000.0,0.0,6349000.0,1.0,7472000.0,1800000.0,0.0,-127000.0,9272000.0,9272000.0,127000.0,357000.0,-7732000.0,-1.2178295794613325,-8089000.0,-1.2740589069144748,-127000.0,-8089000.0,-1.2740589069144748,0.0,-8089000.0,-1.2740589069144748,-0.09245,-0.09245,87493000,87493000,https://www.sec.gov/Archives/edgar/data/873303/000110465909063597/0001104659-09-063597-index.htm,https://www.sec.gov/Archives/edgar/data/873303/000110465909063597/a09-32577_110q.htm,1620588973,15:36:13,20210509
43,2009-06-30,AVIID,USD,2009-08-10,2009-08-10 12:01:24,Q2,2945000.0,0.0,2945000.0,1.0,5804000.0,2206000.0,0.0,-15000.0,8010000.0,8010000.0,15000.0,356000.0,-19312000.0,-6.5575551782682515,-19668000.0,-6.6784380305602715,-31000.0,-19668000.0,-6.6784380305602715,0.0,-19668000.0,-6.6784380305602715,-0.23629,-0.23629,83235000,83235000,https://www.sec.gov/Archives/edgar/data/873303/000110465909048477/0001104659-09-048477-index.htm,https://www.sec.gov/Archives/edgar/data/873303/000110465909048477/a09-18480_110q.htm,1620588973,15:36:13,20210509
44,2009-03-31,AVIID,USD,2009-05-11,2009-05-11 06:03:15,Q1,3150000.0,0.0,3150000.0,1.0,4495000.0,2220000.0,0.0,0.0,6715000.0,6715000.0,0.0,367000.0,-560000.0,-0.17777777777777778,-927000.0,-0.29428571428571426,16000.0,-927000.0,-0.29428571428571426,0.0,-927000.0,-0.29428571428571426,-0.01148,-0.01148,80759000,80759000,https://www.sec.gov/Archives/edgar/data/873303/000110465909031187/0001104659-09-031187-index.htm,https://www.sec.gov/Archives/edgar/data/873303/000110465909031187/a09-11066_110q.htm,1620588973,15:36:13,20210509
45,2008-12-31,AVIID,USD,2009-03-10,2009-03-10 15:26:07,Q4,5479912000.0,0.0,5479912000.0,1.0,5430109000.0,2943530000.0,0.0,0.0,8373639000.0,8373639000.0,0.0,425552000.0,-714982000.0,-0.13047326307429755,-1140534000.0,-0.20812998456909526,0.0,-1140534000.0,-0.20812998456909526,0.0,-1140534000.0,-0.20812998456909526,-0.01641,-0.01641,69491475000,69491475000,https://www.sec.gov/Archives/edgar/data/873303/000110465909016044/0001104659-09-016044-index.htm,https://www.sec.gov/Archives/edgar/data/873303/000110465909016044/a09-1369_110k.htm,1620588973,15:36:13,20210509
46,2008-09-30,AVIID,USD,2008-11-10,2008-11-10 15:05:40,Q3,5170663000.0,0.0,5170663000.0,1.0,7934886000.0,3173942000.0,0.0,0.0,11108828000.0,11108828000.0,0.0,346302000.0,-5700691000.0,-1.1025067771773176,-6046993000.0,-1.1694811671153196,0.0,-6046993000.0,-1.1694811671153196,0.0,-6046993000.0,-1.1694811671153196,-0.08743,-0.08743,69160118000,69160118000,https://www.sec.gov/Archives/edgar/data/873303/000110465908069649/0001104659-08-069649-index.htm,https://www.sec.gov/Archives/edgar/data/873303/000110465908069649/a08-25359_110q.htm,1620588973,15:36:13,20210509
47,2008-06-30,AVIID,USD,2008-08-11,2008-08-11 16:06:48,Q2,4982963000.0,0.0,4982963000.0,1.0,8164698000.0,1696796000.0,0.0,0.0,9861494000.0,9861494000.0,0.0,348572000.0,-1402050000.0,-0.28136873583046873,-1750622000.0,-0.3513214928547533,0.0,-1750622000.0,-0.3513214928547533,0.0,-1750622000.0,-0.3513214928547533,-0.02569,-0.02569,68153753000,68153753000,https://www.sec.gov/Archives/edgar/data/873303/000110465908051862/0001104659-08-051862-index.htm,https://www.sec.gov/Archives/edgar/data/873303/000110465908051862/a08-18657_110q.htm,1620588973,15:36:13,20210509
48,2008-03-31,AVIID,USD,2008-05-12,2008-05-12 15:32:07,Q1,5624617000.0,0.0,5624617000.0,1.0,7472811000.0,1982679000.0,0.0,0.0,9455490000.0,9455490000.0,0.0,348554000.0,-14665922000.0,-2.6074525607699157,-15014476000.0,-2.669421935751359,0.0,-15014476000.0,-2.669421935751359,0.0,-15014476000.0,-2.669421935751359,-0.22985,-0.22985,65321986000,65321986000,https://www.sec.gov/Archives/edgar/data/873303/000110465908032352/0001104659-08-032352-index.htm,https://www.sec.gov/Archives/edgar/data/873303/000110465908032352/a08-11266_110q.htm,1620588973,15:36:13,20210509
49,2007-12-31,AVIID,USD,2008-03-17,2008-03-17 16:32:57,Q4,5186319000.0,0.0,5186319000.0,1.0,9401465000.0,1453172000.0,0.0,0.0,10854637000.0,10854637000.0,0.0,-1506768000.0,-5633962000.0,-1.0863122765876916,-4127194000.0,-0.7957848331350231,0.0,-4127194000.0,-0.7957848331350231,0.0,-4127194000.0,-0.7957848331350231,-0.07596,-0.07596,54335450000,54335450000,https://www.sec.gov/Archives/edgar/data/873303/000110465908018004/0001104659-08-018004-index.htm,https://www.sec.gov/Archives/edgar/data/873303/000110465908018004/a08-2579_110k.htm,1620588973,15:36:13,20210509
50,2007-09-30,AVIID,USD,2007-11-09,2007-11-09 13:20:22,Q3,2911406000.0,0.0,2911406000.0,1.0,9880480000.0,1544512000.0,0.0,0.0,11424992000.0,11424992000.0,0.0,538677000.0,-4242259000.0,-1.457116939375683,-4780936000.0,-1.6421399145292688,0.0,-4780936000.0,-1.6421399145292688,0.0,-4780936000.0,-1.6421399145292688,-0.08936,-0.08936,53500250000,53500250000,https://www.sec.gov/Archives/edgar/data/873303/000110465907081645/0001104659-07-081645-index.htm,https://www.sec.gov/Archives/edgar/data/873303/000110465907081645/a07-25503_110q.htm,1620588973,15:36:13,20210509
51,2007-06-30,AVIID,USD,2007-08-09,2007-08-09 16:17:36,Q2,2351424000.0,0.0,2351424000.0,1.0,9160816000.0,2030796000.0,0.0,0.0,11191612000.0,11191612000.0,0.0,488461000.0,-8048159000.0,-3.4226745155276124,-8536620000.0,-3.630404384747285,0.0,-8536620000.0,-3.630404384747285,0.0,-8536620000.0,-3.630404384747285,-0.15992,-0.15992,53381256000,53381256000,https://www.sec.gov/Archives/edgar/data/873303/000110465907060917/0001104659-07-060917-index.htm,https://www.sec.gov/Archives/edgar/data/873303/000110465907060917/a07-18806_110q.htm,1620588973,15:36:13,20210509
52,2007-03-31,AVIID,USD,2007-05-10,2007-05-10 14:02:04,Q1,536042000.0,0.0,536042000.0,1.0,6317641000.0,4303885000.0,0.0,0.0,10621526000.0,10621526000.0,0.0,479630000.0,-9243345000.0,-17.24369545669929,-9722975000.0,-18.138457434305522,0.0,-9722975000.0,-18.138457434305522,0.0,-9722975000.0,-18.138457434305522,-0.18262,-0.18262,53241730000,53241730000,https://www.sec.gov/Archives/edgar/data/873303/000110465907038134/0001104659-07-038134-index.htm,https://www.sec.gov/Archives/edgar/data/873303/000110465907038134/a07-10754_110q.htm,1620588973,15:36:13,20210509
53,2006-12-31,AVIID,USD,2007-03-16,2007-03-16 16:40:08,Q4,17519000.0,0.0,17519000.0,1.0,6721547000.0,2068201000.0,0.0,0.0,8789748000.0,8789748000.0,0.0,529739000.0,-7799448000.0,-445.199383526457,-8329187000.0,-475.43735373023577,0.0,-8329187000.0,-475.43735373023577,0.0,-8329187000.0,-475.43735373023577,-0.15817,-0.15817,52660711000,52660711000,https://www.sec.gov/Archives/edgar/data/873303/000110465907020052/0001104659-07-020052-index.htm,https://www.sec.gov/Archives/edgar/data/873303/000110465907020052/a07-5560_110k.htm,1620588973,15:36:13,20210509
54,2006-09-30,AVIID,USD,2006-11-09,2006-11-09 12:17:50,Q3,13252000.0,0.0,13252000.0,1.0,5938867000.0,1347114000.0,0.0,0.0,7285981000.0,7285981000.0,0.0,522712000.0,-6257934000.0,-472.22562632055536,-6780646000.0,-511.6696347721099,0.0,-6780646000.0,-511.6696347721099,0.0,-6780646000.0,-511.6696347721099,-0.12904,-0.12904,52546293000,52546293000,https://www.sec.gov/Archives/edgar/data/873303/000110465906073359/0001104659-06-073359-index.htm,https://www.sec.gov/Archives/edgar/data/873303/000110465906073359/a06-21606_110q.htm,1620588973,15:36:13,20210509
55,2006-06-30,AVIID,USD,2006-08-09,2006-08-09 12:06:35,Q2,18558000.0,0.0,18558000.0,1.0,5921929000.0,1515711000.0,0.0,0.0,7437640000.0,7437640000.0,0.0,512783000.0,-6389246000.0,-344.28526780903115,-6902029000.0,-371.9166397241082,0.0,-6902029000.0,-371.9166397241082,0.0,-6902029000.0,-371.9166397241082,-0.13188,-0.13188,52333952000,52333952000,https://www.sec.gov/Archives/edgar/data/873303/000110465906052919/0001104659-06-052919-index.htm,https://www.sec.gov/Archives/edgar/data/873303/000110465906052919/a06-15256_110q.htm,1620588973,15:36:13,20210509
56,2006-03-31,AVIID,USD,2006-05-10,2006-05-10 13:04:36,Q1,65962000.0,0.0,65962000.0,1.0,6763245000.0,2821726000.0,0.0,0.0,9584971000.0,9584971000.0,0.0,525141000.0,-8536009000.0,-129.4079773202753,-9061150000.0,-137.36924289742578,0.0,-9061150000.0,-137.36924289742578,0.0,-9061150000.0,-137.36924289742578,-0.17521,-0.17521,51715050000,51715050000,https://www.sec.gov/Archives/edgar/data/873303/000110465906033101/0001104659-06-033101-index.htm,https://www.sec.gov/Archives/edgar/data/873303/000110465906033101/a06-9327_110q.htm,1620588973,15:36:13,20210509
57,2005-12-31,AVIID,USD,2006-03-16,2006-03-16 12:30:13,Q4,1417446000.0,0.0,1417446000.0,1.0,4913490000.0,1409066000.0,0.0,0.0,6322556000.0,6322556000.0,0.0,530146000.0,-4021426000.0,-2.837092912181487,-4551572000.0,-3.21110786583757,0.0,-4551572000.0,-3.21110786583757,0.0,-4551572000.0,-3.21110786583757,-0.10193,-0.10193,44655008000,44655008000,https://www.sec.gov/Archives/edgar/data/873303/000110465906017196/0001104659-06-017196-index.htm,https://www.sec.gov/Archives/edgar/data/873303/000110465906017196/a06-2021_110k.htm,1620588973,15:36:13,20210509
58,2005-09-30,AVIID,USD,2005-11-09,2005-11-09 14:40:55,Q3,3281805000.0,0.0,3281805000.0,1.0,4147201000.0,1052244000.0,0.0,0.0,5199445000.0,5199445000.0,0.0,491922000.0,-1200549000.0,-0.3658197242066485,-1692471000.0,-0.5157134564667919,0.0,-1692471000.0,-0.5157134564667919,0.0,-1692471000.0,-0.5157134564667919,-0.03881,-0.03881,43608789000,43608789000,https://www.sec.gov/Archives/edgar/data/873303/000110465905053993/0001104659-05-053993-index.htm,https://www.sec.gov/Archives/edgar/data/873303/000110465905053993/a05-18027_110q.htm,1620588973,15:36:13,20210509
59,2005-06-30,AVIID,USD,2005-08-09,2005-08-09 12:19:07,Q2,39317000.0,0.0,39317000.0,1.0,3915155000.0,1272529000.0,0.0,0.0,5187684000.0,5187684000.0,0.0,491566000.0,-4441076000.0,-112.95561716305923,-4932642000.0,-125.45824961212708,0.0,-4932642000.0,-125.45824961212708,0.0,-4932642000.0,-125.45824961212708,-0.11388,-0.11388,43316268000,43316268000,https://www.sec.gov/Archives/edgar/data/873303/000110465905037678/0001104659-05-037678-index.htm,https://www.sec.gov/Archives/edgar/data/873303/000110465905037678/a05-12662_110q.htm,1620588973,15:36:13,20210509
60,2005-03-31,AVIID,USD,2005-05-10,2005-05-10 12:45:46,Q1,45192000.0,0.0,45192000.0,1.0,4141904000.0,1448530000.0,0.0,0.0,5590434000.0,5590434000.0,0.0,484038000.0,-5015141000.0,-110.97408833421845,-5499179000.0,-121.68478934324659,0.0,-5499179000.0,-121.68478934324659,0.0,-5499179000.0,-121.68478934324659,-0.12953,-0.12953,42455512000,42455512000,https://www.sec.gov/Archives/edgar/data/873303/000110465905021989/0001104659-05-021989-index.htm,https://www.sec.gov/Archives/edgar/data/873303/000110465905021989/a05-7996_110q.htm,1620588973,15:36:13,20210509
61,2004-12-31,AVIID,USD,2005-03-16,2005-03-16 14:56:33,Q4,285588000.0,0.0,285588000.0,1.0,3805658000.0,1416803000.0,0.0,0.0,5222461000.0,5222461000.0,0.0,518583000.0,-4471671000.0,-15.657769234001428,-4990254000.0,-17.4736123366528,0.0,-4990254000.0,-17.4736123366528,0.0,-4990254000.0,-17.4736123366528,-0.13864,-0.13864,35994976000,35994976000,https://www.sec.gov/Archives/edgar/data/873303/000110465905011420/0001104659-05-011420-index.htm,https://www.sec.gov/Archives/edgar/data/873303/000110465905011420/a05-1837_110k.htm,1620588973,15:36:13,20210509
62,2004-09-30,AVIID,USD,2004-11-09,2004-11-09 12:52:08,Q3,9151000.0,0.0,9151000.0,1.0,4167209000.0,964700000.0,0.0,0.0,5131909000.0,5131909000.0,0.0,476079000.0,-4630887000.0,-506.0525625614687,-5106966000.0,-558.0773685935964,0.0,-5106966000.0,-558.0773685935964,0.0,-5106966000.0,-558.0773685935964,-0.14206,-0.14206,35948473000,35948473000,https://www.sec.gov/Archives/edgar/data/873303/000110465904034584/0001104659-04-034584-index.htm,https://www.sec.gov/Archives/edgar/data/873303/000110465904034584/a04-12681_110q.htm,1620588973,15:36:13,20210509
63,2004-06-30,AVIID,USD,2004-08-09,2004-08-09 12:30:59,Q2,36271000.0,0.0,36271000.0,1.0,6151870000.0,1116027000.0,0.0,0.0,7267897000.0,7267897000.0,0.0,465072000.0,-6682890000.0,-184.2488489426815,-7147962000.0,-197.07099335557334,0.0,-7147962000.0,-197.07099335557334,0.0,-7147962000.0,-197.07099335557334,-0.19933,-0.19933,35859852000,35859852000,https://www.sec.gov/Archives/edgar/data/873303/000110465904023261/0001104659-04-023261-index.htm,https://www.sec.gov/Archives/edgar/data/873303/000110465904023261/a04-8886_110q.htm,1620588973,15:36:13,20210509
64,2004-03-31,AVIID,USD,2004-05-07,2004-05-07 12:17:59,Q1,99451000.0,0.0,99451000.0,1.0,6613988000.0,1238201000.0,0.0,0.0,7852189000.0,7852189000.0,0.0,428274000.0,-7104238000.0,-71.43455571085258,-7532512000.0,-75.74093774823783,0.0,-7532512000.0,-75.74093774823783,0.0,-7532512000.0,-75.74093774823783,-0.21152,-0.21152,35610687000,35610687000,https://www.sec.gov/Archives/edgar/data/873303/000110465904013141/0001104659-04-013141-index.htm,https://www.sec.gov/Archives/edgar/data/873303/000110465904013141/a04-5578_110q.htm,1620588973,15:36:13,20210509
65,2003-12-31,AVIID,USD,2004-03-15,2004-03-15 12:23:59,Q4,135181000.0,0.0,135181000.0,1.0,6405351000.0,888440000.0,0.0,0.0,7293791000.0,7293791000.0,0.0,456179000.0,-2640049000.0,-19.529734208209735,-3096228000.0,-22.904313476006244,0.0,-3096228000.0,-22.904313476006244,0.0,-3096228000.0,-22.904313476006244,-0.10387,-0.10387,29808539000,29808539000,https://www.sec.gov/Archives/edgar/data/873303/000110465904007381/0001104659-04-007381-index.htm,https://www.sec.gov/Archives/edgar/data/873303/000110465904007381/a04-3283_110k.htm,1620588973,15:36:13,20210509
66,2003-09-30,AVIID,USD,2003-11-07,2003-11-07 13:07:06,Q3,414352000.0,0.0,414352000.0,1.0,3533868000.0,1560026000.0,0.0,0.0,5093894000.0,5093894000.0,0.0,349665000.0,-4253990000.0,-10.266609066687261,-4603655000.0,-11.110493010773448,0.0,-4603655000.0,-11.110493010773448,0.0,-4603655000.0,-11.110493010773448,-0.15841,-0.15841,29061913000,29061913000,https://www.sec.gov/Archives/edgar/data/873303/000110465903025093/0001104659-03-025093-index.htm,https://www.sec.gov/Archives/edgar/data/873303/000110465903025093/a03-4739_110q.htm,1620588973,15:36:13,20210509
67,2003-06-30,AVIID,USD,2003-08-12,2003-08-12 12:36:39,Q2,162410000.0,0.0,162410000.0,1.0,2539282000.0,1177081000.0,0.0,0.0,3716363000.0,3716363000.0,0.0,345319000.0,-3152609000.0,-19.411421710485808,-3497928000.0,-21.53763930792439,0.0,-3497928000.0,-21.53763930792439,0.0,-3497928000.0,-21.53763930792439,-0.12501,-0.12501,27982031000,27982031000,https://www.sec.gov/Archives/edgar/data/873303/000110465903017672/0001104659-03-017672-index.htm,https://www.sec.gov/Archives/edgar/data/873303/000110465903017672/a03-2202_110q.htm,1620588973,15:36:13,20210509
68,2003-03-31,AVIID,USD,2003-05-13,2003-05-13 13:15:34,Q1,257923000.0,0.0,257923000.0,1.0,2805895000.0,933401000.0,0.0,0.0,3739296000.0,3739296000.0,0.0,333186000.0,-3085631000.0,-11.963380543805709,-3418817000.0,-13.25518468690268,0.0,-3418817000.0,-13.25518468690268,0.0,-3418817000.0,-13.25518468690268,-0.12868,-0.12868,26567968000,26567968000,https://www.sec.gov/Archives/edgar/data/873303/000110465903009361/0001104659-03-009361-index.htm,https://www.sec.gov/Archives/edgar/data/873303/000110465903009361/j0700_10q.htm,1620588973,15:36:13,20210509
69,2002-12-31,AVIID,USD,2003-03-31,2003-03-31 10:40:56,Q4,169206000.0,0.0,169206000.0,1.0,3546654000.0,774417000.0,0.0,0.0,4321071000.0,4321071000.0,0.0,379041000.0,-3614793000.0,-21.36326726002624,-3993834000.0,-23.603382858763872,0.0,-3993834000.0,-23.603382858763872,0.0,-3993834000.0,-23.603382858763872,-0.15545,-0.15545,25691549000,25691549000,https://www.sec.gov/Archives/edgar/data/873303/000110465903005410/0001104659-03-005410-index.htm,https://www.sec.gov/Archives/edgar/data/873303/000110465903005410/j8825_10k.htm,1620588973,15:36:13,20210509
70,2002-09-30,AVIID,USD,2002-11-13,2002-11-13 13:51:52,Q3,232192000.0,0.0,232192000.0,1.0,4594023000.0,1009299000.0,0.0,0.0,5603322000.0,5603322000.0,0.0,347915000.0,-6703350000.0,-28.869857703969128,-7051265000.0,-30.368251274807058,0.0,-7051265000.0,-30.368251274807058,0.0,-7051265000.0,-30.368251274807058,-0.27735,-0.27735,25424078000,25424078000,https://www.sec.gov/Archives/edgar/data/873303/000110465902005864/0001104659-02-005864-index.htm,https://www.sec.gov/Archives/edgar/data/873303/000110465902005864/j5447_10q.htm,1620588973,15:36:13,20210509
71,2002-06-30,AVIID,USD,2002-08-14,2002-08-14 12:04:35,Q2,435386000.0,0.0,435386000.0,1.0,14273215000.0,1980225000.0,0.0,0.0,16253440000.0,16253440000.0,0.0,340415000.0,-17973537000.0,-41.28184415667936,-18313952000.0,-42.06371357829604,0.0,-18313952000.0,-42.06371357829604,0.0,-18313952000.0,-42.06371357829604,-0.73533,-0.73533,24905613000,24905613000,https://www.sec.gov/Archives/edgar/data/873303/000110465902003980/0001104659-02-003980-index.htm,https://www.sec.gov/Archives/edgar/data/873303/000110465902003980/j4302_10q.htm,1620588973,15:36:13,20210509
72,2002-03-31,AVIID,USD,2002-05-14,2002-05-14 14:34:13,Q1,8133639000.0,0.0,8133639000.0,1.0,7049120000.0,1084519000.0,0.0,0.0,8133639000.0,8133639000.0,0.0,265964000.0,-7550129000.0,-0.9282596633560943,-7816093000.0,-0.9609589262567468,0.0,-7816093000.0,-0.9609589262567468,0.0,-7816093000.0,-0.9609589262567468,-0.33342,-0.33342,23442127000,23442127000,https://www.sec.gov/Archives/edgar/data/873303/000110465902002293/0001104659-02-002293-index.htm,https://www.sec.gov/Archives/edgar/data/873303/000110465902002293/j3653_10q.htm,1620588973,15:36:13,20210509
73,2001-12-31,AVIID,USD,2002-04-01,2002-04-01 00:00:00,Q4,295309000.0,0.0,295309000.0,1.0,4220640000.0,806544000.0,0.0,0.0,5027184000.0,5027184000.0,0.0,236546000.0,-4367709000.0,-14.79030100674209,-4604255000.0,-15.591312828257859,0.0,-4604255000.0,-15.591312828257859,0.0,-4604255000.0,-15.591312828257859,-0.20556,-0.20556,22399001000,22399001000,https://www.sec.gov/Archives/edgar/data/873303/000110465902001268/0001104659-02-001268-index.htm,https://www.sec.gov/Archives/edgar/data/873303/000110465902001268/j3110_10k.htm,1620588973,15:36:13,20210509
74,2001-09-30,AVIID,USD,2001-11-13,2001-11-13 00:00:00,Q3,307549000.0,0.0,307549000.0,1.0,2774979000.0,877615000.0,0.0,0.0,3652594000.0,3652594000.0,0.0,117022000.0,-15479172000.0,-50.3307505470673,-15596194000.0,-50.71124926434487,-600971000.0,-15596194000.0,-50.71124926434487,0.0,-15596194000.0,-50.71124926434487,-0.70406,-0.70406,22151720000,22151720000,https://www.sec.gov/Archives/edgar/data/873303/000110465901502912/0001104659-01-502912-index.htm,https://www.sec.gov/Archives/edgar/data/873303/000110465901502912/j2177_10q.htm,1620588973,15:36:13,20210509
75,2001-06-30,AVIID,USD,2001-08-14,2001-08-14 00:00:00,Q2,87264000.0,0.0,87264000.0,1.0,3162667000.0,709527000.0,0.0,0.0,3872194000.0,3872194000.0,0.0,109852000.0,-3436163000.0,-39.37663870553722,-3546015000.0,-40.635485423542356,600971000.0,-3546015000.0,-40.635485423542356,0.0,-3546015000.0,-40.635485423542356,-0.16373,-0.16373,21658113000,21658113000,https://www.sec.gov/Archives/edgar/data/873303/000110465901501795/0001104659-01-501795-index.htm,https://www.sec.gov/Archives/edgar/data/873303/000110465901501795/j1207_10q.htm,1620588973,15:36:13,20210509
76,2001-03-31,AVIID,USD,2001-05-10,2001-05-10 00:00:00,Q1,15980000.0,0.0,15980000.0,1.0,2592615000.0,964131000.0,0.0,0.0,3556746000.0,3556746000.0,0.0,93052000.0,-3085658000.0,-193.09499374217773,-3178710000.0,-198.9180225281602,0.0,-3178710000.0,-198.9180225281602,0.0,-3178710000.0,-198.9180225281602,-0.14764,-0.14764,21529674000,21529674000,https://www.sec.gov/Archives/edgar/data/873303/000110465901500420/0001104659-01-500420-index.htm,https://www.sec.gov/Archives/edgar/data/873303/000110465901500420/j0384_10q.htm,1620588973,15:36:13,20210509
77,2000-12-31,AVIID,USD,2001-03-27,2001-03-27 00:00:00,Q4,1175123000.0,0.0,1175123000.0,1.0,7112792000.0,1712391000.0,0.0,0.0,8825183000.0,8825183000.0,0.0,181327000.0,-6806525000.0,-5.792180903616047,-6987852000.0,-5.946485601932734,0.0,-6987852000.0,-5.946485601932734,0.0,-6987852000.0,-5.946485601932734,-0.37319,-0.37319,18724533000,18724533000,https://www.sec.gov/Archives/edgar/data/873303/000091205701008483/0000912057-01-008483-index.htm,https://www.sec.gov/Archives/edgar/data/873303/000091205701008483/a2042175z10-k.htm,1620588973,15:36:13,20210509
