,date,symbol,reportedCurrency,fillingDate,acceptedDate,period,revenue,costOfRevenue,grossProfit,grossProfitRatio,researchAndDevelopmentExpenses,generalAndAdministrativeExpenses,sellingAndMarketingExpenses,otherExpenses,operatingExpenses,costAndExpenses,interestExpense,depreciationAndAmortization,ebitda,ebitdaratio,operatingIncome,operatingIncomeRatio,totalOtherIncomeExpensesNet,incomeBeforeTax,incomeBeforeTaxRatio,incomeTaxExpense,netIncome,netIncomeRatio,eps,epsdiluted,weightedAverageShsOut,weightedAverageShsOutDil,link,finalLink,timestamp,est_time,est_date
0,2019-06-30,SIM.L,USD,2019-06-30,2019-06-30,Q2,1220500.0,449250.0,771250.0,0.6319131503482179,543750.0,104750.0,36250.0,0.0,7750.0,1585000.0,9500.0,59750.0,-304750.0,-0.24969274887341253,-364500.0,-0.29864809504301515,0.0,-362000.0,-0.29659975419909873,0.0,-362000.0,-0.29659975419909873,-0.0075,-0.0075,51020000,51020000,https://find-and-update.company-information.service.gov.uk/search/companies?q=Simigon+Ltd,https://find-and-update.company-information.service.gov.uk/search/companies?q=Simigon+Ltd,1620597932,18:05:32,20210509
1,2019-03-31,SIM.L,USD,2019-03-31,2019-03-31,Q1,1220500.0,449250.0,771250.0,0.6319131503482179,543750.0,104750.0,36250.0,0.0,7750.0,1585000.0,9500.0,59750.0,-304750.0,-0.24969274887341253,-364500.0,-0.29864809504301515,0.0,-362000.0,-0.29659975419909873,0.0,-362000.0,-0.29659975419909873,-0.0075,-0.0075,51020000,51020000,https://find-and-update.company-information.service.gov.uk/search/companies?q=Simigon+Ltd,https://find-and-update.company-information.service.gov.uk/search/companies?q=Simigon+Ltd,1620597932,18:05:32,20210509
2,2019-01-31,SIM.L,USD,2019-01-31,2019-01-31,Q1,1220500.0,449250.0,771250.0,0.6319131503482179,543750.0,104750.0,36250.0,0.0,7750.0,1585000.0,9500.0,59750.0,-304750.0,-0.24969274887341253,-364500.0,-0.29864809504301515,0.0,-362000.0,-0.29659975419909873,0.0,-362000.0,-0.29659975419909873,-0.0075,-0.0075,51020000,51020000,https://find-and-update.company-information.service.gov.uk/search/companies?q=Simigon+Ltd,https://find-and-update.company-information.service.gov.uk/search/companies?q=Simigon+Ltd,1620597932,18:05:32,20210509
3,2018-06-30,SIM.L,USD,2018-06-30,2018-06-30,Q2,1257250.0,243250.0,1014000.0,0.8065221714058461,-7000.0,74750.0,31000.0,0.0,111500.0,1447250.0,12250.0,8250.0,-181750.0,-0.14456154305030822,-190000.0,-0.15112348379399482,0.0,-195750.0,-0.1556969576456552,56000.0,-253250.0,-0.2014316961622589,-0.005,-0.005,51259000,51259000,https://find-and-update.company-information.service.gov.uk/search/companies?q=Simigon+Ltd,https://find-and-update.company-information.service.gov.uk/search/companies?q=Simigon+Ltd,1620597932,18:05:32,20210509
4,2018-03-31,SIM.L,USD,2018-03-31,2018-03-31,Q1,1257250.0,243250.0,1014000.0,0.8065221714058461,-7000.0,74750.0,31000.0,0.0,111500.0,1447250.0,12250.0,8250.0,-181750.0,-0.14456154305030822,-190000.0,-0.15112348379399482,0.0,-195750.0,-0.1556969576456552,56000.0,-253250.0,-0.2014316961622589,-0.005,-0.005,51259000,51259000,https://find-and-update.company-information.service.gov.uk/search/companies?q=Simigon+Ltd,https://find-and-update.company-information.service.gov.uk/search/companies?q=Simigon+Ltd,1620597932,18:05:32,20210509
5,2018-01-31,SIM.L,USD,2018-01-31,2018-01-31,Q1,1257250.0,243250.0,1014000.0,0.8065221714058461,-7000.0,74750.0,31000.0,0.0,111500.0,1447250.0,12250.0,8250.0,-181750.0,-0.14456154305030822,-190000.0,-0.15112348379399482,0.0,-195750.0,-0.1556969576456552,56000.0,-253250.0,-0.2014316961622589,-0.005,-0.005,51259000,51259000,https://find-and-update.company-information.service.gov.uk/search/companies?q=Simigon+Ltd,https://find-and-update.company-information.service.gov.uk/search/companies?q=Simigon+Ltd,1620597932,18:05:32,20210509
6,2017-06-30,SIM.L,USD,2017-06-30,2017-06-30,Q2,1083750.0,244000.0,840000.0,0.7750865051903114,-10750.0,91000.0,33250.0,0.0,16000.0,1323500.0,5250.0,8250.0,-231250.0,-0.21337946943483277,-239500.0,-0.2209919261822376,0.0,-239250.0,-0.22076124567474048,-750.0,-238000.0,-0.2196078431372549,-0.005,-0.005,51444000,51444000,https://find-and-update.company-information.service.gov.uk/search/companies?q=Simigon+Ltd,https://find-and-update.company-information.service.gov.uk/search/companies?q=Simigon+Ltd,1620597932,18:05:32,20210509
7,2017-03-31,SIM.L,USD,2017-03-31,2017-03-31,Q1,1083750.0,244000.0,840000.0,0.7750865051903114,-10750.0,91000.0,33250.0,0.0,16000.0,1323500.0,5250.0,8250.0,-231250.0,-0.21337946943483277,-239500.0,-0.2209919261822376,0.0,-239250.0,-0.22076124567474048,-750.0,-238000.0,-0.2196078431372549,-0.005,-0.005,51444000,51444000,https://find-and-update.company-information.service.gov.uk/search/companies?q=Simigon+Ltd,https://find-and-update.company-information.service.gov.uk/search/companies?q=Simigon+Ltd,1620597932,18:05:32,20210509
8,2017-01-31,SIM.L,USD,2017-01-31,2017-01-31,Q1,1083750.0,244000.0,840000.0,0.7750865051903114,-10750.0,91000.0,33250.0,0.0,16000.0,1323500.0,5250.0,8250.0,-231250.0,-0.21337946943483277,-239500.0,-0.2209919261822376,0.0,-239250.0,-0.22076124567474048,-750.0,-238000.0,-0.2196078431372549,-0.005,-0.005,51444000,51444000,https://find-and-update.company-information.service.gov.uk/search/companies?q=Simigon+Ltd,https://find-and-update.company-information.service.gov.uk/search/companies?q=Simigon+Ltd,1620597932,18:05:32,20210509
9,2016-06-30,SIM.L,USD,2016-06-30,2016-06-30,Q2,1504500.0,470500.0,1034000.0,0.6872715187770023,-12750.0,80750.0,31250.0,0.0,21000.0,1448750.0,9500.0,5000.0,60750.0,0.04037886340977069,55750.0,0.03705550016616816,0.0,73000.0,0.04852110335659687,-17250.0,91250.0,0.0606513791957461,0.0017858191283245592,0.0017780938833570413,51097000,51319000,https://find-and-update.company-information.service.gov.uk/search/companies?q=Simigon+Ltd,https://find-and-update.company-information.service.gov.uk/search/companies?q=Simigon+Ltd,1620597932,18:05:32,20210509
10,2016-03-31,SIM.L,USD,2016-03-31,2016-03-31,Q1,1504500.0,470500.0,1034000.0,0.6872715187770023,-12750.0,80750.0,31250.0,0.0,21000.0,1448750.0,9500.0,5000.0,60750.0,0.04037886340977069,55750.0,0.03705550016616816,0.0,73000.0,0.04852110335659687,-17250.0,91250.0,0.0606513791957461,0.0017858191283245592,0.0017780938833570413,51097000,51319000,https://find-and-update.company-information.service.gov.uk/search/companies?q=Simigon+Ltd,https://find-and-update.company-information.service.gov.uk/search/companies?q=Simigon+Ltd,1620597932,18:05:32,20210509
11,2016-01-31,SIM.L,USD,2016-01-31,2016-01-31,Q1,1504500.0,470500.0,1034000.0,0.6872715187770023,-12750.0,80750.0,31250.0,0.0,21000.0,1448750.0,9500.0,5000.0,60750.0,0.04037886340977069,55750.0,0.03705550016616816,0.0,73000.0,0.04852110335659687,-17250.0,91250.0,0.0606513791957461,0.0017858191283245592,0.0017780938833570413,51097000,51319000,https://find-and-update.company-information.service.gov.uk/search/companies?q=Simigon+Ltd,https://find-and-update.company-information.service.gov.uk/search/companies?q=Simigon+Ltd,1620597932,18:05:32,20210509
12,2015-09-30,SIM.L,USD,2015-09-30,2015-09-30,Q3,1733750.0,383500.0,1350250.0,0.7788031723143475,368000.0,98500.0,36750.0,0.0,75000.0,1324750.0,2000.0,5500.0,414500.0,0.23907714491708723,409000.0,0.23590483056957462,0.0,407000.0,0.23475126171593366,-38500.0,445500.0,0.256957462148522,0.008789929562180613,0.008766578771301508,50683000,50818000,https://find-and-update.company-information.service.gov.uk/search/companies?q=Simigon+Ltd,https://find-and-update.company-information.service.gov.uk/search/companies?q=Simigon+Ltd,1620597932,18:05:32,20210509
13,2015-06-30,SIM.L,USD,2015-06-30,2015-06-30,Q2,1733750.0,383500.0,1350250.0,0.7788031723143475,368000.0,98500.0,36750.0,0.0,75000.0,1324750.0,2000.0,5500.0,414500.0,0.23907714491708723,409000.0,0.23590483056957462,0.0,407000.0,0.23475126171593366,-38500.0,445500.0,0.256957462148522,0.008789929562180613,0.008766578771301508,50683000,50818000,https://find-and-update.company-information.service.gov.uk/search/companies?q=Simigon+Ltd,https://find-and-update.company-information.service.gov.uk/search/companies?q=Simigon+Ltd,1620597932,18:05:32,20210509
14,2015-03-31,SIM.L,USD,2015-03-31,2015-03-31,Q1,1733750.0,383500.0,1350250.0,0.7788031723143475,368000.0,98500.0,36750.0,0.0,75000.0,1324750.0,2000.0,5500.0,414500.0,0.23907714491708723,409000.0,0.23590483056957462,0.0,407000.0,0.23475126171593366,-38500.0,445500.0,0.256957462148522,0.008789929562180613,0.008766578771301508,50683000,50818000,https://find-and-update.company-information.service.gov.uk/search/companies?q=Simigon+Ltd,https://find-and-update.company-information.service.gov.uk/search/companies?q=Simigon+Ltd,1620597932,18:05:32,20210509
15,2015-01-31,SIM.L,USD,2015-01-31,2015-01-31,Q1,1733750.0,383500.0,1350250.0,0.7788031723143475,368000.0,98500.0,36750.0,0.0,75000.0,1324750.0,2000.0,5500.0,414500.0,0.23907714491708723,409000.0,0.23590483056957462,0.0,407000.0,0.23475126171593366,-38500.0,445500.0,0.256957462148522,0.008789929562180613,0.008766578771301508,50683000,50818000,https://find-and-update.company-information.service.gov.uk/search/companies?q=Simigon+Ltd,https://find-and-update.company-information.service.gov.uk/search/companies?q=Simigon+Ltd,1620597932,18:05:32,20210509
16,2014-09-30,SIM.L,USD,2014-09-30,2014-09-30,Q3,2079000.0,497250.0,1581750.0,0.7608225108225108,595250.0,131500.0,52000.0,0.0,110750.0,1752250.0,1750.0,8000.0,334750.0,0.16101491101491103,326750.0,0.15716690716690718,0.0,339500.0,0.1632996632996633,0.0,339500.0,0.1632996632996633,0.006949277438899578,0.0069165732912295,48854000,49085000,https://find-and-update.company-information.service.gov.uk/search/companies?q=Simigon+Ltd,https://find-and-update.company-information.service.gov.uk/search/companies?q=Simigon+Ltd,1620597932,18:05:32,20210509
17,2014-06-30,SIM.L,USD,2014-06-30,2014-06-30,Q2,2079000.0,497250.0,1581750.0,0.7608225108225108,595250.0,131500.0,52000.0,0.0,110750.0,1752250.0,1750.0,8000.0,334750.0,0.16101491101491103,326750.0,0.15716690716690718,0.0,339500.0,0.1632996632996633,0.0,339500.0,0.1632996632996633,0.006949277438899578,0.0069165732912295,48854000,49085000,https://find-and-update.company-information.service.gov.uk/search/companies?q=Simigon+Ltd,https://find-and-update.company-information.service.gov.uk/search/companies?q=Simigon+Ltd,1620597932,18:05:32,20210509
18,2014-03-31,SIM.L,USD,2014-03-31,2014-03-31,Q1,2079000.0,497250.0,1581750.0,0.7608225108225108,595250.0,131500.0,52000.0,0.0,110750.0,1752250.0,1750.0,8000.0,334750.0,0.16101491101491103,326750.0,0.15716690716690718,0.0,339500.0,0.1632996632996633,0.0,339500.0,0.1632996632996633,0.006949277438899578,0.0069165732912295,48854000,49085000,https://find-and-update.company-information.service.gov.uk/search/companies?q=Simigon+Ltd,https://find-and-update.company-information.service.gov.uk/search/companies?q=Simigon+Ltd,1620597932,18:05:32,20210509
19,2014-01-31,SIM.L,USD,2014-01-31,2014-01-31,Q1,2079000.0,497250.0,1581750.0,0.7608225108225108,595250.0,131500.0,52000.0,0.0,110750.0,1752250.0,1750.0,8000.0,334750.0,0.16101491101491103,326750.0,0.15716690716690718,0.0,339500.0,0.1632996632996633,0.0,339500.0,0.1632996632996633,0.006949277438899578,0.0069165732912295,48854000,49085000,https://find-and-update.company-information.service.gov.uk/search/companies?q=Simigon+Ltd,https://find-and-update.company-information.service.gov.uk/search/companies?q=Simigon+Ltd,1620597932,18:05:32,20210509
20,2013-09-30,SIM.L,USD,2013-09-30,2013-09-30,Q3,2043000.0,517500.0,1525500.0,0.7466960352422908,601000.0,30750.0,60750.0,0.0,184250.0,1793500.0,1500.0,9750.0,259250.0,0.12689672050905532,249500.0,0.12212432697014194,0.0,224000.0,0.109642682329907,0.0,224000.0,0.109642682329907,0.004746969568534373,0.004559239583969388,47188000,49131000,https://find-and-update.company-information.service.gov.uk/search/companies?q=Simigon+Ltd,https://find-and-update.company-information.service.gov.uk/search/companies?q=Simigon+Ltd,1620597932,18:05:32,20210509
21,2013-06-30,SIM.L,USD,2013-06-30,2013-06-30,Q2,2043000.0,517500.0,1525500.0,0.7466960352422908,601000.0,30750.0,60750.0,0.0,184250.0,1793500.0,1500.0,9750.0,259250.0,0.12689672050905532,249500.0,0.12212432697014194,0.0,224000.0,0.109642682329907,0.0,224000.0,0.109642682329907,0.004746969568534373,0.004559239583969388,47188000,49131000,https://find-and-update.company-information.service.gov.uk/search/companies?q=Simigon+Ltd,https://find-and-update.company-information.service.gov.uk/search/companies?q=Simigon+Ltd,1620597932,18:05:32,20210509
22,2013-03-31,SIM.L,USD,2013-03-31,2013-03-31,Q1,2043000.0,517500.0,1525500.0,0.7466960352422908,601000.0,30750.0,60750.0,0.0,184250.0,1793500.0,1500.0,9750.0,259250.0,0.12689672050905532,249500.0,0.12212432697014194,0.0,224000.0,0.109642682329907,0.0,224000.0,0.109642682329907,0.004746969568534373,0.004559239583969388,47188000,49131000,https://find-and-update.company-information.service.gov.uk/search/companies?q=Simigon+Ltd,https://find-and-update.company-information.service.gov.uk/search/companies?q=Simigon+Ltd,1620597932,18:05:32,20210509
23,2013-01-31,SIM.L,USD,2013-01-31,2013-01-31,Q1,2043000.0,517500.0,1525500.0,0.7466960352422908,601000.0,30750.0,60750.0,0.0,184250.0,1793500.0,1500.0,9750.0,259250.0,0.12689672050905532,249500.0,0.12212432697014194,0.0,224000.0,0.109642682329907,0.0,224000.0,0.109642682329907,0.004746969568534373,0.004559239583969388,47188000,49131000,https://find-and-update.company-information.service.gov.uk/search/companies?q=Simigon+Ltd,https://find-and-update.company-information.service.gov.uk/search/companies?q=Simigon+Ltd,1620597932,18:05:32,20210509
24,2012-09-30,SIM.L,USD,2012-09-30,2012-09-30,Q3,1701250.0,341750.0,1359500.0,0.7991182953710507,539250.0,119750.0,80250.0,6500.0,107000.0,1527750.0,0.0,10250.0,183750.0,0.1080088170462895,173500.0,0.10198383541513593,0.0,173000.0,0.10168993387215283,0.0,173000.0,0.10168993387215283,0.0038774458166169847,0.003828534755571293,44617000,45187000,https://find-and-update.company-information.service.gov.uk/search/companies?q=Simigon+Ltd,https://find-and-update.company-information.service.gov.uk/search/companies?q=Simigon+Ltd,1620597932,18:05:32,20210509
25,2012-06-30,SIM.L,USD,2012-06-30,2012-06-30,Q2,1701250.0,341750.0,1359500.0,0.7991182953710507,539250.0,119750.0,80250.0,6500.0,107000.0,1527750.0,0.0,10250.0,183750.0,0.1080088170462895,173500.0,0.10198383541513593,0.0,173000.0,0.10168993387215283,0.0,173000.0,0.10168993387215283,0.0038774458166169847,0.003828534755571293,44617000,45187000,https://find-and-update.company-information.service.gov.uk/search/companies?q=Simigon+Ltd,https://find-and-update.company-information.service.gov.uk/search/companies?q=Simigon+Ltd,1620597932,18:05:32,20210509
26,2012-03-31,SIM.L,USD,2012-03-31,2012-03-31,Q1,1701250.0,341750.0,1359500.0,0.7991182953710507,539250.0,119750.0,80250.0,6500.0,107000.0,1527750.0,0.0,10250.0,183750.0,0.1080088170462895,173500.0,0.10198383541513593,0.0,173000.0,0.10168993387215283,0.0,173000.0,0.10168993387215283,0.0038774458166169847,0.003828534755571293,44617000,45187000,https://find-and-update.company-information.service.gov.uk/search/companies?q=Simigon+Ltd,https://find-and-update.company-information.service.gov.uk/search/companies?q=Simigon+Ltd,1620597932,18:05:32,20210509
27,2012-01-31,SIM.L,USD,2012-01-31,2012-01-31,Q1,1701250.0,341750.0,1359500.0,0.7991182953710507,539250.0,119750.0,80250.0,6500.0,107000.0,1527750.0,0.0,10250.0,183750.0,0.1080088170462895,173500.0,0.10198383541513593,0.0,173000.0,0.10168993387215283,0.0,173000.0,0.10168993387215283,0.0038774458166169847,0.003828534755571293,44617000,45187000,https://find-and-update.company-information.service.gov.uk/search/companies?q=Simigon+Ltd,https://find-and-update.company-information.service.gov.uk/search/companies?q=Simigon+Ltd,1620597932,18:05:32,20210509
28,2011-09-30,SIM.L,USD,2011-09-30,2011-09-30,Q3,1371104.725,206306.775,1164797.95,0.8495324454519693,5439.35,0.0,155021.475,0.0,831443.5,1308940.725,8159.025,6604.925,68768.925,0.0501558515160102,62164.0,0.04533862283933125,0.0,87418.125,0.06375743836780957,0.0,87418.125,0.06375743836780957,0.0025,0.0025,42867000,42867000,https://find-and-update.company-information.service.gov.uk/search/companies?q=Simigon+Ltd,https://find-and-update.company-information.service.gov.uk/search/companies?q=Simigon+Ltd,1620597932,18:05:32,20210509
29,2011-06-30,SIM.L,USD,2011-06-30,2011-06-30,Q2,1371104.725,206306.775,1164797.95,0.8495324454519693,5439.35,0.0,155021.475,0.0,831443.5,1308940.725,8159.025,6604.925,68768.925,0.0501558515160102,62164.0,0.04533862283933125,0.0,87418.125,0.06375743836780957,0.0,87418.125,0.06375743836780957,0.0025,0.0025,42867000,42867000,https://find-and-update.company-information.service.gov.uk/search/companies?q=Simigon+Ltd,https://find-and-update.company-information.service.gov.uk/search/companies?q=Simigon+Ltd,1620597932,18:05:32,20210509
30,2011-03-31,SIM.L,USD,2011-03-31,2011-03-31,Q1,1371104.725,206306.775,1164797.95,0.8495324454519693,5439.35,0.0,155021.475,0.0,831443.5,1308940.725,8159.025,6604.925,68768.925,0.0501558515160102,62164.0,0.04533862283933125,0.0,87418.125,0.06375743836780957,0.0,87418.125,0.06375743836780957,0.0025,0.0025,42867000,42867000,https://find-and-update.company-information.service.gov.uk/search/companies?q=Simigon+Ltd,https://find-and-update.company-information.service.gov.uk/search/companies?q=Simigon+Ltd,1620597932,18:05:32,20210509
31,2011-01-31,SIM.L,USD,2011-01-31,2011-01-31,Q1,1371104.725,206306.775,1164797.95,0.8495324454519693,5439.35,0.0,155021.475,0.0,831443.5,1308940.725,8159.025,6604.925,68768.925,0.0501558515160102,62164.0,0.04533862283933125,0.0,87418.125,0.06375743836780957,0.0,87418.125,0.06375743836780957,0.0025,0.0025,42867000,42867000,https://find-and-update.company-information.service.gov.uk/search/companies?q=Simigon+Ltd,https://find-and-update.company-information.service.gov.uk/search/companies?q=Simigon+Ltd,1620597932,18:05:32,20210509
32,2010-09-30,SIM.L,USD,2010-09-30,2010-09-30,Q3,1301879.55,201192.45,1100687.1,0.8454600120264583,6654.225,0.0,170661.3,0.0,901451.775,1423221.3,19179.825,12134.175,-109207.575,-0.08388454600120264,-121341.75,-0.09320505111244738,0.0,-169487.025,-0.1301864101022249,0.0,-169487.025,-0.1301864101022249,-0.005,-0.005,41361000,41361000,https://find-and-update.company-information.service.gov.uk/search/companies?q=Simigon+Ltd,https://find-and-update.company-information.service.gov.uk/search/companies?q=Simigon+Ltd,1620597932,18:05:32,20210509
33,2010-06-30,SIM.L,USD,2010-06-30,2010-06-30,Q2,1301879.55,201192.45,1100687.1,0.8454600120264583,6654.225,0.0,170661.3,0.0,901451.775,1423221.3,19179.825,12134.175,-109207.575,-0.08388454600120264,-121341.75,-0.09320505111244738,0.0,-169487.025,-0.1301864101022249,0.0,-169487.025,-0.1301864101022249,-0.005,-0.005,41361000,41361000,https://find-and-update.company-information.service.gov.uk/search/companies?q=Simigon+Ltd,https://find-and-update.company-information.service.gov.uk/search/companies?q=Simigon+Ltd,1620597932,18:05:32,20210509
34,2010-03-31,SIM.L,USD,2010-03-31,2010-03-31,Q1,1301879.55,201192.45,1100687.1,0.8454600120264583,6654.225,0.0,170661.3,0.0,901451.775,1423221.3,19179.825,12134.175,-109207.575,-0.08388454600120264,-121341.75,-0.09320505111244738,0.0,-169487.025,-0.1301864101022249,0.0,-169487.025,-0.1301864101022249,-0.005,-0.005,41361000,41361000,https://find-and-update.company-information.service.gov.uk/search/companies?q=Simigon+Ltd,https://find-and-update.company-information.service.gov.uk/search/companies?q=Simigon+Ltd,1620597932,18:05:32,20210509
35,2010-01-31,SIM.L,USD,2010-01-31,2010-01-31,Q1,1301879.55,201192.45,1100687.1,0.8454600120264583,6654.225,0.0,170661.3,0.0,901451.775,1423221.3,19179.825,12134.175,-109207.575,-0.08388454600120264,-121341.75,-0.09320505111244738,0.0,-169487.025,-0.1301864101022249,0.0,-169487.025,-0.1301864101022249,-0.005,-0.005,41361000,41361000,https://find-and-update.company-information.service.gov.uk/search/companies?q=Simigon+Ltd,https://find-and-update.company-information.service.gov.uk/search/companies?q=Simigon+Ltd,1620597932,18:05:32,20210509
36,2009-09-30,SIM.L,USD,2009-09-30,2009-09-30,Q3,1514226.85,244151.9,1270074.95,0.8387613454351307,50123.9,0.0,185943.5,0.0,893337.25,1511397.275,19807.025,15764.775,18594.35,0.012279765082754936,2829.575,0.0018686599038974904,0.0,18190.125,0.01201281366791244,0.0,18190.125,0.01201281366791244,0.0005,0.0005,40204000,40204000,https://find-and-update.company-information.service.gov.uk/search/companies?q=Simigon+Ltd,https://find-and-update.company-information.service.gov.uk/search/companies?q=Simigon+Ltd,1620597932,18:05:32,20210509
37,2009-06-30,SIM.L,USD,2009-06-30,2009-06-30,Q2,1514226.85,244151.9,1270074.95,0.8387613454351307,50123.9,0.0,185943.5,0.0,893337.25,1511397.275,19807.025,15764.775,18594.35,0.012279765082754936,2829.575,0.0018686599038974904,0.0,18190.125,0.01201281366791244,0.0,18190.125,0.01201281366791244,0.0005,0.0005,40204000,40204000,https://find-and-update.company-information.service.gov.uk/search/companies?q=Simigon+Ltd,https://find-and-update.company-information.service.gov.uk/search/companies?q=Simigon+Ltd,1620597932,18:05:32,20210509
38,2009-03-31,SIM.L,USD,2009-03-31,2009-03-31,Q1,1514226.85,244151.9,1270074.95,0.8387613454351307,50123.9,0.0,185943.5,0.0,893337.25,1511397.275,19807.025,15764.775,18594.35,0.012279765082754936,2829.575,0.0018686599038974904,0.0,18190.125,0.01201281366791244,0.0,18190.125,0.01201281366791244,0.0005,0.0005,40204000,40204000,https://find-and-update.company-information.service.gov.uk/search/companies?q=Simigon+Ltd,https://find-and-update.company-information.service.gov.uk/search/companies?q=Simigon+Ltd,1620597932,18:05:32,20210509
39,2009-01-31,SIM.L,USD,2009-01-31,2009-01-31,Q1,1514226.85,244151.9,1270074.95,0.8387613454351307,50123.9,0.0,185943.5,0.0,893337.25,1511397.275,19807.025,15764.775,18594.35,0.012279765082754936,2829.575,0.0018686599038974904,0.0,18190.125,0.01201281366791244,0.0,18190.125,0.01201281366791244,0.0005,0.0005,40204000,40204000,https://find-and-update.company-information.service.gov.uk/search/companies?q=Simigon+Ltd,https://find-and-update.company-information.service.gov.uk/search/companies?q=Simigon+Ltd,1620597932,18:05:32,20210509
40,2008-09-30,SIM.L,USD,2008-09-30,2008-09-30,Q3,1285767.85,249716.75,1036051.1,0.805783952367451,0.0,0.0,134154.4,0.0,1286496.95,1808897.1,5103.7,17498.4,-505630.85,-0.393252055571307,-523129.25,-0.40686135525942724,0.0,-495058.9,-0.38502977034306773,0.0,-495058.9,-0.38502977034306773,-0.0125,-0.0125,37453000,37453000,https://find-and-update.company-information.service.gov.uk/search/companies?q=Simigon+Ltd,https://find-and-update.company-information.service.gov.uk/search/companies?q=Simigon+Ltd,1620597932,18:05:32,20210509
41,2008-06-30,SIM.L,USD,2008-06-30,2008-06-30,Q2,1285767.85,249716.75,1036051.1,0.805783952367451,0.0,0.0,134154.4,0.0,1286496.95,1808897.1,5103.7,17498.4,-505630.85,-0.393252055571307,-523129.25,-0.40686135525942724,0.0,-495058.9,-0.38502977034306773,0.0,-495058.9,-0.38502977034306773,-0.0125,-0.0125,37453000,37453000,https://find-and-update.company-information.service.gov.uk/search/companies?q=Simigon+Ltd,https://find-and-update.company-information.service.gov.uk/search/companies?q=Simigon+Ltd,1620597932,18:05:32,20210509
42,2008-03-31,SIM.L,USD,2008-03-31,2008-03-31,Q1,1285767.85,249716.75,1036051.1,0.805783952367451,0.0,0.0,134154.4,0.0,1286496.95,1808897.1,5103.7,17498.4,-505630.85,-0.393252055571307,-523129.25,-0.40686135525942724,0.0,-495058.9,-0.38502977034306773,0.0,-495058.9,-0.38502977034306773,-0.0125,-0.0125,37453000,37453000,https://find-and-update.company-information.service.gov.uk/search/companies?q=Simigon+Ltd,https://find-and-update.company-information.service.gov.uk/search/companies?q=Simigon+Ltd,1620597932,18:05:32,20210509
43,2008-01-31,SIM.L,USD,2008-01-31,2008-01-31,Q1,1285767.85,249716.75,1036051.1,0.805783952367451,0.0,0.0,134154.4,0.0,1286496.95,1808897.1,5103.7,17498.4,-505630.85,-0.393252055571307,-523129.25,-0.40686135525942724,0.0,-495058.9,-0.38502977034306773,0.0,-495058.9,-0.38502977034306773,-0.0125,-0.0125,37453000,37453000,https://find-and-update.company-information.service.gov.uk/search/companies?q=Simigon+Ltd,https://find-and-update.company-information.service.gov.uk/search/companies?q=Simigon+Ltd,1620597932,18:05:32,20210509
44,2007-09-30,SIM.L,USD,2007-09-30,2007-09-30,Q3,1251800.95,264012.55,987788.4,0.7890938251804331,0.0,0.0,338297.45,0.0,1308518.475,2042332.825,4517.325,16563.525,-773968.35,-0.6182838813151563,-790531.875,-0.6315156375300722,0.0,-721768.15,-0.5765838011226945,0.0,-721768.15,-0.5765838011226945,-0.02,-0.02,37251000,37251000,https://find-and-update.company-information.service.gov.uk/search/companies?q=Simigon+Ltd,https://find-and-update.company-information.service.gov.uk/search/companies?q=Simigon+Ltd,1620597932,18:05:32,20210509
45,2007-06-30,SIM.L,USD,2007-06-30,2007-06-30,Q2,1251800.95,264012.55,987788.4,0.7890938251804331,0.0,0.0,338297.45,0.0,1308518.475,2042332.825,4517.325,16563.525,-773968.35,-0.6182838813151563,-790531.875,-0.6315156375300722,0.0,-721768.15,-0.5765838011226945,0.0,-721768.15,-0.5765838011226945,-0.02,-0.02,37251000,37251000,https://find-and-update.company-information.service.gov.uk/search/companies?q=Simigon+Ltd,https://find-and-update.company-information.service.gov.uk/search/companies?q=Simigon+Ltd,1620597932,18:05:32,20210509
46,2007-03-31,SIM.L,USD,2007-03-31,2007-03-31,Q1,1251800.95,264012.55,987788.4,0.7890938251804331,0.0,0.0,338297.45,0.0,1308518.475,2042332.825,4517.325,16563.525,-773968.35,-0.6182838813151563,-790531.875,-0.6315156375300722,0.0,-721768.15,-0.5765838011226945,0.0,-721768.15,-0.5765838011226945,-0.02,-0.02,37251000,37251000,https://find-and-update.company-information.service.gov.uk/search/companies?q=Simigon+Ltd,https://find-and-update.company-information.service.gov.uk/search/companies?q=Simigon+Ltd,1620597932,18:05:32,20210509
47,2007-01-31,SIM.L,USD,2007-01-31,2007-01-31,Q1,1251800.95,264012.55,987788.4,0.7890938251804331,0.0,0.0,338297.45,0.0,1308518.475,2042332.825,4517.325,16563.525,-773968.35,-0.6182838813151563,-790531.875,-0.6315156375300722,0.0,-721768.15,-0.5765838011226945,0.0,-721768.15,-0.5765838011226945,-0.02,-0.02,37251000,37251000,https://find-and-update.company-information.service.gov.uk/search/companies?q=Simigon+Ltd,https://find-and-update.company-information.service.gov.uk/search/companies?q=Simigon+Ltd,1620597932,18:05:32,20210509
48,2006-09-30,SIM.L,USD,2006-09-30,2006-09-30,Q3,1879368.925,298912.425,1580456.5,0.8409506398537477,0.0,0.0,64788.9,0.0,786792.475,1288906.45,20123.825,56935.7,647398.1749999999,0.34447636458605374,590462.475,0.31418124836772,0.0,630219.3,0.33533559676155655,0.0,630219.3,0.33533559676155655,0.02,0.0175,31608000,33821000,https://find-and-update.company-information.service.gov.uk/search/companies?q=Simigon+Ltd,https://find-and-update.company-information.service.gov.uk/search/companies?q=Simigon+Ltd,1620597932,18:05:32,20210509
49,2006-06-30,SIM.L,USD,2006-06-30,2006-06-30,Q2,1879368.925,298912.425,1580456.5,0.8409506398537477,0.0,0.0,64788.9,0.0,786792.475,1288906.45,20123.825,56935.7,647398.1749999999,0.34447636458605374,590462.475,0.31418124836772,0.0,630219.3,0.33533559676155655,0.0,630219.3,0.33533559676155655,0.02,0.0175,31608000,33821000,https://find-and-update.company-information.service.gov.uk/search/companies?q=Simigon+Ltd,https://find-and-update.company-information.service.gov.uk/search/companies?q=Simigon+Ltd,1620597932,18:05:32,20210509
50,2006-03-31,SIM.L,USD,2006-03-31,2006-03-31,Q1,1879368.925,298912.425,1580456.5,0.8409506398537477,0.0,0.0,64788.9,0.0,786792.475,1288906.45,20123.825,56935.7,647398.1749999999,0.34447636458605374,590462.475,0.31418124836772,0.0,630219.3,0.33533559676155655,0.0,630219.3,0.33533559676155655,0.02,0.0175,31608000,33821000,https://find-and-update.company-information.service.gov.uk/search/companies?q=Simigon+Ltd,https://find-and-update.company-information.service.gov.uk/search/companies?q=Simigon+Ltd,1620597932,18:05:32,20210509
51,2006-01-31,SIM.L,USD,2006-01-31,2006-01-31,Q1,1879368.925,298912.425,1580456.5,0.8409506398537477,0.0,0.0,64788.9,0.0,786792.475,1288906.45,20123.825,56935.7,647398.1749999999,0.34447636458605374,590462.475,0.31418124836772,0.0,630219.3,0.33533559676155655,0.0,630219.3,0.33533559676155655,0.02,0.0175,31608000,33821000,https://find-and-update.company-information.service.gov.uk/search/companies?q=Simigon+Ltd,https://find-and-update.company-information.service.gov.uk/search/companies?q=Simigon+Ltd,1620597932,18:05:32,20210509
52,2005-09-30,SIM.L,USD,2005-09-30,2005-09-30,Q3,1147010.025,156117.225,990892.8,0.8638920134983128,0.0,0.0,40427.05,0.0,633930.55,915629.675,26664.65,9461.65,240842.0,0.20997375328083992,231380.35,0.20172478440194977,0.0,222348.775,0.19385076865391826,0.0,222348.775,0.19385076865391826,0.0075,0.0075,30489000,30489000,https://find-and-update.company-information.service.gov.uk/search/companies?q=Simigon+Ltd,https://find-and-update.company-information.service.gov.uk/search/companies?q=Simigon+Ltd,1620597932,18:05:32,20210509
53,2005-06-30,SIM.L,USD,2005-06-30,2005-06-30,Q2,1147010.025,156117.225,990892.8,0.8638920134983128,0.0,0.0,40427.05,0.0,633930.55,915629.675,26664.65,9461.65,240842.0,0.20997375328083992,231380.35,0.20172478440194977,0.0,222348.775,0.19385076865391826,0.0,222348.775,0.19385076865391826,0.0075,0.0075,30489000,30489000,https://find-and-update.company-information.service.gov.uk/search/companies?q=Simigon+Ltd,https://find-and-update.company-information.service.gov.uk/search/companies?q=Simigon+Ltd,1620597932,18:05:32,20210509
54,2005-03-31,SIM.L,USD,2005-03-31,2005-03-31,Q1,1147010.025,156117.225,990892.8,0.8638920134983128,0.0,0.0,40427.05,0.0,633930.55,915629.675,26664.65,9461.65,240842.0,0.20997375328083992,231380.35,0.20172478440194977,0.0,222348.775,0.19385076865391826,0.0,222348.775,0.19385076865391826,0.0075,0.0075,30489000,30489000,https://find-and-update.company-information.service.gov.uk/search/companies?q=Simigon+Ltd,https://find-and-update.company-information.service.gov.uk/search/companies?q=Simigon+Ltd,1620597932,18:05:32,20210509
55,2005-01-31,SIM.L,USD,2005-01-31,2005-01-31,Q1,1147010.025,156117.225,990892.8,0.8638920134983128,0.0,0.0,40427.05,0.0,633930.55,915629.675,26664.65,9461.65,240842.0,0.20997375328083992,231380.35,0.20172478440194977,0.0,222348.775,0.19385076865391826,0.0,222348.775,0.19385076865391826,0.0075,0.0075,30489000,30489000,https://find-and-update.company-information.service.gov.uk/search/companies?q=Simigon+Ltd,https://find-and-update.company-information.service.gov.uk/search/companies?q=Simigon+Ltd,1620597932,18:05:32,20210509
56,2004-09-30,SIM.L,USD,2004-09-30,2004-09-30,Q3,1123963.125,215607.55,908355.575,0.8081720430107526,0.0,0.0,100068.975,0.0,471339.375,871615.275,17403.3,10151.925,262499.775,0.23354838709677422,252347.85,0.22451612903225807,0.0,235427.975,0.20946236559139786,0.0,235427.975,0.20946236559139786,0.0075,0.0075,30379000,30379000,https://find-and-update.company-information.service.gov.uk/search/companies?q=Simigon+Ltd,https://find-and-update.company-information.service.gov.uk/search/companies?q=Simigon+Ltd,1620597932,18:05:32,20210509
57,2004-06-30,SIM.L,USD,2004-06-30,2004-06-30,Q2,1123963.125,215607.55,908355.575,0.8081720430107526,0.0,0.0,100068.975,0.0,471339.375,871615.275,17403.3,10151.925,262499.775,0.23354838709677422,252347.85,0.22451612903225807,0.0,235427.975,0.20946236559139786,0.0,235427.975,0.20946236559139786,0.0075,0.0075,30379000,30379000,https://find-and-update.company-information.service.gov.uk/search/companies?q=Simigon+Ltd,https://find-and-update.company-information.service.gov.uk/search/companies?q=Simigon+Ltd,1620597932,18:05:32,20210509
58,2004-03-31,SIM.L,USD,2004-03-31,2004-03-31,Q1,1123963.125,215607.55,908355.575,0.8081720430107526,0.0,0.0,100068.975,0.0,471339.375,871615.275,17403.3,10151.925,262499.775,0.23354838709677422,252347.85,0.22451612903225807,0.0,235427.975,0.20946236559139786,0.0,235427.975,0.20946236559139786,0.0075,0.0075,30379000,30379000,https://find-and-update.company-information.service.gov.uk/search/companies?q=Simigon+Ltd,https://find-and-update.company-information.service.gov.uk/search/companies?q=Simigon+Ltd,1620597932,18:05:32,20210509
59,2004-01-31,SIM.L,USD,2004-01-31,2004-01-31,Q1,1123963.125,215607.55,908355.575,0.8081720430107526,0.0,0.0,100068.975,0.0,471339.375,871615.275,17403.3,10151.925,262499.775,0.23354838709677422,252347.85,0.22451612903225807,0.0,235427.975,0.20946236559139786,0.0,235427.975,0.20946236559139786,0.0075,0.0075,30379000,30379000,https://find-and-update.company-information.service.gov.uk/search/companies?q=Simigon+Ltd,https://find-and-update.company-information.service.gov.uk/search/companies?q=Simigon+Ltd,1620597932,18:05:32,20210509
