,date,symbol,reportedCurrency,fillingDate,acceptedDate,period,revenue,costOfRevenue,grossProfit,grossProfitRatio,researchAndDevelopmentExpenses,generalAndAdministrativeExpenses,sellingAndMarketingExpenses,otherExpenses,operatingExpenses,costAndExpenses,interestExpense,depreciationAndAmortization,ebitda,ebitdaratio,operatingIncome,operatingIncomeRatio,totalOtherIncomeExpensesNet,incomeBeforeTax,incomeBeforeTaxRatio,incomeTaxExpense,netIncome,netIncomeRatio,eps,epsdiluted,weightedAverageShsOut,weightedAverageShsOutDil,link,finalLink,timestamp,est_time,est_date
0,2020-12-31,DSSL.NS,INR,2020-12-31,2020-12-31,Q4,1538280000,1476219000,62061000,0.040344410640455575,0.0,0.0,0.0,3312000.0,16317000.0,1492536000,14903000.0,2965000.0,48709000.0,0.0316645864211977,45744000.0,0.029737108978859506,0.0,34149000.0,0.022199469537405415,6812000.0,27337000.0,0.01777114699534545,2.98,2.98,9173490.0,9173490.0,https://www.nseindia.com/companies-listing/corporate-filings-annual-reports,https://www.nseindia.com/companies-listing/corporate-filings-annual-reports,1620591297,16:14:57,20210509
1,2020-09-30,DSSL.NS,INR,2020-09-30,2020-09-30,Q3,932105000,887747000,44358000,0.04758905917251812,0.0,0.0,0.0,9580000.0,9095000.0,896812000,20306000.0,2823000.0,38116000.0,0.04089238873302901,35293000.0,0.03786375998412196,0.0,24568000.0,0.026357545555489994,5147000.0,19421000.0,0.020835635470252814,2.12,2.12,9160849.0,9160849.0,https://www.nseindia.com/companies-listing/corporate-filings-annual-reports,https://www.nseindia.com/companies-listing/corporate-filings-annual-reports,1620591297,16:14:57,20210509
2,2020-06-30,DSSL.NS,INR,2020-06-30,2020-06-30,Q2,580287000,532827000,47460000,0.08178711568585889,0.0,0.0,0.0,3750000.0,12282000.0,545109000,20881000.0,1629000.0,36807000.0,0.06342895842919108,35178000.0,0.0606217268351695,0.0,18047000.0,0.03110012804009051,3850000.0,14198000.0,0.024467203297678562,1.55,1.55,9160000.0,9160000.0,https://www.nseindia.com/companies-listing/corporate-filings-annual-reports,https://www.nseindia.com/companies-listing/corporate-filings-annual-reports,1620591297,16:14:57,20210509
3,2020-03-31,DSSL.NS,INR,2020-03-31,2020-03-31,Q1,549432000,474311000,75121000,0.13672483583045764,0.0,0.0,0.0,-11834000.0,33278000.0,507589000,15030000.0,3463000.0,45306000.0,0.08245970383960162,41843000.0,0.0761568310546164,0.0,21674000.0,0.03944801176487718,5306000.0,16368000.0,0.029790765736251255,1.7867339588284885,1.7867339588284885,9160849.0,9160849.0,https://www.nseindia.com/companies-listing/corporate-filings-annual-reports,https://www.nseindia.com/companies-listing/corporate-filings-annual-reports,1620591297,16:14:57,20210509
4,2019-12-31,DSSL.NS,INR,2019-12-31,2019-12-31,Q4,922347000,867679000,54668000,0.059270534842093055,0.0,0.0,0.0,3253000.0,25023000.0,892702000,13437000.0,2639000.0,32284000.0,0.03500201117366891,29645000.0,0.03214083202959407,0.0,19459000.0,0.021097265996420003,4882000.0,14577000.0,0.015804247208480105,1.59,1.59,9167925.0,9167925.0,https://www.nseindia.com/companies-listing/corporate-filings-annual-reports,https://www.nseindia.com/companies-listing/corporate-filings-annual-reports,1620591297,16:14:57,20210509
5,2019-09-30,DSSL.NS,INR,2019-09-30,2019-09-30,Q3,925946000,873726000,52220000,0.056396377326539564,0.0,0.0,0.0,3964000.0,17054000.0,890780000,21119000.0,2262000.0,37428000.0,0.040421363664835744,35166000.0,0.03797845662706033,0.0,18012000.0,0.019452538268970327,4732000.0,13280000.0,0.014342089063509103,1.45,1.45,9158621.0,9158621.0,https://www.nseindia.com/companies-listing/corporate-filings-annual-reports,https://www.nseindia.com/companies-listing/corporate-filings-annual-reports,1620591297,16:14:57,20210509
6,2019-06-30,DSSL.NS,INR,2019-06-30,2019-06-30,Q2,890766000,834765000,56001000,0.06286836273499438,0.0,0.0,0.0,4506000.0,26596000.0,861361000,17782000.0,1892000.0,31297000.0,0.03513492881407687,29405000.0,0.03301091420193407,0.0,16129000.0,0.018106887779731153,3597000.0,12532000.0,0.014068790232227095,1.37,1.37,9147445.0,9147445.0,https://www.nseindia.com/companies-listing/corporate-filings-annual-reports,https://www.nseindia.com/companies-listing/corporate-filings-annual-reports,1620591297,16:14:57,20210509
7,2019-03-31,DSSL.NS,INR,2019-03-31,2019-03-31,Q1,707123000,622350000,84773000,0.11988437655117992,0.0,0.0,0.0,-7553000.0,30656000.0,653006000,14582000.0,1801000.0,55918000.0,0.07907818017516047,54117000.0,0.07653123996815264,0.0,34926000.0,0.0493916899888704,15640000.0,19286000.0,0.027273897186203815,2.105263387705659,2.105263387705659,9160849.0,9160849.0,https://www.nseindia.com/companies-listing/corporate-filings-annual-reports,https://www.nseindia.com/companies-listing/corporate-filings-annual-reports,1620591297,16:14:57,20210509
8,2018-12-31,DSSL.NS,INR,2018-12-31,2018-12-31,Q4,722092000,676901000,45191000,0.06258343812145821,0.0,0.0,0.0,4346000.0,23030000.0,699931000,15151000.0,1915000.0,24076000.0,0.03334201182120838,22161000.0,0.030689995180669498,0.0,11355000.0,0.015725143056563428,2012000.0,9343000.0,0.012938794502639553,1.02,1.02,9159804.0,9159804.0,https://www.nseindia.com/companies-listing/corporate-filings-annual-reports,https://www.nseindia.com/companies-listing/corporate-filings-annual-reports,1620591297,16:14:57,20210509
9,2018-09-30,DSSL.NS,INR,2018-09-30,2018-09-30,Q3,792204000,749368000,42836000,0.054071930967276104,0.0,0.0,0.0,3765000.0,19821000.0,769189000,13101000.0,1751000.0,24766000.0,0.031262149648322905,23015000.0,0.029051860379397224,0.0,13680000.0,0.017268279382583275,1897000.0,11783000.0,0.01487369414948675,1.7,1.7,6931176.0,6931176.0,https://www.nseindia.com/companies-listing/corporate-filings-annual-reports,https://www.nseindia.com/companies-listing/corporate-filings-annual-reports,1620591297,16:14:57,20210509
10,2018-06-30,DSSL.NS,INR,2018-06-30,2018-06-30,Q2,885875000,845217000,40658000,0.04589586566953577,0.0,0.0,0.0,1296000.0,17499000.0,862716000,8714000.0,1751000.0,24910000.0,0.02811909129391844,23159000.0,0.02614251446310145,0.0,15741000.0,0.01776887258360378,2644000.0,13097000.0,0.014784252857344433,1.9,1.43,6893158.0,6893158.0,https://www.nseindia.com/companies-listing/corporate-filings-annual-reports,https://www.nseindia.com/companies-listing/corporate-filings-annual-reports,1620591297,16:14:57,20210509
11,2018-03-31,DSSL.NS,INR,2018-03-31,2018-03-31,Q1,566686000,525427000,41259000,0.0728075159788666,0.0,0.0,0.0,2911000.0,20564000.0,545991000,10545000.0,2235000.0,22930000.0,0.040463325368899176,20695000.0,0.03651934228126334,0.0,13061000.0,0.0230480371846137,5569000.0,7497000.0,0.013229548638928789,1.09,0.82,6877982.0,6877982.0,https://www.nseindia.com/companies-listing/corporate-filings-annual-reports,https://www.nseindia.com/companies-listing/corporate-filings-annual-reports,1620591297,16:14:57,20210509
12,2017-12-31,DSSL.NS,INR,2017-12-31,2017-12-31,Q4,516896000,485276000,31620000,0.061172847149136386,0.0,0.0,0.0,0.0,14461000.0,499737000,10121000.0,1792000.0,18951000.0,0.03666308116139417,17159000.0,0.0331962328979137,0.0,7037000.0,0.013613957159660744,1211000.0,5826000.0,0.011271126106605585,0.85,0.85,6854118.0,6854118.0,https://www.nseindia.com/companies-listing/corporate-filings-annual-reports,https://www.nseindia.com/companies-listing/corporate-filings-annual-reports,1620591297,16:14:57,20210509
13,2017-09-30,DSSL.NS,INR,2017-09-30,2017-09-30,Q3,528033000,501759000,26274000,0.04975825374550454,0.0,0.0,0.0,0.0,12666000.0,514425000,8021000.0,2069000.0,15677000.0,0.0296894322892698,13608000.0,0.02577111657794115,0.0,5587000.0,0.010580778095308437,1339000.0,4248000.0,0.008044951735971048,0.666031,0.666031,6378080.0,6378080.0,https://www.nseindia.com/companies-listing/corporate-filings-annual-reports,https://www.nseindia.com/companies-listing/corporate-filings-annual-reports,1620591297,16:14:57,20210509
14,2017-06-30,DSSL.NS,INR,2017-06-30,2017-06-30,Q2,538959000,513180000,25779000,0.04783109661402815,0.0,0.0,0.0,0.0,12631000.0,525811000,6719000.0,1514000.0,14662000.0,0.027204295688540315,13148000.0,0.024395176627535674,0.0,6429000.0,0.011928551151386283,1470000.0,4959000.0,0.00920107095344915,0.78,0.78,6357692.0,6357692.0,https://www.nseindia.com/companies-listing/corporate-filings-annual-reports,https://www.nseindia.com/companies-listing/corporate-filings-annual-reports,1620591297,16:14:57,20210509
15,2017-03-31,DSSL.NS,INR,2017-03-31,2017-03-31,Q1,476865000,449751000,27114000,0.056858859425623604,0.0,0.0,0.0,0.0,14357000.0,464108000,7330000.0,1548000.0,14305000.0,0.02999800782192025,12757000.0,0.02675180606670651,0.0,5426000.0,0.011378482379709141,1781000.0,3645000.0,0.007643672737567236,0.62,0.62,5879032.0,5879032.0,https://www.nseindia.com/companies-listing/corporate-filings-annual-reports,https://www.nseindia.com/companies-listing/corporate-filings-annual-reports,1620591297,16:14:57,20210509
16,2016-12-31,DSSL.NS,INR,2016-12-31,2016-12-31,Q4,441563000,420706000,20857000,0.04723448296166119,0.0,0.0,0.0,0.0,10115000.0,430821000,6719000.0,1500000.0,12242000.0,0.027724243199724614,10742000.0,0.024327219445469842,0.0,4024000.0,0.009113082391414135,800000.0,3224000.0,0.007301336389144924,0.54,0.54,5970370.0,5970370.0,https://www.nseindia.com/companies-listing/corporate-filings-annual-reports,https://www.nseindia.com/companies-listing/corporate-filings-annual-reports,1620591297,16:14:57,20210509
17,2016-09-30,DSSL.NS,INR,2016-09-30,2016-09-30,Q3,377291000,359361000,17930000,0.04752299948845851,0.0,0.0,0.0,0.0,7795000.0,367156000,6311000.0,1272000.0,11407000.0,0.030233957343270845,10135000.0,0.02686255436784869,0.0,3823000.0,0.010132762244527433,800000.0,3023000.0,0.00801238301470218,0.51,0.51,5927451.0,5927451.0,https://www.nseindia.com/companies-listing/corporate-filings-annual-reports,https://www.nseindia.com/companies-listing/corporate-filings-annual-reports,1620591297,16:14:57,20210509
18,2016-06-30,DSSL.NS,INR,2016-06-30,2016-06-30,Q2,287183000,269488000,17695000,0.061615764164313344,0.0,0.0,0.0,0.0,9016000.0,278504000,5765000.0,1763000.0,10442000.0,0.03636009095245889,8679000.0,0.030221148187740916,0.0,2916000.0,0.01015380436864299,700000.0,2216000.0,0.007716334184126498,0.37,0.37,5989189.0,5989189.0,https://www.nseindia.com/companies-listing/corporate-filings-annual-reports,https://www.nseindia.com/companies-listing/corporate-filings-annual-reports,1620591297,16:14:57,20210509
19,2016-03-31,DSSL.NS,INR,2016-03-31,2016-03-31,Q1,367646000,349649000,17997000,0.04895198098170523,0.0,0.0,0.0,0.0,7252000.0,356901000,6529000.0,1667000.0,12412000.0,0.033760737230923224,10745000.0,0.029226484172274417,0.0,4216000.0,0.011467553026552717,2144000.0,2072000.0,0.005635856231265946,0.24,0.24,5923080.0,5923080.0,https://www.nseindia.com/companies-listing/corporate-filings-annual-reports,https://www.nseindia.com/companies-listing/corporate-filings-annual-reports,1620591297,16:14:57,20210509
20,2015-12-31,DSSL.NS,INR,2015-12-31,2015-12-31,Q4,315615000,295288000,20327000,0.06440441677360075,0.0,0.0,0.0,0.0,9083000.0,304371000,7770000.0,1501000.0,12745000.0,0.04038147743294837,11244000.0,0.035625683189962454,0.0,3475000.0,0.011010249829697574,650000.0,2825000.0,0.008950778638531122,0.48,0.48,5885417.0,5885417.0,https://www.nseindia.com/companies-listing/corporate-filings-annual-reports,https://www.nseindia.com/companies-listing/corporate-filings-annual-reports,1620591297,16:14:57,20210509
21,2015-09-30,DSSL.NS,INR,2015-09-30,2015-09-30,Q3,285600000,269253000,16347000,0.0572373949579832,0.0,0.0,0.0,0.0,7504000.0,276757000,5996000.0,1637000.0,10480000.0,0.03669467787114846,8843000.0,0.030962885154061624,0.0,2846000.0,0.00996498599439776,625000.0,2221000.0,0.007776610644257703,0.38,0.38,5844737.0,5844737.0,https://www.nseindia.com/companies-listing/corporate-filings-annual-reports,https://www.nseindia.com/companies-listing/corporate-filings-annual-reports,1620591297,16:14:57,20210509
22,2015-06-30,DSSL.NS,INR,2015-06-30,2015-06-30,Q2,272958000,257862000,15096000,0.05530521179082496,0.0,0.0,0.0,0.0,7584000.0,265446000,4911000.0,1420000.0,8932000.0,0.03272298302302919,7512000.0,0.027520717473017826,0.0,2602000.0,0.0095326020853025,600000.0,2002000.0,0.007334461712058265,0.34,0.34,5888235.0,5888235.0,https://www.nseindia.com/companies-listing/corporate-filings-annual-reports,https://www.nseindia.com/companies-listing/corporate-filings-annual-reports,1620591297,16:14:57,20210509
23,2015-03-31,DSSL.NS,INR,2015-03-31,2015-03-31,Q1,274417000,259362000,15055000,0.0548617614797917,0.0,0.0,0.0,0.0,12258000.0,271620000,5107000.0,3306000.0,6103000.0,0.022239875809443293,2797000.0,0.010192517227431246,0.0,1798000.0,0.00655207221126971,1790000.0,7000.0,2.5508623736867613e-05,0.000764121316703288,0.000764121316703288,9160849.0,9160849.0,https://www.nseindia.com/companies-listing/corporate-filings-annual-reports,https://www.nseindia.com/companies-listing/corporate-filings-annual-reports,1620591297,16:14:57,20210509
24,2014-12-31,DSSL.NS,INR,2014-12-31,2014-12-31,Q4,362505000,335490000,27015000,0.07452311002606861,0.0,0.0,0.0,0.0,13991000.0,349481000,8146000.0,3437000.0,16461000.0,0.045409028840981504,13024000.0,0.03592778030647853,0.0,4878000.0,0.013456366119088013,980000.0,3898000.0,0.010752955131653356,0.16,0.16,5923080.0,5923080.0,https://www.nseindia.com/companies-listing/corporate-filings-annual-reports,https://www.nseindia.com/companies-listing/corporate-filings-annual-reports,1620591297,16:14:57,20210509
25,2014-09-30,DSSL.NS,INR,2014-09-30,2014-09-30,Q3,294011000,264363000,29648000,0.1008397644986072,0.0,0.0,0.0,0.0,21837000.0,286200000,4748000.0,2969000.0,10780000.0,0.0366652948359075,7811000.0,0.026567033206240584,0.0,3061000.0,0.01041117509208839,602000.0,2459000.0,0.00836363265320005,0.42,0.42,5854762.0,5854762.0,https://www.nseindia.com/companies-listing/corporate-filings-annual-reports,https://www.nseindia.com/companies-listing/corporate-filings-annual-reports,1620591297,16:14:57,20210509
26,2014-06-30,DSSL.NS,INR,2014-06-30,2014-06-30,Q2,225523000,202240000,23283000,0.10324002429907371,0.0,0.0,0.0,0.0,16819000.0,219059000,4380000.0,2761000.0,9225000.0,0.04090491878877099,6464000.0,0.0286622650461372,0.0,2084000.0,0.009240742629354877,448000.0,1637000.0,0.007258683149833941,0.28,0.28,5846429.0,5846429.0,https://www.nseindia.com/companies-listing/corporate-filings-annual-reports,https://www.nseindia.com/companies-listing/corporate-filings-annual-reports,1620591297,16:14:57,20210509
27,2014-03-31,DSSL.NS,INR,2014-03-31,2014-03-31,Q1,183376000,156142000,27234000,0.1485145275281389,0.0,0.0,0.0,0.0,28483000.0,184625000,5246000.0,9394000.0,8145000.0,0.044416935694965534,-1249000.0,-0.0068111421341942235,0.0,2698000.0,0.01471293953407207,3595000.0,1103000.0,0.006014963790245179,0.12040368747481811,0.12040368747481811,9160849.0,9160849.0,https://www.nseindia.com/companies-listing/corporate-filings-annual-reports,https://www.nseindia.com/companies-listing/corporate-filings-annual-reports,1620591297,16:14:57,20210509
28,2013-12-31,DSSL.NS,INR,2013-12-31,2013-12-31,Q4,177508000,153636000,23872000,0.13448407959077902,0.0,0.0,0.0,0.0,17243000.0,170879000,4581000.0,2961000.0,9590000.0,0.05402573405142303,6629000.0,0.037344795727516505,0.0,2049000.0,0.011543141717556393,-330000.0,1719000.0,0.00968407057710075,0.16,0.16,5923080.0,5923080.0,https://www.nseindia.com/companies-listing/corporate-filings-annual-reports,https://www.nseindia.com/companies-listing/corporate-filings-annual-reports,1620591297,16:14:57,20210509
29,2013-09-30,DSSL.NS,INR,2013-09-30,2013-09-30,Q3,191992000,171275000,20717000,0.10790553773073878,0.0,0.0,0.0,0.0,16014000.0,187289000,2713000.0,2777000.0,7480000.0,0.03895995666486104,4703000.0,0.024495812325513563,0.0,1991000.0,0.010370223759323305,340000.0,1651000.0,0.008599316638193258,0.28,0.28,5923080.0,5923080.0,https://www.nseindia.com/companies-listing/corporate-filings-annual-reports,https://www.nseindia.com/companies-listing/corporate-filings-annual-reports,1620591297,16:14:57,20210509
30,2013-06-30,DSSL.NS,INR,2013-06-30,2013-06-30,Q2,220308000,201769000,18539000,0.08415037129836411,0.0,0.0,0.0,0.0,13672000.0,215441000,3217000.0,2601000.0,7468000.0,0.033897997349165716,4867000.0,0.022091798754471013,0.0,1650000.0,0.007489514679448772,330000.0,1320000.0,0.005991611743559017,0.22,0.22,5293080.0,5293080.0,https://www.nseindia.com/companies-listing/corporate-filings-annual-reports,https://www.nseindia.com/companies-listing/corporate-filings-annual-reports,1620591297,16:14:57,20210509
31,2013-03-31,DSSL.NS,INR,2013-03-31,2013-03-31,Q1,174912000,159299000,15613000,0.08926202890596414,0.0,0.0,0.0,0.0,14995000.0,174294000,3318000.0,1691000.0,2309000.0,0.013200923893157702,618000.0,0.003533205268935236,0.0,-1207000.0,-0.006900612879619466,673000.0,-1881000.0,-0.010753979143798024,-0.20533031381698355,-0.20533031381698355,9160849.0,9160849.0,https://www.nseindia.com/companies-listing/corporate-filings-annual-reports,https://www.nseindia.com/companies-listing/corporate-filings-annual-reports,1620591297,16:14:57,20210509
32,2012-12-31,DSSL.NS,INR,2012-12-31,2012-12-31,Q4,133329000,117851000,15478000,0.11608877288511876,0.0,0.0,0.0,0.0,11314000.0,129165000,3079000.0,2864000.0,7028000.0,0.05271171313067675,4164000.0,0.03123101500798776,0.0,1084000.0,0.008130264233587592,144000.0,940000.0,0.007050229132446804,0.16,0.16,59230800.0,59230800.0,https://www.nseindia.com/companies-listing/corporate-filings-annual-reports,https://www.nseindia.com/companies-listing/corporate-filings-annual-reports,1620591297,16:14:57,20210509
33,2012-09-30,DSSL.NS,INR,2012-09-30,2012-09-30,Q3,156912000,136968000,19944000,0.12710308962985623,0.0,0.0,0.0,0.0,12683000.0,149651000,3041000.0,3357000.0,10618000.0,0.06766850209034363,7261000.0,0.046274344855715306,0.0,4221000.0,0.026900428265524624,756000.0,3465000.0,0.022082441113490364,0.59,0.59,59230800.0,59230800.0,https://www.nseindia.com/companies-listing/corporate-filings-annual-reports,https://www.nseindia.com/companies-listing/corporate-filings-annual-reports,1620591297,16:14:57,20210509
34,2012-06-30,DSSL.NS,INR,2012-06-30,2012-06-30,Q2,120110000,101049000,19061000,0.15869619515444175,0.0,0.0,0.0,0.0,12957000.0,114006000,2761000.0,2524000.0,8628000.0,0.0718341520273083,6104000.0,0.050820081591874115,0.0,3343000.0,0.027832819915077845,700000.0,2643000.0,0.022004828906835402,0.45,0.45,5293080.0,5293080.0,https://www.nseindia.com/companies-listing/corporate-filings-annual-reports,https://www.nseindia.com/companies-listing/corporate-filings-annual-reports,1620591297,16:14:57,20210509
35,2012-03-31,DSSL.NS,INR,2012-03-31,2012-03-31,Q1,175436000,155555000,19881000,0.11332337718598236,0.0,0.0,0.0,0.0,13823000.0,169378000,4007000.0,2772000.0,8830000.0,0.050331744909824665,6058000.0,0.034531111060443695,0.0,3655000.0,0.020833808340363438,2156000.0,1499000.0,0.008544426457511571,0.16363112196260413,0.16363112196260413,9160849.0,9160849.0,https://www.nseindia.com/companies-listing/corporate-filings-annual-reports,https://www.nseindia.com/companies-listing/corporate-filings-annual-reports,1620591297,16:14:57,20210509
36,2011-12-31,DSSL.NS,INR,2011-12-31,2011-12-31,Q4,121777000,102041000,19736000,0.16206672852837564,0.0,0.0,0.0,0.0,12551000.0,114592000,3274000.0,2317000.0,9502000.0,0.07802787061596196,7185000.0,0.05900128924181085,0.0,3911000.0,0.03211608103336427,700000.0,3211000.0,0.026367869137850334,0.54,0.54,5946296.0,5946296.0,https://www.nseindia.com/companies-listing/corporate-filings-annual-reports,https://www.nseindia.com/companies-listing/corporate-filings-annual-reports,1620591297,16:14:57,20210509
37,2011-09-30,DSSL.NS,INR,2011-09-30,2011-09-30,Q3,115024000,98214000,16810000,0.14614341354847685,0.0,0.0,0.0,0.0,10485000.0,108699000,2503000.0,2555000.0,8880000.0,0.0772012797329253,6325000.0,0.054988524134093754,0.0,3822000.0,0.03322784810126582,700000.0,3122000.0,0.027142161635832524,0.53,0.53,5890566.0,5890566.0,https://www.nseindia.com/companies-listing/corporate-filings-annual-reports,https://www.nseindia.com/companies-listing/corporate-filings-annual-reports,1620591297,16:14:57,20210509
