,date,symbol,reportedCurrency,fillingDate,acceptedDate,period,revenue,costOfRevenue,grossProfit,grossProfitRatio,researchAndDevelopmentExpenses,generalAndAdministrativeExpenses,sellingAndMarketingExpenses,otherExpenses,operatingExpenses,costAndExpenses,interestExpense,depreciationAndAmortization,ebitda,ebitdaratio,operatingIncome,operatingIncomeRatio,totalOtherIncomeExpensesNet,incomeBeforeTax,incomeBeforeTaxRatio,incomeTaxExpense,netIncome,netIncomeRatio,eps,epsdiluted,weightedAverageShsOut,weightedAverageShsOutDil,link,finalLink,timestamp,est_time,est_date
0,2020-12-31,SFBC,USD,2021-03-30,2021-03-29 18:49:43,Q4,10291000.0,0.0,0.0,0.0,0.0,5347000.0,0.0,0.0,0.0,0.0,1872000.0,432000.0,0.0,0.0,0.0,0.4367894276552327,0.0,4495000.0,0.4367894276552327,1001000.0,3494000.0,0.33951996890486835,1.3632461958642217,1.3632461958642217,2563000.0,2563000.0,https://www.sec.gov/Archives/edgar/data/1541119/000154111921000009/0001541119-21-000009-index.htm,https://www.sec.gov/Archives/edgar/data/1541119/000154111921000009/sfbc-20201231.htm,1620597777,18:02:57,20210509
1,2020-09-30,SFBC,USD,2020-11-09,2020-11-06 17:45:54,Q3,9351000.0,0.0,9351000.0,1.0,0.0,5088000.0,0.0,0.0,8000000.0,0.0,1848000.0,906000.0,908923.0,0.09720062025451823,2923.0,0.00031258688910276977,0.0,2923000.0,0.31258688910276977,588000.0,2335000.0,0.24970591380601007,0.9110417479516192,0.9018926226342217,2563000.0,2589000.0,https://www.sec.gov/Archives/edgar/data/1541119/000154111920000056/0001541119-20-000056-index.htm,https://www.sec.gov/Archives/edgar/data/1541119/000154111920000056/sfbc-20200930.htm,1620597777,18:02:57,20210509
2,2020-06-30,SFBC,USD,2020-08-07,2020-08-07 19:31:28,Q2,8912000.0,0.0,0.0,0.0,0.0,4909000.0,0.0,0.0,8000000.0,0.0,1812000.0,241000.0,0.0,0.0,0.0,0.299483842010772,0.0,2669000.0,0.299483842010772,541000.0,2128000.0,0.23877917414721722,0.83,0.82,2560000.0,2580000.0,https://www.sec.gov/Archives/edgar/data/1541119/000154111920000035/0001541119-20-000035-index.htm,https://www.sec.gov/Archives/edgar/data/1541119/000154111920000035/sfbc-20200630.htm,1620597777,18:02:57,20210509
3,2020-03-31,SFBC,USD,2020-05-11,2020-05-08 17:43:35,Q1,7799000.0,0.0,0.0,0.0,0.0,5449000.0,0.0,-362000.0,8000000.0,0.0,1918000.0,245000.0,0.0,0.0,0.0,0.15912296448262597,0.0,1241000.0,0.15912296448262597,260000.0,981000.0,0.12578535709706373,0.3857648446716477,0.37905718701700153,2543000.0,2588000.0,https://www.sec.gov/Archives/edgar/data/1541119/000154111920000024/0001541119-20-000024-index.htm,https://www.sec.gov/Archives/edgar/data/1541119/000154111920000012/sfbc-12312019x10k_q419.htm,1620597777,18:02:57,20210509
4,2019-12-31,SFBC,USD,2020-03-12,2020-03-12 17:22:44,Q4,8148000.0,0.0,0.0,0.0,0.0,5115000.0,0.0,-184000.0,8000000.0,0.0,2026000.0,132000.0,0.0,0.0,0.0,0.2822778595974472,0.0,2300000.0,0.2822778595974472,430000.0,1870000.0,0.22950417280314186,0.74,0.72,2533000.0,2590000.0,https://www.sec.gov/Archives/edgar/data/1541119/000154111920000012/0001541119-20-000012-index.htm,https://www.sec.gov/Archives/edgar/data/1541119/000154111920000012/sfbc-12312019x10k_q419.htm,1620597777,18:02:57,20210509
5,2019-09-30,SFBC,USD,2019-11-08,2019-11-08 16:38:28,Q3,7803000.0,0.0,0.0,0.0,0.0,5010000.0,0.0,-90000.0,8000000.0,0.0,1930000.0,329000.0,0.0,0.0,0.0,0.2490067922593874,0.0,1943000.0,0.2490067922593874,395000.0,1548000.0,0.19838523644752018,0.61,0.6,2526000.0,2578000.0,https://www.sec.gov/Archives/edgar/data/1541119/000154111919000033/0001541119-19-000033-index.htm,https://www.sec.gov/Archives/edgar/data/1541119/000154111919000033/sfbc-09302019q310q.htm,1620597777,18:02:57,20210509
6,2019-06-30,SFBC,USD,2019-08-08,2019-08-08 16:24:13,Q2,7479000.0,0.0,0.0,0.0,0.0,4679000.0,0.0,-162000.0,7000000.0,0.0,1878000.0,235000.0,0.0,0.0,0.0,0.30552212862682177,0.0,2285000.0,0.30552212862682177,468000.0,1817000.0,0.24294691803717075,0.72,0.71,2522000.0,2572000.0,https://www.sec.gov/Archives/edgar/data/1541119/000154111919000025/0001541119-19-000025-index.htm,https://www.sec.gov/Archives/edgar/data/1541119/000154111919000025/sfbc-06302019q210q.htm,1620597777,18:02:57,20210509
7,2019-03-31,SFBC,USD,2019-05-09,2019-05-09 16:52:38,Q1,7997000.0,0.0,0.0,0.0,0.0,5886000.0,0.0,0.0,8000000.0,0.0,1784000.0,235000.0,0.0,0.0,0.0,0.22533450043766412,0.0,1802000.0,0.22533450043766412,358000.0,1444000.0,0.18056771289233461,0.57,0.56,2516000.0,2578000.0,https://www.sec.gov/Archives/edgar/data/1541119/000154111919000016/0001541119-19-000016-index.htm,https://www.sec.gov/Archives/edgar/data/1541119/000154111919000006/sfbc-12312018x10k.htm,1620597777,18:02:57,20210509
8,2018-12-31,SFBC,USD,2019-03-14,2019-03-14 16:47:41,Q4,8107000.0,0.0,0.0,0.0,0.0,5587000.0,0.0,0.0,8000000.0,0.0,1702000.0,244000.0,0.0,0.0,0.0,0.2427531762674232,0.0,1968000.0,0.2427531762674232,326000.0,1642000.0,0.2025410139385716,0.66,0.64,2506000.0,2566000.0,https://www.sec.gov/Archives/edgar/data/1541119/000154111919000006/0001541119-19-000006-index.htm,https://www.sec.gov/Archives/edgar/data/1541119/000154111919000006/sfbc-12312018x10k.htm,1620597777,18:02:57,20210509
9,2018-09-30,SFBC,USD,2018-11-13,2018-11-09 21:47:19,Q3,8395000.0,0.0,0.0,0.0,0.0,5271000.0,0.0,0.0,8000000.0,0.0,1413000.0,256000.0,0.0,0.0,0.0,0.27099463966646814,0.0,2275000.0,0.27099463966646814,445000.0,1830000.0,0.21798689696247767,0.73,0.71,2503000.0,2570000.0,https://www.sec.gov/Archives/edgar/data/1541119/000154111918000010/0001541119-18-000010-index.htm,https://www.sec.gov/Archives/edgar/data/1541119/000154111918000010/form10q.htm,1620597777,18:02:57,20210509
10,2018-06-30,SFBC,USD,2018-08-14,2018-08-13 22:00:54,Q2,8031000.0,0.0,0.0,0.0,0.0,4805000.0,0.0,0.0,7000000.0,0.0,1222000.0,252000.0,0.0,0.0,0.0,0.30855435188644004,0.0,2478000.0,0.30855435188644004,512000.0,1966000.0,0.24480139459594072,0.79,0.77,2489000.0,2561000.0,https://www.sec.gov/Archives/edgar/data/1541119/000154111918000004/0001541119-18-000004-index.htm,https://www.sec.gov/Archives/edgar/data/1541119/000154111918000004/form10q.htm,1620597777,18:02:57,20210509
11,2018-03-31,SFBC,USD,2018-05-14,2018-05-14 16:37:27,Q1,7560000.0,0.0,0.0,0.0,0.0,4934000.0,0.0,0.0,7000000.0,0.0,1023000.0,237000.0,0.0,0.0,0.0,0.26785714285714285,0.0,2025000.0,0.26785714285714285,423000.0,1602000.0,0.2119047619047619,0.64,0.62,2520000.0,2591000.0,https://www.sec.gov/Archives/edgar/data/1541119/000114036118023357/0001140361-18-023357-index.htm,https://www.sec.gov/Archives/edgar/data/1541119/000114036118015234/form10k.htm,1620597777,18:02:57,20210509
12,2017-12-31,SFBC,USD,2018-03-27,2018-03-27 16:30:19,Q4,7397000.0,0.0,0.0,0.0,0.0,4433000.0,0.0,0.0,6000000.0,0.0,931000.0,237000.0,0.0,0.0,0.0,0.3045829390293362,0.0,2253000.0,0.3045829390293362,1067000.0,1186000.0,0.16033527105583345,0.47,0.46,2510000.0,2572000.0,https://www.sec.gov/Archives/edgar/data/1541119/000114036118015234/0001140361-18-015234-index.htm,https://www.sec.gov/Archives/edgar/data/1541119/000114036118015234/form10k.htm,1620597777,18:02:57,20210509
13,2017-09-30,SFBC,USD,2017-11-13,2017-11-13 15:52:39,Q3,7012000.0,0.0,0.0,0.0,0.0,4307000.0,0.0,0.0,6000000.0,0.0,880000.0,251000.0,0.0,0.0,0.0,0.26041072447233315,0.0,1826000.0,0.26041072447233315,604000.0,1222000.0,0.17427267541357672,0.49,0.48,2507000.0,2562000.0,https://www.sec.gov/Archives/edgar/data/1541119/000154111917000005/0001541119-17-000005-index.htm,https://www.sec.gov/Archives/edgar/data/1541119/000154111917000005/form10q.htm,1620597777,18:02:57,20210509
14,2017-06-30,SFBC,USD,2017-08-11,2017-08-11 17:23:03,Q2,6737000.0,0.0,0.0,0.0,0.0,4265000.0,0.0,-236000.0,6000000.0,0.0,763000.0,252000.0,0.0,0.0,0.0,0.28781356686952647,0.0,1939000.0,0.28781356686952647,636000.0,1303000.0,0.19340952946415318,0.52,0.5,2501000.0,2597000.0,https://www.sec.gov/Archives/edgar/data/1541119/000114036117031457/0001140361-17-031457-index.htm,https://www.sec.gov/Archives/edgar/data/1541119/000114036117031457/form10q.htm,1620597777,18:02:57,20210509
15,2017-03-31,SFBC,USD,2017-05-12,2017-05-12 17:08:33,Q1,6813000.0,0.0,0.0,0.0,0.0,4243000.0,0.0,-20000.0,5000000.0,0.0,795000.0,203000.0,0.0,0.0,0.0,0.31909584617642744,0.0,2174000.0,0.31909584617642744,760000.0,1414000.0,0.20754440041097902,0.57,0.54,2500000.0,2597000.0,https://www.sec.gov/Archives/edgar/data/1541119/000114036117020150/0001140361-17-020150-index.htm,https://www.sec.gov/Archives/edgar/data/1541119/000156761917000525/h10042419x1_10k.htm,1620597777,18:02:57,20210509
16,2016-12-31,SFBC,USD,2017-03-27,2017-03-27 16:46:43,Q4,7217000.0,0.0,0.0,0.0,0.0,4471000.0,0.0,125000.0,6000000.0,0.0,763000.0,200000.0,0.0,0.0,0.0,0.3166135513371207,0.0,2285000.0,0.3166135513371207,721000.0,1564000.0,0.21671054454759595,0.63,0.6,2499000.0,2595000.0,https://www.sec.gov/Archives/edgar/data/1541119/000156761917000525/0001567619-17-000525-index.htm,https://www.sec.gov/Archives/edgar/data/1541119/000156761917000525/h10042419x1_10k.htm,1620597777,18:02:57,20210509
17,2016-09-30,SFBC,USD,2016-11-14,2016-11-14 14:26:14,Q3,6945000.0,0.0,0.0,0.0,0.0,4371000.0,0.0,16000.0,5000000.0,0.0,730000.0,199000.0,0.0,0.0,0.0,0.3183585313174946,0.0,2211000.0,0.3183585313174946,757000.0,1454000.0,0.2093592512598992,0.58,0.56,2490000.0,2584000.0,https://www.sec.gov/Archives/edgar/data/1541119/000114036116086299/0001140361-16-086299-index.htm,https://www.sec.gov/Archives/edgar/data/1541119/000114036116086299/form10q.htm,1620597777,18:02:57,20210509
18,2016-06-30,SFBC,USD,2016-08-12,2016-08-11 20:16:40,Q2,6720000.0,0.0,0.0,0.0,0.0,4271000.0,0.0,-76000.0,5000000.0,0.0,709000.0,51000.0,0.0,0.0,0.0,0.28080357142857143,0.0,1887000.0,0.28080357142857143,633000.0,1254000.0,0.18660714285714286,0.51,0.49,2481000.0,2579000.0,https://www.sec.gov/Archives/edgar/data/1541119/000114036116075993/0001140361-16-075993-index.htm,https://www.sec.gov/Archives/edgar/data/1541119/000114036116075993/form10q.htm,1620597777,18:02:57,20210509
19,2016-03-31,SFBC,USD,2016-05-13,2016-05-13 16:51:52,Q1,6415000.0,0.0,0.0,0.0,0.0,4076000.0,0.0,-114000.0,5000000.0,0.0,717000.0,343000.0,0.0,0.0,0.0,0.2634450506625097,0.0,1690000.0,0.2634450506625097,584000.0,1106000.0,0.17240841777084956,0.45,0.43,2478000.0,2572000.0,https://www.sec.gov/Archives/edgar/data/1541119/000114036116065224/0001140361-16-065224-index.htm,https://www.sec.gov/Archives/edgar/data/1541119/000156761916002110/h10035368x1_10k.htm,1620597777,18:02:57,20210509
20,2015-12-31,SFBC,USD,2016-03-30,2016-03-30 16:23:52,Q4,6449000.0,0.0,0.0,0.0,0.0,4240000.0,0.0,63000.0,5000000.0,0.0,697000.0,242000.0,0.0,0.0,0.0,0.28407505039541014,0.0,1832000.0,0.28407505039541014,612000.0,1220000.0,0.18917661652969453,0.48,0.46,2467000.0,2561000.0,https://www.sec.gov/Archives/edgar/data/1541119/000156761916002110/0001567619-16-002110-index.htm,https://www.sec.gov/Archives/edgar/data/1541119/000156761916002110/h10035368x1_10k.htm,1620597777,18:02:57,20210509
21,2015-09-30,SFBC,USD,2015-11-13,2015-11-13 16:42:14,Q3,6179000.0,0.0,0.0,0.0,0.0,3873000.0,0.0,-22000.0,5000000.0,0.0,685000.0,389000.0,0.0,0.0,0.0,0.2710794626962292,0.0,1675000.0,0.2710794626962292,560000.0,1115000.0,0.18044991098883315,0.45,0.44,2465000.0,2552000.0,https://www.sec.gov/Archives/edgar/data/1541119/000114036115041188/0001140361-15-041188-index.htm,https://www.sec.gov/Archives/edgar/data/1541119/000114036115041188/form10q.htm,1620597777,18:02:57,20210509
22,2015-06-30,SFBC,USD,2015-08-13,2015-08-13 16:42:30,Q2,6089000.0,0.0,0.0,0.0,0.0,3942000.0,0.0,347000.0,5000000.0,0.0,680000.0,335000.0,0.0,0.0,0.0,0.3015273443915257,0.0,1836000.0,0.3015273443915257,589000.0,1247000.0,0.20479553292823124,0.5,0.48,2511000.0,2602000.0,https://www.sec.gov/Archives/edgar/data/1541119/000114036115031706/0001140361-15-031706-index.htm,https://www.sec.gov/Archives/edgar/data/1541119/000114036115031706/form10q.htm,1620597777,18:02:57,20210509
23,2015-05-14,SFBC,USD,2015-05-14,2015-08-13 16:42:30,Q1,396000.0,0.0,396000.0,1.0,0.0,0.0,0.0,0.0,0.0,0.0,0.0,145000.0,1880000.0,4.747474747474747,1735000.0,4.3813131313131315,0.0,1735000.0,4.3813131313131315,527000.0,1208000.0,3.0505050505050506,0.4797458300238284,0.4640799077986938,2518000.0,2603000.0,https://www.sec.gov/Archives/edgar/data/1541119/000154111915000017/0001541119-15-000017-index.htm,https://www.sec.gov/Archives/edgar/data/1541119/000154111915000004/sfbcform10k123114.htm,1620597777,18:02:57,20210509
24,2015-03-31,SFBC,USD,2015-05-14 00:00:00,2015-05-14 17:15:41,Q1,6037000.0,0.0,0.0,0.0,0.0,3627000.0,0.0,-178000.0,5000000.0,0.0,689000.0,322000.0,0.0,0.0,0.0,0.28739440119264537,0.0,1735000.0,0.28739440119264537,527000.0,1208000.0,0.20009938711280437,0.48,0.46,2525000.0,2602000.0,https://www.sec.gov/Archives/edgar/data/1541119/000154111915000017/0001541119-15-000017-index.html,https://www.sec.gov/Archives/edgar/data/1541119/000154111915000017/sfbcform10q033115.htm,1620597777,18:02:57,20210509
25,2014-12-31,SFBC,USD,2015-03-31,2015-03-31 17:18:23,Q4,6058000.0,0.0,0.0,0.0,0.0,3802000.0,0.0,-109000.0,5000000.0,0.0,605000.0,290000.0,0.0,0.0,0.0,0.25140310333443383,0.0,1523000.0,0.25140310333443383,721000.0,802000.0,0.13238692637834268,0.32,0.31,2520000.0,2601000.0,https://www.sec.gov/Archives/edgar/data/1541119/000154111915000004/0001541119-15-000004-index.htm,https://www.sec.gov/Archives/edgar/data/1541119/000154111915000004/sfbcform10k123114.htm,1620597777,18:02:57,20210509
26,2014-09-30,SFBC,USD,2014-11-13,2014-11-13 17:27:08,Q3,6061000.0,0.0,0.0,0.0,0.0,3825000.0,0.0,153000.0,5000000.0,0.0,612000.0,348000.0,0.0,0.0,0.0,0.30028048176868505,0.0,1820000.0,0.30028048176868505,585000.0,1235000.0,0.20376175548589343,0.49,0.47,2516000.0,2609000.0,https://www.sec.gov/Archives/edgar/data/1541119/000154111914000036/0001541119-14-000036-index.htm,https://www.sec.gov/Archives/edgar/data/1541119/000154111914000036/sfbcform10q093014.htm,1620597777,18:02:57,20210509
27,2014-06-30,SFBC,USD,2014-08-13,2014-08-13 17:08:55,Q2,5620000.0,0.0,0.0,0.0,0.0,3370000.0,0.0,144000.0,5000000.0,0.0,596000.0,351000.0,0.0,0.0,0.0,0.3183274021352313,0.0,1789000.0,0.3183274021352313,573000.0,1216000.0,0.21637010676156584,0.48,0.47,2510000.0,2601000.0,https://www.sec.gov/Archives/edgar/data/1541119/000154111914000025/0001541119-14-000025-index.htm,https://www.sec.gov/Archives/edgar/data/1541119/000154111914000025/sfbcform10q063014.htm,1620597777,18:02:57,20210509
28,2014-03-31,SFBC,USD,2014-05-14,2014-05-14 17:09:16,Q1,5237000.0,0.0,0.0,0.0,0.0,3363000.0,0.0,140000.0,5000000.0,0.0,610000.0,355000.0,0.0,0.0,0.0,0.27592132900515565,0.0,1445000.0,0.27592132900515565,458000.0,987000.0,0.1884666793966011,0.39,0.38,2507000.0,2620000.0,https://www.sec.gov/Archives/edgar/data/1541119/000154111914000015/0001541119-14-000015-index.htm,https://www.sec.gov/Archives/edgar/data/1541119/000154111914000007/sfbcform10k123113.htm,1620597777,18:02:57,20210509
29,2013-12-31,SFBC,USD,2014-03-31,2014-03-31 15:07:52,Q4,5415000.0,0.0,0.0,0.0,0.0,3543000.0,0.0,244000.0,5000000.0,0.0,621000.0,356000.0,0.0,0.0,0.0,0.27479224376731304,0.0,1488000.0,0.27479224376731304,482000.0,1006000.0,0.1857802400738689,0.4,0.39,2532000.0,2597000.0,https://www.sec.gov/Archives/edgar/data/1541119/000154111914000007/0001541119-14-000007-index.htm,https://www.sec.gov/Archives/edgar/data/1541119/000154111914000007/sfbcform10k123113.htm,1620597777,18:02:57,20210509
30,2013-09-30,SFBC,USD,2013-11-13,2013-11-13 17:06:46,Q3,5162000.0,0.0,0.0,0.0,0.0,3088000.0,0.0,271000.0,5000000.0,0.0,578000.0,375000.0,0.0,0.0,0.0,0.2745060054242542,0.0,1417000.0,0.2745060054242542,423000.0,994000.0,0.19256102285935683,0.38,0.38,2615789.0,2615789.0,https://www.sec.gov/Archives/edgar/data/1541119/000154111913000023/0001541119-13-000023-index.htm,https://www.sec.gov/Archives/edgar/data/1541119/000154111913000023/sfbc10q093013.htm,1620597777,18:02:57,20210509
31,2013-06-30,SFBC,USD,2013-08-15,2013-08-15 11:17:23,Q2,5450000.0,0.0,0.0,0.0,0.0,3096000.0,0.0,250000.0,5000000.0,0.0,544000.0,368000.0,0.0,0.0,0.0,0.30844036697247706,0.0,1681000.0,0.30844036697247706,539000.0,1142000.0,0.20954128440366973,0.44,0.43,2595455.0,2655814.0,https://www.sec.gov/Archives/edgar/data/1541119/000154111913000010/0001541119-13-000010-index.htm,https://www.sec.gov/Archives/edgar/data/1541119/000154111913000010/sfbc10q063013.htm,1620597777,18:02:57,20210509
32,2013-03-31,SFBC,USD,2013-05-15,2013-03-29 18:48:33,Q1,5298000.0,0.0,0.0,0.0,0.0,3042000.0,0.0,135000.0,5000000.0,0.0,569000.0,371000.0,0.0,0.0,0.0,0.2202718006795017,0.0,1167000.0,0.2202718006795017,370000.0,797000.0,0.1504341260853152,0.31,0.3,2587544.0,2645109.0,https://www.sec.gov/Archives/edgar/data/1541119/000141008713000013/0001410087-13-000013-index.htm,https://www.sec.gov/Archives/edgar/data/1541119/000141008713000004/sfbc10k123112.htm,1620597777,18:02:57,20210509
33,2012-12-31,SFBC,USD,2013-04-01,2013-03-29 18:48:33,Q4,5316000.0,0.0,0.0,0.0,0.0,2892000.0,0.0,-103000.0,5000000.0,0.0,576000.0,400000.0,0.0,0.0,0.0,0.2481188863807374,0.0,1319000.0,0.2481188863807374,431000.0,888000.0,0.1670428893905192,0.34318257003552405,0.34318257003552405,2587544.0,2587544.0,https://www.sec.gov/Archives/edgar/data/1541119/000141008713000004/0001410087-13-000004-index.htm,https://www.sec.gov/Archives/edgar/data/1541119/000141008713000004/sfbc10k123112.htm,1620597777,18:02:57,20210509
34,2012-09-30,SFBC,USD,2012-11-14,2012-11-14 16:31:59,Q3,5185000.0,0.0,0.0,0.0,0.0,2606000.0,0.0,32000.0,5000000.0,0.0,596000.0,363000.0,0.0,0.0,0.0,0.17222757955641274,0.0,893000.0,0.17222757955641274,281000.0,612000.0,0.1180327868852459,0.24,0.23,2587669.0,2627820.0,https://www.sec.gov/Archives/edgar/data/1541119/000141008712000035/0001410087-12-000035-index.htm,https://www.sec.gov/Archives/edgar/data/1541119/000141008712000035/sfbc10q093012.htm,1620597777,18:02:57,20210509
35,2012-06-30,SFBC,USD,2012-08-14 00:00:00,2012-08-14 17:11:38,Q2,4828000.0,0.0,0.0,0.0,0.0,2512000.0,0.0,32000.0,5000000.0,0.0,588000.0,390000.0,0.0,0.0,0.0,0.17978458989229495,0.0,868000.0,0.17978458989229495,275000.0,593000.0,0.12282518641259321,0.2,0.2,2892000.0,2892000.0,https://www.sec.gov/Archives/edgar/data/1541119/000141008712000023/0001410087-12-000023-index.html,https://www.sec.gov/Archives/edgar/data/1541119/000141008712000023/sfbc10q063012.htm,1620597777,18:02:57,20210509
36,2012-03-31,SFBC,USD,2012-03-31,2012-03-31,Q1,5390000.0,0.0,0.0,0.0,0.0,2229000.0,0.0,91000.0,5000000.0,0.0,601000.0,305000.0,0.0,0.0,0.0,0.14675324675324675,0.0,791000.0,0.14675324675324675,245000.0,546000.0,0.1012987012987013,0.188797,0.188797,2892000.0,2892000.0,,,1620597777,18:02:57,20210509
