,date,symbol,reportedCurrency,fillingDate,acceptedDate,period,revenue,costOfRevenue,grossProfit,grossProfitRatio,researchAndDevelopmentExpenses,generalAndAdministrativeExpenses,sellingAndMarketingExpenses,otherExpenses,operatingExpenses,costAndExpenses,interestExpense,depreciationAndAmortization,ebitda,ebitdaratio,operatingIncome,operatingIncomeRatio,totalOtherIncomeExpensesNet,incomeBeforeTax,incomeBeforeTaxRatio,incomeTaxExpense,netIncome,netIncomeRatio,eps,epsdiluted,weightedAverageShsOut,weightedAverageShsOutDil,link,finalLink,timestamp,est_time,est_date
0,2019-06-30,SOA.PA,EUR,2019-06-30,2019-06-30,Q2,26625750,753500.0,25872250,0.9717003276902998,0.0,5215500.0,0.0,0.0,416750.0,25247250,194500.0,727750.0,2106250.0,0.07910575288958996,1378500.0,0.05177318948762007,0.0,1208500.0,0.045388392815225866,264750.0,946250.0,0.03553890500737068,0.26,0.26,3636107.0,3636107.0,https://www.infogreffe.com/recherche-entreprise-dirigeants/resultats-entreprise-dirigeants.html?ga_cat=globale&ga_q=S.O.A#phrase=S.O.A,https://www.infogreffe.com/recherche-entreprise-dirigeants/resultats-entreprise-dirigeants.html?ga_cat=globale&ga_q=S.O.A#phrase=S.O.A,1620598125,18:08:45,20210509
1,2019-03-31,SOA.PA,EUR,2019-03-31,2019-03-31,Q1,26625750,753500.0,25872250,0.9717003276902998,0.0,5215500.0,0.0,0.0,416750.0,25247250,194500.0,727750.0,2106250.0,0.07910575288958996,1378500.0,0.05177318948762007,0.0,1208500.0,0.045388392815225866,264750.0,946250.0,0.03553890500737068,0.26,0.26,3636107.0,3636107.0,https://www.infogreffe.com/recherche-entreprise-dirigeants/resultats-entreprise-dirigeants.html?ga_cat=globale&ga_q=S.O.A#phrase=S.O.A,https://www.infogreffe.com/recherche-entreprise-dirigeants/resultats-entreprise-dirigeants.html?ga_cat=globale&ga_q=S.O.A#phrase=S.O.A,1620598125,18:08:45,20210509
2,2019-01-31,SOA.PA,EUR,2019-01-31,2019-01-31,Q1,26625750,753500.0,25872250,0.9717003276902998,0.0,5215500.0,0.0,0.0,416750.0,25247250,194500.0,727750.0,2106250.0,0.07910575288958996,1378500.0,0.05177318948762007,0.0,1208500.0,0.045388392815225866,264750.0,946250.0,0.03553890500737068,0.26,0.26,3636107.0,3636107.0,https://www.infogreffe.com/recherche-entreprise-dirigeants/resultats-entreprise-dirigeants.html?ga_cat=globale&ga_q=S.O.A#phrase=S.O.A,https://www.infogreffe.com/recherche-entreprise-dirigeants/resultats-entreprise-dirigeants.html?ga_cat=globale&ga_q=S.O.A#phrase=S.O.A,1620598125,18:08:45,20210509
3,2018-06-30,SOA.PA,EUR,2018-06-30,2018-06-30,Q2,27562500,797750.0,26764750,0.9710566893424036,0.0,6307000.0,0.0,0.0,688500.0,27160750,307250.0,648500.0,1050250.0,0.03810430839002268,401750.0,0.014575963718820861,0.0,104000.0,0.0037732426303854877,205500.0,-93000.0,-0.0033741496598639455,-0.025,-0.025,3633457.0,3633457.0,https://www.infogreffe.com/recherche-entreprise-dirigeants/resultats-entreprise-dirigeants.html?ga_cat=globale&ga_q=S.O.A#phrase=S.O.A,https://www.infogreffe.com/recherche-entreprise-dirigeants/resultats-entreprise-dirigeants.html?ga_cat=globale&ga_q=S.O.A#phrase=S.O.A,1620598125,18:08:45,20210509
4,2018-03-31,SOA.PA,EUR,2018-03-31,2018-03-31,Q1,27562500,797750.0,26764750,0.9710566893424036,0.0,6307000.0,0.0,0.0,688500.0,27160750,307250.0,648500.0,1050250.0,0.03810430839002268,401750.0,0.014575963718820861,0.0,104000.0,0.0037732426303854877,205500.0,-93000.0,-0.0033741496598639455,-0.025,-0.025,3633457.0,3633457.0,https://www.infogreffe.com/recherche-entreprise-dirigeants/resultats-entreprise-dirigeants.html?ga_cat=globale&ga_q=S.O.A#phrase=S.O.A,https://www.infogreffe.com/recherche-entreprise-dirigeants/resultats-entreprise-dirigeants.html?ga_cat=globale&ga_q=S.O.A#phrase=S.O.A,1620598125,18:08:45,20210509
5,2018-01-31,SOA.PA,EUR,2018-01-31,2018-01-31,Q1,27562500,797750.0,26764750,0.9710566893424036,0.0,6307000.0,0.0,0.0,688500.0,27160750,307250.0,648500.0,1050250.0,0.03810430839002268,401750.0,0.014575963718820861,0.0,104000.0,0.0037732426303854877,205500.0,-93000.0,-0.0033741496598639455,-0.025,-0.025,3633457.0,3633457.0,https://www.infogreffe.com/recherche-entreprise-dirigeants/resultats-entreprise-dirigeants.html?ga_cat=globale&ga_q=S.O.A#phrase=S.O.A,https://www.infogreffe.com/recherche-entreprise-dirigeants/resultats-entreprise-dirigeants.html?ga_cat=globale&ga_q=S.O.A#phrase=S.O.A,1620598125,18:08:45,20210509
6,2017-06-30,SOA.PA,EUR,2017-06-30,2017-06-30,Q2,27689750,992500.0,26697250,0.9641564116685777,0.0,6320000.0,0.0,0.0,6200000.0,26826000,206750.0,301500.0,1165250.0,0.04208235899565724,863750.0,0.031193853321174803,0.0,678750.0,0.024512680685091052,278500.0,407750.0,0.0147256656343954,0.115,0.115,3496578.0,3496578.0,https://www.infogreffe.com/recherche-entreprise-dirigeants/resultats-entreprise-dirigeants.html?ga_cat=globale&ga_q=S.O.A#phrase=S.O.A,https://www.infogreffe.com/recherche-entreprise-dirigeants/resultats-entreprise-dirigeants.html?ga_cat=globale&ga_q=S.O.A#phrase=S.O.A,1620598125,18:08:45,20210509
7,2017-03-31,SOA.PA,EUR,2017-03-31,2017-03-31,Q1,27689750,992500.0,26697250,0.9641564116685777,0.0,6320000.0,0.0,0.0,6200000.0,26826000,206750.0,301500.0,1165250.0,0.04208235899565724,863750.0,0.031193853321174803,0.0,678750.0,0.024512680685091052,278500.0,407750.0,0.0147256656343954,0.115,0.115,3496578.0,3496578.0,https://www.infogreffe.com/recherche-entreprise-dirigeants/resultats-entreprise-dirigeants.html?ga_cat=globale&ga_q=S.O.A#phrase=S.O.A,https://www.infogreffe.com/recherche-entreprise-dirigeants/resultats-entreprise-dirigeants.html?ga_cat=globale&ga_q=S.O.A#phrase=S.O.A,1620598125,18:08:45,20210509
8,2017-01-31,SOA.PA,EUR,2017-01-31,2017-01-31,Q1,27689750,992500.0,26697250,0.9641564116685777,0.0,6320000.0,0.0,0.0,6200000.0,26826000,206750.0,301500.0,1165250.0,0.04208235899565724,863750.0,0.031193853321174803,0.0,678750.0,0.024512680685091052,278500.0,407750.0,0.0147256656343954,0.115,0.115,3496578.0,3496578.0,https://www.infogreffe.com/recherche-entreprise-dirigeants/resultats-entreprise-dirigeants.html?ga_cat=globale&ga_q=S.O.A#phrase=S.O.A,https://www.infogreffe.com/recherche-entreprise-dirigeants/resultats-entreprise-dirigeants.html?ga_cat=globale&ga_q=S.O.A#phrase=S.O.A,1620598125,18:08:45,20210509
9,2016-06-30,SOA.PA,EUR,2016-06-30,2016-06-30,Q2,26035500,974750.0,25060750,0.9625607343819016,0.0,5173500.0,0.0,0.0,5689000.0,24280750,258500.0,286250.0,2041000.0,0.07839296345374584,1754750.0,0.0673983599316318,0.0,1351750.0,0.0519194945363062,440500.0,910500.0,0.03497148124675923,0.2649925,0.2649925,3441396.0,3441396.0,https://www.infogreffe.com/recherche-entreprise-dirigeants/resultats-entreprise-dirigeants.html?ga_cat=globale&ga_q=S.O.A#phrase=S.O.A,https://www.infogreffe.com/recherche-entreprise-dirigeants/resultats-entreprise-dirigeants.html?ga_cat=globale&ga_q=S.O.A#phrase=S.O.A,1620598125,18:08:45,20210509
10,2016-03-31,SOA.PA,EUR,2016-03-31,2016-03-31,Q1,26035500,974750.0,25060750,0.9625607343819016,0.0,5173500.0,0.0,0.0,5689000.0,24280750,258500.0,286250.0,2041000.0,0.07839296345374584,1754750.0,0.0673983599316318,0.0,1351750.0,0.0519194945363062,440500.0,910500.0,0.03497148124675923,0.2649925,0.2649925,3441396.0,3441396.0,https://www.infogreffe.com/recherche-entreprise-dirigeants/resultats-entreprise-dirigeants.html?ga_cat=globale&ga_q=S.O.A#phrase=S.O.A,https://www.infogreffe.com/recherche-entreprise-dirigeants/resultats-entreprise-dirigeants.html?ga_cat=globale&ga_q=S.O.A#phrase=S.O.A,1620598125,18:08:45,20210509
11,2016-01-31,SOA.PA,EUR,2016-01-31,2016-01-31,Q1,26035500,974750.0,25060750,0.9625607343819016,0.0,5173500.0,0.0,0.0,5689000.0,24280750,258500.0,286250.0,2041000.0,0.07839296345374584,1754750.0,0.0673983599316318,0.0,1351750.0,0.0519194945363062,440500.0,910500.0,0.03497148124675923,0.2649925,0.2649925,3441396.0,3441396.0,https://www.infogreffe.com/recherche-entreprise-dirigeants/resultats-entreprise-dirigeants.html?ga_cat=globale&ga_q=S.O.A#phrase=S.O.A,https://www.infogreffe.com/recherche-entreprise-dirigeants/resultats-entreprise-dirigeants.html?ga_cat=globale&ga_q=S.O.A#phrase=S.O.A,1620598125,18:08:45,20210509
12,2015-09-30,SOA.PA,EUR,2015-09-30,2015-09-30,Q3,20959750,732500.0,20227250,0.9650520640751917,0.0,3884250.0,0.0,0.0,4944750.0,19664000,138750.0,255250.0,1551000.0,0.07399897422440631,1295750.0,0.061820870955044786,0.0,1146000.0,0.05467622466871026,342250.0,764250.0,0.036462744068989375,0.2398105,0.2398105,3209959.0,3209959.0,https://www.infogreffe.com/recherche-entreprise-dirigeants/resultats-entreprise-dirigeants.html?ga_cat=globale&ga_q=S.O.A#phrase=S.O.A,https://www.infogreffe.com/recherche-entreprise-dirigeants/resultats-entreprise-dirigeants.html?ga_cat=globale&ga_q=S.O.A#phrase=S.O.A,1620598125,18:08:45,20210509
13,2015-06-30,SOA.PA,EUR,2015-06-30,2015-06-30,Q2,20959750,732500.0,20227250,0.9650520640751917,0.0,3884250.0,0.0,0.0,4944750.0,19664000,138750.0,255250.0,1551000.0,0.07399897422440631,1295750.0,0.061820870955044786,0.0,1146000.0,0.05467622466871026,342250.0,764250.0,0.036462744068989375,0.2398105,0.2398105,3209959.0,3209959.0,https://www.infogreffe.com/recherche-entreprise-dirigeants/resultats-entreprise-dirigeants.html?ga_cat=globale&ga_q=S.O.A#phrase=S.O.A,https://www.infogreffe.com/recherche-entreprise-dirigeants/resultats-entreprise-dirigeants.html?ga_cat=globale&ga_q=S.O.A#phrase=S.O.A,1620598125,18:08:45,20210509
14,2015-03-31,SOA.PA,EUR,2015-03-31,2015-03-31,Q1,20959750,732500.0,20227250,0.9650520640751917,0.0,3884250.0,0.0,0.0,4944750.0,19664000,138750.0,255250.0,1551000.0,0.07399897422440631,1295750.0,0.061820870955044786,0.0,1146000.0,0.05467622466871026,342250.0,764250.0,0.036462744068989375,0.2398105,0.2398105,3209959.0,3209959.0,https://www.infogreffe.com/recherche-entreprise-dirigeants/resultats-entreprise-dirigeants.html?ga_cat=globale&ga_q=S.O.A#phrase=S.O.A,https://www.infogreffe.com/recherche-entreprise-dirigeants/resultats-entreprise-dirigeants.html?ga_cat=globale&ga_q=S.O.A#phrase=S.O.A,1620598125,18:08:45,20210509
15,2015-01-31,SOA.PA,EUR,2015-01-31,2015-01-31,Q1,20959750,732500.0,20227250,0.9650520640751917,0.0,3884250.0,0.0,0.0,4944750.0,19664000,138750.0,255250.0,1551000.0,0.07399897422440631,1295750.0,0.061820870955044786,0.0,1146000.0,0.05467622466871026,342250.0,764250.0,0.036462744068989375,0.2398105,0.2398105,3209959.0,3209959.0,https://www.infogreffe.com/recherche-entreprise-dirigeants/resultats-entreprise-dirigeants.html?ga_cat=globale&ga_q=S.O.A#phrase=S.O.A,https://www.infogreffe.com/recherche-entreprise-dirigeants/resultats-entreprise-dirigeants.html?ga_cat=globale&ga_q=S.O.A#phrase=S.O.A,1620598125,18:08:45,20210509
16,2014-09-30,SOA.PA,EUR,2014-09-30,2014-09-30,Q3,17106250,556500.0,16549750,0.9674680306905371,0.0,3272250.0,0.0,0.0,4338000.0,16574250,68000.0,260500.0,792500.0,0.046328096455973695,532000.0,0.031099744245524297,0.0,470000.0,0.027475337961271464,223000.0,243250.0,0.014219948849104859,0.07743875,0.07743875,3209959.0,3209959.0,https://www.infogreffe.com/recherche-entreprise-dirigeants/resultats-entreprise-dirigeants.html?ga_cat=globale&ga_q=S.O.A#phrase=S.O.A,https://www.infogreffe.com/recherche-entreprise-dirigeants/resultats-entreprise-dirigeants.html?ga_cat=globale&ga_q=S.O.A#phrase=S.O.A,1620598125,18:08:45,20210509
17,2014-06-30,SOA.PA,EUR,2014-06-30,2014-06-30,Q2,17106250,556500.0,16549750,0.9674680306905371,0.0,3272250.0,0.0,0.0,4338000.0,16574250,68000.0,260500.0,792500.0,0.046328096455973695,532000.0,0.031099744245524297,0.0,470000.0,0.027475337961271464,223000.0,243250.0,0.014219948849104859,0.07743875,0.07743875,3209959.0,3209959.0,https://www.infogreffe.com/recherche-entreprise-dirigeants/resultats-entreprise-dirigeants.html?ga_cat=globale&ga_q=S.O.A#phrase=S.O.A,https://www.infogreffe.com/recherche-entreprise-dirigeants/resultats-entreprise-dirigeants.html?ga_cat=globale&ga_q=S.O.A#phrase=S.O.A,1620598125,18:08:45,20210509
18,2014-03-31,SOA.PA,EUR,2014-03-31,2014-03-31,Q1,17106250,556500.0,16549750,0.9674680306905371,0.0,3272250.0,0.0,0.0,4338000.0,16574250,68000.0,260500.0,792500.0,0.046328096455973695,532000.0,0.031099744245524297,0.0,470000.0,0.027475337961271464,223000.0,243250.0,0.014219948849104859,0.07743875,0.07743875,3209959.0,3209959.0,https://www.infogreffe.com/recherche-entreprise-dirigeants/resultats-entreprise-dirigeants.html?ga_cat=globale&ga_q=S.O.A#phrase=S.O.A,https://www.infogreffe.com/recherche-entreprise-dirigeants/resultats-entreprise-dirigeants.html?ga_cat=globale&ga_q=S.O.A#phrase=S.O.A,1620598125,18:08:45,20210509
19,2014-01-31,SOA.PA,EUR,2014-01-31,2014-01-31,Q1,17106250,556500.0,16549750,0.9674680306905371,0.0,3272250.0,0.0,0.0,4338000.0,16574250,68000.0,260500.0,792500.0,0.046328096455973695,532000.0,0.031099744245524297,0.0,470000.0,0.027475337961271464,223000.0,243250.0,0.014219948849104859,0.07743875,0.07743875,3209959.0,3209959.0,https://www.infogreffe.com/recherche-entreprise-dirigeants/resultats-entreprise-dirigeants.html?ga_cat=globale&ga_q=S.O.A#phrase=S.O.A,https://www.infogreffe.com/recherche-entreprise-dirigeants/resultats-entreprise-dirigeants.html?ga_cat=globale&ga_q=S.O.A#phrase=S.O.A,1620598125,18:08:45,20210509
20,2013-09-30,SOA.PA,EUR,2013-09-30,2013-09-30,Q3,17843000,478000.0,17365000,0.9732107829400886,0.0,3603000.0,0.0,0.0,4591250.0,17343750,52750.0,295500.0,794750.0,0.04454127669113938,499250.0,0.02798016028694726,0.0,492500.0,0.027601860673653535,225500.0,258250.0,0.014473462982682284,0.08243475,0.08243475,3209959.0,3209959.0,https://www.infogreffe.com/recherche-entreprise-dirigeants/resultats-entreprise-dirigeants.html?ga_cat=globale&ga_q=S.O.A#phrase=S.O.A,https://www.infogreffe.com/recherche-entreprise-dirigeants/resultats-entreprise-dirigeants.html?ga_cat=globale&ga_q=S.O.A#phrase=S.O.A,1620598125,18:08:45,20210509
21,2013-06-30,SOA.PA,EUR,2013-06-30,2013-06-30,Q2,17843000,478000.0,17365000,0.9732107829400886,0.0,3603000.0,0.0,0.0,4591250.0,17343750,52750.0,295500.0,794750.0,0.04454127669113938,499250.0,0.02798016028694726,0.0,492500.0,0.027601860673653535,225500.0,258250.0,0.014473462982682284,0.08243475,0.08243475,3209959.0,3209959.0,https://www.infogreffe.com/recherche-entreprise-dirigeants/resultats-entreprise-dirigeants.html?ga_cat=globale&ga_q=S.O.A#phrase=S.O.A,https://www.infogreffe.com/recherche-entreprise-dirigeants/resultats-entreprise-dirigeants.html?ga_cat=globale&ga_q=S.O.A#phrase=S.O.A,1620598125,18:08:45,20210509
22,2013-03-31,SOA.PA,EUR,2013-03-31,2013-03-31,Q1,17843000,478000.0,17365000,0.9732107829400886,0.0,3603000.0,0.0,0.0,4591250.0,17343750,52750.0,295500.0,794750.0,0.04454127669113938,499250.0,0.02798016028694726,0.0,492500.0,0.027601860673653535,225500.0,258250.0,0.014473462982682284,0.08243475,0.08243475,3209959.0,3209959.0,https://www.infogreffe.com/recherche-entreprise-dirigeants/resultats-entreprise-dirigeants.html?ga_cat=globale&ga_q=S.O.A#phrase=S.O.A,https://www.infogreffe.com/recherche-entreprise-dirigeants/resultats-entreprise-dirigeants.html?ga_cat=globale&ga_q=S.O.A#phrase=S.O.A,1620598125,18:08:45,20210509
23,2013-01-31,SOA.PA,EUR,2013-01-31,2013-01-31,Q1,17843000,478000.0,17365000,0.9732107829400886,0.0,3603000.0,0.0,0.0,4591250.0,17343750,52750.0,295500.0,794750.0,0.04454127669113938,499250.0,0.02798016028694726,0.0,492500.0,0.027601860673653535,225500.0,258250.0,0.014473462982682284,0.08243475,0.08243475,3209959.0,3209959.0,https://www.infogreffe.com/recherche-entreprise-dirigeants/resultats-entreprise-dirigeants.html?ga_cat=globale&ga_q=S.O.A#phrase=S.O.A,https://www.infogreffe.com/recherche-entreprise-dirigeants/resultats-entreprise-dirigeants.html?ga_cat=globale&ga_q=S.O.A#phrase=S.O.A,1620598125,18:08:45,20210509
24,2012-09-30,SOA.PA,EUR,2012-09-30,2012-09-30,Q3,18285500,512500.0,17773000,0.9719723278007164,0.0,3677000.0,0.0,0.0,4560250.0,17529250,70250.0,313750.0,1070000.0,0.05851631073801646,756250.0,0.04135790653796724,0.0,701250.0,0.038350058789751444,280000.0,410750.0,0.022463153865084358,0.12739925,0.12739925,3209959.0,3209959.0,https://www.infogreffe.com/recherche-entreprise-dirigeants/resultats-entreprise-dirigeants.html?ga_cat=globale&ga_q=S.O.A#phrase=S.O.A,https://www.infogreffe.com/recherche-entreprise-dirigeants/resultats-entreprise-dirigeants.html?ga_cat=globale&ga_q=S.O.A#phrase=S.O.A,1620598125,18:08:45,20210509
25,2012-06-30,SOA.PA,EUR,2012-06-30,2012-06-30,Q2,18285500,512500.0,17773000,0.9719723278007164,0.0,3677000.0,0.0,0.0,4560250.0,17529250,70250.0,313750.0,1070000.0,0.05851631073801646,756250.0,0.04135790653796724,0.0,701250.0,0.038350058789751444,280000.0,410750.0,0.022463153865084358,0.12739925,0.12739925,3209959.0,3209959.0,https://www.infogreffe.com/recherche-entreprise-dirigeants/resultats-entreprise-dirigeants.html?ga_cat=globale&ga_q=S.O.A#phrase=S.O.A,https://www.infogreffe.com/recherche-entreprise-dirigeants/resultats-entreprise-dirigeants.html?ga_cat=globale&ga_q=S.O.A#phrase=S.O.A,1620598125,18:08:45,20210509
26,2012-03-31,SOA.PA,EUR,2012-03-31,2012-03-31,Q1,18285500,512500.0,17773000,0.9719723278007164,0.0,3677000.0,0.0,0.0,4560250.0,17529250,70250.0,313750.0,1070000.0,0.05851631073801646,756250.0,0.04135790653796724,0.0,701250.0,0.038350058789751444,280000.0,410750.0,0.022463153865084358,0.12739925,0.12739925,3209959.0,3209959.0,https://www.infogreffe.com/recherche-entreprise-dirigeants/resultats-entreprise-dirigeants.html?ga_cat=globale&ga_q=S.O.A#phrase=S.O.A,https://www.infogreffe.com/recherche-entreprise-dirigeants/resultats-entreprise-dirigeants.html?ga_cat=globale&ga_q=S.O.A#phrase=S.O.A,1620598125,18:08:45,20210509
27,2012-01-31,SOA.PA,EUR,2012-01-31,2012-01-31,Q1,18285500,512500.0,17773000,0.9719723278007164,0.0,3677000.0,0.0,0.0,4560250.0,17529250,70250.0,313750.0,1070000.0,0.05851631073801646,756250.0,0.04135790653796724,0.0,701250.0,0.038350058789751444,280000.0,410750.0,0.022463153865084358,0.12739925,0.12739925,3209959.0,3209959.0,https://www.infogreffe.com/recherche-entreprise-dirigeants/resultats-entreprise-dirigeants.html?ga_cat=globale&ga_q=S.O.A#phrase=S.O.A,https://www.infogreffe.com/recherche-entreprise-dirigeants/resultats-entreprise-dirigeants.html?ga_cat=globale&ga_q=S.O.A#phrase=S.O.A,1620598125,18:08:45,20210509
28,2011-09-30,SOA.PA,EUR,2011-09-30,2011-09-30,Q3,17056750,195500.0,16861250,0.9885382619783957,0.0,0.0,3318250.0,0.0,545250.0,16317000,95250.0,318000.0,1057750.0,0.062013572339396424,739750.0,0.04336992686179958,0.0,649000.0,0.038049452562768406,240000.0,409000.0,0.023978776730619843,0.12739925,0.12739925,3209959.0,3209959.0,https://www.infogreffe.com/recherche-entreprise-dirigeants/resultats-entreprise-dirigeants.html?ga_cat=globale&ga_q=S.O.A#phrase=S.O.A,https://www.infogreffe.com/recherche-entreprise-dirigeants/resultats-entreprise-dirigeants.html?ga_cat=globale&ga_q=S.O.A#phrase=S.O.A,1620598125,18:08:45,20210509
29,2011-06-30,SOA.PA,EUR,2011-06-30,2011-06-30,Q2,17056750,195500.0,16861250,0.9885382619783957,0.0,0.0,3318250.0,0.0,545250.0,16317000,95250.0,318000.0,1057750.0,0.062013572339396424,739750.0,0.04336992686179958,0.0,649000.0,0.038049452562768406,240000.0,409000.0,0.023978776730619843,0.12739925,0.12739925,3209959.0,3209959.0,https://www.infogreffe.com/recherche-entreprise-dirigeants/resultats-entreprise-dirigeants.html?ga_cat=globale&ga_q=S.O.A#phrase=S.O.A,https://www.infogreffe.com/recherche-entreprise-dirigeants/resultats-entreprise-dirigeants.html?ga_cat=globale&ga_q=S.O.A#phrase=S.O.A,1620598125,18:08:45,20210509
30,2011-03-31,SOA.PA,EUR,2011-03-31,2011-03-31,Q1,17056750,195500.0,16861250,0.9885382619783957,0.0,0.0,3318250.0,0.0,545250.0,16317000,95250.0,318000.0,1057750.0,0.062013572339396424,739750.0,0.04336992686179958,0.0,649000.0,0.038049452562768406,240000.0,409000.0,0.023978776730619843,0.12739925,0.12739925,3209959.0,3209959.0,https://www.infogreffe.com/recherche-entreprise-dirigeants/resultats-entreprise-dirigeants.html?ga_cat=globale&ga_q=S.O.A#phrase=S.O.A,https://www.infogreffe.com/recherche-entreprise-dirigeants/resultats-entreprise-dirigeants.html?ga_cat=globale&ga_q=S.O.A#phrase=S.O.A,1620598125,18:08:45,20210509
31,2011-01-31,SOA.PA,EUR,2011-01-31,2011-01-31,Q1,17056750,195500.0,16861250,0.9885382619783957,0.0,0.0,3318250.0,0.0,545250.0,16317000,95250.0,318000.0,1057750.0,0.062013572339396424,739750.0,0.04336992686179958,0.0,649000.0,0.038049452562768406,240000.0,409000.0,0.023978776730619843,0.12739925,0.12739925,3209959.0,3209959.0,https://www.infogreffe.com/recherche-entreprise-dirigeants/resultats-entreprise-dirigeants.html?ga_cat=globale&ga_q=S.O.A#phrase=S.O.A,https://www.infogreffe.com/recherche-entreprise-dirigeants/resultats-entreprise-dirigeants.html?ga_cat=globale&ga_q=S.O.A#phrase=S.O.A,1620598125,18:08:45,20210509
32,2010-09-30,SOA.PA,EUR,2010-09-30,2010-09-30,Q3,15763750,193500.0,15570250,0.9877250019823963,0.0,0.0,2949000.0,250.0,625000.0,15359750,110500.0,345250.0,749250.0,0.04752993418444215,404000.0,0.02562841963365316,0.0,292750.0,0.018571088732059312,99250.0,193500.0,0.01227499801760368,0.05995275,0.05995275,2960670.0,2960670.0,https://www.infogreffe.com/recherche-entreprise-dirigeants/resultats-entreprise-dirigeants.html?ga_cat=globale&ga_q=S.O.A#phrase=S.O.A,https://www.infogreffe.com/recherche-entreprise-dirigeants/resultats-entreprise-dirigeants.html?ga_cat=globale&ga_q=S.O.A#phrase=S.O.A,1620598125,18:08:45,20210509
33,2010-06-30,SOA.PA,EUR,2010-06-30,2010-06-30,Q2,15763750,193500.0,15570250,0.9877250019823963,0.0,0.0,2949000.0,250.0,625000.0,15359750,110500.0,345250.0,749250.0,0.04752993418444215,404000.0,0.02562841963365316,0.0,292750.0,0.018571088732059312,99250.0,193500.0,0.01227499801760368,0.05995275,0.05995275,2960670.0,2960670.0,https://www.infogreffe.com/recherche-entreprise-dirigeants/resultats-entreprise-dirigeants.html?ga_cat=globale&ga_q=S.O.A#phrase=S.O.A,https://www.infogreffe.com/recherche-entreprise-dirigeants/resultats-entreprise-dirigeants.html?ga_cat=globale&ga_q=S.O.A#phrase=S.O.A,1620598125,18:08:45,20210509
34,2010-03-31,SOA.PA,EUR,2010-03-31,2010-03-31,Q1,15763750,193500.0,15570250,0.9877250019823963,0.0,0.0,2949000.0,250.0,625000.0,15359750,110500.0,345250.0,749250.0,0.04752993418444215,404000.0,0.02562841963365316,0.0,292750.0,0.018571088732059312,99250.0,193500.0,0.01227499801760368,0.05995275,0.05995275,2960670.0,2960670.0,https://www.infogreffe.com/recherche-entreprise-dirigeants/resultats-entreprise-dirigeants.html?ga_cat=globale&ga_q=S.O.A#phrase=S.O.A,https://www.infogreffe.com/recherche-entreprise-dirigeants/resultats-entreprise-dirigeants.html?ga_cat=globale&ga_q=S.O.A#phrase=S.O.A,1620598125,18:08:45,20210509
35,2010-01-31,SOA.PA,EUR,2010-01-31,2010-01-31,Q1,15763750,193500.0,15570250,0.9877250019823963,0.0,0.0,2949000.0,250.0,625000.0,15359750,110500.0,345250.0,749250.0,0.04752993418444215,404000.0,0.02562841963365316,0.0,292750.0,0.018571088732059312,99250.0,193500.0,0.01227499801760368,0.05995275,0.05995275,2960670.0,2960670.0,https://www.infogreffe.com/recherche-entreprise-dirigeants/resultats-entreprise-dirigeants.html?ga_cat=globale&ga_q=S.O.A#phrase=S.O.A,https://www.infogreffe.com/recherche-entreprise-dirigeants/resultats-entreprise-dirigeants.html?ga_cat=globale&ga_q=S.O.A#phrase=S.O.A,1620598125,18:08:45,20210509
36,2009-09-30,SOA.PA,EUR,2009-09-30,2009-09-30,Q3,15770000,255250.0,15514750,0.9838142041851617,0.0,0.0,3219500.0,-250.0,1026250.0,15351000,127250.0,309750.0,728750.0,0.04621116043119848,419000.0,0.026569435637285987,0.0,297000.0,0.01883322764743183,11750.0,285250.0,0.018088142041851617,0.087431,0.087431,3199669.0,3199669.0,https://www.infogreffe.com/recherche-entreprise-dirigeants/resultats-entreprise-dirigeants.html?ga_cat=globale&ga_q=S.O.A#phrase=S.O.A,https://www.infogreffe.com/recherche-entreprise-dirigeants/resultats-entreprise-dirigeants.html?ga_cat=globale&ga_q=S.O.A#phrase=S.O.A,1620598125,18:08:45,20210509
37,2009-06-30,SOA.PA,EUR,2009-06-30,2009-06-30,Q2,15770000,255250.0,15514750,0.9838142041851617,0.0,0.0,3219500.0,-250.0,1026250.0,15351000,127250.0,309750.0,728750.0,0.04621116043119848,419000.0,0.026569435637285987,0.0,297000.0,0.01883322764743183,11750.0,285250.0,0.018088142041851617,0.087431,0.087431,3199669.0,3199669.0,https://www.infogreffe.com/recherche-entreprise-dirigeants/resultats-entreprise-dirigeants.html?ga_cat=globale&ga_q=S.O.A#phrase=S.O.A,https://www.infogreffe.com/recherche-entreprise-dirigeants/resultats-entreprise-dirigeants.html?ga_cat=globale&ga_q=S.O.A#phrase=S.O.A,1620598125,18:08:45,20210509
38,2009-03-31,SOA.PA,EUR,2009-03-31,2009-03-31,Q1,15770000,255250.0,15514750,0.9838142041851617,0.0,0.0,3219500.0,-250.0,1026250.0,15351000,127250.0,309750.0,728750.0,0.04621116043119848,419000.0,0.026569435637285987,0.0,297000.0,0.01883322764743183,11750.0,285250.0,0.018088142041851617,0.087431,0.087431,3199669.0,3199669.0,https://www.infogreffe.com/recherche-entreprise-dirigeants/resultats-entreprise-dirigeants.html?ga_cat=globale&ga_q=S.O.A#phrase=S.O.A,https://www.infogreffe.com/recherche-entreprise-dirigeants/resultats-entreprise-dirigeants.html?ga_cat=globale&ga_q=S.O.A#phrase=S.O.A,1620598125,18:08:45,20210509
39,2009-01-31,SOA.PA,EUR,2009-01-31,2009-01-31,Q1,15770000,255250.0,15514750,0.9838142041851617,0.0,0.0,3219500.0,-250.0,1026250.0,15351000,127250.0,309750.0,728750.0,0.04621116043119848,419000.0,0.026569435637285987,0.0,297000.0,0.01883322764743183,11750.0,285250.0,0.018088142041851617,0.087431,0.087431,3199669.0,3199669.0,https://www.infogreffe.com/recherche-entreprise-dirigeants/resultats-entreprise-dirigeants.html?ga_cat=globale&ga_q=S.O.A#phrase=S.O.A,https://www.infogreffe.com/recherche-entreprise-dirigeants/resultats-entreprise-dirigeants.html?ga_cat=globale&ga_q=S.O.A#phrase=S.O.A,1620598125,18:08:45,20210509
