,date,symbol,reportedCurrency,fillingDate,acceptedDate,period,revenue,costOfRevenue,grossProfit,grossProfitRatio,researchAndDevelopmentExpenses,generalAndAdministrativeExpenses,sellingAndMarketingExpenses,otherExpenses,operatingExpenses,costAndExpenses,interestExpense,depreciationAndAmortization,ebitda,ebitdaratio,operatingIncome,operatingIncomeRatio,totalOtherIncomeExpensesNet,incomeBeforeTax,incomeBeforeTaxRatio,incomeTaxExpense,netIncome,netIncomeRatio,eps,epsdiluted,weightedAverageShsOut,weightedAverageShsOutDil,link,finalLink,timestamp,est_time,est_date
0,2020-11-30,MCTC,USD,2021-01-13,2021-01-13 12:22:37,Q1,4530.0,1300.0,3230.0,0.7130242825607064,0.0,114436.0,0.0,332955.0,447391.0,448691.0,772.755,900.0,546.7760000000001,0.1207011037527594,-353.224,-0.07797439293598234,0.12,-353.224,-0.07797439293598234,0.0,-353.224,-0.07797439293598234,-2.0780630623123224e-05,-2.0780630623123224e-05,16997751724,16997751724,https://www.sec.gov/Archives/edgar/data/1413488/000107997321000009/0001079973-21-000009-index.htm,https://www.sec.gov/Archives/edgar/data/1413488/000107997321000009/cbgl_10q-113020.htm,1620594850,17:14:10,20210509
1,2020-08-31,MCTC,USD,2020-10-27,2020-10-27 16:11:28,Q4,27004000.0,24521000.0,2483000.0,0.09194934083839432,0.0,661724000.0,0.0,2964651000.0,1603017.0,3650896000.0,0.0,898000.0,-4928450000.0,-182.5081469411939,-4929348000.0,-182.54140127388536,-1305456000.0,-4929348000.0,-182.54140127388536,0.0,-4929348000.0,-182.54140127388536,-0.29,-0.29,16997751724,16997751724,https://www.sec.gov/Archives/edgar/data/1413488/000107997320000894/0001079973-20-000894-index.htm,https://www.sec.gov/Archives/edgar/data/1413488/000107997320000894/cbgl_10k-083120.htm,1620594850,17:14:10,20210509
2,2020-05-31,MCTC,USD,2020-07-15,2020-07-15 06:40:59,Q3,19750.0,16788.0,2962.0,0.1499746835443038,-12450.0,170303.0,0.0,1068347.0,1238650.0,1255438.0,0.0,873.0,-1234815.0,-62.522278481012656,-1235688.0,-62.56648101265823,-1512881.0,-2748569.0,-139.1680506329114,0.0,-2748569.0,-139.1680506329114,-0.21902,-0.21902,12549491,12549491,https://www.sec.gov/Archives/edgar/data/1413488/000107997320000595/0001079973-20-000595-index.htm,https://www.sec.gov/Archives/edgar/data/1413488/000107997320000595/cbi_10q-053120.htm,1620594850,17:14:10,20210509
3,2020-02-29,MCTC,USD,2020-04-06 00:00:00,2020-04-03 21:45:41,Q2,0.0,0.0,0.0,0.0,0.0,195832.0,0.0,215083.0,410915.0,410915.0,113101.0,873.0,-410042.0,0.0,-410915.0,0.0,-351281.0,-762196.0,0.0,0.0,-762196.0,0.0,-0.05977,-0.05977,12752506,12752506,https://www.sec.gov/Archives/edgar/data/1413488/000107997420000135/0001079974-20-000135-index.html,https://www.sec.gov/Archives/edgar/data/1413488/000107997420000135/mctc10q2292020.htm,1620594850,17:14:10,20210509
4,2019-11-30,MCTC,USD,2020-01-14 00:00:00,2020-01-14 15:08:00,Q1,10003.0,2900.0,7103.0,0.7100869739078276,0.0,187523.0,0.0,186270.0,373793.0,376693.0,20000.0,698.0,-365992.0,-36.58822353294012,-366690.0,-36.65800259922023,-18747.0,-385437.0,-38.53214035789263,0.0,-385437.0,-38.53214035789263,-0.03022,-0.03022,12752506,12752506,https://www.sec.gov/Archives/edgar/data/1413488/000107997420000021/0001079974-20-000021-index.html,https://www.sec.gov/Archives/edgar/data/1413488/000107997420000021/mctc10qn_11302019.htm,1620594850,17:14:10,20210509
5,2019-08-31,MCTC,USD,2019-10-21 00:00:00,2019-10-18 17:44:03,Q4,0.0,0.0,0.0,0.0,12450.0,34535.0,0.0,477665.0,524650.0,524650.0,0.0,752.0,-523898.0,0.0,-524650.0,0.0,160321.0,-366502.0,0.0,0.0,-366502.0,0.0,-0.02989,-0.02989,12261293,12261293,https://www.sec.gov/Archives/edgar/data/1413488/000107997419000543/0001079974-19-000543-index.html,https://www.sec.gov/Archives/edgar/data/1413488/000107997419000543/mctc10k_8312019.htm,1620594850,17:14:10,20210509
6,2019-05-31,MCTC,USD,2019-07-02 00:00:00,2019-07-02 13:50:49,Q3,0.0,0.0,0.0,0.0,0.0,5325.0,0.0,500.0,5825.0,5825.0,0.0,0.0,-5825.0,0.0,-5825.0,0.0,0.0,1531.0,0.0,0.0,1531.0,0.0,1e-05,1e-05,183864600,183864600,https://www.sec.gov/Archives/edgar/data/1413488/000107997419000348/0001079974-19-000348-index.html,https://www.sec.gov/Archives/edgar/data/1413488/000107997419000348/mctc10q_5312019.htm,1620594850,17:14:10,20210509
7,2019-02-28,MCTC,USD,2019-04-02 00:00:00,2019-04-02 10:07:04,Q2,0.0,0.0,0.0,0.0,0.0,2328.0,0.0,2354.0,4682.0,4682.0,0.0,0.0,-4682.0,0.0,-4682.0,0.0,0.0,-7343.0,0.0,0.0,-7343.0,0.0,-4e-05,-4e-05,183864600,183864600,https://www.sec.gov/Archives/edgar/data/1413488/000101738619000081/0001017386-19-000081-index.html,https://www.sec.gov/Archives/edgar/data/1413488/000101738619000081/mctc_2019feb28-10q.htm,1620594850,17:14:10,20210509
8,2018-11-30,MCTC,USD,2019-01-11 00:00:00,2019-01-11 15:27:41,Q1,0.0,0.0,0.0,0.0,0.0,2261.0,0.0,12500.0,14761.0,14761.0,0.0,0.0,-14761.0,0.0,-14761.0,0.0,0.0,-17283.0,0.0,0.0,-17283.0,0.0,-9e-05,-9e-05,183864600,183864600,https://www.sec.gov/Archives/edgar/data/1413488/000101738619000010/0001017386-19-000010-index.html,https://www.sec.gov/Archives/edgar/data/1413488/000101738619000010/mctc_2018nov30-10q.htm,1620594850,17:14:10,20210509
9,2018-08-31,MCTC,USD,2018-11-29 00:00:00,2018-11-29 12:39:32,Q4,0.0,0.0,0.0,0.0,0.0,597.0,0.0,3507.0,4104.0,4104.0,0.0,0.0,-4104.0,0.0,-4104.0,0.0,0.0,-6393.0,0.0,0.0,-6393.0,0.0,-6e-05,-6e-05,112592670,112592670,https://www.sec.gov/Archives/edgar/data/1413488/000101738618000367/0001017386-18-000367-index.html,https://www.sec.gov/Archives/edgar/data/1413488/000101738618000367/mctc_20180831-10k.htm,1620594850,17:14:10,20210509
10,2018-05-31,MCTC,USD,2018-07-20 00:00:00,2018-07-20 12:51:56,Q3,0.0,0.0,0.0,0.0,0.0,2549.0,0.0,15001.0,17550.0,17550.0,0.0,0.0,-17550.0,0.0,-17550.0,0.0,0.0,-47470.0,0.0,0.0,-47470.0,0.0,-0.00073,-0.00073,64816981,64816981,https://www.sec.gov/Archives/edgar/data/1413488/000101738618000153/0001017386-18-000153-index.html,https://www.sec.gov/Archives/edgar/data/1413488/000101738618000153/mctc_2018may31-10q.htm,1620594850,17:14:10,20210509
11,2018-02-28,MCTC,USD,2018-03-02 00:00:00,2018-03-02 16:40:18,Q2,0.0,0.0,0.0,0.0,0.0,747.0,0.0,4431.0,5178.0,5178.0,0.0,0.0,-5178.0,0.0,-5178.0,0.0,0.0,-7034.0,0.0,0.0,-7034.0,0.0,-0.00013,-0.00013,53864600,53864600,https://www.sec.gov/Archives/edgar/data/1413488/000101738618000051/0001017386-18-000051-index.html,https://www.sec.gov/Archives/edgar/data/1413488/000101738618000051/mctc_2017nov30-10q.htm,1620594850,17:14:10,20210509
12,2017-11-30,MCTC,USD,2018-01-22 00:00:00,2018-01-22 12:23:15,Q1,0.0,0.0,0.0,0.0,0.0,7640.0,0.0,16564.0,24204.0,24204.0,0.0,0.0,-24204.0,0.0,-24204.0,0.0,0.0,-25949.0,0.0,0.0,-25949.0,0.0,-0.00048,-0.00048,53864600,53864600,https://www.sec.gov/Archives/edgar/data/1413488/000101738618000008/0001017386-18-000008-index.html,https://www.sec.gov/Archives/edgar/data/1413488/000101738618000008/mctc_2015aug31-10k.htm,1620594850,17:14:10,20210509
13,2017-08-31,MCTC,USD,2017-08-31,2017-08-31,Q4,0.0,0.0,0.0,0.0,0.0,402.0,0.0,0.0,402.0,402.0,0.0,0.0,-402.0,0.0,-402.0,0.0,0.0,-2166.0,0.0,0.0,-2166.0,0.0,-4e-05,-4e-05,53864600,53864600,,,1620594850,17:14:10,20210509
14,2017-05-31,MCTC,USD,2017-05-31,2017-05-31,Q3,0.0,0.0,0.0,0.0,0.0,402.0,0.0,0.0,402.0,402.0,0.0,0.0,3069.0,0.0,3069.0,0.0,0.0,-2166.0,0.0,0.0,-2166.0,0.0,-4e-05,-4e-05,53864600,53864600,,,1620594850,17:14:10,20210509
15,2017-02-28,MCTC,USD,2017-02-28,2017-02-28,Q2,0.0,0.0,0.0,0.0,0.0,402.0,0.0,0.0,402.0,402.0,0.0,0.0,-3873.0,0.0,-3873.0,0.0,0.0,-2128.0,0.0,0.0,-2128.0,0.0,-4e-05,-4e-05,53864600,53864600,,,1620594850,17:14:10,20210509
16,2016-11-30,MCTC,USD,2016-11-30,2016-11-30,Q1,0.0,0.0,0.0,0.0,0.0,225.0,0.0,0.0,225.0,225.0,0.0,0.0,-225.0,0.0,-225.0,0.0,0.0,-1970.0,0.0,0.0,-1970.0,0.0,-4e-05,-4e-05,53864600,53864600,,,1620594850,17:14:10,20210509
17,2016-08-31,MCTC,USD,2016-08-31,2016-08-31,Q4,0.0,0.0,0.0,0.0,0.0,390.0,0.0,0.0,390.0,390.0,0.0,0.0,-390.0,0.0,-390.0,0.0,0.0,-2154.0,0.0,0.0,-2154.0,0.0,-4e-05,-4e-05,53864600,53864600,,,1620594850,17:14:10,20210509
18,2016-05-31,MCTC,USD,2016-05-31,2016-05-31,Q3,0.0,0.0,0.0,0.0,0.0,389.0,0.0,0.0,389.0,389.0,0.0,0.0,-389.0,0.0,-389.0,0.0,0.0,-2153.0,0.0,0.0,-2153.0,0.0,-4e-05,-4e-05,53864600,53864600,,,1620594850,17:14:10,20210509
19,2016-02-29,MCTC,USD,2016-02-29,2016-02-29,Q2,0.0,0.0,0.0,0.0,0.0,389.0,0.0,0.0,389.0,389.0,0.0,0.0,-389.0,0.0,-389.0,0.0,0.0,-1906.0,0.0,0.0,-1906.0,0.0,-4e-05,-4e-05,53864600,53864600,,,1620594850,17:14:10,20210509
20,2015-11-30,MCTC,USD,2015-11-30,2015-11-30,Q1,0.0,0.0,0.0,0.0,0.0,390.0,0.0,0.0,390.0,390.0,0.0,0.0,-390.0,0.0,-390.0,0.0,0.0,-1612.0,0.0,0.0,-1612.0,0.0,-3e-05,-3e-05,53864600,53864600,,,1620594850,17:14:10,20210509
21,2015-08-31,MCTC,USD,2015-08-31,2015-08-31,Q4,0.0,0.0,0.0,0.0,0.0,615.0,0.0,6716.0,7331.0,7331.0,0.0,0.0,-7331.0,0.0,-7331.0,0.0,3665.0,-8566.0,0.0,0.0,-8566.0,0.0,-0.00016,-0.00016,53864600,53864600,,,1620594850,17:14:10,20210509
22,2015-05-31,MCTC,USD,2015-06-25 00:00:00,2015-06-25 06:01:09,Q3,0.0,0.0,0.0,0.0,0.0,0.0,0.0,8807.0,8807.0,8807.0,0.0,0.0,-8807.0,0.0,-8807.0,0.0,-1235.0,-10042.0,0.0,0.0,-10042.0,0.0,-0.00019,-0.00019,53864600,53864600,https://www.sec.gov/Archives/edgar/data/1413488/000114420415038965/0001144204-15-038965-index.html,https://www.sec.gov/Archives/edgar/data/1413488/000114420415038965/v412688_10-q.htm,1620594850,17:14:10,20210509
23,2015-02-28,MCTC,USD,2015-04-14 00:00:00,2015-04-14 06:01:21,Q2,0.0,0.0,0.0,0.0,0.0,0.0,0.0,11083.0,11083.0,11083.0,0.0,0.0,-11083.0,0.0,-11083.0,0.0,-1208.0,-12291.0,0.0,0.0,-12291.0,0.0,-0.00023,-0.00023,53864600,53864600,https://www.sec.gov/Archives/edgar/data/1413488/000114420415022554/0001144204-15-022554-index.html,https://www.sec.gov/Archives/edgar/data/1413488/000114420415022554/v405536_10q.htm,1620594850,17:14:10,20210509
24,2014-11-30,MCTC,USD,2014-11-30,2014-11-30,Q1,0.0,0.0,0.0,0.0,0.0,0.0,0.0,15973.0,15973.0,15973.0,0.0,0.0,-15973.0,0.0,-15973.0,0.0,-1222.0,-17195.0,0.0,0.0,-17195.0,0.0,-0.00032,-0.00032,53864600,53864600,,,1620594850,17:14:10,20210509
25,2014-08-31,MCTC,USD,2014-11-06 00:00:00,2014-11-06 06:10:11,Q4,0.0,0.0,0.0,0.0,0.0,0.0,0.0,8010.0,8010.0,8010.0,0.0,0.0,-8010.0,0.0,-8010.0,0.0,-1235.0,-9245.0,0.0,0.0,-9245.0,0.0,-0.00017,-0.00017,53864600,53864600,https://www.sec.gov/Archives/edgar/data/1413488/000114420414065457/0001144204-14-065457-index.html,https://www.sec.gov/Archives/edgar/data/1413488/000114420414065457/v390208_10k.htm,1620594850,17:14:10,20210509
26,2014-05-31,MCTC,USD,2014-07-15 00:00:00,2014-07-15 06:02:02,Q3,0.0,0.0,0.0,0.0,0.0,0.0,0.0,7944.0,7944.0,7944.0,0.0,0.0,-7944.0,0.0,-7944.0,0.0,-1235.0,-9179.0,0.0,0.0,-9179.0,0.0,-0.00017,-0.00017,53864600,53864600,https://www.sec.gov/Archives/edgar/data/1413488/000114420414042961/0001144204-14-042961-index.html,https://www.sec.gov/Archives/edgar/data/1413488/000114420414042961/v382450_10q.htm,1620594850,17:14:10,20210509
27,2014-02-28,MCTC,USD,2014-04-14 00:00:00,2014-04-14 11:11:41,Q2,0.0,0.0,0.0,0.0,0.0,0.0,0.0,10821.0,10821.0,10821.0,0.0,0.0,-10821.0,0.0,-10821.0,0.0,-671.0,-11492.0,0.0,0.0,-11492.0,0.0,-0.00021,-0.00021,53864600,53864600,https://www.sec.gov/Archives/edgar/data/1413488/000114420414022332/0001144204-14-022332-index.html,https://www.sec.gov/Archives/edgar/data/1413488/000114420414022332/v372678_10q.htm,1620594850,17:14:10,20210509
28,2013-11-30,MCTC,USD,2013-11-30,2013-11-30,Q1,0.0,0.0,0.0,0.0,0.0,0.0,0.0,15356.0,15356.0,15356.0,0.0,0.0,-15356.0,0.0,-15356.0,0.0,0.0,-15356.0,0.0,0.0,-15356.0,0.0,-0.00029,-0.00029,53864600,53864600,,,1620594850,17:14:10,20210509
29,2013-08-31,MCTC,USD,2013-11-14 00:00:00,2013-11-14 11:25:11,Q4,0.0,0.0,0.0,0.0,0.0,0.0,0.0,7787.0,7787.0,7787.0,0.0,0.0,-7787.0,0.0,-7787.0,0.0,0.0,-7787.0,0.0,0.0,-7787.0,0.0,-0.00014,-0.00014,53864600,53864600,https://www.sec.gov/Archives/edgar/data/1413488/000114420413061472/0001144204-13-061472-index.html,https://www.sec.gov/Archives/edgar/data/1413488/000114420413061472/v356806_10k.htm,1620594850,17:14:10,20210509
30,2013-05-31,MCTC,USD,2013-07-11 00:00:00,2013-07-11 15:03:07,Q3,0.0,0.0,0.0,0.0,0.0,0.0,0.0,8904.0,8904.0,8904.0,0.0,0.0,-8904.0,0.0,-8904.0,0.0,0.0,-8904.0,0.0,0.0,-8904.0,0.0,-0.00017,-0.00017,53864600,53864600,https://www.sec.gov/Archives/edgar/data/1413488/000114420413039130/0001144204-13-039130-index.html,https://www.sec.gov/Archives/edgar/data/1413488/000114420413039130/v348413_10q.htm,1620594850,17:14:10,20210509
31,2013-02-28,MCTC,USD,2013-04-12 00:00:00,2013-04-11 18:59:49,Q2,0.0,0.0,0.0,0.0,0.0,0.0,0.0,11019.0,11019.0,11019.0,0.0,0.0,-11019.0,0.0,-11019.0,0.0,0.0,-11019.0,0.0,0.0,-11019.0,0.0,-0.0002,-0.0002,53864600,53864600,https://www.sec.gov/Archives/edgar/data/1413488/000114420413021389/0001144204-13-021389-index.html,https://www.sec.gov/Archives/edgar/data/1413488/000114420413021389/v338975_10q.htm,1620594850,17:14:10,20210509
32,2012-11-30,MCTC,USD,2013-01-08 00:00:00,2013-01-08 06:11:25,Q1,0.0,0.0,0.0,0.0,0.0,0.0,0.0,15731.0,15731.0,15731.0,0.0,0.0,-15731.0,0.0,-15731.0,0.0,0.0,-15731.0,0.0,0.0,-15731.0,0.0,-0.00029,-0.00029,53864600,53864600,https://www.sec.gov/Archives/edgar/data/1413488/000114420413001188/0001144204-13-001188-index.html,https://www.sec.gov/Archives/edgar/data/1413488/000114420413001188/v330394_10q.htm,1620594850,17:14:10,20210509
33,2012-08-31,MCTC,USD,2012-11-20 00:00:00,2012-11-20 13:32:30,Q4,0.0,0.0,0.0,0.0,0.0,0.0,0.0,2329.0,7192.0,2329.0,0.0,0.0,-2329.0,0.0,-2329.0,0.0,0.0,-2329.0,0.0,0.0,-2329.0,0.0,-4e-05,-4e-05,53864600,53864600,https://www.sec.gov/Archives/edgar/data/1413488/000114420412064132/0001144204-12-064132-index.html,https://www.sec.gov/Archives/edgar/data/1413488/000114420412064132/v326691_10k.htm,1620594850,17:14:10,20210509
34,2012-05-31,MCTC,USD,2012-07-16 00:00:00,2012-07-16 12:39:57,Q3,0.0,0.0,0.0,0.0,0.0,0.0,0.0,6415.0,6415.0,6415.0,0.0,0.0,-6415.0,0.0,-6415.0,0.0,0.0,-6415.0,0.0,0.0,-6415.0,0.0,-0.00012,-0.00012,53864600,53864600,https://www.sec.gov/Archives/edgar/data/1413488/000114420412039550/0001144204-12-039550-index.html,https://www.sec.gov/Archives/edgar/data/1413488/000114420412039550/v318148_10q.htm,1620594850,17:14:10,20210509
35,2012-02-29,MCTC,USD,2012-02-29,2012-02-29,Q2,0.0,0.0,0.0,0.0,0.0,0.0,0.0,12038.0,12039.0,12038.0,0.0,0.0,-12038.0,0.0,-12038.0,0.0,0.0,-12038.0,0.0,0.0,-12038.0,0.0,-0.00022,-0.00022,53864600,53864600,,,1620594850,17:14:10,20210509
36,2011-11-30,MCTC,USD,2012-01-12 00:00:00,2012-01-12 14:08:31,Q1,0.0,0.0,0.0,0.0,0.0,0.0,0.0,28135.0,28135.0,28135.0,0.0,0.0,-28135.0,0.0,-28135.0,0.0,0.0,-28135.0,0.0,0.0,-28135.0,0.0,-0.00052,-0.00052,53864600,53864600,https://www.sec.gov/Archives/edgar/data/1413488/000114420412002030/0001144204-12-002030-index.html,https://www.sec.gov/Archives/edgar/data/1413488/000114420412002030/v244847_10q.htm,1620594850,17:14:10,20210509
