,date,symbol,reportedCurrency,fillingDate,acceptedDate,period,revenue,costOfRevenue,grossProfit,grossProfitRatio,researchAndDevelopmentExpenses,generalAndAdministrativeExpenses,sellingAndMarketingExpenses,otherExpenses,operatingExpenses,costAndExpenses,interestExpense,depreciationAndAmortization,ebitda,ebitdaratio,operatingIncome,operatingIncomeRatio,totalOtherIncomeExpensesNet,incomeBeforeTax,incomeBeforeTaxRatio,incomeTaxExpense,netIncome,netIncomeRatio,eps,epsdiluted,weightedAverageShsOut,weightedAverageShsOutDil,link,finalLink,timestamp,est_time,est_date
0,2021-03-31,WBT,USD,2021-05-06,2021-05-06 17:24:23,Q1,316000000,199000000,117000000,0.370253164556962,0.0,76000000.0,0.0,3000.0,76000000,275000000,-18000.0,5000.0,31005000.0,0.09811708860759494,31000000.0,0.0981012658227848,3000.0,9000.0,2.8481012658227846e-05,1000.0,8000000.0,0.02531645569620253,0.05653222552030441,0.05651284109146443,141512207,141560747,https://www.sec.gov/Archives/edgar/data/1650962/000165096221000050/0001650962-21-000050-index.htm,https://www.sec.gov/Archives/edgar/data/1650962/000165096221000050/wbt-20210331.htm,1620599739,18:35:39,20210509
1,2020-12-31,WBT,USD,2021-02-26,2021-02-26 07:43:15,Q4,319600000,198100000,121500000,0.38016270337922403,0.0,69400000.0,0.0,10800.0,40200000,238300000,-139500000.0,-25300000.0,-6000000.0,-0.01877346683354193,19300000.0,0.060387984981226536,18000.0,23800.0,7.446808510638298e-05,3200.0,20600000.0,0.06445556946182729,0.14557048071478385,0.14552056581052092,141512207,141560747,https://www.sec.gov/Archives/edgar/data/1650962/000165096221000039/0001650962-21-000039-index.htm,https://www.sec.gov/Archives/edgar/data/1650962/000165096221000039/wbt-20201231.htm,1620599739,18:35:39,20210509
2,2020-09-30,WBT,USD,2020-11-04,2020-11-04 17:01:36,Q3,298500000,193200000,105300000,0.3527638190954774,0.0,72300000.0,0.0,600000.0,82200000,275400000,18100000.0,15900000.0,39000000.0,0.1306532663316583,23100000.0,0.07738693467336684,-1300000.0,3700000.0,0.012395309882747068,-1200000.0,4900000.0,0.01641541038525963,0.03462598813118645,0.03461411516852196,141512207,141560747,https://www.sec.gov/Archives/edgar/data/1650962/000165096220000119/0001650962-20-000119-index.htm,https://www.sec.gov/Archives/edgar/data/1650962/000165096220000119/wbt-20200930.htm,1620599739,18:35:39,20210509
3,2020-06-30,WBT,USD,2020-08-05,2020-08-05 17:15:34,Q2,206000000,137600000,68400000,0.3320388349514563,0.0,56800000.0,0.0,-6800000.0,66400000,204000000,19100000.0,15200000.0,17200000.0,0.08349514563106795,2000000.0,0.009708737864077669,-8100000.0,-25200000.0,-0.12233009708737864,-7800000.0,-17400000.0,-0.08446601941747572,-0.12,-0.12,141502737,141502737,https://www.sec.gov/Archives/edgar/data/1650962/000165096220000094/0001650962-20-000094-index.htm,https://www.sec.gov/Archives/edgar/data/1650962/000165096220000094/wbt-2020063010xq.htm,1620599739,18:35:39,20210509
4,2020-03-31,WBT,USD,2020-05-06,2020-05-06 17:17:15,Q1,328900000,214100000,114800000,0.34904226208574035,0.0,86500000.0,0.0,5400000.0,96200000,310300000,21300000.0,15200000.0,33800000.0,0.10276679841897234,18600000.0,0.05655214350866525,-12600000.0,-15300000.0,-0.046518698692611736,-200000.0,-15100000.0,-0.04591061112800243,-0.11,-0.11,141430614,141430614,https://www.sec.gov/Archives/edgar/data/1650962/000165096220000075/0001650962-20-000075-index.htm,https://www.sec.gov/Archives/edgar/data/1650962/000165096220000040/wbt-2019123110xk.htm,1620599739,18:35:39,20210509
5,2019-12-31,WBT,USD,2020-02-26,2020-02-26 16:52:29,Q4,381800000,248600000,133200000,0.3488737558931378,0.0,86000000.0,0.0,15900000.0,95900000,344500000,21700000.0,15900000.0,53200000.0,0.1393399685699319,37300000.0,0.09769512833944474,10300000.0,21600000.0,0.05657412257726559,3200000.0,18400000.0,0.04819277108433735,0.13037611397355175,0.1298737690490057,141130146,141676030,https://www.sec.gov/Archives/edgar/data/1650962/000165096220000040/0001650962-20-000040-index.htm,https://www.sec.gov/Archives/edgar/data/1650962/000165096220000040/wbt-2019123110xk.htm,1620599739,18:35:39,20210509
6,2019-09-30,WBT,USD,2019-11-06,2019-11-06 16:24:57,Q3,410500000,259600000,150900000,0.36760048721071864,0.0,86700000.0,0.0,-2900000.0,96100000,355700000,22400000.0,14700000.0,69500000.0,0.16930572472594396,54800000.0,0.13349573690621194,-2500000.0,29500000.0,0.07186358099878197,9400000.0,20100000.0,0.048964677222898906,0.14248025473541456,0.14201656026140655,141072179,141532790,https://www.sec.gov/Archives/edgar/data/1650962/000165096219000140/0001650962-19-000140-index.htm,https://www.sec.gov/Archives/edgar/data/1650962/000165096219000140/wbt-2019093010xq.htm,1620599739,18:35:39,20210509
7,2019-06-30,WBT,USD,2019-08-07,2019-08-07 16:31:06,Q2,426300000,270000000,156300000,0.366643209007741,0.0,87800000.0,0.0,-5600000.0,97700000,367700000,24500000.0,16100000.0,74700000.0,0.175228712174525,58600000.0,0.13746188130424583,-7000000.0,27100000.0,0.06357025568848229,7100000.0,20000000.0,0.04691531785127844,0.14185156622321574,0.1414259446234834,140992451,141416768,https://www.sec.gov/Archives/edgar/data/1650962/000165096219000117/0001650962-19-000117-index.htm,https://www.sec.gov/Archives/edgar/data/1650962/000165096219000117/wbt-2019063010xq.htm,1620599739,18:35:39,20210509
8,2019-03-31,WBT,USD,2019-05-08,2019-05-08 16:38:59,Q1,375300000,248800000,126500000,0.3370636823874234,0.0,88300000.0,0.0,-3000000.0,97800000,346600000,24000000.0,14400000.0,43100000.0,0.11484146016520118,28700000.0,0.07647215560884625,-7200000.0,-2500000.0,-0.006661337596589395,100000.0,-2600000.0,-0.006927791100452971,-0.02,-0.02,140612213,140612213,https://www.sec.gov/Archives/edgar/data/1650962/000165096219000091/0001650962-19-000091-index.htm,https://www.sec.gov/Archives/edgar/data/1650962/000165096219000054/wbt-2018123110xk.htm,1620599739,18:35:39,20210509
9,2018-12-31,WBT,USD,2019-03-01,2019-03-01 16:58:40,Q4,406100000,265500000,140600000,0.34622014282196506,0.0,78700000.0,0.0,24500000.0,88500000,354000000,22300000.0,14600000.0,66700000.0,0.16424525978822951,52100000.0,0.12829352376262004,-4800000.0,19500000.0,0.048017729623245506,-7500000.0,27000000.0,0.06648608717064762,0.19254903002534693,0.19120403916974787,140224025,141210406,https://www.sec.gov/Archives/edgar/data/1650962/000165096219000054/0001650962-19-000054-index.htm,https://www.sec.gov/Archives/edgar/data/1650962/000165096219000054/wbt-2018123110xk.htm,1620599739,18:35:39,20210509
10,2018-09-30,WBT,USD,2018-11-20,2018-11-19 20:50:28,Q3,412900000,259800000,153100000,0.3707919593121821,0.0,71700000.0,0.0,-4900000.0,81600000,341400000,23300000.0,14400000.0,85900000.0,0.20804068781787358,71500000.0,0.17316541535480745,-8700000.0,39500000.0,0.0956648098813272,12700000.0,26800000.0,0.06490675708403972,0.191217228586676,0.18960137619470532,140154735,141349185,https://www.sec.gov/Archives/edgar/data/1650962/000165096218000103/0001650962-18-000103-index.htm,https://www.sec.gov/Archives/edgar/data/1650962/000165096218000103/wbt-201893010xq.htm,1620599739,18:35:39,20210509
11,2018-06-30,WBT,USD,2018-08-09,2018-08-09 16:53:50,Q2,420700000,271400000,149300000,0.3548847159496078,0.0,83000000.0,0.0,-15300000.0,92400000,363800000,23100000.0,13900000.0,70800000.0,0.16829094366531971,56900000.0,0.13525077252198717,-16600000.0,17200000.0,0.04088424055146185,5100000.0,12100000.0,0.028761587829807464,0.08642961599221613,0.08577225499915614,139998308,141071259,https://www.sec.gov/Archives/edgar/data/1650962/000165096218000080/0001650962-18-000080-index.htm,https://www.sec.gov/Archives/edgar/data/1650962/000165096218000080/wbt-201863010xq.htm,1620599739,18:35:39,20210509
12,2018-03-31,WBT,USD,2018-05-08,2018-05-08 16:54:31,Q1,350400000,224200000,126200000,0.3601598173515982,0.0,76300000.0,0.0,-8500000.0,84200000,308400000,20300000.0,12100000.0,54100000.0,0.15439497716894976,42000000.0,0.11986301369863013,-8900000.0,12800000.0,0.0365296803652968,300000.0,12500000.0,0.03567351598173516,0.08947186497438675,0.08867100696349024,139708723,140970543,https://www.sec.gov/Archives/edgar/data/1650962/000165096218000060/0001650962-18-000060-index.htm,https://www.sec.gov/Archives/edgar/data/1650962/000165096218000028/wbt-20171231_10xk.htm,1620599739,18:35:39,20210509
13,2017-12-31,WBT,USD,2018-03-01,2018-02-28 20:38:13,Q4,365900000,233100000,132800000,0.36294069417873737,0.0,62700000.0,0.0,3400000.0,70500000,303600000,21000000.0,12400000.0,74700000.0,0.20415414047553976,62300000.0,0.17026509975403115,900000.0,36800000.0,0.10057392730254168,-29000000.0,65800000.0,0.17983055479639246,0.47218770974185176,0.46617492816017647,139351361,141148732,https://www.sec.gov/Archives/edgar/data/1650962/000165096218000028/0001650962-18-000028-index.htm,https://www.sec.gov/Archives/edgar/data/1650962/000165096218000028/wbt-20171231_10xk.htm,1620599739,18:35:39,20210509
14,2017-09-30,WBT,USD,2017-11-07,2017-11-07 16:24:14,Q3,380400000,236500000,143900000,0.37828601472134593,0.0,66500000.0,0.0,-2600000.0,74400000,310900000,21700000.0,12000000.0,81500000.0,0.21424815983175605,69500000.0,0.1827024185068349,-2800000.0,45000000.0,0.11829652996845426,11900000.0,33100000.0,0.0870136698212408,0.23785133696452082,0.23494335018967877,139162556,140885026,https://www.sec.gov/Archives/edgar/data/1650962/000165096217000061/0001650962-17-000061-index.htm,https://www.sec.gov/Archives/edgar/data/1650962/000165096217000061/wbt-2017x093010xq.htm,1620599739,18:35:39,20210509
15,2017-06-30,WBT,USD,2017-08-09,2017-08-09 11:07:12,Q2,371100000,233900000,137200000,0.3697116680140124,0.0,74700000.0,0.0,-2900000.0,82400000,316300000,21000000.0,11700000.0,66500000.0,0.17919698194556724,54800000.0,0.1476690918889787,-3900000.0,29900000.0,0.08057127458905955,-200000.0,30100000.0,0.08111021288062517,0.22,0.21,138972873,140661436,https://www.sec.gov/Archives/edgar/data/1650962/000165096217000053/0001650962-17-000053-index.htm,https://www.sec.gov/Archives/edgar/data/1650962/000165096217000053/wbt-2017x063010xq.htm,1620599739,18:35:39,20210509
16,2017-03-31,WBT,USD,2017-05-09,2017-05-09 15:05:28,Q1,328000000,205000000,123000000,0.375,0.0,74300000.0,0.0,-1500000.0,82100000,287100000,23200000.0,11800000.0,52700000.0,0.16067073170731708,40900000.0,0.12469512195121951,-10600000.0,7100000.0,0.021646341463414633,2100000.0,5000000.0,0.01524390243902439,0.036033679238637185,0.03560462398106153,138759075,140431198,https://www.sec.gov/Archives/edgar/data/1650962/000165096217000028/0001650962-17-000028-index.htm,https://www.sec.gov/Archives/edgar/data/1650962/000165096217000014/mfs-2016x123110xk.htm,1620599739,18:35:39,20210509
17,2016-12-31,WBT,USD,2017-02-24,2017-02-24 17:17:41,Q4,378700000,240200000,138500000,0.36572484816477424,0.0,73000000.0,0.0,5300000.0,80700000,320900000,24700000.0,12000000.0,69800000.0,0.1843147610245577,57800000.0,0.15262740955901768,2600000.0,30900000.0,0.08159493002376551,9500000.0,21400000.0,0.05650911011354634,0.1544425062150479,0.15263598204122125,138562890,140202852,https://www.sec.gov/Archives/edgar/data/1650962/000165096217000014/0001650962-17-000014-index.htm,https://www.sec.gov/Archives/edgar/data/1650962/000165096217000014/mfs-2016x123110xk.htm,1620599739,18:35:39,20210509
18,2016-09-30,WBT,USD,2016-11-09,2016-11-09 17:16:43,Q3,384000000,242000000,142000000,0.3697916666666667,0.0,69900000.0,0.0,-3600000.0,77700000,319700000,25000000.0,12000000.0,76300000.0,0.19869791666666667,64300000.0,0.16744791666666667,-7300000.0,32000000.0,0.08333333333333333,7100000.0,24900000.0,0.06484375,0.18007328027902014,0.17850924093949286,138277039,139488577,https://www.sec.gov/Archives/edgar/data/1650962/000165096216000110/0001650962-16-000110-index.htm,https://www.sec.gov/Archives/edgar/data/1650962/000165096216000110/mfs-2016x093010xq.htm,1620599739,18:35:39,20210509
19,2016-06-30,WBT,USD,2016-08-15,2016-08-15 12:17:19,Q2,368400000,233700000,134700000,0.36563517915309446,0.0,75400000.0,0.0,-3600000.0,83300000,317000000,27000000.0,12400000.0,63800000.0,0.1731813246471227,51400000.0,0.13952225841476656,-5200000.0,19200000.0,0.05211726384364821,4100000.0,15100000.0,0.04098805646036916,0.11011322760888353,0.10912424763257655,137131572,138374379,https://www.sec.gov/Archives/edgar/data/1650962/000165096216000099/0001650962-16-000099-index.htm,https://www.sec.gov/Archives/edgar/data/1650962/000165096216000099/mfs-2016x063010xq.htm,1620599739,18:35:39,20210509
20,2016-03-31,WBT,USD,2016-05-16,2016-05-16 17:28:29,Q1,325500000,207900000,117600000,0.36129032258064514,0.0,71800000.0,0.0,-2400000.0,79600000,287500000,8600000.0,12100000.0,50100000.0,0.15391705069124423,38000000.0,0.11674347158218126,-6700000.0,22700000.0,0.06973886328725039,4600000.0,18100000.0,0.05560675883256529,0.13210067396742084,0.13062527743888777,137016712,138564299,https://www.sec.gov/Archives/edgar/data/1650962/000165096216000069/0001650962-16-000069-index.htm,https://www.sec.gov/Archives/edgar/data/1650962/000165096216000069/mfs-2016x33110xq.htm,1620599739,18:35:39,20210509
21,2015-12-31,WBT,USD,2015-12-31,2015-12-31,Q4,391700000,258800000,132900000,0.339290273168241,0.0,0.0,0.0,-100000.0,76600000,335400000,400000.0,12500000.0,68800000.0,0.17564462598927752,56300000.0,0.14373244830227214,4600000.0,62800000.0,0.16032678069951495,-2500000.0,65100000.0,0.1661986213939239,0.4754573273214396,0.4754573273214396,136920805,136920805,,,1620599739,18:35:39,20210509
22,2015-09-30,WBT,USD,2015-09-30,2015-09-30,Q3,425300000,290000000,135300000,0.31812837996708204,0.0,0.0,0.0,1600000.0,79600000,369600000,300000.0,12800000.0,68500000.0,0.161062779214672,55700000.0,0.13096637667528804,-200000.0,59400000.0,0.1396661180343287,18300000.0,41100000.0,0.09663766752880319,0.300174,0.300174,136920805,136920805,,,1620599739,18:35:39,20210509
23,2015-06-30,WBT,USD,2015-06-30,2015-06-30,Q2,407700000,280800000,126900000,0.31125827814569534,0.0,0.0,0.0,200000.0,77100000,357900000,400000.0,12700000.0,62500000.0,0.153298994358597,49800000.0,0.12214863870493009,-100000.0,53900000.0,0.13220505273485406,17000000.0,36900000.0,0.09050772626931568,0.269499,0.269499,136920805,136920805,,,1620599739,18:35:39,20210509
24,2015-03-31,WBT,USD,2015-03-31,2015-03-31,Q1,345400000,238800000,106600000,0.30862767805442964,0.0,0.0,0.0,400000.0,90200000,329000000,300000.0,13000000.0,29400000.0,0.08511870295309786,16400000.0,0.04748118123914302,-300000.0,20500000.0,0.05935147654892878,6500000.0,14000000.0,0.04053271569195136,0.102249,0.102249,136920805,136920805,,,1620599739,18:35:39,20210509
25,2014-12-31,WBT,USD,2014-12-31,2014-12-31,Q4,374200000,261600000,112600000,0.3009086050240513,0.0,0.0,0.0,900000.0,78400000,340000000,0.0,13100000.0,47300000.0,0.12640299305184394,34200000.0,0.09139497594869055,-600000.0,37700000.0,0.10074826296098344,10300000.0,28900000.0,0.0772314270443613,0.21107091796604613,0.21107091796604613,136920805,136920805,,,1620599739,18:35:39,20210509
