,date,symbol,reportedCurrency,fillingDate,acceptedDate,period,revenue,costOfRevenue,grossProfit,grossProfitRatio,researchAndDevelopmentExpenses,generalAndAdministrativeExpenses,sellingAndMarketingExpenses,otherExpenses,operatingExpenses,costAndExpenses,interestExpense,depreciationAndAmortization,ebitda,ebitdaratio,operatingIncome,operatingIncomeRatio,totalOtherIncomeExpensesNet,incomeBeforeTax,incomeBeforeTaxRatio,incomeTaxExpense,netIncome,netIncomeRatio,eps,epsdiluted,weightedAverageShsOut,weightedAverageShsOutDil,link,finalLink,timestamp,est_time,est_date
0,2020-09-30,0092.HK,HKD,2020-09-30,2020-09-30,Q3,102667000,79513500,23153500,0.22552037168710493,406000.0,24249000.0,6793000.0,1447500.0,0.0,110961500,9072750.0,3662000.0,-4632500.0,-0.04512160674803004,-8294500.0,-0.0807903221093438,0.0,-10263000.0,-0.09996396115597027,-832000.0,-9880250.0,-0.09623588884451674,-0.014676239650393486,-0.014676239650393486,673214000.0,673214000.0,https://www1.hkexnews.hk/search/titlesearch.xhtml,https://www1.hkexnews.hk/search/titlesearch.xhtml,1620584520,14:22:00,20210509
1,2020-06-30,0092.HK,HKD,2020-06-30,2020-06-30,Q2,102667000,79513500,23153500,0.22552037168710493,406000.0,24249000.0,6793000.0,1447500.0,0.0,110961500,9072750.0,3662000.0,-4632500.0,-0.04512160674803004,-8294500.0,-0.0807903221093438,0.0,-10263000.0,-0.09996396115597027,-832000.0,-9880250.0,-0.09623588884451674,-0.014676239650393486,-0.014676239650393486,673214000.0,673214000.0,https://www1.hkexnews.hk/search/titlesearch.xhtml,https://www1.hkexnews.hk/search/titlesearch.xhtml,1620584520,14:22:00,20210509
2,2020-03-31,0092.HK,HKD,2020-03-31,2020-03-31,Q1,102667000,79513500,23153500,0.22552037168710493,406000.0,24249000.0,6793000.0,1447500.0,0.0,110961500,9072750.0,3662000.0,-4632500.0,-0.04512160674803004,-8294500.0,-0.0807903221093438,0.0,-10263000.0,-0.09996396115597027,-832000.0,-9880250.0,-0.09623588884451674,-0.014676239650393486,-0.014676239650393486,673214000.0,673214000.0,https://www1.hkexnews.hk/search/titlesearch.xhtml,https://www1.hkexnews.hk/search/titlesearch.xhtml,1620584520,14:22:00,20210509
3,2020-01-31,0092.HK,HKD,2020-01-31,2020-01-31,Q1,102667000,79513500,23153500,0.22552037168710493,406000.0,24249000.0,6793000.0,1447500.0,0.0,110961500,9072750.0,3662000.0,-4632500.0,-0.04512160674803004,-8294500.0,-0.0807903221093438,0.0,-10263000.0,-0.09996396115597027,-832000.0,-9880250.0,-0.09623588884451674,-0.014676239650393486,-0.014676239650393486,673214000.0,673214000.0,https://www1.hkexnews.hk/search/titlesearch.xhtml,https://www1.hkexnews.hk/search/titlesearch.xhtml,1620584520,14:22:00,20210509
4,2019-09-30,0092.HK,HKD,2019-09-30,2019-09-30,Q3,96416000,74837500,21578500,0.22380621473614337,654750.0,23085000.0,7307250.0,1160250.0,0.0,105884500,10114500.0,1961000.0,-7507500.0,-0.07786570693660803,-9468500.0,-0.098204654829074,0.0,-17780750.0,-0.1844170054762695,-87000.0,-18044250.0,-0.18714995436442083,-0.0275,-0.0275,673214000.0,673214000.0,https://www1.hkexnews.hk/search/titlesearch.xhtml,https://www1.hkexnews.hk/search/titlesearch.xhtml,1620584520,14:22:00,20210509
5,2019-06-30,0092.HK,HKD,2019-06-30,2019-06-30,Q2,96416000,74837500,21578500,0.22380621473614337,654750.0,23085000.0,7307250.0,1160250.0,0.0,105884500,10114500.0,1961000.0,-7507500.0,-0.07786570693660803,-9468500.0,-0.098204654829074,0.0,-17780750.0,-0.1844170054762695,-87000.0,-18044250.0,-0.18714995436442083,-0.0275,-0.0275,673214000.0,673214000.0,https://www1.hkexnews.hk/search/titlesearch.xhtml,https://www1.hkexnews.hk/search/titlesearch.xhtml,1620584520,14:22:00,20210509
6,2019-03-31,0092.HK,HKD,2019-03-31,2019-03-31,Q1,96416000,74837500,21578500,0.22380621473614337,654750.0,23085000.0,7307250.0,1160250.0,0.0,105884500,10114500.0,1961000.0,-7507500.0,-0.07786570693660803,-9468500.0,-0.098204654829074,0.0,-17780750.0,-0.1844170054762695,-87000.0,-18044250.0,-0.18714995436442083,-0.0275,-0.0275,673214000.0,673214000.0,https://www1.hkexnews.hk/search/titlesearch.xhtml,https://www1.hkexnews.hk/search/titlesearch.xhtml,1620584520,14:22:00,20210509
7,2019-01-31,0092.HK,HKD,2019-01-31,2019-01-31,Q1,96416000,74837500,21578500,0.22380621473614337,654750.0,23085000.0,7307250.0,1160250.0,0.0,105884500,10114500.0,1961000.0,-7507500.0,-0.07786570693660803,-9468500.0,-0.098204654829074,0.0,-17780750.0,-0.1844170054762695,-87000.0,-18044250.0,-0.18714995436442083,-0.0275,-0.0275,673214000.0,673214000.0,https://www1.hkexnews.hk/search/titlesearch.xhtml,https://www1.hkexnews.hk/search/titlesearch.xhtml,1620584520,14:22:00,20210509
8,2018-09-30,0092.HK,HKD,2018-09-30,2018-09-30,Q3,35688500,16752750,18935750,0.5305840817069924,678000.0,29451500.0,6923000.0,2444000.0,0.0,53805250,12658500.0,2352750.0,-15764000.0,-0.4417109152808328,-18116750.0,-0.5076355128402706,0.0,-1119127500.0,-31.35821062807347,-197500.0,-952976250.0,-26.702614287515587,-2.3225,-2.3225,410230000.0,410230000.0,https://www1.hkexnews.hk/search/titlesearch.xhtml,https://www1.hkexnews.hk/search/titlesearch.xhtml,1620584520,14:22:00,20210509
9,2018-06-30,0092.HK,HKD,2018-06-30,2018-06-30,Q2,35688500,16752750,18935750,0.5305840817069924,678000.0,29451500.0,6923000.0,2444000.0,0.0,53805250,12658500.0,2352750.0,-15764000.0,-0.4417109152808328,-18116750.0,-0.5076355128402706,0.0,-1119127500.0,-31.35821062807347,-197500.0,-952976250.0,-26.702614287515587,-2.3225,-2.3225,410230000.0,410230000.0,https://www1.hkexnews.hk/search/titlesearch.xhtml,https://www1.hkexnews.hk/search/titlesearch.xhtml,1620584520,14:22:00,20210509
10,2018-03-31,0092.HK,HKD,2018-03-31,2018-03-31,Q1,35688500,16752750,18935750,0.5305840817069924,678000.0,29451500.0,6923000.0,2444000.0,0.0,53805250,12658500.0,2352750.0,-15764000.0,-0.4417109152808328,-18116750.0,-0.5076355128402706,0.0,-1119127500.0,-31.35821062807347,-197500.0,-952976250.0,-26.702614287515587,-2.3225,-2.3225,410230000.0,410230000.0,https://www1.hkexnews.hk/search/titlesearch.xhtml,https://www1.hkexnews.hk/search/titlesearch.xhtml,1620584520,14:22:00,20210509
11,2018-01-31,0092.HK,HKD,2018-01-31,2018-01-31,Q1,35688500,16752750,18935750,0.5305840817069924,678000.0,29451500.0,6923000.0,2444000.0,0.0,53805250,12658500.0,2352750.0,-15764000.0,-0.4417109152808328,-18116750.0,-0.5076355128402706,0.0,-1119127500.0,-31.35821062807347,-197500.0,-952976250.0,-26.702614287515587,-2.3225,-2.3225,410230000.0,410230000.0,https://www1.hkexnews.hk/search/titlesearch.xhtml,https://www1.hkexnews.hk/search/titlesearch.xhtml,1620584520,14:22:00,20210509
12,2017-09-30,0092.HK,HKD,2017-09-30,2017-09-30,Q3,48636000,33334000,15302000,0.3146229130685089,772250.0,22793000.0,6833000.0,0.0,0.0,62763500,2996000.0,6875000.0,-7252500.0,-0.14911793733037257,-14127500.0,-0.29047413438605146,0.0,-1201127750.0,-24.6962692244428,101250.0,-1047264750.0,-21.53270725388601,-3.1964935,-3.1964935,327633356.0,327633356.0,https://www1.hkexnews.hk/search/titlesearch.xhtml,https://www1.hkexnews.hk/search/titlesearch.xhtml,1620584520,14:22:00,20210509
13,2017-06-30,0092.HK,HKD,2017-06-30,2017-06-30,Q2,48636000,33334000,15302000,0.3146229130685089,772250.0,22793000.0,6833000.0,0.0,0.0,62763500,2996000.0,6875000.0,-7252500.0,-0.14911793733037257,-14127500.0,-0.29047413438605146,0.0,-1201127750.0,-24.6962692244428,101250.0,-1047264750.0,-21.53270725388601,-3.1964935,-3.1964935,327633356.0,327633356.0,https://www1.hkexnews.hk/search/titlesearch.xhtml,https://www1.hkexnews.hk/search/titlesearch.xhtml,1620584520,14:22:00,20210509
14,2017-03-31,0092.HK,HKD,2017-03-31,2017-03-31,Q1,48636000,33334000,15302000,0.3146229130685089,772250.0,22793000.0,6833000.0,0.0,0.0,62763500,2996000.0,6875000.0,-7252500.0,-0.14911793733037257,-14127500.0,-0.29047413438605146,0.0,-1201127750.0,-24.6962692244428,101250.0,-1047264750.0,-21.53270725388601,-3.1964935,-3.1964935,327633356.0,327633356.0,https://www1.hkexnews.hk/search/titlesearch.xhtml,https://www1.hkexnews.hk/search/titlesearch.xhtml,1620584520,14:22:00,20210509
15,2017-01-31,0092.HK,HKD,2017-01-31,2017-01-31,Q1,48636000,33334000,15302000,0.3146229130685089,772250.0,22793000.0,6833000.0,0.0,0.0,62763500,2996000.0,6875000.0,-7252500.0,-0.14911793733037257,-14127500.0,-0.29047413438605146,0.0,-1201127750.0,-24.6962692244428,101250.0,-1047264750.0,-21.53270725388601,-3.1964935,-3.1964935,327633356.0,327633356.0,https://www1.hkexnews.hk/search/titlesearch.xhtml,https://www1.hkexnews.hk/search/titlesearch.xhtml,1620584520,14:22:00,20210509
16,2016-09-30,0092.HK,HKD,2016-09-30,2016-09-30,Q3,1244928750,801799500,443129250,0.3559474789219865,485000.0,38252000.0,7684750.0,0.0,0.0,847240750,1273250.0,325759250.0,723447250.0,0.5811153851174213,397688000.0,0.3194463940205413,0.0,-9675000.0,-0.007771529093532461,0.0,-7147500.0,-0.005741292423361578,-0.0217415,-0.0217415,327633356.0,327633356.0,https://www1.hkexnews.hk/search/titlesearch.xhtml,https://www1.hkexnews.hk/search/titlesearch.xhtml,1620584520,14:22:00,20210509
17,2016-06-30,0092.HK,HKD,2016-06-30,2016-06-30,Q2,1244928750,801799500,443129250,0.3559474789219865,485000.0,38252000.0,7684750.0,0.0,0.0,847240750,1273250.0,325759250.0,723447250.0,0.5811153851174213,397688000.0,0.3194463940205413,0.0,-9675000.0,-0.007771529093532461,0.0,-7147500.0,-0.005741292423361578,-0.0217415,-0.0217415,327633356.0,327633356.0,https://www1.hkexnews.hk/search/titlesearch.xhtml,https://www1.hkexnews.hk/search/titlesearch.xhtml,1620584520,14:22:00,20210509
18,2016-03-31,0092.HK,HKD,2016-03-31,2016-03-31,Q1,1244928750,801799500,443129250,0.3559474789219865,485000.0,38252000.0,7684750.0,0.0,0.0,847240750,1273250.0,325759250.0,723447250.0,0.5811153851174213,397688000.0,0.3194463940205413,0.0,-9675000.0,-0.007771529093532461,0.0,-7147500.0,-0.005741292423361578,-0.0217415,-0.0217415,327633356.0,327633356.0,https://www1.hkexnews.hk/search/titlesearch.xhtml,https://www1.hkexnews.hk/search/titlesearch.xhtml,1620584520,14:22:00,20210509
19,2016-01-31,0092.HK,HKD,2016-01-31,2016-01-31,Q1,1244928750,801799500,443129250,0.3559474789219865,485000.0,38252000.0,7684750.0,0.0,0.0,847240750,1273250.0,325759250.0,723447250.0,0.5811153851174213,397688000.0,0.3194463940205413,0.0,-9675000.0,-0.007771529093532461,0.0,-7147500.0,-0.005741292423361578,-0.0217415,-0.0217415,327633356.0,327633356.0,https://www1.hkexnews.hk/search/titlesearch.xhtml,https://www1.hkexnews.hk/search/titlesearch.xhtml,1620584520,14:22:00,20210509
20,2015-09-30,0092.HK,HKD,2015-09-30,2015-09-30,Q3,1402503250,1304030500,98472750,0.07021213676331944,2493000.0,66883500.0,8640250.0,0.0,0.0,1376818000,1468750.0,337637250.0,363322500.0,0.25905287563504753,25685250.0,0.018313861304777725,0.0,3877000.0,0.0027643429703282326,551250.0,1845500.0,0.001315861478395861,0.00579775,0.00579775,327633356.0,327633356.0,https://www1.hkexnews.hk/search/titlesearch.xhtml,https://www1.hkexnews.hk/search/titlesearch.xhtml,1620584520,14:22:00,20210509
21,2015-06-30,0092.HK,HKD,2015-06-30,2015-06-30,Q2,1402503250,1304030500,98472750,0.07021213676331944,2493000.0,66883500.0,8640250.0,0.0,0.0,1376818000,1468750.0,337637250.0,363322500.0,0.25905287563504753,25685250.0,0.018313861304777725,0.0,3877000.0,0.0027643429703282326,551250.0,1845500.0,0.001315861478395861,0.00579775,0.00579775,327633356.0,327633356.0,https://www1.hkexnews.hk/search/titlesearch.xhtml,https://www1.hkexnews.hk/search/titlesearch.xhtml,1620584520,14:22:00,20210509
22,2015-03-31,0092.HK,HKD,2015-03-31,2015-03-31,Q1,1402503250,1304030500,98472750,0.07021213676331944,2493000.0,66883500.0,8640250.0,0.0,0.0,1376818000,1468750.0,337637250.0,363322500.0,0.25905287563504753,25685250.0,0.018313861304777725,0.0,3877000.0,0.0027643429703282326,551250.0,1845500.0,0.001315861478395861,0.00579775,0.00579775,327633356.0,327633356.0,https://www1.hkexnews.hk/search/titlesearch.xhtml,https://www1.hkexnews.hk/search/titlesearch.xhtml,1620584520,14:22:00,20210509
23,2015-01-31,0092.HK,HKD,2015-01-31,2015-01-31,Q1,1402503250,1304030500,98472750,0.07021213676331944,2493000.0,66883500.0,8640250.0,0.0,0.0,1376818000,1468750.0,337637250.0,363322500.0,0.25905287563504753,25685250.0,0.018313861304777725,0.0,3877000.0,0.0027643429703282326,551250.0,1845500.0,0.001315861478395861,0.00579775,0.00579775,327633356.0,327633356.0,https://www1.hkexnews.hk/search/titlesearch.xhtml,https://www1.hkexnews.hk/search/titlesearch.xhtml,1620584520,14:22:00,20210509
24,2014-09-30,0092.HK,HKD,2014-09-30,2014-09-30,Q3,1539867750,1337181750,202686000,0.13162558927544266,2713500.0,72209750.0,10196250.0,0.0,0.0,1418186250,1238250.0,391920250.0,513601750.0,0.33353627283901494,121681500.0,0.07902074707389645,0.0,1325000.0,0.0008604635040898804,0.0,557000.0,0.0003617193749268403,0.0019325,0.0019325,324212599.0,324212599.0,https://www1.hkexnews.hk/search/titlesearch.xhtml,https://www1.hkexnews.hk/search/titlesearch.xhtml,1620584520,14:22:00,20210509
25,2014-06-30,0092.HK,HKD,2014-06-30,2014-06-30,Q2,1539867750,1337181750,202686000,0.13162558927544266,2713500.0,72209750.0,10196250.0,0.0,0.0,1418186250,1238250.0,391920250.0,513601750.0,0.33353627283901494,121681500.0,0.07902074707389645,0.0,1325000.0,0.0008604635040898804,0.0,557000.0,0.0003617193749268403,0.0019325,0.0019325,324212599.0,324212599.0,https://www1.hkexnews.hk/search/titlesearch.xhtml,https://www1.hkexnews.hk/search/titlesearch.xhtml,1620584520,14:22:00,20210509
26,2014-03-31,0092.HK,HKD,2014-03-31,2014-03-31,Q1,1539867750,1337181750,202686000,0.13162558927544266,2713500.0,72209750.0,10196250.0,0.0,0.0,1418186250,1238250.0,391920250.0,513601750.0,0.33353627283901494,121681500.0,0.07902074707389645,0.0,1325000.0,0.0008604635040898804,0.0,557000.0,0.0003617193749268403,0.0019325,0.0019325,324212599.0,324212599.0,https://www1.hkexnews.hk/search/titlesearch.xhtml,https://www1.hkexnews.hk/search/titlesearch.xhtml,1620584520,14:22:00,20210509
27,2014-01-31,0092.HK,HKD,2014-01-31,2014-01-31,Q1,1539867750,1337181750,202686000,0.13162558927544266,2713500.0,72209750.0,10196250.0,0.0,0.0,1418186250,1238250.0,391920250.0,513601750.0,0.33353627283901494,121681500.0,0.07902074707389645,0.0,1325000.0,0.0008604635040898804,0.0,557000.0,0.0003617193749268403,0.0019325,0.0019325,324212599.0,324212599.0,https://www1.hkexnews.hk/search/titlesearch.xhtml,https://www1.hkexnews.hk/search/titlesearch.xhtml,1620584520,14:22:00,20210509
28,2013-09-30,0092.HK,HKD,2013-09-30,2013-09-30,Q3,1113159000,976087000,137072000,0.1231378446385467,3045250.0,57028250.0,9097500.0,0.0,0.0,1043147750,1200750.0,390087500.0,460098750.0,0.41332707187382933,70011250.0,0.0628942046913334,0.0,24983500.0,0.022443783861964012,0.0,15654500.0,0.014063130244646093,0.049281,0.049281,318247889.0,318247889.0,https://www1.hkexnews.hk/search/titlesearch.xhtml,https://www1.hkexnews.hk/search/titlesearch.xhtml,1620584520,14:22:00,20210509
29,2013-06-30,0092.HK,HKD,2013-06-30,2013-06-30,Q2,1113159000,976087000,137072000,0.1231378446385467,3045250.0,57028250.0,9097500.0,0.0,0.0,1043147750,1200750.0,390087500.0,460098750.0,0.41332707187382933,70011250.0,0.0628942046913334,0.0,24983500.0,0.022443783861964012,0.0,15654500.0,0.014063130244646093,0.049281,0.049281,318247889.0,318247889.0,https://www1.hkexnews.hk/search/titlesearch.xhtml,https://www1.hkexnews.hk/search/titlesearch.xhtml,1620584520,14:22:00,20210509
30,2013-03-31,0092.HK,HKD,2013-03-31,2013-03-31,Q1,1113159000,976087000,137072000,0.1231378446385467,3045250.0,57028250.0,9097500.0,0.0,0.0,1043147750,1200750.0,390087500.0,460098750.0,0.41332707187382933,70011250.0,0.0628942046913334,0.0,24983500.0,0.022443783861964012,0.0,15654500.0,0.014063130244646093,0.049281,0.049281,318247889.0,318247889.0,https://www1.hkexnews.hk/search/titlesearch.xhtml,https://www1.hkexnews.hk/search/titlesearch.xhtml,1620584520,14:22:00,20210509
31,2013-01-31,0092.HK,HKD,2013-01-31,2013-01-31,Q1,1113159000,976087000,137072000,0.1231378446385467,3045250.0,57028250.0,9097500.0,0.0,0.0,1043147750,1200750.0,390087500.0,460098750.0,0.41332707187382933,70011250.0,0.0628942046913334,0.0,24983500.0,0.022443783861964012,0.0,15654500.0,0.014063130244646093,0.049281,0.049281,318247889.0,318247889.0,https://www1.hkexnews.hk/search/titlesearch.xhtml,https://www1.hkexnews.hk/search/titlesearch.xhtml,1620584520,14:22:00,20210509
32,2012-09-30,0092.HK,HKD,2012-09-30,2012-09-30,Q3,852749750,742652000,110097750,0.12910909677780616,0.0,47993000.0,9163500.0,22555250.0,0.0,799808500,859000.0,315791000.0,368732250.0,0.4324038206988627,52941250.0,0.062082985072701574,0.0,24428000.0,0.028646153223732988,-41750.0,15619500.0,0.018316628061163312,0.05024725,0.049764,312347240.0,313350456.0,https://www1.hkexnews.hk/search/titlesearch.xhtml,https://www1.hkexnews.hk/search/titlesearch.xhtml,1620584520,14:22:00,20210509
33,2012-06-30,0092.HK,HKD,2012-06-30,2012-06-30,Q2,852749750,742652000,110097750,0.12910909677780616,0.0,47993000.0,9163500.0,22555250.0,0.0,799808500,859000.0,315791000.0,368732250.0,0.4324038206988627,52941250.0,0.062082985072701574,0.0,24428000.0,0.028646153223732988,-41750.0,15619500.0,0.018316628061163312,0.05024725,0.049764,312347240.0,313350456.0,https://www1.hkexnews.hk/search/titlesearch.xhtml,https://www1.hkexnews.hk/search/titlesearch.xhtml,1620584520,14:22:00,20210509
34,2012-03-31,0092.HK,HKD,2012-03-31,2012-03-31,Q1,852749750,742652000,110097750,0.12910909677780616,0.0,47993000.0,9163500.0,22555250.0,0.0,799808500,859000.0,315791000.0,368732250.0,0.4324038206988627,52941250.0,0.062082985072701574,0.0,24428000.0,0.028646153223732988,-41750.0,15619500.0,0.018316628061163312,0.05024725,0.049764,312347240.0,313350456.0,https://www1.hkexnews.hk/search/titlesearch.xhtml,https://www1.hkexnews.hk/search/titlesearch.xhtml,1620584520,14:22:00,20210509
35,2012-01-31,0092.HK,HKD,2012-01-31,2012-01-31,Q1,852749750,742652000,110097750,0.12910909677780616,0.0,47993000.0,9163500.0,22555250.0,0.0,799808500,859000.0,315791000.0,368732250.0,0.4324038206988627,52941250.0,0.062082985072701574,0.0,24428000.0,0.028646153223732988,-41750.0,15619500.0,0.018316628061163312,0.05024725,0.049764,312347240.0,313350456.0,https://www1.hkexnews.hk/search/titlesearch.xhtml,https://www1.hkexnews.hk/search/titlesearch.xhtml,1620584520,14:22:00,20210509
36,2011-09-30,0092.HK,HKD,2011-09-30,2011-09-30,Q3,781363750,685456500,95907250,0.1227434085597137,0.0,43792750.0,10647500.0,21396000.0,0.0,739896750,867500.0,320760250.0,362227250.0,0.463583382259543,41467000.0,0.05307003300319473,0.0,23828250.0,0.030495719823193743,-33250.0,14190750.0,0.01816151568331651,0.05556175,0.05507875,254807637.0,262090168.0,https://www1.hkexnews.hk/search/titlesearch.xhtml,https://www1.hkexnews.hk/search/titlesearch.xhtml,1620584520,14:22:00,20210509
37,2011-06-30,0092.HK,HKD,2011-06-30,2011-06-30,Q2,781363750,685456500,95907250,0.1227434085597137,0.0,43792750.0,10647500.0,21396000.0,0.0,739896750,867500.0,320760250.0,362227250.0,0.463583382259543,41467000.0,0.05307003300319473,0.0,23828250.0,0.030495719823193743,-33250.0,14190750.0,0.01816151568331651,0.05556175,0.05507875,254807637.0,262090168.0,https://www1.hkexnews.hk/search/titlesearch.xhtml,https://www1.hkexnews.hk/search/titlesearch.xhtml,1620584520,14:22:00,20210509
38,2011-03-31,0092.HK,HKD,2011-03-31,2011-03-31,Q1,781363750,685456500,95907250,0.1227434085597137,0.0,43792750.0,10647500.0,21396000.0,0.0,739896750,867500.0,320760250.0,362227250.0,0.463583382259543,41467000.0,0.05307003300319473,0.0,23828250.0,0.030495719823193743,-33250.0,14190750.0,0.01816151568331651,0.05556175,0.05507875,254807637.0,262090168.0,https://www1.hkexnews.hk/search/titlesearch.xhtml,https://www1.hkexnews.hk/search/titlesearch.xhtml,1620584520,14:22:00,20210509
39,2011-01-31,0092.HK,HKD,2011-01-31,2011-01-31,Q1,781363750,685456500,95907250,0.1227434085597137,0.0,43792750.0,10647500.0,21396000.0,0.0,739896750,867500.0,320760250.0,362227250.0,0.463583382259543,41467000.0,0.05307003300319473,0.0,23828250.0,0.030495719823193743,-33250.0,14190750.0,0.01816151568331651,0.05556175,0.05507875,254807637.0,262090168.0,https://www1.hkexnews.hk/search/titlesearch.xhtml,https://www1.hkexnews.hk/search/titlesearch.xhtml,1620584520,14:22:00,20210509
40,2010-09-30,0092.HK,HKD,2010-09-30,2010-09-30,Q3,752942000,641076500,111865500,0.14857120468774487,0.0,50592750.0,10677500.0,29145250.0,0.0,702346750,975500.0,270970000.0,321565250.0,0.4270783805392713,50595250.0,0.06719674290981244,0.0,31037750.0,0.041221966632223994,30250.0,22162250.0,0.02943420608758709,0.099324,0.096178,223618333.0,233476493.0,https://www1.hkexnews.hk/search/titlesearch.xhtml,https://www1.hkexnews.hk/search/titlesearch.xhtml,1620584520,14:22:00,20210509
41,2010-06-30,0092.HK,HKD,2010-06-30,2010-06-30,Q2,752942000,641076500,111865500,0.14857120468774487,0.0,50592750.0,10677500.0,29145250.0,0.0,702346750,975500.0,270970000.0,321565250.0,0.4270783805392713,50595250.0,0.06719674290981244,0.0,31037750.0,0.041221966632223994,30250.0,22162250.0,0.02943420608758709,0.099324,0.096178,223618333.0,233476493.0,https://www1.hkexnews.hk/search/titlesearch.xhtml,https://www1.hkexnews.hk/search/titlesearch.xhtml,1620584520,14:22:00,20210509
42,2010-03-31,0092.HK,HKD,2010-03-31,2010-03-31,Q1,752942000,641076500,111865500,0.14857120468774487,0.0,50592750.0,10677500.0,29145250.0,0.0,702346750,975500.0,270970000.0,321565250.0,0.4270783805392713,50595250.0,0.06719674290981244,0.0,31037750.0,0.041221966632223994,30250.0,22162250.0,0.02943420608758709,0.099324,0.096178,223618333.0,233476493.0,https://www1.hkexnews.hk/search/titlesearch.xhtml,https://www1.hkexnews.hk/search/titlesearch.xhtml,1620584520,14:22:00,20210509
43,2010-01-31,0092.HK,HKD,2010-01-31,2010-01-31,Q1,752942000,641076500,111865500,0.14857120468774487,0.0,50592750.0,10677500.0,29145250.0,0.0,702346750,975500.0,270970000.0,321565250.0,0.4270783805392713,50595250.0,0.06719674290981244,0.0,31037750.0,0.041221966632223994,30250.0,22162250.0,0.02943420608758709,0.099324,0.096178,223618333.0,233476493.0,https://www1.hkexnews.hk/search/titlesearch.xhtml,https://www1.hkexnews.hk/search/titlesearch.xhtml,1620584520,14:22:00,20210509
44,2009-09-30,0092.HK,HKD,2009-09-30,2009-09-30,Q3,730775750,572956750,157819000,0.21596091550656957,0.0,46819750.0,11893000.0,0.0,0.0,627757500,2235750.0,2984000.0,106002250.0,0.14505441648823186,103018250.0,0.14097108449479884,0.0,26070000.0,0.03567441858873943,265500.0,18657500.0,0.02553108802529367,0.10381825,0.10022275,179623301.0,189495868.0,https://www1.hkexnews.hk/search/titlesearch.xhtml,https://www1.hkexnews.hk/search/titlesearch.xhtml,1620584520,14:22:00,20210509
45,2009-06-30,0092.HK,HKD,2009-06-30,2009-06-30,Q2,730775750,572956750,157819000,0.21596091550656957,0.0,46819750.0,11893000.0,0.0,0.0,627757500,2235750.0,2984000.0,106002250.0,0.14505441648823186,103018250.0,0.14097108449479884,0.0,26070000.0,0.03567441858873943,265500.0,18657500.0,0.02553108802529367,0.10381825,0.10022275,179623301.0,189495868.0,https://www1.hkexnews.hk/search/titlesearch.xhtml,https://www1.hkexnews.hk/search/titlesearch.xhtml,1620584520,14:22:00,20210509
46,2009-03-31,0092.HK,HKD,2009-03-31,2009-03-31,Q1,730775750,572956750,157819000,0.21596091550656957,0.0,46819750.0,11893000.0,0.0,0.0,627757500,2235750.0,2984000.0,106002250.0,0.14505441648823186,103018250.0,0.14097108449479884,0.0,26070000.0,0.03567441858873943,265500.0,18657500.0,0.02553108802529367,0.10381825,0.10022275,179623301.0,189495868.0,https://www1.hkexnews.hk/search/titlesearch.xhtml,https://www1.hkexnews.hk/search/titlesearch.xhtml,1620584520,14:22:00,20210509
47,2009-01-31,0092.HK,HKD,2009-01-31,2009-01-31,Q1,730775750,572956750,157819000,0.21596091550656957,0.0,46819750.0,11893000.0,0.0,0.0,627757500,2235750.0,2984000.0,106002250.0,0.14505441648823186,103018250.0,0.14097108449479884,0.0,26070000.0,0.03567441858873943,265500.0,18657500.0,0.02553108802529367,0.10381825,0.10022275,179623301.0,189495868.0,https://www1.hkexnews.hk/search/titlesearch.xhtml,https://www1.hkexnews.hk/search/titlesearch.xhtml,1620584520,14:22:00,20210509
48,2008-09-30,0092.HK,HKD,2008-09-30,2008-09-30,Q3,908762250,586708250,322054000,0.35438751994814927,0.0,65526000.0,13395000.0,0.0,0.0,657651000,1695250.0,181967500.0,433078750.0,0.4765589129610082,251111250.0,0.27632227240953283,0.0,64319500.0,0.07077703766854312,515750.0,47614000.0,0.05239434186444254,0.508305,0.49796825,93676103.0,95343939.0,https://www1.hkexnews.hk/search/titlesearch.xhtml,https://www1.hkexnews.hk/search/titlesearch.xhtml,1620584520,14:22:00,20210509
49,2008-06-30,0092.HK,HKD,2008-06-30,2008-06-30,Q2,908762250,586708250,322054000,0.35438751994814927,0.0,65526000.0,13395000.0,0.0,0.0,657651000,1695250.0,181967500.0,433078750.0,0.4765589129610082,251111250.0,0.27632227240953283,0.0,64319500.0,0.07077703766854312,515750.0,47614000.0,0.05239434186444254,0.508305,0.49796825,93676103.0,95343939.0,https://www1.hkexnews.hk/search/titlesearch.xhtml,https://www1.hkexnews.hk/search/titlesearch.xhtml,1620584520,14:22:00,20210509
50,2008-03-31,0092.HK,HKD,2008-03-31,2008-03-31,Q1,908762250,586708250,322054000,0.35438751994814927,0.0,65526000.0,13395000.0,0.0,0.0,657651000,1695250.0,181967500.0,433078750.0,0.4765589129610082,251111250.0,0.27632227240953283,0.0,64319500.0,0.07077703766854312,515750.0,47614000.0,0.05239434186444254,0.508305,0.49796825,93676103.0,95343939.0,https://www1.hkexnews.hk/search/titlesearch.xhtml,https://www1.hkexnews.hk/search/titlesearch.xhtml,1620584520,14:22:00,20210509
51,2008-01-31,0092.HK,HKD,2008-01-31,2008-01-31,Q1,908762250,586708250,322054000,0.35438751994814927,0.0,65526000.0,13395000.0,0.0,0.0,657651000,1695250.0,181967500.0,433078750.0,0.4765589129610082,251111250.0,0.27632227240953283,0.0,64319500.0,0.07077703766854312,515750.0,47614000.0,0.05239434186444254,0.508305,0.49796825,93676103.0,95343939.0,https://www1.hkexnews.hk/search/titlesearch.xhtml,https://www1.hkexnews.hk/search/titlesearch.xhtml,1620584520,14:22:00,20210509
52,2007-09-30,0092.HK,HKD,2007-09-30,2007-09-30,Q3,791071750,508288500,282783250,0.3574685229247537,0.0,53754750.0,0.0,11193500.0,0.0,594248000,2403500.0,3727000.0,200550750.0,0.25351777509435774,196823750.0,0.24880644518022543,0.0,208017250.0,0.26295623627060377,2292750.0,205724500.0,0.26005795302385654,1.96400775,1.95142375,79788122.0,80302647.0,https://www1.hkexnews.hk/search/titlesearch.xhtml,https://www1.hkexnews.hk/search/titlesearch.xhtml,1620584520,14:22:00,20210509
53,2007-06-30,0092.HK,HKD,2007-06-30,2007-06-30,Q2,791071750,508288500,282783250,0.3574685229247537,0.0,53754750.0,0.0,11193500.0,0.0,594248000,2403500.0,3727000.0,200550750.0,0.25351777509435774,196823750.0,0.24880644518022543,0.0,208017250.0,0.26295623627060377,2292750.0,205724500.0,0.26005795302385654,1.96400775,1.95142375,79788122.0,80302647.0,https://www1.hkexnews.hk/search/titlesearch.xhtml,https://www1.hkexnews.hk/search/titlesearch.xhtml,1620584520,14:22:00,20210509
54,2007-03-31,0092.HK,HKD,2007-03-31,2007-03-31,Q1,791071750,508288500,282783250,0.3574685229247537,0.0,53754750.0,0.0,11193500.0,0.0,594248000,2403500.0,3727000.0,200550750.0,0.25351777509435774,196823750.0,0.24880644518022543,0.0,208017250.0,0.26295623627060377,2292750.0,205724500.0,0.26005795302385654,1.96400775,1.95142375,79788122.0,80302647.0,https://www1.hkexnews.hk/search/titlesearch.xhtml,https://www1.hkexnews.hk/search/titlesearch.xhtml,1620584520,14:22:00,20210509
55,2007-01-31,0092.HK,HKD,2007-01-31,2007-01-31,Q1,791071750,508288500,282783250,0.3574685229247537,0.0,53754750.0,0.0,11193500.0,0.0,594248000,2403500.0,3727000.0,200550750.0,0.25351777509435774,196823750.0,0.24880644518022543,0.0,208017250.0,0.26295623627060377,2292750.0,205724500.0,0.26005795302385654,1.96400775,1.95142375,79788122.0,80302647.0,https://www1.hkexnews.hk/search/titlesearch.xhtml,https://www1.hkexnews.hk/search/titlesearch.xhtml,1620584520,14:22:00,20210509
56,2006-09-30,0092.HK,HKD,2006-09-30,2006-09-30,Q3,749167000,506917750,242249250,0.32335814311094857,0.0,49251000.0,0.0,9286000.0,0.0,582366500,2445000.0,3685000.0,170485500.0,0.22756675080456026,166800500.0,0.22264795432794024,0.0,176086500.0,0.23504305448584895,21250.0,176065250.0,0.23501468964863642,1.93614325,1.93614325,71016698.0,71016698.0,https://www1.hkexnews.hk/search/titlesearch.xhtml,https://www1.hkexnews.hk/search/titlesearch.xhtml,1620584520,14:22:00,20210509
57,2006-06-30,0092.HK,HKD,2006-06-30,2006-06-30,Q2,749167000,506917750,242249250,0.32335814311094857,0.0,49251000.0,0.0,9286000.0,0.0,582366500,2445000.0,3685000.0,170485500.0,0.22756675080456026,166800500.0,0.22264795432794024,0.0,176086500.0,0.23504305448584895,21250.0,176065250.0,0.23501468964863642,1.93614325,1.93614325,71016698.0,71016698.0,https://www1.hkexnews.hk/search/titlesearch.xhtml,https://www1.hkexnews.hk/search/titlesearch.xhtml,1620584520,14:22:00,20210509
58,2006-03-31,0092.HK,HKD,2006-03-31,2006-03-31,Q1,749167000,506917750,242249250,0.32335814311094857,0.0,49251000.0,0.0,9286000.0,0.0,582366500,2445000.0,3685000.0,170485500.0,0.22756675080456026,166800500.0,0.22264795432794024,0.0,176086500.0,0.23504305448584895,21250.0,176065250.0,0.23501468964863642,1.93614325,1.93614325,71016698.0,71016698.0,https://www1.hkexnews.hk/search/titlesearch.xhtml,https://www1.hkexnews.hk/search/titlesearch.xhtml,1620584520,14:22:00,20210509
59,2006-01-31,0092.HK,HKD,2006-01-31,2006-01-31,Q1,749167000,506917750,242249250,0.32335814311094857,0.0,49251000.0,0.0,9286000.0,0.0,582366500,2445000.0,3685000.0,170485500.0,0.22756675080456026,166800500.0,0.22264795432794024,0.0,176086500.0,0.23504305448584895,21250.0,176065250.0,0.23501468964863642,1.93614325,1.93614325,71016698.0,71016698.0,https://www1.hkexnews.hk/search/titlesearch.xhtml,https://www1.hkexnews.hk/search/titlesearch.xhtml,1620584520,14:22:00,20210509
60,2005-09-30,0092.HK,HKD,2005-09-30,2005-09-30,Q3,615427500,360965000,254462500,0.4134727486178307,1808750.0,36022250.0,0.0,-3139250.0,0.0,468892250,3139250.0,49663500.0,196198750.0,0.31880075232257254,146535250.0,0.238103188434056,0.0,143396000.0,0.23300226265482124,129250.0,114681500.0,0.18634445162102767,1.70513625,1.6530025,67256498.0,69377693.0,https://www1.hkexnews.hk/search/titlesearch.xhtml,https://www1.hkexnews.hk/search/titlesearch.xhtml,1620584520,14:22:00,20210509
61,2005-06-30,0092.HK,HKD,2005-06-30,2005-06-30,Q2,615427500,360965000,254462500,0.4134727486178307,1808750.0,36022250.0,0.0,-3139250.0,0.0,468892250,3139250.0,49663500.0,196198750.0,0.31880075232257254,146535250.0,0.238103188434056,0.0,143396000.0,0.23300226265482124,129250.0,114681500.0,0.18634445162102767,1.70513625,1.6530025,67256498.0,69377693.0,https://www1.hkexnews.hk/search/titlesearch.xhtml,https://www1.hkexnews.hk/search/titlesearch.xhtml,1620584520,14:22:00,20210509
62,2005-03-31,0092.HK,HKD,2005-03-31,2005-03-31,Q1,615427500,360965000,254462500,0.4134727486178307,1808750.0,36022250.0,0.0,-3139250.0,0.0,468892250,3139250.0,49663500.0,196198750.0,0.31880075232257254,146535250.0,0.238103188434056,0.0,143396000.0,0.23300226265482124,129250.0,114681500.0,0.18634445162102767,1.70513625,1.6530025,67256498.0,69377693.0,https://www1.hkexnews.hk/search/titlesearch.xhtml,https://www1.hkexnews.hk/search/titlesearch.xhtml,1620584520,14:22:00,20210509
63,2005-01-31,0092.HK,HKD,2005-01-31,2005-01-31,Q1,615427500,360965000,254462500,0.4134727486178307,1808750.0,36022250.0,0.0,-3139250.0,0.0,468892250,3139250.0,49663500.0,196198750.0,0.31880075232257254,146535250.0,0.238103188434056,0.0,143396000.0,0.23300226265482124,129250.0,114681500.0,0.18634445162102767,1.70513625,1.6530025,67256498.0,69377693.0,https://www1.hkexnews.hk/search/titlesearch.xhtml,https://www1.hkexnews.hk/search/titlesearch.xhtml,1620584520,14:22:00,20210509
64,2004-09-30,0092.HK,HKD,2004-09-30,2004-09-30,Q3,562492000,309979500,252512500,0.4489174957154946,1254250.0,0.0,0.0,-4594750.0,0.0,466901250,4609750.0,78758750.0,174349500.0,0.3099590749735107,95590750.0,0.16994152805728793,0.0,90996000.0,0.16177296743775912,176000.0,74137500.0,0.13180187451554867,1.44401775,1.352334,51341130.0,54821885.0,https://www1.hkexnews.hk/search/titlesearch.xhtml,https://www1.hkexnews.hk/search/titlesearch.xhtml,1620584520,14:22:00,20210509
65,2004-06-30,0092.HK,HKD,2004-06-30,2004-06-30,Q2,562492000,309979500,252512500,0.4489174957154946,1254250.0,0.0,0.0,-4594750.0,0.0,466901250,4609750.0,78758750.0,174349500.0,0.3099590749735107,95590750.0,0.16994152805728793,0.0,90996000.0,0.16177296743775912,176000.0,74137500.0,0.13180187451554867,1.44401775,1.352334,51341130.0,54821885.0,https://www1.hkexnews.hk/search/titlesearch.xhtml,https://www1.hkexnews.hk/search/titlesearch.xhtml,1620584520,14:22:00,20210509
66,2004-03-31,0092.HK,HKD,2004-03-31,2004-03-31,Q1,562492000,309979500,252512500,0.4489174957154946,1254250.0,0.0,0.0,-4594750.0,0.0,466901250,4609750.0,78758750.0,174349500.0,0.3099590749735107,95590750.0,0.16994152805728793,0.0,90996000.0,0.16177296743775912,176000.0,74137500.0,0.13180187451554867,1.44401775,1.352334,51341130.0,54821885.0,https://www1.hkexnews.hk/search/titlesearch.xhtml,https://www1.hkexnews.hk/search/titlesearch.xhtml,1620584520,14:22:00,20210509
67,2004-01-31,0092.HK,HKD,2004-01-31,2004-01-31,Q1,562492000,309979500,252512500,0.4489174957154946,1254250.0,0.0,0.0,-4594750.0,0.0,466901250,4609750.0,78758750.0,174349500.0,0.3099590749735107,95590750.0,0.16994152805728793,0.0,90996000.0,0.16177296743775912,176000.0,74137500.0,0.13180187451554867,1.44401775,1.352334,51341130.0,54821885.0,https://www1.hkexnews.hk/search/titlesearch.xhtml,https://www1.hkexnews.hk/search/titlesearch.xhtml,1620584520,14:22:00,20210509
68,2003-09-30,0092.HK,HKD,2003-09-30,2003-09-30,Q3,462962000,234057750,228904250,0.4944342084231535,1697500.0,33493750.0,0.0,0.0,0.0,395899500,0.0,100597250.0,167659750.0,0.3621458132632916,67062500.0,0.1448553012990267,0.0,60040750.0,0.12968828975164268,357250.0,47811750.0,0.1032735948090772,1.413007,1.32177275,33836880.0,36172442.0,https://www1.hkexnews.hk/search/titlesearch.xhtml,https://www1.hkexnews.hk/search/titlesearch.xhtml,1620584520,14:22:00,20210509
69,2003-06-30,0092.HK,HKD,2003-06-30,2003-06-30,Q2,462962000,234057750,228904250,0.4944342084231535,1697500.0,33493750.0,0.0,0.0,0.0,395899500,0.0,100597250.0,167659750.0,0.3621458132632916,67062500.0,0.1448553012990267,0.0,60040750.0,0.12968828975164268,357250.0,47811750.0,0.1032735948090772,1.413007,1.32177275,33836880.0,36172442.0,https://www1.hkexnews.hk/search/titlesearch.xhtml,https://www1.hkexnews.hk/search/titlesearch.xhtml,1620584520,14:22:00,20210509
70,2003-03-31,0092.HK,HKD,2003-03-31,2003-03-31,Q1,462962000,234057750,228904250,0.4944342084231535,1697500.0,33493750.0,0.0,0.0,0.0,395899500,0.0,100597250.0,167659750.0,0.3621458132632916,67062500.0,0.1448553012990267,0.0,60040750.0,0.12968828975164268,357250.0,47811750.0,0.1032735948090772,1.413007,1.32177275,33836880.0,36172442.0,https://www1.hkexnews.hk/search/titlesearch.xhtml,https://www1.hkexnews.hk/search/titlesearch.xhtml,1620584520,14:22:00,20210509
71,2003-01-31,0092.HK,HKD,2003-01-31,2003-01-31,Q1,462962000,234057750,228904250,0.4944342084231535,1697500.0,33493750.0,0.0,0.0,0.0,395899500,0.0,100597250.0,167659750.0,0.3621458132632916,67062500.0,0.1448553012990267,0.0,60040750.0,0.12968828975164268,357250.0,47811750.0,0.1032735948090772,1.413007,1.32177275,33836880.0,36172442.0,https://www1.hkexnews.hk/search/titlesearch.xhtml,https://www1.hkexnews.hk/search/titlesearch.xhtml,1620584520,14:22:00,20210509
72,2002-09-30,0092.HK,HKD,2002-09-30,2002-09-30,Q3,408347000,210099000,198248000,0.48548905710094603,3690750.0,37890750.0,0.0,-7767750.0,0.0,365159750,7767750.0,99920000.0,143107250.0,0.35045500517941847,43187250.0,0.10576115411647447,0.0,49565000.0,0.1213796109681227,106750.0,42642500.0,0.10442711713322247,1.44401775,1.4260405,29530455.0,29902727.0,https://www1.hkexnews.hk/search/titlesearch.xhtml,https://www1.hkexnews.hk/search/titlesearch.xhtml,1620584520,14:22:00,20210509
73,2002-06-30,0092.HK,HKD,2002-06-30,2002-06-30,Q2,408347000,210099000,198248000,0.48548905710094603,3690750.0,37890750.0,0.0,-7767750.0,0.0,365159750,7767750.0,99920000.0,143107250.0,0.35045500517941847,43187250.0,0.10576115411647447,0.0,49565000.0,0.1213796109681227,106750.0,42642500.0,0.10442711713322247,1.44401775,1.4260405,29530455.0,29902727.0,https://www1.hkexnews.hk/search/titlesearch.xhtml,https://www1.hkexnews.hk/search/titlesearch.xhtml,1620584520,14:22:00,20210509
74,2002-03-31,0092.HK,HKD,2002-03-31,2002-03-31,Q1,408347000,210099000,198248000,0.48548905710094603,3690750.0,37890750.0,0.0,-7767750.0,0.0,365159750,7767750.0,99920000.0,143107250.0,0.35045500517941847,43187250.0,0.10576115411647447,0.0,49565000.0,0.1213796109681227,106750.0,42642500.0,0.10442711713322247,1.44401775,1.4260405,29530455.0,29902727.0,https://www1.hkexnews.hk/search/titlesearch.xhtml,https://www1.hkexnews.hk/search/titlesearch.xhtml,1620584520,14:22:00,20210509
75,2002-01-31,0092.HK,HKD,2002-01-31,2002-01-31,Q1,408347000,210099000,198248000,0.48548905710094603,3690750.0,37890750.0,0.0,-7767750.0,0.0,365159750,7767750.0,99920000.0,143107250.0,0.35045500517941847,43187250.0,0.10576115411647447,0.0,49565000.0,0.1213796109681227,106750.0,42642500.0,0.10442711713322247,1.44401775,1.4260405,29530455.0,29902727.0,https://www1.hkexnews.hk/search/titlesearch.xhtml,https://www1.hkexnews.hk/search/titlesearch.xhtml,1620584520,14:22:00,20210509
76,2001-09-30,0092.HK,HKD,2001-09-30,2001-09-30,Q3,377694750,178372000,199322750,0.5277350294119788,3419000.0,34967250.0,0.0,-10203000.0,0.0,293423750,10203000.0,75370500.0,159641500.0,0.4226733360736415,84271000.0,0.2231193311530012,0.0,74068000.0,0.19610545288225478,146000.0,63144750.0,0.1671846113826046,4.808898,4.7864265,13130815.0,13192462.0,https://www1.hkexnews.hk/search/titlesearch.xhtml,https://www1.hkexnews.hk/search/titlesearch.xhtml,1620584520,14:22:00,20210509
77,2001-06-30,0092.HK,HKD,2001-06-30,2001-06-30,Q2,377694750,178372000,199322750,0.5277350294119788,3419000.0,34967250.0,0.0,-10203000.0,0.0,293423750,10203000.0,75370500.0,159641500.0,0.4226733360736415,84271000.0,0.2231193311530012,0.0,74068000.0,0.19610545288225478,146000.0,63144750.0,0.1671846113826046,4.808898,4.7864265,13130815.0,13192462.0,https://www1.hkexnews.hk/search/titlesearch.xhtml,https://www1.hkexnews.hk/search/titlesearch.xhtml,1620584520,14:22:00,20210509
78,2001-03-31,0092.HK,HKD,2001-03-31,2001-03-31,Q1,377694750,178372000,199322750,0.5277350294119788,3419000.0,34967250.0,0.0,-10203000.0,0.0,293423750,10203000.0,75370500.0,159641500.0,0.4226733360736415,84271000.0,0.2231193311530012,0.0,74068000.0,0.19610545288225478,146000.0,63144750.0,0.1671846113826046,4.808898,4.7864265,13130815.0,13192462.0,https://www1.hkexnews.hk/search/titlesearch.xhtml,https://www1.hkexnews.hk/search/titlesearch.xhtml,1620584520,14:22:00,20210509
79,2001-01-31,0092.HK,HKD,2001-01-31,2001-01-31,Q1,377694750,178372000,199322750,0.5277350294119788,3419000.0,34967250.0,0.0,-10203000.0,0.0,293423750,10203000.0,75370500.0,159641500.0,0.4226733360736415,84271000.0,0.2231193311530012,0.0,74068000.0,0.19610545288225478,146000.0,63144750.0,0.1671846113826046,4.808898,4.7864265,13130815.0,13192462.0,https://www1.hkexnews.hk/search/titlesearch.xhtml,https://www1.hkexnews.hk/search/titlesearch.xhtml,1620584520,14:22:00,20210509
80,2000-09-30,0092.HK,HKD,2000-09-30,2000-09-30,Q3,364295250,166274750,198020500,0.5435714574922401,3752000.0,30494750.0,0.0,0.0,0.0,266130750,0.0,0.0,98164500.0,3.711069174701649,98164500.0,0.2694641228509018,0.0,88182000.0,0.24206189896793878,753250.0,75963750.0,0.20852248279383276,6.292016,6.06730125,12073038.0,12520188.0,https://www1.hkexnews.hk/search/titlesearch.xhtml,https://www1.hkexnews.hk/search/titlesearch.xhtml,1620584520,14:22:00,20210509
81,2000-06-30,0092.HK,HKD,2000-06-30,2000-06-30,Q2,364295250,166274750,198020500,0.5435714574922401,3752000.0,30494750.0,0.0,0.0,0.0,266130750,0.0,0.0,98164500.0,3.711069174701649,98164500.0,0.2694641228509018,0.0,88182000.0,0.24206189896793878,753250.0,75963750.0,0.20852248279383276,6.292016,6.06730125,12073038.0,12520188.0,https://www1.hkexnews.hk/search/titlesearch.xhtml,https://www1.hkexnews.hk/search/titlesearch.xhtml,1620584520,14:22:00,20210509
82,2000-03-31,0092.HK,HKD,2000-03-31,2000-03-31,Q1,364295250,166274750,198020500,0.5435714574922401,3752000.0,30494750.0,0.0,0.0,0.0,266130750,0.0,0.0,98164500.0,3.711069174701649,98164500.0,0.2694641228509018,0.0,88182000.0,0.24206189896793878,753250.0,75963750.0,0.20852248279383276,6.292016,6.06730125,12073038.0,12520188.0,https://www1.hkexnews.hk/search/titlesearch.xhtml,https://www1.hkexnews.hk/search/titlesearch.xhtml,1620584520,14:22:00,20210509
83,2000-01-31,0092.HK,HKD,2000-01-31,2000-01-31,Q1,364295250,166274750,198020500,0.5435714574922401,3752000.0,30494750.0,0.0,0.0,0.0,266130750,0.0,0.0,98164500.0,3.711069174701649,98164500.0,0.2694641228509018,0.0,88182000.0,0.24206189896793878,753250.0,75963750.0,0.20852248279383276,6.292016,6.06730125,12073038.0,12520188.0,https://www1.hkexnews.hk/search/titlesearch.xhtml,https://www1.hkexnews.hk/search/titlesearch.xhtml,1620584520,14:22:00,20210509
84,1999-09-30,0092.HK,HKD,1999-09-30,1999-09-30,Q3,348420500,150235000,198185500,0.5688112496250938,4235750.0,42348750.0,0.0,0.0,0.0,285301500,0.0,0.0,63119000.0,5.5200573519859315,63119000.0,0.18115753808975074,0.0,53000250.0,0.15211576241926064,303750.0,46388000.0,0.13313797552095816,4.943727,4.8313695,9383204.0,9601418.0,https://www1.hkexnews.hk/search/titlesearch.xhtml,https://www1.hkexnews.hk/search/titlesearch.xhtml,1620584520,14:22:00,20210509
85,1999-06-30,0092.HK,HKD,1999-06-30,1999-06-30,Q2,348420500,150235000,198185500,0.5688112496250938,4235750.0,42348750.0,0.0,0.0,0.0,285301500,0.0,0.0,63119000.0,5.5200573519859315,63119000.0,0.18115753808975074,0.0,53000250.0,0.15211576241926064,303750.0,46388000.0,0.13313797552095816,4.943727,4.8313695,9383204.0,9601418.0,https://www1.hkexnews.hk/search/titlesearch.xhtml,https://www1.hkexnews.hk/search/titlesearch.xhtml,1620584520,14:22:00,20210509
86,1999-03-31,0092.HK,HKD,1999-03-31,1999-03-31,Q1,348420500,150235000,198185500,0.5688112496250938,4235750.0,42348750.0,0.0,0.0,0.0,285301500,0.0,0.0,63119000.0,5.5200573519859315,63119000.0,0.18115753808975074,0.0,53000250.0,0.15211576241926064,303750.0,46388000.0,0.13313797552095816,4.943727,4.8313695,9383204.0,9601418.0,https://www1.hkexnews.hk/search/titlesearch.xhtml,https://www1.hkexnews.hk/search/titlesearch.xhtml,1620584520,14:22:00,20210509
87,1999-01-31,0092.HK,HKD,1999-01-31,1999-01-31,Q1,348420500,150235000,198185500,0.5688112496250938,4235750.0,42348750.0,0.0,0.0,0.0,285301500,0.0,0.0,63119000.0,5.5200573519859315,63119000.0,0.18115753808975074,0.0,53000250.0,0.15211576241926064,303750.0,46388000.0,0.13313797552095816,4.943727,4.8313695,9383204.0,9601418.0,https://www1.hkexnews.hk/search/titlesearch.xhtml,https://www1.hkexnews.hk/search/titlesearch.xhtml,1620584520,14:22:00,20210509
