,date,symbol,reportedCurrency,fillingDate,acceptedDate,period,revenue,costOfRevenue,grossProfit,grossProfitRatio,researchAndDevelopmentExpenses,generalAndAdministrativeExpenses,sellingAndMarketingExpenses,otherExpenses,operatingExpenses,costAndExpenses,interestExpense,depreciationAndAmortization,ebitda,ebitdaratio,operatingIncome,operatingIncomeRatio,totalOtherIncomeExpensesNet,incomeBeforeTax,incomeBeforeTaxRatio,incomeTaxExpense,netIncome,netIncomeRatio,eps,epsdiluted,weightedAverageShsOut,weightedAverageShsOutDil,link,finalLink,timestamp,est_time,est_date
0,2020-12-31,CHMG,USD,2021-03-24,2021-03-24 16:21:42,Q4,21996000.0,0.0,0.0,0.0,0.0,9982000.0,85000.0,0.0,0.0,0.0,940000.0,1145000.0,0.0,0.0,0.0,0.2966448445171849,0.0,6525000.0,0.2966448445171849,1292000.0,5233000.0,0.2379068921622113,1.0963754452126546,1.0963754452126546,4773000.0,4773000.0,https://www.sec.gov/Archives/edgar/data/763563/000076356321000045/0000763563-21-000045-index.htm,https://www.sec.gov/Archives/edgar/data/763563/000076356321000045/chmg-20201231.htm,1620590247,15:57:27,20210509
1,2020-09-30,CHMG,USD,2020-11-05,2020-11-05 15:55:57,Q3,20907000.0,0.0,20907000.0,1.0,0.0,9103000.0,140000.0,0.0,15000000.0,140.0,845000.0,1002000.0,1009167.0,0.04826933562921509,7167.0,0.0003428038456019515,0.0,7167000.0,0.3428038456019515,1456000.0,5711000.0,0.2731620988185775,1.19,1.19,4773000.0,4773000.0,https://www.sec.gov/Archives/edgar/data/763563/000076356320000094/0000763563-20-000094-index.htm,https://www.sec.gov/Archives/edgar/data/763563/000076356320000094/chmg-20200930.htm,1620590247,15:57:27,20210509
2,2020-06-30,CHMG,USD,2020-08-06,2020-08-06 15:34:09,Q2,20484000.0,0.0,0.0,0.0,0.0,9081000.0,82000.0,0.0,14000000.0,0.0,881000.0,1047000.0,0.0,0.0,0.0,0.3507127514157391,0.0,7184000.0,0.3507127514157391,1357000.0,5827000.0,0.28446592462409687,1.2,1.2,4850000.0,4850000.0,https://www.sec.gov/Archives/edgar/data/763563/000076356320000088/0000763563-20-000088-index.htm,https://www.sec.gov/Archives/edgar/data/763563/000076356320000088/chmg-20200630.htm,1620590247,15:57:27,20210509
3,2020-03-31,CHMG,USD,2020-05-08 00:00:00,2020-05-08 17:21:22,Q1,19482000.0,0.0,0.0,0.0,0.0,9183000.0,324000.0,0.0,18000000.0,0.0,1322000.0,1064000.0,0.0,0.0,0.0,0.15362899086336104,0.0,2993000.0,0.15362899086336104,502000.0,2491000.0,0.1278616158505287,0.51,0.508887,4895000.0,4895000.0,https://www.sec.gov/Archives/edgar/data/763563/000076356320000077/0000763563-20-000077-index.html,https://www.sec.gov/Archives/edgar/data/763563/000076356320000077/chmg0331202010q.htm,1620590247,15:57:27,20210509
4,2019-12-31,CHMG,USD,2020-03-12 00:00:00,2020-03-12 15:26:28,Q4,20077000.0,0.0,0.0,0.0,0.0,9370000.0,288000.0,0.0,17000000.0,0.0,1576000.0,1052000.0,0.0,0.0,0.0,0.25875379787816905,0.0,5195000.0,0.25875379787816905,991000.0,4204000.0,0.20939383374010062,0.87,0.87,4879000.0,4879000.0,https://www.sec.gov/Archives/edgar/data/763563/000076356320000052/0000763563-20-000052-index.html,https://www.sec.gov/Archives/edgar/data/763563/000076356320000052/chmg201910k.htm,1620590247,15:57:27,20210509
5,2019-09-30,CHMG,USD,2019-11-06 00:00:00,2019-11-06 17:04:11,Q3,19927000.0,0.0,0.0,0.0,0.0,9011000.0,231000.0,0.0,20000000.0,0.0,1666000.0,1122000.0,0.0,0.0,0.0,0.10699051538114117,0.0,2132000.0,0.10699051538114117,176000.0,1956000.0,0.09815827771365485,0.4,0.4,4871000.0,4871000.0,https://www.sec.gov/Archives/edgar/data/763563/000076356319000107/0000763563-19-000107-index.html,https://www.sec.gov/Archives/edgar/data/763563/000076356319000107/chmg0930201910q.htm,1620590247,15:57:27,20210509
6,2019-06-30,CHMG,USD,2019-08-08,2019-08-08 17:02:16,Q2,19997000.0,0.0,0.0,0.0,0.0,9206000.0,145000.0,0.0,16000000.0,0.0,1581000.0,1121000.0,0.0,0.0,0.0,0.31074661199179876,0.0,6214000.0,0.31074661199179876,1233000.0,4981000.0,0.24908736310446566,1.02,1.02,4866000.0,4866000.0,https://www.sec.gov/Archives/edgar/data/763563/000076356319000098/chmg0630201910q.htm,https://www.sec.gov/Archives/edgar/data/763563/000076356319000098/chmg0630201910q.htm,1620590247,15:57:27,20210509
7,2019-03-31,CHMG,USD,2019-05-06 00:00:00,2019-05-06 16:58:20,Q1,19896000.0,0.0,0.0,0.0,0.0,9117000.0,268000.0,0.0,16000000.0,0.0,1498000.0,1138000.0,0.0,0.0,0.0,0.2765379975874548,0.0,5502000.0,0.2765379975874548,1034000.0,4468000.0,0.22456775231202253,0.92,0.92,4860000.0,4860000.0,https://www.sec.gov/Archives/edgar/data/763563/000076356319000086/0000763563-19-000086-index.html,https://www.sec.gov/Archives/edgar/data/763563/000076356319000086/chmg0331201910q.htm,1620590247,15:57:27,20210509
8,2018-12-31,CHMG,USD,2019-03-13 00:00:00,2019-03-13 17:12:51,Q4,20129000.0,0.0,0.0,0.0,0.0,8863000.0,365000.0,0.0,15000000.0,0.0,1395000.0,988000.0,0.0,0.0,0.0,0.3174524318147946,0.0,6390000.0,0.3174524318147946,660000.0,5730000.0,0.2846639177306374,1.18,1.18,4843000.0,4843000.0,https://www.sec.gov/Archives/edgar/data/763563/000076356319000080/0000763563-19-000080-index.html,https://www.sec.gov/Archives/edgar/data/763563/000076356319000080/chmg201810k.htm,1620590247,15:57:27,20210509
9,2018-09-30,CHMG,USD,2018-10-31 00:00:00,2018-10-31 17:01:41,Q3,22198000.0,0.0,0.0,0.0,0.0,8590000.0,212000.0,0.0,15000000.0,0.0,1057000.0,991000.0,0.0,0.0,0.0,0.393368771961438,0.0,8732000.0,0.393368771961438,1802000.0,6930000.0,0.3121902874132805,1.43,1.43,4834000.0,4834000.0,https://www.sec.gov/Archives/edgar/data/763563/000076356318000096/0000763563-18-000096-index.html,https://www.sec.gov/Archives/edgar/data/763563/000076356318000096/chmg0930201810q.htm,1620590247,15:57:27,20210509
10,2018-06-30,CHMG,USD,2018-08-01 00:00:00,2018-08-01 16:59:00,Q2,20158000.0,0.0,0.0,0.0,0.0,8739000.0,255000.0,0.0,18000000.0,0.0,852000.0,1109000.0,0.0,0.0,0.0,0.14946919337235837,0.0,3013000.0,0.14946919337235837,486000.0,2527000.0,0.12535965869629923,0.52,0.52,4828000.0,4828000.0,https://www.sec.gov/Archives/edgar/data/763563/000076356318000080/0000763563-18-000080-index.html,https://www.sec.gov/Archives/edgar/data/763563/000076356318000080/chmg0630201810q.htm,1620590247,15:57:27,20210509
11,2018-03-31,CHMG,USD,2018-05-02 00:00:00,2018-05-02 16:39:05,Q1,20206000.0,0.0,0.0,0.0,0.0,9023000.0,349000.0,0.0,16000000.0,0.0,769000.0,1083000.0,0.0,0.0,0.0,0.2721963773136692,0.0,5500000.0,0.2721963773136692,1061000.0,4439000.0,0.2196872216173414,0.92,0.92,4822000.0,4822000.0,https://www.sec.gov/Archives/edgar/data/763563/000076356318000062/0000763563-18-000062-index.html,https://www.sec.gov/Archives/edgar/data/763563/000076356318000062/chmg0331201810q.htm,1620590247,15:57:27,20210509
12,2017-12-31,CHMG,USD,2018-03-08 00:00:00,2018-03-08 17:17:16,Q4,19989000.0,0.0,0.0,0.0,0.0,8129000.0,214000.0,0.0,20000000.0,0.0,780000.0,1090000.0,0.0,0.0,0.0,0.0426734704087248,0.0,853000.0,0.0426734704087248,3012000.0,-2159000.0,-0.10800940517284506,0.16,0.16,4809000.0,4809000.0,https://www.sec.gov/Archives/edgar/data/763563/000076356318000053/0000763563-18-000053-index.html,https://www.sec.gov/Archives/edgar/data/763563/000076356318000053/chmg201710k.htm,1620590247,15:57:27,20210509
13,2017-09-30,CHMG,USD,2017-11-01 00:00:00,2017-11-01 17:02:22,Q3,19764000.0,0.0,0.0,0.0,0.0,8451000.0,213000.0,0.0,15000000.0,0.0,734000.0,1088000.0,0.0,0.0,0.0,0.27140255009107467,0.0,5364000.0,0.27140255009107467,1710000.0,3654000.0,0.1848816029143898,0.76,0.76,4802000.0,4802000.0,https://www.sec.gov/Archives/edgar/data/763563/000076356317000089/0000763563-17-000089-index.html,https://www.sec.gov/Archives/edgar/data/763563/000076356317000089/chmg0930201710q.htm,1620590247,15:57:27,20210509
14,2017-06-30,CHMG,USD,2017-08-02 00:00:00,2017-08-02 17:06:35,Q2,18806000.0,0.0,0.0,0.0,0.0,8525000.0,118000.0,0.0,15000000.0,0.0,734000.0,1199000.0,0.0,0.0,0.0,0.22434329469318304,0.0,4219000.0,0.22434329469318304,1263000.0,2956000.0,0.15718387748590876,0.62,0.62,4797000.0,4797000.0,https://www.sec.gov/Archives/edgar/data/763563/000076356317000082/0000763563-17-000082-index.html,https://www.sec.gov/Archives/edgar/data/763563/000076356317000082/chmg0630201710q.htm,1620590247,15:57:27,20210509
15,2017-03-31,CHMG,USD,2017-05-03 00:00:00,2017-05-03 17:10:22,Q1,18225000.0,0.0,0.0,0.0,0.0,8422000.0,249000.0,0.0,15000000.0,0.0,820000.0,1186000.0,0.0,0.0,0.0,0.23352537722908093,0.0,4256000.0,0.23352537722908093,1277000.0,2979000.0,0.1634567901234568,0.62,0.62,4790000.0,4790000.0,https://www.sec.gov/Archives/edgar/data/763563/000076356317000065/0000763563-17-000065-index.html,https://www.sec.gov/Archives/edgar/data/763563/000076356317000065/chmg0331201710q.htm,1620590247,15:57:27,20210509
16,2016-12-31,CHMG,USD,2017-03-08 00:00:00,2017-03-08 16:39:49,Q4,17986000.0,0.0,0.0,0.0,0.0,8305000.0,229000.0,0.0,15000000.0,0.0,973000.0,1158000.0,0.0,0.0,0.0,0.23507172245079505,0.0,4228000.0,0.23507172245079505,1274000.0,2954000.0,0.1642388524407873,0.62,0.62,4773000.0,4773000.0,https://www.sec.gov/Archives/edgar/data/763563/000076356317000052/0000763563-17-000052-index.html,https://www.sec.gov/Archives/edgar/data/763563/000076356317000052/chmg201610k.htm,1620590247,15:57:27,20210509
17,2016-09-30,CHMG,USD,2016-11-02 00:00:00,2016-11-02 16:51:51,Q3,18313000.0,0.0,0.0,0.0,0.0,8876000.0,101000.0,0.0,16000000.0,0.0,985000.0,1156000.0,0.0,0.0,0.0,0.21591219352372631,0.0,3954000.0,0.21591219352372631,1209000.0,2745000.0,0.14989351826571287,0.58,0.58,4765000.0,4765000.0,https://www.sec.gov/Archives/edgar/data/763563/000076356316000205/0000763563-16-000205-index.html,https://www.sec.gov/Archives/edgar/data/763563/000076356316000205/chmg0930201610q.htm,1620590247,15:57:27,20210509
18,2016-06-30,CHMG,USD,2016-08-05 00:00:00,2016-08-05 11:07:53,Q2,17996000.0,0.0,0.0,0.0,0.0,8825000.0,325000.0,0.0,17000000.0,0.0,957000.0,1505000.0,0.0,0.0,0.0,0.12369415425650145,0.0,2226000.0,0.12369415425650145,605000.0,1621000.0,0.09007557234941098,0.5,0.5,4760000.0,4760000.0,https://www.sec.gov/Archives/edgar/data/763563/000076356316000189/0000763563-16-000189-index.html,https://www.sec.gov/Archives/edgar/data/763563/000076356316000189/chmg0630201610q.htm,1620590247,15:57:27,20210509
19,2016-03-31,CHMG,USD,2016-05-06 00:00:00,2016-05-06 14:07:37,Q1,18514000.0,0.0,0.0,0.0,0.0,8866000.0,222000.0,0.0,16000000.0,0.0,924000.0,1372000.0,0.0,0.0,0.0,0.2172950199848763,0.0,4023000.0,0.2172950199848763,1316000.0,2707000.0,0.14621367613697742,0.57,0.57,4750000.0,4750000.0,https://www.sec.gov/Archives/edgar/data/763563/000076356316000171/0000763563-16-000171-index.html,https://www.sec.gov/Archives/edgar/data/763563/000076356316000171/chmg0331201610q.htm,1620590247,15:57:27,20210509
20,2015-12-31,CHMG,USD,2016-03-11 00:00:00,2016-03-11 17:30:08,Q4,17819000.0,0.0,0.0,0.0,0.0,8814000.0,185000.0,0.0,16000000.0,0.0,934000.0,1267000.0,0.0,0.0,0.0,0.17599191873842526,0.0,3136000.0,0.17599191873842526,1007000.0,2129000.0,0.1194792075874067,0.45,0.45,4730806.0,4730806.0,https://www.sec.gov/Archives/edgar/data/763563/000076356316000156/0000763563-16-000156-index.html,https://www.sec.gov/Archives/edgar/data/763563/000076356316000156/chmg201510k.htm,1620590247,15:57:27,20210509
21,2015-09-30,CHMG,USD,2015-11-06 00:00:00,2015-11-06 15:06:15,Q3,17391000.0,0.0,0.0,0.0,0.0,8725000.0,208000.0,0.0,15000000.0,0.0,904000.0,1262000.0,0.0,0.0,0.0,0.21056868495198666,0.0,3662000.0,0.21056868495198666,1211000.0,2451000.0,0.14093496636191133,0.52,0.52,4722449.0,4722449.0,https://www.sec.gov/Archives/edgar/data/763563/000076356315000086/0000763563-15-000086-index.html,https://www.sec.gov/Archives/edgar/data/763563/000076356315000086/chmg930201510q.htm,1620590247,15:57:27,20210509
22,2015-06-30,CHMG,USD,2015-08-07 00:00:00,2015-08-07 15:48:34,Q2,17798000.0,0.0,0.0,0.0,0.0,8577000.0,271000.0,0.0,15000000.0,0.0,872000.0,1323000.0,0.0,0.0,0.0,0.2186200696707495,0.0,3891000.0,0.2186200696707495,1314000.0,2577000.0,0.144791549612316,0.55,0.55,4716734.0,4716734.0,https://www.sec.gov/Archives/edgar/data/763563/000076356315000077/0000763563-15-000077-index.html,https://www.sec.gov/Archives/edgar/data/763563/000076356315000077/chmg10q063015.htm,1620590247,15:57:27,20210509
23,2015-03-31,CHMG,USD,2015-05-08 00:00:00,2015-05-08 13:19:57,Q1,17388000.0,0.0,0.0,0.0,0.0,8676000.0,235000.0,0.0,15000000.0,0.0,892000.0,1328000.0,0.0,0.0,0.0,0.1956521739130435,0.0,3402000.0,0.1956521739130435,1126000.0,2276000.0,0.1308948700253048,0.48,0.48,4706774.0,4706774.0,https://www.sec.gov/Archives/edgar/data/763563/000076356315000056/0000763563-15-000056-index.html,https://www.sec.gov/Archives/edgar/data/763563/000076356315000056/chmg10q033115.htm,1620590247,15:57:27,20210509
24,2014-12-31,CHMG,USD,2015-03-13,2015-03-13 16:26:42,Q4,24187000.0,0.0,0.0,0.0,0.0,9575000.0,200000.0,0.0,18000000.0,0.0,889000.0,1413000.0,0.0,0.0,0.0,0.28903956670938935,0.0,6991000.0,0.28903956670938935,2510000.0,4481000.0,0.18526481167569356,1.04,1.04,4690519.0,4690519.0,https://www.sec.gov/Archives/edgar/data/763563/000076356315000045/chmg10k123114.htm,https://www.sec.gov/Archives/edgar/data/763563/000076356315000045/chmg10k123114.htm,1620590247,15:57:27,20210509
25,2014-09-30,CHMG,USD,2014-11-17 00:00:00,2014-11-17 17:29:02,Q3,17143000.0,0.0,0.0,0.0,0.0,8397000.0,255000.0,0.0,19000000.0,0.0,915000.0,1281000.0,0.0,0.0,0.0,-0.054832876392696725,0.0,-940000.0,-0.054832876392696725,-621000.0,-319000.0,-0.018608178265181123,0.48,0.48,4683797.0,4683797.0,https://www.sec.gov/Archives/edgar/data/763563/000076356314000118/0000763563-14-000118-index.html,https://www.sec.gov/Archives/edgar/data/763563/000076356314000118/chmg10q09302014.htm,1620590247,15:57:27,20210509
26,2014-06-30,CHMG,USD,2014-08-08 00:00:00,2014-08-08 15:01:53,Q2,17335000.0,0.0,0.0,0.0,0.0,8323000.0,332000.0,0.0,16000000.0,0.0,921000.0,1247000.0,0.0,0.0,0.0,0.16146524372656476,0.0,2799000.0,0.16146524372656476,869000.0,1930000.0,0.11133544851456591,0.41,0.41,4680776.0,4680776.0,https://www.sec.gov/Archives/edgar/data/763563/000076356314000091/0000763563-14-000091-index.html,https://www.sec.gov/Archives/edgar/data/763563/000076356314000091/chmg10q06302014.htm,1620590247,15:57:27,20210509
27,2014-03-31,CHMG,USD,2014-05-09 00:00:00,2014-05-09 13:02:42,Q1,16848000.0,0.0,0.0,0.0,0.0,8262000.0,293000.0,0.0,15000000.0,0.0,921000.0,1230000.0,0.0,0.0,0.0,0.17895299145299146,0.0,3015000.0,0.17895299145299146,951000.0,2064000.0,0.1225071225071225,0.44,0.44,4677178.0,4677178.0,https://www.sec.gov/Archives/edgar/data/763563/000076356314000073/0000763563-14-000073-index.html,https://www.sec.gov/Archives/edgar/data/763563/000076356314000073/chmg0331201410q.htm,1620590247,15:57:27,20210509
28,2013-12-31,CHMG,USD,2014-03-14,2014-03-14 16:19:14,Q4,16615848.0,0.0,0.0,0.0,0.0,8563072.0,251396.0,0.0,15000000.0,0.0,1003116.0,1262059.0,0.0,0.0,0.0,0.11006034720587236,0.0,1828746.0,0.11006034720587236,343235.0,1485511.0,0.0894032612720097,0.32,0.32,4664140.0,4664140.0,https://www.sec.gov/Archives/edgar/data/763563/000076356314000057/chmg10k12312013.htm,https://www.sec.gov/Archives/edgar/data/763563/000076356314000057/chmg10k12312013.htm,1620590247,15:57:27,20210509
29,2013-09-30,CHMG,USD,2013-11-07 00:00:00,2013-11-07 14:52:22,Q3,15664830.0,0.0,0.0,0.0,0.0,7491377.0,296947.0,0.0,13000000.0,0.0,992705.0,933243.0,0.0,0.0,0.0,0.20305984808006214,0.0,3180898.0,0.20305984808006214,1001728.0,2179170.0,0.13911226614013686,0.47,0.47,4660336.0,4660336.0,https://www.sec.gov/Archives/edgar/data/763563/000076356313000151/0000763563-13-000151-index.html,https://www.sec.gov/Archives/edgar/data/763563/000076356313000151/chmg10q09302013.htm,1620590247,15:57:27,20210509
30,2013-06-30,CHMG,USD,2013-08-08 00:00:00,2013-08-08 15:04:06,Q2,15610893.0,0.0,0.0,0.0,0.0,7293600.0,197280.0,0.0,13000000.0,0.0,1005470.0,978670.0,0.0,0.0,0.0,0.2537287264732389,0.0,3960932.0,0.2537287264732389,1306325.0,2654607.0,0.1700483758360268,0.57,0.57,4658400.0,4658400.0,https://www.sec.gov/Archives/edgar/data/763563/000076356313000130/0000763563-13-000130-index.html,https://www.sec.gov/Archives/edgar/data/763563/000076356313000130/chmg10q06302013.htm,1620590247,15:57:27,20210509
31,2013-03-31,CHMG,USD,2013-05-10 00:00:00,2013-05-10 10:26:14,Q1,15595443.0,0.0,0.0,0.0,0.0,7572498.0,287577.0,0.0,13000000.0,0.0,1031219.0,983475.0,0.0,0.0,0.0,0.2297323006470544,0.0,3582777.0,0.2297323006470544,1171009.0,2411768.0,0.1546456872049098,0.52,0.518057,4655862.0,4655862.0,https://www.sec.gov/Archives/edgar/data/763563/000076356313000119/0000763563-13-000119-index.html,https://www.sec.gov/Archives/edgar/data/763563/000076356313000119/chmg10q03312013.htm,1620590247,15:57:27,20210509
32,2012-12-31,CHMG,USD,2013-03-15 00:00:00,2013-03-15 09:58:45,Q4,14936829.0,0.0,0.0,0.0,0.0,8026830.0,152862.0,0.0,1000000.0,0.0,1131322.0,997727.0,0.0,0.0,0.0,0.2086805037401178,0.0,3117025.0,0.2086805037401178,987203.0,2129822.0,0.14258863109432396,0.46,0.46,4643695.0,4643695.0,https://www.sec.gov/Archives/edgar/data/763563/000076356313000110/0000763563-13-000110-index.html,https://www.sec.gov/Archives/edgar/data/763563/000076356313000110/chmg10k12312012.htm,1620590247,15:57:27,20210509
33,2012-09-30,CHMG,USD,2012-11-13 00:00:00,2012-11-13 11:18:35,Q3,15835296.0,0.0,0.0,0.0,0.0,7220177.0,270567.0,0.0,13000000.0,0.0,1239939.0,949812.0,0.0,0.0,0.0,0.26632252406270146,0.0,4217296.0,0.26632252406270146,1383451.0,2833845.0,0.17895750101545307,0.61,0.61,4641547.0,4641547.0,https://www.sec.gov/Archives/edgar/data/763563/000076356312000161/0000763563-12-000161-index.html,https://www.sec.gov/Archives/edgar/data/763563/000076356312000161/chmg930201210q.htm,1620590247,15:57:27,20210509
34,2012-06-30,CHMG,USD,2012-08-13 00:00:00,2012-08-13 14:39:08,Q2,15495243.0,0.0,0.0,0.0,0.0,7436296.0,355826.0,0.0,26000000.0,0.0,1400370.0,1021098.0,0.0,0.0,0.0,0.22970417437145063,0.0,3559322.0,0.22970417437145063,1115282.0,2444040.0,0.15772840735701918,0.53,0.53,4636395.0,4636395.0,https://www.sec.gov/Archives/edgar/data/763563/000076356312000130/0000763563-12-000130-index.html,https://www.sec.gov/Archives/edgar/data/763563/000076356312000130/chmg10q06302012.htm,1620590247,15:57:27,20210509
35,2012-03-31,CHMG,USD,2012-05-14,2012-05-14 14:00:50,Q1,16912730.0,0.0,0.0,0.0,0.0,7086729.0,289239.0,0.0,13000000.0,0.0,1523794.0,1024582.0,0.0,0.0,0.0,0.32597215233732224,0.0,5513079.0,0.32597215233732224,1898546.0,3614533.0,0.21371670924800432,0.78,0.78,4642012.0,4642012.0,https://www.sec.gov/Archives/edgar/data/763563/000076356312000069/chemung1231201110k.htm,https://www.sec.gov/Archives/edgar/data/763563/000076356312000069/chemung1231201110k.htm,1620590247,15:57:27,20210509
36,2011-12-31,CHMG,USD,2012-03-28 00:00:00,2012-03-28 14:58:47,Q4,16052628.0,0.0,0.0,0.0,0.0,7367063.0,0.0,0.0,15000000.0,0.0,1633779.0,1019907.0,0.0,0.0,0.0,0.27443425462796495,0.0,4405391.0,0.27443425462796495,1443695.0,2961696.0,0.18449913621620087,0.638019893098079,0.638019893098079,4642012.0,4642012.0,https://www.sec.gov/Archives/edgar/data/763563/000076356312000069/0000763563-12-000069-index.html,https://www.sec.gov/Archives/edgar/data/763563/000076356312000069/chemung1231201110k.htm,1620590247,15:57:27,20210509
37,2011-09-30,CHMG,USD,2011-11-14 00:00:00,2011-11-14 14:30:57,Q3,16239411.0,0.0,0.0,0.0,0.0,6715603.0,0.0,67400.0,13000000.0,0.0,1749756.0,967511.0,0.0,0.0,0.0,0.3061250805217012,0.0,4971291.0,0.3061250805217012,1680351.0,3290940.0,0.20265143852815845,0.71,0.71,4637392.0,4637392.0,https://www.sec.gov/Archives/edgar/data/763563/000076356311000158/0000763563-11-000158-index.html,https://www.sec.gov/Archives/edgar/data/763563/000076356311000158/sept30201110q.htm,1620590247,15:57:27,20210509
38,2011-06-30,CHMG,USD,2011-08-19 00:00:00,2011-08-19 12:53:28,Q2,16195140.0,0.0,0.0,0.0,0.0,6653035.0,0.0,0.0,13000000.0,0.0,1782372.0,1034257.0,0.0,0.0,0.0,0.23890994458831477,0.0,3869180.0,0.23890994458831477,1249076.0,2620104.0,0.16178334981976075,0.57,0.57,4631504.0,4631504.0,https://www.sec.gov/Archives/edgar/data/763563/000076356311000140/0000763563-11-000140-index.html,https://www.sec.gov/Archives/edgar/data/763563/000076356311000140/livejune30201110q.htm,1620590247,15:57:27,20210509
39,2011-03-31,CHMG,USD,2011-05-13 00:00:00,2011-05-13 15:54:44,Q1,12893682.0,0.0,0.0,0.0,0.0,6080820.0,0.0,0.0,11000000.0,0.0,1632889.0,881162.0,0.0,0.0,0.0,0.18032428595648628,0.0,2325044.0,0.18032428595648628,660029.0,1665015.0,0.12913417594756874,0.46,0.46,3624446.0,3624446.0,https://www.sec.gov/Archives/edgar/data/763563/000076356311000114/0000763563-11-000114-index.html,https://www.sec.gov/Archives/edgar/data/763563/000076356311000114/mar31201110q.htm,1620590247,15:57:27,20210509
40,2010-12-31,CHMG,USD,2011-03-16,2011-03-16 16:32:49,Q4,15295110.0,0.0,0.0,0.0,0.0,6258592.0,0.0,0.0,0.0,0.0,1794617.0,900603.0,0.0,0.0,0.0,0.32663897154057736,0.0,4995979.0,0.32663897154057736,1948238.0,3047741.0,0.1992624440098829,0.840884648302113,0.840884648302113,3624446.0,3624446.0,https://www.sec.gov/Archives/edgar/data/763563/000076356311000053/cfcform10k123110.htm,https://www.sec.gov/Archives/edgar/data/763563/000076356311000053/cfcform10k123110.htm,1620590247,15:57:27,20210509
41,2010-09-30,CHMG,USD,2010-11-09 00:00:00,2010-11-09 11:44:04,Q3,12985298.0,0.0,0.0,0.0,0.0,5688340.0,0.0,56380.0,0.0,0.0,1958499.0,842897.0,0.0,0.0,0.0,0.2826963231802612,0.0,3670896.0,0.2826963231802612,1119960.0,2550936.0,0.1964480137460072,0.71,0.71,3602277.0,3602277.0,https://www.sec.gov/Archives/edgar/data/763563/000076356310000127/0000763563-10-000127-index.html,https://www.sec.gov/Archives/edgar/data/763563/000076356310000127/sept30201010q.htm,1620590247,15:57:27,20210509
42,2010-06-30,CHMG,USD,2010-08-09 00:00:00,2010-08-09 10:46:52,Q2,13519771.0,0.0,0.0,0.0,0.0,5896198.0,0.0,76100.0,0.0,0.0,2106771.0,882589.0,0.0,0.0,0.0,0.27026641205683144,0.0,3653940.0,0.27026641205683144,1150931.0,2503009.0,0.18513693760049635,0.69,0.69,3604780.0,3604780.0,https://www.sec.gov/Archives/edgar/data/763563/000076356310000104/0000763563-10-000104-index.html,https://www.sec.gov/Archives/edgar/data/763563/000076356310000104/june30201010q.htm,1620590247,15:57:27,20210509
43,2010-03-31,CHMG,USD,2010-05-10 00:00:00,2010-05-10 11:43:58,Q1,12767620.0,0.0,0.0,0.0,0.0,5976671.0,0.0,260525.0,0.0,0.0,2355925.0,882870.0,0.0,0.0,0.0,0.22606374563152726,0.0,2886296.0,0.22606374563152726,886109.0,2000187.0,0.15666091252715855,0.55,0.55,3606448.0,3606448.0,https://www.sec.gov/Archives/edgar/data/763563/000076356310000068/0000763563-10-000068-index.html,https://www.sec.gov/Archives/edgar/data/763563/000076356310000068/march31201010q.htm,1620590247,15:57:27,20210509
44,2009-12-31,CHMG,USD,2010-03-15 00:00:00,2010-03-15 12:29:15,Q4,13267043.0,0.0,0.0,0.0,0.0,6940697.0,0.0,862365.0,0.0,0.0,2657702.0,882800.0,0.0,0.0,0.0,0.12876192532126413,0.0,1708290.0,0.12876192532126413,420499.0,1287791.0,0.0970669198856143,0.3570801519944278,0.3570801519944278,3606448.0,3606448.0,https://www.sec.gov/Archives/edgar/data/763563/000076356310000051/0000763563-10-000051-index.html,https://www.sec.gov/Archives/edgar/data/763563/000076356310000051/annual10k2009.htm,1620590247,15:57:27,20210509
45,2009-09-30,CHMG,USD,2009-11-09 00:00:00,2009-11-09 11:36:34,Q3,13071752.0,0.0,0.0,0.0,0.0,6064702.0,0.0,428205.0,0.0,0.0,2844158.0,852607.0,0.0,0.0,0.0,0.16144584138377166,0.0,2110380.0,0.16144584138377166,594159.0,1516221.0,0.11599217916618981,0.42,0.42,3605698.0,3605698.0,https://www.sec.gov/Archives/edgar/data/763563/000076356309000123/0000763563-09-000123-index.html,https://www.sec.gov/Archives/edgar/data/763563/000076356309000123/sept30200910q.htm,1620590247,15:57:27,20210509
46,2009-06-30,CHMG,USD,2009-08-07 00:00:00,2009-08-07 14:32:59,Q2,11903710.0,0.0,0.0,0.0,0.0,6489678.0,0.0,0.0,0.0,0.0,2870232.0,981039.0,0.0,0.0,0.0,0.06487607645011513,0.0,772266.0,0.06487607645011513,77434.0,694832.0,0.05837104566559501,0.19,0.19,3602908.0,3602908.0,https://www.sec.gov/Archives/edgar/data/763563/000076356309000096/0000763563-09-000096-index.html,https://www.sec.gov/Archives/edgar/data/763563/000076356309000096/june30200910q.htm,1620590247,15:57:27,20210509
47,2009-03-31,CHMG,USD,2009-05-08 00:00:00,2009-05-08 10:51:45,Q1,12068656.0,0.0,0.0,0.0,0.0,5327893.0,0.0,155760.0,0.0,0.0,2962643.0,1009666.0,0.0,0.0,0.0,0.20736045504984152,0.0,2502562.0,0.20736045504984152,768571.0,1733991.0,0.14367722470505415,0.48,0.48,3596690.0,3596690.0,https://www.sec.gov/Archives/edgar/data/763563/000076356309000069/0000763563-09-000069-index.html,https://www.sec.gov/Archives/edgar/data/763563/000076356309000069/march31200910q.htm,1620590247,15:57:27,20210509
48,2008-12-31,CHMG,USD,2009-03-13 00:00:00,2009-03-13 14:02:04,Q4,12772166.0,0.0,0.0,0.0,0.0,6122226.0,0.0,0.0,0.0,0.0,3266502.0,1118913.0,0.0,0.0,0.0,0.17412974432057962,0.0,2224014.0,0.17412974432057962,687612.0,1536402.0,0.12029298710962573,0.42717109342200743,0.42717109342200743,3596690.0,3596690.0,https://www.sec.gov/Archives/edgar/data/763563/000076356309000046/0000763563-09-000046-index.html,https://www.sec.gov/Archives/edgar/data/763563/000076356309000046/annual10k2008.htm,1620590247,15:57:27,20210509
49,2008-09-30,CHMG,USD,2008-11-07 00:00:00,2008-11-07 16:02:09,Q3,12172524.0,0.0,0.0,0.0,0.0,3385931.0,0.0,0.0,12000000.0,0.0,3644990.0,908089.0,0.0,0.0,0.0,0.2969515607445095,0.0,3614650.0,0.2969515607445095,1211040.0,2403610.0,0.19746192326258713,0.67,0.67,3592087.0,3592087.0,https://www.sec.gov/Archives/edgar/data/763563/000076356308000129/0000763563-08-000129-index.html,https://www.sec.gov/Archives/edgar/data/763563/000076356308000129/sept30200810q.htm,1620590247,15:57:27,20210509
50,2008-06-30,CHMG,USD,2008-08-08 00:00:00,2008-08-08 09:01:20,Q2,11902630.0,0.0,0.0,0.0,0.0,3927269.0,0.0,0.0,12000000.0,0.0,3820075.0,933961.0,0.0,0.0,0.0,0.28092866870599187,0.0,3343790.0,0.28092866870599187,1072287.0,2271503.0,0.1908404277037932,0.63,0.63,3599889.0,3599889.0,https://www.sec.gov/Archives/edgar/data/763563/000076356308000102/0000763563-08-000102-index.html,https://www.sec.gov/Archives/edgar/data/763563/000076356308000102/june30200810q.htm,1620590247,15:57:27,20210509
51,2008-03-31,CHMG,USD,2008-05-09 00:00:00,2008-05-09 10:10:57,Q1,11762351.0,0.0,0.0,0.0,0.0,3743771.0,0.0,0.0,13000000.0,0.0,4038478.0,1073696.0,0.0,0.0,0.0,0.2725656631059556,0.0,3206013.0,0.2725656631059556,1063683.0,2142330.0,0.18213450695358435,0.6,0.6,3596680.0,3596680.0,https://www.sec.gov/Archives/edgar/data/763563/000076356308000082/0000763563-08-000082-index.html,https://www.sec.gov/Archives/edgar/data/763563/000076356308000082/mar31200810q.htm,1620590247,15:57:27,20210509
52,2007-12-31,CHMG,USD,2008-03-13,2008-03-13 15:12:00,Q4,11106198.0,0.0,0.0,0.0,0.0,4034322.0,0.0,0.0,0.0,0.0,4544919.0,879064.0,0.0,0.0,0.0,0.23384483150759602,0.0,2597127.0,0.23384483150759602,1008677.0,1588450.0,0.14302374223834294,0.441643404473014,0.441643404473014,3596680.0,3596680.0,https://www.sec.gov/Archives/edgar/data/763563/000076356308000060/annual10k2007.htm,https://www.sec.gov/Archives/edgar/data/763563/000076356308000060/annual10k2007.htm,1620590247,15:57:27,20210509
53,2007-09-30,CHMG,USD,2007-11-08 00:00:00,2007-11-08 14:01:44,Q3,10882422.0,0.0,0.0,0.0,0.0,3664943.0,0.0,0.0,12000000.0,0.0,4694720.0,776882.0,0.0,0.0,0.0,0.2904753188214903,0.0,3161075.0,0.2904753188214903,1007930.0,2153145.0,0.19785531198845258,0.6,0.6,3583432.0,3583432.0,https://www.sec.gov/Archives/edgar/data/763563/000076356307000103/0000763563-07-000103-index.html,https://www.sec.gov/Archives/edgar/data/763563/000076356307000103/sept30200710q.htm,1620590247,15:57:27,20210509
54,2007-06-30,CHMG,USD,2007-08-08 00:00:00,2007-08-08 11:43:19,Q2,10654051.0,0.0,0.0,0.0,0.0,3030531.0,0.0,0.0,12000000.0,0.0,4424239.0,858301.0,0.0,0.0,0.0,0.24499610523734117,0.0,2610201.0,0.24499610523734117,792604.0,1817597.0,0.17060149233376112,0.51,0.51,3592057.0,3592057.0,https://www.sec.gov/Archives/edgar/data/763563/000076356307000093/0000763563-07-000093-index.html,https://www.sec.gov/Archives/edgar/data/763563/000076356307000093/june30200710q.htm,1620590247,15:57:27,20210509
55,2007-03-31,CHMG,USD,2007-05-09 00:00:00,2007-05-09 13:34:41,Q1,9922178.0,0.0,0.0,0.0,0.0,3468609.0,0.0,0.0,12000000.0,0.0,4275122.0,783473.0,0.0,0.0,0.0,0.24400791842274952,0.0,2421090.0,0.24400791842274952,720899.0,1700191.0,0.1713526002053178,0.47,0.47,3608238.0,3608238.0,https://www.sec.gov/Archives/edgar/data/763563/000076356307000067/0000763563-07-000067-index.html,https://www.sec.gov/Archives/edgar/data/763563/000076356307000067/mar0331200710q.htm,1620590247,15:57:27,20210509
56,2006-12-31,CHMG,USD,2007-03-15,2007-03-15 11:53:31,Q4,9802148.0,0.0,0.0,0.0,0.0,3527413.0,0.0,0.0,12000000.0,0.0,4113047.0,777698.0,0.0,0.0,0.0,0.1895075446728615,0.0,1857581.0,0.1895075446728615,499296.0,1358285.0,0.13857013789222525,0.37643996876037555,0.37643996876037555,3608238.0,3608238.0,https://www.sec.gov/Archives/edgar/data/763563/000076356307000051/annual10k2006.htm,https://www.sec.gov/Archives/edgar/data/763563/000076356307000051/annual10k2006.htm,1620590247,15:57:27,20210509
57,2006-09-30,CHMG,USD,2006-11-09,2006-11-09 10:14:16,Q3,9934561.0,0.0,0.0,0.0,0.0,3403340.0,0.0,0.0,11000000.0,0.0,3888770.0,770926.0,0.0,0.0,0.0,0.26225013868252456,0.0,2605340.0,0.26225013868252456,768479.0,1836861.0,0.18489604120403508,0.51,0.51,3630914.0,3630914.0,https://www.sec.gov/Archives/edgar/data/763563/000076356306000107/sept30200610q.htm,https://www.sec.gov/Archives/edgar/data/763563/000076356306000107/sept30200610q.htm,1620590247,15:57:27,20210509
58,2006-06-30,CHMG,USD,2006-08-08,2006-08-08 15:03:05,Q2,9802252.0,0.0,0.0,0.0,0.0,3255177.0,0.0,0.0,11000000.0,0.0,3718619.0,791461.0,0.0,0.0,0.0,0.25607503255374375,0.0,2510112.0,0.25607503255374375,713218.0,1796894.0,0.1833144057100348,0.49,0.49,3647964.0,3647964.0,https://www.sec.gov/Archives/edgar/data/763563/000076356306000082/june30200610q.htm,https://www.sec.gov/Archives/edgar/data/763563/000076356306000082/june30200610q.htm,1620590247,15:57:27,20210509
59,2006-03-31,CHMG,USD,2006-05-09,2006-05-09 16:32:29,Q1,9319103.0,0.0,0.0,0.0,0.0,3335366.0,0.0,0.0,10000000.0,0.0,3358111.0,773663.0,0.0,0.0,0.0,0.2400243886133676,0.0,2236812.0,0.2400243886133676,640286.0,1596526.0,0.17131756135756843,0.44,0.44,3665634.0,3665634.0,https://www.sec.gov/Archives/edgar/data/763563/000076356306000050/annual10k2005.htm,https://www.sec.gov/Archives/edgar/data/763563/000076356306000050/annual10k2005.htm,1620590247,15:57:27,20210509
60,2005-12-31,CHMG,USD,2006-03-15,2006-03-15 15:05:41,Q4,9691041.0,0.0,0.0,0.0,0.0,3643626.0,0.0,0.0,11000000.0,0.0,3086496.0,797064.0,0.0,0.0,0.0,0.18072846869598427,0.0,1751447.0,0.18072846869598427,444863.0,1306584.0,0.13482390591475157,0.3564414777907451,0.3564414777907451,3665634.0,3665634.0,https://www.sec.gov/Archives/edgar/data/763563/000076356306000050/annual10k2005.htm,https://www.sec.gov/Archives/edgar/data/763563/000076356306000050/annual10k2005.htm,1620590247,15:57:27,20210509
61,2005-09-30,CHMG,USD,2005-11-08,2005-11-08 10:38:05,Q3,9674179.0,0.0,0.0,0.0,0.0,3199980.0,0.0,0.0,10000000.0,0.0,2859625.0,941794.0,0.0,0.0,0.0,0.2871878843672419,0.0,2778307.0,0.2871878843672419,823801.0,1954506.0,0.2020332681460618,0.53,0.53,3674783.0,3674783.0,https://www.sec.gov/Archives/edgar/data/763563/000076356305000116/sept0510q.htm,https://www.sec.gov/Archives/edgar/data/763563/000076356305000116/sept0510q.htm,1620590247,15:57:27,20210509
62,2005-06-30,CHMG,USD,2005-08-08,2005-08-08 09:47:13,Q2,9436733.0,0.0,0.0,0.0,0.0,3223176.0,0.0,0.0,10000000.0,0.0,2685859.0,554565.0,0.0,0.0,0.0,0.25592405761612624,0.0,2415087.0,0.25592405761612624,666493.0,1748594.0,0.1852965427759798,0.47,0.47,3695581.0,3695581.0,https://www.sec.gov/Archives/edgar/data/763563/000076356305000090/june0510q.htm,https://www.sec.gov/Archives/edgar/data/763563/000076356305000090/june0510q.htm,1620590247,15:57:27,20210509
63,2005-03-31,CHMG,USD,2005-05-09,2005-05-09 11:24:49,Q1,8949242.0,0.0,0.0,0.0,0.0,3184445.0,0.0,0.0,9000000.0,0.0,2589989.0,739962.0,0.0,0.0,0.0,0.244801403292033,0.0,2190787.0,0.244801403292033,610931.0,1579856.0,0.17653517471088612,0.42,0.42,3718341.0,3718341.0,https://www.sec.gov/Archives/edgar/data/763563/000076356305000040/annual10k2004.htm,https://www.sec.gov/Archives/edgar/data/763563/000076356305000040/annual10k2004.htm,1620590247,15:57:27,20210509
64,2004-12-31,CHMG,USD,2005-03-14,2005-03-14 11:49:40,Q4,10616744.0,0.0,0.0,0.0,0.0,-5758861.0,0.0,0.0,0.0,0.0,2733006.0,765144.0,0.0,0.0,0.0,0.3466076793412368,0.0,3679845.0,0.3466076793412368,1169542.0,2510303.0,0.23644753984837535,0.6751137133468932,0.6751137133468932,3718341.0,3718341.0,https://www.sec.gov/Archives/edgar/data/763563/000076356305000040/annual10k2004.htm,https://www.sec.gov/Archives/edgar/data/763563/000076356305000040/annual10k2004.htm,1620590247,15:57:27,20210509
65,2004-09-30,CHMG,USD,2004-11-08,2004-11-08 11:50:46,Q3,9476060.0,0.0,0.0,0.0,0.0,2992722.0,0.0,0.0,0.0,0.0,2691662.0,744922.0,0.0,0.0,0.0,0.3108753004940872,0.0,2945873.0,0.3108753004940872,899411.0,2046462.0,0.21596127504469156,0.54,0.54,3766599.0,3766599.0,https://www.sec.gov/Archives/edgar/data/763563/000076356304000099/sept0410q.htm,https://www.sec.gov/Archives/edgar/data/763563/000076356304000099/sept0410q.htm,1620590247,15:57:27,20210509
66,2004-06-30,CHMG,USD,2004-08-06,2004-08-06 10:35:21,Q2,9735538.0,0.0,0.0,0.0,0.0,3072888.0,0.0,0.0,0.0,0.0,2710762.0,837735.0,0.0,0.0,0.0,0.28975460832262173,0.0,2820917.0,0.28975460832262173,809259.0,2011658.0,0.20663038858253133,0.53,0.53,3782795.0,3782795.0,https://www.sec.gov/Archives/edgar/data/763563/000076356304000078/june0410q.htm,https://www.sec.gov/Archives/edgar/data/763563/000076356304000078/june0410q.htm,1620590247,15:57:27,20210509
67,2004-03-31,CHMG,USD,2004-05-06,2004-05-06 10:38:06,Q1,9696776.0,0.0,0.0,0.0,0.0,3046450.0,0.0,0.0,0.0,0.0,2810284.0,744029.0,0.0,0.0,0.0,0.3193499571403939,0.0,3096665.0,0.3193499571403939,932434.0,2164231.0,0.2231907801108327,0.57,0.57,3798596.0,3798596.0,https://www.sec.gov/Archives/edgar/data/763563/000076356304000029/annual10k2003.htm,https://www.sec.gov/Archives/edgar/data/763563/000076356304000029/annual10k2003.htm,1620590247,15:57:27,20210509
68,2003-12-31,CHMG,USD,2004-03-12,2004-03-12 11:14:29,Q4,9811849.0,0.0,0.0,0.0,0.0,2920586.0,0.0,0.0,0.0,0.0,2909472.0,770089.0,0.0,0.0,0.0,0.35487480494247314,0.0,3481978.0,0.35487480494247314,946918.0,2535060.0,0.25836720479493724,0.6673676274076,0.6673676274076,3798596.0,3798596.0,https://www.sec.gov/Archives/edgar/data/763563/000076356304000029/annual10k2003.htm,https://www.sec.gov/Archives/edgar/data/763563/000076356304000029/annual10k2003.htm,1620590247,15:57:27,20210509
69,2003-09-30,CHMG,USD,2003-11-13,2003-11-13 11:43:18,Q3,9894091.0,0.0,0.0,0.0,0.0,3160069.0,0.0,0.0,0.0,0.0,3007920.0,1025047.0,0.0,0.0,0.0,0.12624100586905862,0.0,1249040.0,0.12624100586905862,273674.0,975366.0,0.09858065788964343,0.26,0.26,3812037.0,3812037.0,https://www.sec.gov/Archives/edgar/data/763563/000076356303000124/sept0310q.htm,https://www.sec.gov/Archives/edgar/data/763563/000076356303000124/sept0310q.htm,1620590247,15:57:27,20210509
70,2003-06-30,CHMG,USD,2003-08-11,2003-08-11 11:04:40,Q2,9763454.0,0.0,0.0,0.0,0.0,2989433.0,0.0,0.0,0.0,0.0,3342871.0,1057252.0,0.0,0.0,0.0,0.1925773399454742,0.0,1880220.0,0.1925773399454742,462774.0,1417446.0,0.14517874514490467,0.37,0.37,3830414.0,3830414.0,https://www.sec.gov/Archives/edgar/data/763563/000076356303000092/june0310q.htm,https://www.sec.gov/Archives/edgar/data/763563/000076356303000092/june0310q.htm,1620590247,15:57:27,20210509
71,2003-03-31,CHMG,USD,2003-05-13,2003-05-13 09:36:20,Q1,9740721.0,0.0,0.0,0.0,0.0,3164202.0,0.0,0.0,0.0,0.0,3579996.0,1141293.0,0.0,0.0,0.0,0.29556682713733406,0.0,2879034.0,0.29556682713733406,853455.0,2025579.0,0.20794959633891577,0.53,0.53,3832298.0,3832298.0,https://www.sec.gov/Archives/edgar/data/763563/000076356303000047/exhibit10k2002.htm,https://www.sec.gov/Archives/edgar/data/763563/000076356303000047/exhibit10k2002.htm,1620590247,15:57:27,20210509
72,2002-12-31,CHMG,USD,2003-03-24,2003-03-24 08:41:46,Q4,9236675.0,0.0,0.0,0.0,0.0,2859364.0,0.0,0.0,0.0,0.0,3891275.0,947246.0,0.0,0.0,0.0,0.22776237119959292,0.0,2103767.0,0.22776237119959292,504907.0,1598860.0,0.17309908598061532,0.4172065951029904,0.4172065951029904,3832298.0,3832298.0,https://www.sec.gov/Archives/edgar/data/763563/000076356303000047/0000763563-03-000047-index.htm,https://www.sec.gov/Archives/edgar/data/763563/000076356303000047/exhibit10k2002.htm,1620590247,15:57:27,20210509
73,2002-09-30,CHMG,USD,2002-11-13,2002-11-13 10:27:59,Q3,8781189.0,0.0,0.0,0.0,0.0,2997801.0,0.0,0.0,0.0,0.0,4288251.0,976861.0,0.0,0.0,0.0,0.10314229656143377,0.0,905712.0,0.10314229656143377,56876.0,848836.0,0.09666526936158645,0.22,0.22,3858345.0,3858345.0,https://www.sec.gov/Archives/edgar/data/763563/000076356302000036/0000763563-02-000036-index.htm,https://www.sec.gov/Archives/edgar/data/763563/000076356302000036/sept0210q.htm,1620590247,15:57:27,20210509
74,2002-06-30,CHMG,USD,2002-08-12 00:00:00,2002-08-12 15:38:38,Q2,9944623.0,0.0,0.0,0.0,0.0,3218888.0,0.0,0.0,0.0,0.0,4442990.0,483931.0,0.0,0.0,0.0,0.31257816409933287,0.0,3108472.0,0.31257816409933287,866545.0,2241927.0,0.2254411253196828,0.56,0.56,4003441.0,4003441.0,https://www.sec.gov/Archives/edgar/data/763563/000076356302000026/0000763563-02-000026-index.html,https://www.sec.gov/Archives/edgar/data/763563/000076356302000026/june0210q.htm,1620590247,15:57:27,20210509
75,2002-03-31,CHMG,USD,2002-05-13 00:00:00,2002-05-13 12:13:25,Q1,9487647.0,0.0,0.0,0.0,0.0,3224208.0,0.0,0.0,0.0,0.0,4471682.0,661680.0,0.0,0.0,0.0,0.27862282397310945,0.0,2643475.0,0.27862282397310945,793205.0,1850270.0,0.19501884924681537,0.46,0.46,4022326.0,4022326.0,https://www.sec.gov/Archives/edgar/data/763563/000076356302000024/0000763563-02-000024-index.html,https://www.sec.gov/Archives/edgar/data/763563/000076356302000024/march0210q.htm,1620590247,15:57:27,20210509
76,2001-12-31,CHMG,USD,2002-03-25,2002-03-25 00:00:00,Q4,8931176.0,0.0,0.0,0.0,0.0,0.0,0.0,0.0,0.0,0.0,4877086.0,392320.0,0.0,0.0,0.0,0.26111622926252936,0.0,2332075.0,0.26111622926252936,675324.0,1656751.0,0.18550199884091412,0.4118887927035253,0.4118887927035253,4022326.0,4022326.0,https://www.sec.gov/Archives/edgar/data/763563/000076356302000018/0000763563-02-000018-index.htm,https://www.sec.gov/Archives/edgar/data/763563/000076356302000018/exhibit10k2001.htm,1620590247,15:57:27,20210509
77,2001-09-30,CHMG,USD,2001-11-09 00:00:00,2001-11-09 00:00:00,Q3,10190925.0,0.0,0.0,0.0,0.0,2306712.0,0.0,0.0,0.0,0.0,5330100.0,560653.0,0.0,0.0,0.0,0.384913047637972,0.0,3922620.0,0.384913047637972,1351027.0,2571593.0,0.25234147047495686,0.63,0.63,4081894.0,4081894.0,https://www.sec.gov/Archives/edgar/data/763563/000076356301500026/0000763563-01-500026-index.html,https://www.sec.gov/Archives/edgar/data/763563/000076356301500026/sept200110q.htm,1620590247,15:57:27,20210509
78,2001-06-30,CHMG,USD,2001-08-09 00:00:00,2001-08-09 00:00:00,Q2,9653405.0,0.0,0.0,0.0,0.0,2928798.0,0.0,0.0,0.0,0.0,5687645.0,538500.0,0.0,0.0,0.0,0.35694141082861436,0.0,3445700.0,0.35694141082861436,1097809.0,2347891.0,0.2432189470969052,0.58,0.58,4048088.0,4048088.0,https://www.sec.gov/Archives/edgar/data/763563/000076356301500023/0000763563-01-500023-index.html,https://www.sec.gov/Archives/edgar/data/763563/000076356301500023/june0110q.htm,1620590247,15:57:27,20210509
79,2001-03-31,CHMG,USD,2001-05-11 00:00:00,2001-05-11 00:00:00,Q1,8861334.0,0.0,0.0,0.0,0.0,2842857.0,0.0,0.0,0.0,0.0,5797217.0,551377.0,0.0,0.0,0.0,0.314228647740848,0.0,2784485.0,0.314228647740848,867468.0,1917017.0,0.2163350348830097,0.47,0.47,4078760.0,4078760.0,https://www.sec.gov/Archives/edgar/data/763563/000076356301500019/0000763563-01-500019-index.html,https://www.sec.gov/Archives/edgar/data/763563/000076356301500019/march0110q.htm,1620590247,15:57:27,20210509
80,2000-12-31,CHMG,USD,2001-03-26 00:00:00,2001-03-26 00:00:00,Q4,9296784.0,0.0,0.0,0.0,0.0,0.0,0.0,0.0,0.0,0.0,5727731.0,442662.0,0.0,0.0,0.0,0.38621269462644287,0.0,3590536.0,0.38621269462644287,1125340.0,2465196.0,0.2651665350082351,0.6043983955908168,0.6043983955908168,4078760.0,4078760.0,https://www.sec.gov/Archives/edgar/data/763563/000076356301500014/0000763563-01-500014-index.html,https://www.sec.gov/Archives/edgar/data/763563/000076356301500014/exh10k00.htm,1620590247,15:57:27,20210509
81,2000-09-30,CHMG,USD,2000-09-30,2000-09-30,Q3,9017095.0,0.0,0.0,0.0,0.0,0.0,0.0,0.0,0.0,0.0,5751477.0,595220.0,0.0,0.0,0.0,0.3569942426025233,0.0,3219051.0,0.3569942426025233,1010759.0,2208292.0,0.2449006026885599,0.54,0.54,4089430.0,4089430.0,,,1620590247,15:57:27,20210509
82,2000-06-30,CHMG,USD,2000-06-30,2000-06-30,Q2,8928481.0,0.0,0.0,0.0,0.0,0.0,0.0,0.0,0.0,0.0,5469185.0,591083.0,0.0,0.0,0.0,0.3455482517126933,0.0,3085221.0,0.3455482517126933,961738.0,2123483.0,0.23783250476760828,0.52,0.52,4083621.0,4083621.0,,,1620590247,15:57:27,20210509
83,2000-03-31,CHMG,USD,2000-03-31,2000-03-31,Q4,8712957.0,0.0,0.0,0.0,0.0,0.0,0.0,0.0,0.0,0.0,5106465.0,610145.0,0.0,0.0,0.0,0.3276001476880926,0.0,2854366.0,0.3276001476880926,896238.0,1958128.0,0.22473748005413088,0.48,0.48,4079433.0,4079433.0,,,1620590247,15:57:27,20210509
