,date,symbol,reportedCurrency,fillingDate,acceptedDate,period,revenue,costOfRevenue,grossProfit,grossProfitRatio,researchAndDevelopmentExpenses,generalAndAdministrativeExpenses,sellingAndMarketingExpenses,otherExpenses,operatingExpenses,costAndExpenses,interestExpense,depreciationAndAmortization,ebitda,ebitdaratio,operatingIncome,operatingIncomeRatio,totalOtherIncomeExpensesNet,incomeBeforeTax,incomeBeforeTaxRatio,incomeTaxExpense,netIncome,netIncomeRatio,eps,epsdiluted,weightedAverageShsOut,weightedAverageShsOutDil,link,finalLink,timestamp,est_time,est_date
0,2020-09-30,BET.AX,AUD,2020-09-30,2020-09-30,Q3,2145401.5,562155.75,1583245.75,0.7379717735817748,0.0,1429411.0,0.0,146007.0,312839.5,0.0,107153.5,536452.75,-94136.75,-0.04387838360325561,-630589.5,-0.2939261019440883,146007.0,-604598.75,-0.28181146978782295,-69461.0,-535137.75,-0.24943477945736497,-0.001175,-0.001175,457169645,457169645,,,1620589295,15:41:35,20210509
1,2020-06-30,BET.AX,AUD,2020-06-30,2020-06-30,Q2,2145401.5,562155.75,1583245.75,0.7379717735817748,0.0,1429411.0,0.0,146007.0,312839.5,0.0,107153.5,536452.75,-94136.75,-0.04387838360325561,-630589.5,-0.2939261019440883,146007.0,-604598.75,-0.28181146978782295,-69461.0,-535137.75,-0.24943477945736497,-0.001175,-0.001175,457169645,457169645,,,1620589295,15:41:35,20210509
2,2020-03-31,BET.AX,AUD,2020-03-31,2020-03-31,Q1,2145401.5,562155.75,1583245.75,0.7379717735817748,0.0,1429411.0,0.0,146007.0,312839.5,0.0,107153.5,536452.75,-94136.75,-0.04387838360325561,-630589.5,-0.2939261019440883,146007.0,-604598.75,-0.28181146978782295,-69461.0,-535137.75,-0.24943477945736497,-0.001175,-0.001175,457169645,457169645,,,1620589295,15:41:35,20210509
3,2020-01-31,BET.AX,AUD,2020-01-31,2020-01-31,Q1,2145401.5,562155.75,1583245.75,0.7379717735817748,0.0,1429411.0,0.0,146007.0,312839.5,0.0,107153.5,536452.75,-94136.75,-0.04387838360325561,-630589.5,-0.2939261019440883,146007.0,-604598.75,-0.28181146978782295,-69461.0,-535137.75,-0.24943477945736497,-0.001175,-0.001175,457169645,457169645,,,1620589295,15:41:35,20210509
4,2019-06-30,BET.AX,AUD,2019-06-30,2019-06-30,Q2,1539744.5,560121.0,979623.5,0.6362247113076228,0.0,1144670.75,1050.5,165311.5,543399.5,0.0,13009.0,450689.75,-859073.25,-0.5579323387743875,-1309763.0,-0.8506365828876155,165311.5,-1154921.5,-0.7500734699815457,-253732.25,-901189.25,-0.585284928765779,-0.003875,-0.003875,231888382,231888382,,,1620589295,15:41:35,20210509
5,2019-03-31,BET.AX,AUD,2019-03-31,2019-03-31,Q1,1539744.5,560121.0,979623.5,0.6362247113076228,0.0,1144670.75,1050.5,165311.5,543399.5,0.0,13009.0,450689.75,-859073.25,-0.5579323387743875,-1309763.0,-0.8506365828876155,165311.5,-1154921.5,-0.7500734699815457,-253732.25,-901189.25,-0.585284928765779,-0.003875,-0.003875,231888382,231888382,,,1620589295,15:41:35,20210509
6,2019-01-31,BET.AX,AUD,2019-01-31,2019-01-31,Q1,1539744.5,560121.0,979623.5,0.6362247113076228,0.0,1144670.75,1050.5,165311.5,543399.5,0.0,13009.0,450689.75,-859073.25,-0.5579323387743875,-1309763.0,-0.8506365828876155,165311.5,-1154921.5,-0.7500734699815457,-253732.25,-901189.25,-0.585284928765779,-0.003875,-0.003875,231888382,231888382,,,1620589295,15:41:35,20210509
7,2018-06-30,BET.AX,AUD,2018-06-30,2018-06-30,Q2,3184589.0,2787000.5,397588.5,0.12484766480070113,0.0,1010284.25,4768.0,1260181.25,505431.25,0.0,6817.25,98172.25,-1122895.0,-0.35260280054977267,-1221067.25,-0.38343009097877306,1260181.25,47033.25,0.014769017289201212,125781.25,-1494135.0,-0.4691767132273584,-0.0081655,-0.0081655,182873390,182873390,,,1620589295,15:41:35,20210509
8,2018-03-31,BET.AX,AUD,2018-03-31,2018-03-31,Q1,3184589.0,2787000.5,397588.5,0.12484766480070113,0.0,1010284.25,4768.0,1260181.25,505431.25,0.0,6817.25,98172.25,-1122895.0,-0.35260280054977267,-1221067.25,-0.38343009097877306,1260181.25,47033.25,0.014769017289201212,125781.25,-1494135.0,-0.4691767132273584,-0.0081655,-0.0081655,182873390,182873390,,,1620589295,15:41:35,20210509
9,2018-01-31,BET.AX,AUD,2018-01-31,2018-01-31,Q1,3184589.0,2787000.5,397588.5,0.12484766480070113,0.0,1010284.25,4768.0,1260181.25,505431.25,0.0,6817.25,98172.25,-1122895.0,-0.35260280054977267,-1221067.25,-0.38343009097877306,1260181.25,47033.25,0.014769017289201212,125781.25,-1494135.0,-0.4691767132273584,-0.0081655,-0.0081655,182873390,182873390,,,1620589295,15:41:35,20210509
10,2017-06-30,BET.AX,AUD,2017-06-30,2017-06-30,Q2,1405409.0,709601.0,695808.0,0.49509288755088376,0.0,1288101.5,725763.5,248753.5,661212.25,0.0,41368.75,35323.25,-1979269.25,-1.4083225950595164,-2014592.5,-1.4334563817365622,-204842.75,-2257541.25,-1.6063233194038178,-352977.0,-1904564.25,-1.3551672502453023,-0.01420075,-0.01420075,134185708,134185708,,,1620589295,15:41:35,20210509
11,2017-03-31,BET.AX,AUD,2017-03-31,2017-03-31,Q1,1405409.0,709601.0,695808.0,0.49509288755088376,0.0,1288101.5,725763.5,248753.5,661212.25,0.0,41368.75,35323.25,-1979269.25,-1.4083225950595164,-2014592.5,-1.4334563817365622,-204842.75,-2257541.25,-1.6063233194038178,-352977.0,-1904564.25,-1.3551672502453023,-0.01420075,-0.01420075,134185708,134185708,,,1620589295,15:41:35,20210509
12,2017-01-31,BET.AX,AUD,2017-01-31,2017-01-31,Q1,1405409.0,709601.0,695808.0,0.49509288755088376,0.0,1288101.5,725763.5,248753.5,661212.25,0.0,41368.75,35323.25,-1979269.25,-1.4083225950595164,-2014592.5,-1.4334563817365622,-204842.75,-2257541.25,-1.6063233194038178,-352977.0,-1904564.25,-1.3551672502453023,-0.01420075,-0.01420075,134185708,134185708,,,1620589295,15:41:35,20210509
13,2016-06-30,BET.AX,AUD,2016-06-30,2016-06-30,Q2,721230.75,260280.0,460950.75,0.6391168845754289,0.0,1105640.5,516093.25,78166.75,313922.25,0.0,27870.25,5515.25,-1474705.25,-2.0447065658251535,-1480220.5,-2.0523535636826353,75603.5,-1421214.25,-1.9705402882503276,-286833.0,-1134381.25,-1.5728409389089415,-0.0125145,-0.0125145,90605087,90605087,,,1620589295,15:41:35,20210509
14,2016-03-31,BET.AX,AUD,2016-03-31,2016-03-31,Q1,721230.75,260280.0,460950.75,0.6391168845754289,0.0,1105640.5,516093.25,78166.75,313922.25,0.0,27870.25,5515.25,-1474705.25,-2.0447065658251535,-1480220.5,-2.0523535636826353,75603.5,-1421214.25,-1.9705402882503276,-286833.0,-1134381.25,-1.5728409389089415,-0.0125145,-0.0125145,90605087,90605087,,,1620589295,15:41:35,20210509
15,2016-01-31,BET.AX,AUD,2016-01-31,2016-01-31,Q1,721230.75,260280.0,460950.75,0.6391168845754289,0.0,1105640.5,516093.25,78166.75,313922.25,0.0,27870.25,5515.25,-1474705.25,-2.0447065658251535,-1480220.5,-2.0523535636826353,75603.5,-1421214.25,-1.9705402882503276,-286833.0,-1134381.25,-1.5728409389089415,-0.0125145,-0.0125145,90605087,90605087,,,1620589295,15:41:35,20210509
16,2015-09-30,BET.AX,AUD,2015-09-30,2015-09-30,Q3,0.0,0.0,0.0,0.0,0.0,0.0,0.0,0.0,0.0,0.0,0.0,0.0,0.0,0.0,0.0,0.0,0.0,0.0,0.0,0.0,0.0,0.0,0.0,0.0,83902265,83902265,,,1620589295,15:41:35,20210509
17,2015-06-30,BET.AX,AUD,2015-06-30,2015-06-30,Q2,0.0,0.0,0.0,0.0,0.0,0.0,0.0,0.0,0.0,0.0,0.0,0.0,0.0,0.0,0.0,0.0,0.0,0.0,0.0,0.0,0.0,0.0,0.0,0.0,83902265,83902265,,,1620589295,15:41:35,20210509
18,2015-03-31,BET.AX,AUD,2015-03-31,2015-03-31,Q1,0.0,0.0,0.0,0.0,0.0,0.0,0.0,0.0,0.0,0.0,0.0,0.0,0.0,0.0,0.0,0.0,0.0,0.0,0.0,0.0,0.0,0.0,0.0,0.0,83902265,83902265,,,1620589295,15:41:35,20210509
19,2015-01-31,BET.AX,AUD,2015-01-31,2015-01-31,Q1,0.0,0.0,0.0,0.0,0.0,0.0,0.0,0.0,0.0,0.0,0.0,0.0,0.0,0.0,0.0,0.0,0.0,0.0,0.0,0.0,0.0,0.0,0.0,0.0,83902265,83902265,,,1620589295,15:41:35,20210509
