,date,symbol,reportedCurrency,fillingDate,acceptedDate,period,revenue,costOfRevenue,grossProfit,grossProfitRatio,researchAndDevelopmentExpenses,generalAndAdministrativeExpenses,sellingAndMarketingExpenses,otherExpenses,operatingExpenses,costAndExpenses,interestExpense,depreciationAndAmortization,ebitda,ebitdaratio,operatingIncome,operatingIncomeRatio,totalOtherIncomeExpensesNet,incomeBeforeTax,incomeBeforeTaxRatio,incomeTaxExpense,netIncome,netIncomeRatio,eps,epsdiluted,weightedAverageShsOut,weightedAverageShsOutDil,link,finalLink,timestamp,est_time,est_date
0,2020-12-31,LQDT,USD,2021-02-04,2021-02-04 14:43:56,Q1,55751000,22573000.0,33178000,0.595110401607146,0.0,17569000.0,9108000.0,4.0,28552000,51125000,0.0,1871000.0,6497000.0,0.11653602625961866,4626000.0,0.08297609011497552,-185000.0,4811000.0,0.08629441624365482,297000.0,4514000.0,0.08096715753977507,0.14,0.13,33176895,34911119,https://www.sec.gov/Archives/edgar/data/1235468/000123546821000057/0001235468-21-000057-index.htm,https://www.sec.gov/Archives/edgar/data/1235468/000123546820000206/lqdt-20200930.htm,1620594596,17:09:56,20210509
1,2020-09-30,LQDT,USD,2020-12-08,2020-12-08 13:58:55,Q4,55890000,22727000.0,33163000,0.5933619609948112,0.0,17661000.0,8503000.0,572.996,27811000,50538000,0.0,1574000.0,6926000.0,0.12392198962247271,5352000.0,0.09575952764358561,-739.0,5538000.0,0.09908749329039183,91000.0,5447000.0,0.0974592950438361,0.1616515415983696,0.1616515415983696,33695936,33695936,https://www.sec.gov/Archives/edgar/data/1235468/000123546820000206/0001235468-20-000206-index.htm,https://www.sec.gov/Archives/edgar/data/1235468/000123546820000206/lqdt-20200930.htm,1620594596,17:09:56,20210509
2,2020-06-30,LQDT,USD,2020-08-06,2020-08-06 14:22:48,Q3,47722000,22494000.0,25228000,0.5286450693600436,0.0,15732000.0,7412000.0,0.0,25030000,47524000,0.0,1567000.0,1765000.0,0.03698503834709358,198000.0,0.004149029797577637,0.0,422000.0,0.008842881689786681,209000.0,213000.0,0.0044633502367880645,0.006321237077373366,0.0062989178991352205,33695936,33815332,https://www.sec.gov/Archives/edgar/data/1235468/000123546820000154/0001235468-20-000154-index.htm,https://www.sec.gov/Archives/edgar/data/1235468/000123546820000154/lqdt-20200630.htm,1620594596,17:09:56,20210509
3,2020-03-31,LQDT,USD,2020-05-07 00:00:00,2020-05-07 15:49:07,Q2,52824000,26619000.0,26205000,0.49608132666969557,0.0,18983000.0,10109000.0,0.0,30657000,57276000,0.0,1577000.0,-2875000.0,-0.0544260184764501,-4452000.0,-0.08427987278509769,0.0,-4195000.0,-0.07941466000302892,43000.0,-4238000.0,-0.08022868393154627,-0.13,-0.13,33624889,33624889,https://www.sec.gov/Archives/edgar/data/1235468/000123546820000104/0001235468-20-000104-index.html,https://www.sec.gov/Archives/edgar/data/1235468/000123546820000104/lqdt-20200331.htm,1620594596,17:09:56,20210509
4,2019-12-31,LQDT,USD,2020-02-06 00:00:00,2020-02-06 14:42:22,Q1,49504000,24176000.0,25328000,0.5116354234001292,0.0,18948000.0,9605000.0,0.0,30318000,54494000,0.0,1572000.0,-3418000.0,-0.06904492566257273,-4990000.0,-0.10079993535875889,0.0,-4738000.0,-0.09570943762120233,458000.0,-5196000.0,-0.1049612152553329,-0.15,-0.15,33545235,33545235,https://www.sec.gov/Archives/edgar/data/1235468/000123546820000055/0001235468-20-000055-index.html,https://www.sec.gov/Archives/edgar/data/1235468/000123546820000055/lqdt-20191231.htm,1620594596,17:09:56,20210509
5,2019-09-30,LQDT,USD,2019-12-10 00:00:00,2019-12-10 15:36:36,Q4,58790000,27314000.0,31476000,0.5353971763905426,0.0,21528000.0,12254000.0,0.0,36761000,64075000,0.0,1516000.0,-3769000.0,-0.06410954243919034,-5285000.0,-0.08989624085728866,0.0,-5163000.0,-0.08782105800306174,64000.0,-5227000.0,-0.08890967851675455,-0.15581944797823,-0.15581944797823,33545235,33545235,https://www.sec.gov/Archives/edgar/data/1235468/000123546819000042/0001235468-19-000042-index.html,https://www.sec.gov/Archives/edgar/data/1235468/000123546819000042/lqdt-20190930.htm,1620594596,17:09:56,20210509
6,2019-06-30,LQDT,USD,2019-08-01 00:00:00,2019-08-01 13:23:34,Q3,56882000,25337000.0,31545000,0.5545691079779193,0.0,21104000.0,11765000.0,0.0,36106000,61443000,0.0,1206000.0,-3355000.0,-0.0589817516964945,-4561000.0,-0.08018353785028656,0.0,-4107000.0,-0.07220210259836152,542000.0,-4649000.0,-0.08173060018986675,-0.14,-0.14,33164750,33164750,https://www.sec.gov/Archives/edgar/data/1235468/000123546819000025/0001235468-19-000025-index.html,https://www.sec.gov/Archives/edgar/data/1235468/000123546819000025/lqdt06301910q.htm,1620594596,17:09:56,20210509
7,2019-03-31,LQDT,USD,2019-05-08 00:00:00,2019-05-08 13:40:50,Q2,56800000,24807000.0,31993000,0.5632570422535211,0.0,22053000.0,11910000.0,0.0,36478000,61285000,0.0,1165000.0,-3320000.0,-0.05845070422535211,-4485000.0,-0.07896126760563381,0.0,-4034000.0,-0.07102112676056338,328000.0,-4362000.0,-0.07679577464788732,-0.13,-0.13,32987608,32987608,https://www.sec.gov/Archives/edgar/data/1235468/000123546819000016/0001235468-19-000016-index.html,https://www.sec.gov/Archives/edgar/data/1235468/000123546819000016/lqdt03311910q.htm,1620594596,17:09:56,20210509
8,2018-12-31,LQDT,USD,2019-02-07 00:00:00,2019-02-07 13:16:34,Q1,54053000,24956000.0,29097000,0.5383049969474405,0.0,21158000.0,11605000.0,0.0,34172000,59128000,0.0,1204000.0,-3871000.0,-0.07161489649048157,-5075000.0,-0.09388933084195142,0.0,-4756000.0,-0.08798771576045733,266000.0,-5022000.0,-0.09290881172182858,-0.15,-0.15,32808144,32808144,https://www.sec.gov/Archives/edgar/data/1235468/000123546819000006/0001235468-19-000006-index.html,https://www.sec.gov/Archives/edgar/data/1235468/000123546819000006/lqdt12311810q.htm,1620594596,17:09:56,20210509
9,2018-09-30,LQDT,USD,2018-12-06 00:00:00,2018-12-06 16:45:51,Q4,52705000,24240000.0,28465000,0.5400815861872688,0.0,21435000.0,12390000.0,0.0,34219000,58459000,0.0,1224000.0,-4530000.0,-0.0859500996110426,-5754000.0,-0.10917370268475476,0.0,-6547000.0,-0.12421971349966797,-5504000.0,-1043000.0,-0.01978939379565506,-0.031790887043168306,-0.031790887043168306,32808144,32808144,https://www.sec.gov/Archives/edgar/data/1235468/000123546818000007/0001235468-18-000007-index.html,https://www.sec.gov/Archives/edgar/data/1235468/000123546818000007/lqdt_10kx93018.htm,1620594596,17:09:56,20210509
10,2018-06-30,LQDT,USD,2018-08-02 00:00:00,2018-08-02 15:03:35,Q3,50569000,19489000.0,31080000,0.6146057861535723,0.0,20426000.0,12322000.0,0.0,34220000,53709000,0.0,1020000.0,-2120000.0,-0.04192291720223853,-3140000.0,-0.062093377365579704,0.0,-3093000.0,-0.06116395420119045,612000.0,-3705000.0,-0.07326623029919516,-0.12,-0.12,32104368,32104368,https://www.sec.gov/Archives/edgar/data/1235468/000162828018010307/0001628280-18-010307-index.html,https://www.sec.gov/Archives/edgar/data/1235468/000162828018010307/lqdt6301810q.htm,1620594596,17:09:56,20210509
11,2018-03-31,LQDT,USD,2018-05-03 00:00:00,2018-05-03 13:14:23,Q2,60097000,28727000.0,31370000,0.5219894503885385,0.0,23411000.0,12084000.0,0.0,36950000,65677000,0.0,1144000.0,-4436000.0,-0.07381400069887016,-5580000.0,-0.09284989267351115,0.0,-5276000.0,-0.08779140389703313,379000.0,-5655000.0,-0.09409787510191857,-0.18,-0.18,31972752,31972752,https://www.sec.gov/Archives/edgar/data/1235468/000162828018005794/0001628280-18-005794-index.html,https://www.sec.gov/Archives/edgar/data/1235468/000162828018005794/lqdt3311810q.htm,1620594596,17:09:56,20210509
12,2017-12-31,LQDT,USD,2018-02-01 00:00:00,2018-02-01 13:18:03,Q1,61143000,27631000.0,33512000,0.5480921773547258,0.0,25672000.0,11622000.0,0.0,39964000,67595000,0.0,1211000.0,-5241000.0,-0.08571708944605269,-6452000.0,-0.10552311793664033,0.0,-6027000.0,-0.09857219959766449,-4815000.0,-1212000.0,-0.0198223835925617,-0.04,-0.04,31876603,31876603,https://www.sec.gov/Archives/edgar/data/1235468/000162828018000829/0001628280-18-000829-index.html,https://www.sec.gov/Archives/edgar/data/1235468/000162828018000829/lqdt12311710q.htm,1620594596,17:09:56,20210509
13,2017-09-30,LQDT,USD,2017-12-07 00:00:00,2017-12-06 18:00:17,Q4,61365000,28979000.0,32386000,0.5277601238490996,0.0,29380000.0,12402000.0,0.0,45957000,74936000,0.0,1568000.0,-12003000.0,-0.195600097775605,-13571000.0,-0.2211521225454249,0.0,-14509000.0,-0.2364377087916565,-542000.0,-13967000.0,-0.2276053124745376,-0.43815835708717144,-0.43815835708717144,31876603,31876603,https://www.sec.gov/Archives/edgar/data/1235468/000162828017012164/0001628280-17-012164-index.html,https://www.sec.gov/Archives/edgar/data/1235468/000162828017012164/lqdt_10kx93017.htm,1620594596,17:09:56,20210509
14,2017-06-30,LQDT,USD,2017-08-03 00:00:00,2017-08-03 15:02:58,Q3,65520000,30413000.0,35107000,0.5358211233211233,0.0,28390000.0,13462000.0,0.0,43869000,74282000,0.0,1365000.0,-7397000.0,-0.1128968253968254,-8762000.0,-0.13373015873015873,0.0,-8573000.0,-0.13084554334554335,41000.0,-8614000.0,-0.13147130647130648,-0.27,-0.27,31485599,31485599,https://www.sec.gov/Archives/edgar/data/1235468/000162828017007977/0001628280-17-007977-index.html,https://www.sec.gov/Archives/edgar/data/1235468/000162828017007977/lqdt6301710q.htm,1620594596,17:09:56,20210509
15,2017-03-31,LQDT,USD,2017-05-04 00:00:00,2017-05-04 16:07:34,Q2,72335000,34564000.0,37771000,0.5221676919886639,0.0,29305000.0,14109000.0,0.0,46167000,80731000,0.0,1434000.0,-6962000.0,-0.09624663026197552,-8396000.0,-0.11607105827054676,0.0,-8305000.0,-0.11481302274141149,-53000.0,-8252000.0,-0.1140803207299371,-0.26,-0.26,31361122,31361122,https://www.sec.gov/Archives/edgar/data/1235468/000162828017004929/0001628280-17-004929-index.html,https://www.sec.gov/Archives/edgar/data/1235468/000162828017004929/lqdt3311710q.htm,1620594596,17:09:56,20210509
16,2016-12-31,LQDT,USD,2017-02-09 00:00:00,2017-02-09 15:31:40,Q1,70796000,32271000.0,38525000,0.5441691620995537,0.0,31749000.0,14535000.0,0.0,46785000,79056000,0.0,1429000.0,-6831000.0,-0.09648850217526414,-8260000.0,-0.11667325837617945,0.0,-8294000.0,-0.11715351149782474,103000.0,-8397000.0,-0.1186083959545737,-0.27,-0.27,31261603,31261603,https://www.sec.gov/Archives/edgar/data/1235468/000162828017001061/0001628280-17-001061-index.html,https://www.sec.gov/Archives/edgar/data/1235468/000162828017001061/lqdt12311610q.htm,1620594596,17:09:56,20210509
17,2016-09-30,LQDT,USD,2016-11-21 00:00:00,2016-11-21 16:32:25,Q4,78513000,37025000.0,41488000,0.5284220447569192,0.0,37208000.0,8995000.0,0.0,47757000,84782000,0.0,1554000.0,-4715000.0,-0.060053749060665115,-6269000.0,-0.0798466495994294,-18998000.0,-24292000.0,-0.3094009909187014,29463000.0,-53755000.0,-0.684663686268516,-1.75,-1.75,30740977,30740977,https://www.sec.gov/Archives/edgar/data/1235468/000104746916016885/0001047469-16-016885-index.html,https://www.sec.gov/Archives/edgar/data/1235468/000104746916016885/a2230263z10-k.htm,1620594596,17:09:56,20210509
18,2016-06-30,LQDT,USD,2016-08-04,2016-08-04 16:55:35,Q3,85188000,39292000.0,45896000,0.5387613278865568,0.0,34246000.0,9967000.0,0.0,45829000,85121000,0.0,1616000.0,1683000.0,0.01975630370474715,67000.0,0.0007864957505751984,0.0,-141000.0,-0.0016551626989716863,-17000.0,-124000.0,-0.001455604075691412,-0.004036,-0.004036,30726554,30726554,https://www.sec.gov/Archives/edgar/data/1235468/000110465916137072/a16-11638_110q.htm,https://www.sec.gov/Archives/edgar/data/1235468/000110465916137072/a16-11638_110q.htm,1620594596,17:09:56,20210509
19,2016-03-31,LQDT,USD,2016-05-06 00:00:00,2016-05-06 09:57:50,Q2,86878000,39927000.0,46951000,0.5404245033265038,0.0,37650000.0,9148000.0,0.0,48458000,88385000,0.0,1660000.0,153000.0,0.0017610902645088515,-1507000.0,-0.017346163585717903,0.0,-1117000.0,-0.012857109970303184,-267000.0,-850000.0,-0.009783834802826952,-0.03,-0.03,30594940,30594940,https://www.sec.gov/Archives/edgar/data/1235468/000110465916118561/0001104659-16-118561-index.html,https://www.sec.gov/Archives/edgar/data/1235468/000110465916118561/a16-7268_110q.htm,1620594596,17:09:56,20210509
20,2015-12-31,LQDT,USD,2016-02-05 00:00:00,2016-02-05 09:31:56,Q1,65875000,26883000.0,38992000,0.5919089184060721,0.0,35232000.0,9460000.0,0.0,46364000,73247000,0.0,1672000.0,-5700000.0,-0.08652751423149906,-7372000.0,-0.1119089184060721,-39000.0,-7351000.0,-0.11159013282732448,-2154000.0,-5197000.0,-0.07889184060721062,-0.17,-0.17,30490670,30490670,https://www.sec.gov/Archives/edgar/data/1235468/000110465916094146/0001104659-16-094146-index.html,https://www.sec.gov/Archives/edgar/data/1235468/000110465916094146/a16-1453_110q.htm,1620594596,17:09:56,20210509
21,2015-09-30,LQDT,USD,2015-11-23 00:00:00,2015-11-23 17:11:08,Q4,79293000,33195000.0,46098000,0.5813627936892286,0.0,37962000.0,10027000.0,0.0,49983000,83178000,0.0,1994000.0,-1891000.0,-0.02384825898881364,-3885000.0,-0.04899549771102115,-59139000.0,-63110000.0,-0.7959088444124954,-19415000.0,-43695000.0,-0.5510574703946124,-1.46,-1.46,30026223,30026223,https://www.sec.gov/Archives/edgar/data/1235468/000104746915008919/0001047469-15-008919-index.html,https://www.sec.gov/Archives/edgar/data/1235468/000104746915008919/a2226702z10-k.htm,1620594596,17:09:56,20210509
22,2015-06-30,LQDT,USD,2015-08-07 00:00:00,2015-08-07 09:32:18,Q3,89746000,35838000.0,53908000,0.6006730104962895,0.0,41615000.0,10255000.0,0.0,53914000,89752000,0.0,2044000.0,2038000.0,0.022708532970828782,-6000.0,-6.685534731352929e-05,0.0,-14000.0,-0.000155995810398235,-1629000.0,1615000.0,0.01799523098522497,0.05,0.05,30011121,30011121,https://www.sec.gov/Archives/edgar/data/1235468/000110465915057489/0001104659-15-057489-index.html,https://www.sec.gov/Archives/edgar/data/1235468/000110465915057489/a15-12169_110q.htm,1620594596,17:09:56,20210509
23,2015-03-31,LQDT,USD,2015-05-08 00:00:00,2015-05-08 06:07:12,Q2,102943000,42661000.0,60282000,0.5855861981873464,0.0,43679000.0,10798000.0,0.0,56471000,99132000,0.0,1994000.0,5805000.0,0.056390429655246106,3811000.0,0.03702048706565769,0.0,3772000.0,0.03664163663386534,2391000.0,1381000.0,0.01341519093090351,0.05,0.05,29988324,29988324,https://www.sec.gov/Archives/edgar/data/1235468/000110465915035826/0001104659-15-035826-index.html,https://www.sec.gov/Archives/edgar/data/1235468/000110465915035826/a15-8106_110q.htm,1620594596,17:09:56,20210509
24,2014-12-31,LQDT,USD,2015-02-06,2015-02-06 10:03:01,Q1,125143000,54315000.0,70828000,0.5659765228578506,0.0,45998000.0,10385000.0,0.0,59586000,113901000,0.0,1992000.0,13234000.0,0.105751020832168,11242000.0,0.08983323078398313,-96238000.0,-85034000.0,-0.6794946581111209,-20918000.0,-64116000.0,-0.5123418808882638,-2.14,-2.14,29926273,29926273,https://www.sec.gov/Archives/edgar/data/1235468/000104746914009487/a2222204z10-k.htm,https://www.sec.gov/Archives/edgar/data/1235468/000104746914009487/a2222204z10-k.htm,1620594596,17:09:56,20210509
25,2014-09-30,LQDT,USD,2014-11-21 00:00:00,2014-11-21 16:37:50,Q4,118419000,55139000.0,63280000,0.5343737069220311,0.0,48094000.0,11000000.0,0.0,62757000,117896000,0.0,3426000.0,3949000.0,0.03334768913772283,523000.0,0.004416520997475067,0.0,450000.0,0.0038000658678083755,1157000.0,-707000.0,-0.005970325707867825,-0.02,-0.02,29664259,29664259,https://www.sec.gov/Archives/edgar/data/1235468/000104746914009487/0001047469-14-009487-index.html,https://www.sec.gov/Archives/edgar/data/1235468/000104746914009487/a2222204z10-k.htm,1620594596,17:09:56,20210509
26,2014-06-30,LQDT,USD,2014-08-08 00:00:00,2014-08-08 08:18:12,Q3,126965000,54537000.0,72428000,0.5704564249990155,0.0,47467000.0,10661000.0,0.0,62404000,116941000,0.0,1927000.0,11951000.0,0.09412830307565077,10024000.0,0.0789508919781042,18564000.0,28391000.0,0.22361280667900602,10018000.0,18373000.0,0.14470917181900525,0.59,0.59,30937394,30937394,https://www.sec.gov/Archives/edgar/data/1235468/000110465914058572/0001104659-14-058572-index.html,https://www.sec.gov/Archives/edgar/data/1235468/000110465914058572/a14-14211_110q.htm,1620594596,17:09:56,20210509
27,2014-03-31,LQDT,USD,2014-05-09 00:00:00,2014-05-09 09:30:52,Q2,128329000,54273000.0,74056000,0.5770792260517887,0.0,49804000.0,10459000.0,0.0,64508000,118781000,0.0,1973000.0,11521000.0,0.08977705740713322,9548000.0,0.07440251229262287,-85000.0,9384000.0,0.0731245470626281,3753000.0,5631000.0,0.043879403720125616,0.17470752003404424,0.17421849654047422,32231011,32321482,https://www.sec.gov/Archives/edgar/data/1235468/000110465914036827/0001104659-14-036827-index.html,https://www.sec.gov/Archives/edgar/data/1235468/000110465914036827/a14-10274_110q.htm,1620594596,17:09:56,20210509
28,2013-12-31,LQDT,USD,2014-02-07,2014-02-07 12:00:55,Q1,121948000,47710000.0,74238000,0.6087676714665267,0.0,48058000.0,9831000.0,0.0,62300000,110010000,0.0,2004000.0,13942000.0,0.11432741824384164,11938000.0,0.09789418440646833,-95000.0,11822000.0,0.09694295929412536,4729000.0,7093000.0,0.05816413553317808,0.2206696909790554,0.2171898094406681,32143064,32658070,https://www.sec.gov/Archives/edgar/data/1235468/000104746913010744/a2217376z10-k.htm,https://www.sec.gov/Archives/edgar/data/1235468/000104746913010744/a2217376z10-k.htm,1620594596,17:09:56,20210509
29,2013-09-30,LQDT,USD,2013-11-21 00:00:00,2013-11-21 16:05:28,Q4,129128000,52449000.0,76679000,0.5938216343473143,0.0,45237000.0,9742000.0,0.0,59378000,111827000,0.0,4157000.0,21458000.0,0.16617619726163188,17301000.0,0.1339833343659005,-95000.0,17138000.0,0.1327210210024162,6729000.0,10409000.0,0.08060993742642959,0.32383347150725894,0.32383347150725894,32143064,32143064,https://www.sec.gov/Archives/edgar/data/1235468/000104746913010744/0001047469-13-010744-index.html,https://www.sec.gov/Archives/edgar/data/1235468/000104746913010744/a2217376z10-k.htm,1620594596,17:09:56,20210509
30,2013-06-30,LQDT,USD,2013-08-09 00:00:00,2013-08-09 10:53:39,Q3,124199000,49977000.0,74222000,0.5976054557605134,0.0,40596000.0,10127000.0,0.0,55114000,105091000,0.0,1984000.0,21092000.0,0.1698242336894822,19108000.0,0.1538498699667469,-239000.0,18813000.0,0.15147464955434423,7525000.0,11288000.0,0.0908864000515302,0.36,0.35,31651061,32540187,https://www.sec.gov/Archives/edgar/data/1235468/000110465913062106/0001104659-13-062106-index.html,https://www.sec.gov/Archives/edgar/data/1235468/000110465913062106/a13-13997_110q.htm,1620594596,17:09:56,20210509
31,2013-03-31,LQDT,USD,2013-05-07 00:00:00,2013-05-07 10:39:16,Q2,130324000,49946000.0,80378000,0.6167551640526687,0.0,44188000.0,9973000.0,0.0,58548000,108494000,0.0,1980000.0,23810000.0,0.18269850526380405,21830000.0,0.16750560142414292,-212000.0,21522000.0,0.16514226082686229,8824000.0,12698000.0,0.0974340873515239,0.4,0.39,31561412,32331686,https://www.sec.gov/Archives/edgar/data/1235468/000110465913038007/0001104659-13-038007-index.html,https://www.sec.gov/Archives/edgar/data/1235468/000110465913038007/a13-9459_110q.htm,1620594596,17:09:56,20210509
32,2012-12-31,LQDT,USD,2013-02-08 00:00:00,2013-02-08 10:44:04,Q1,122205000,47122000.0,75083000,0.6144020293768667,0.0,44925000.0,10328000.0,0.0,59450000,106572000,0.0,1987000.0,17620000.0,0.14418395319340452,15633000.0,0.12792438934577144,-5376000.0,11181000.0,0.09149380139928809,4472000.0,6709000.0,0.05489955402806759,0.21,0.2,31482853,33054264,https://www.sec.gov/Archives/edgar/data/1235468/000110465913008775/0001104659-13-008775-index.html,https://www.sec.gov/Archives/edgar/data/1235468/000110465913008775/a13-3277_110q.htm,1620594596,17:09:56,20210509
33,2012-09-30,LQDT,USD,2012-11-29 00:00:00,2012-11-29 14:15:24,Q4,122275000,50626000.0,71649000,0.5859660601104069,20025000.0,21560000.0,10443000.0,0.0,55627000,106253000,593000.0,1715000.0,17737000.0,0.14505827029237375,16022000.0,0.13103250868942956,-7257000.0,8172000.0,0.06683295849519526,2627000.0,5545000.0,0.04534859946841137,0.17612762096243312,0.17612762096243312,31482853,31482853,https://www.sec.gov/Archives/edgar/data/1235468/000104746912010864/0001047469-12-010864-index.html,https://www.sec.gov/Archives/edgar/data/1235468/000104746912010864/a2211908z10-k.htm,1620594596,17:09:56,20210509
34,2012-06-30,LQDT,USD,2012-08-03 00:00:00,2012-08-03 16:05:31,Q3,121273000,49187000.0,72086000,0.5944109570967981,15943000.0,18884000.0,7364000.0,0.0,45688000,94875000,517000.0,1477000.0,27875000.0,0.2298533061769726,26398000.0,0.21767417314653714,-1109000.0,24772000.0,0.20426640719698533,9909000.0,14863000.0,0.12255819514648768,0.48,0.45,31140261,33183165,https://www.sec.gov/Archives/edgar/data/1235468/000110465912054150/0001104659-12-054150-index.html,https://www.sec.gov/Archives/edgar/data/1235468/000110465912054150/a12-13670_110q.htm,1620594596,17:09:56,20210509
35,2012-03-31,LQDT,USD,2012-05-04,2012-05-04 16:02:25,Q2,125724000,55024000.0,70700000,0.5623429098660558,15802000.0,19600000.0,6909000.0,0.0,45836000,100860000,583000.0,1505000.0,26369000.0,0.20973720212529032,24864000.0,0.197766536222201,6989000.0,31270000.0,0.24871941713594858,12508000.0,18762000.0,0.14923165028156915,0.61,0.57,30840322,32778428,https://www.sec.gov/Archives/edgar/data/1235468/000110465912033189/a12-7107_110q.htm,https://www.sec.gov/Archives/edgar/data/1235468/000110465912033189/a12-7107_110q.htm,1620594596,17:09:56,20210509
36,2011-12-31,LQDT,USD,2012-02-08 00:00:00,2012-02-08 16:02:42,Q1,106031000,43285000.0,62746000,0.5917703313181994,15783000.0,20304000.0,6535000.0,0.0,46168000,89453000,525000.0,1526000.0,18104000.0,0.1707425186973621,16578000.0,0.15635050126849695,-318000.0,15735000.0,0.14839999622751837,6609000.0,9126000.0,0.0860691684507361,0.3,0.28,30393309,32382518,https://www.sec.gov/Archives/edgar/data/1235468/000110465912007807/0001104659-12-007807-index.html,https://www.sec.gov/Archives/edgar/data/1235468/000110465912007807/a12-2495_110q.htm,1620594596,17:09:56,20210509
37,2011-09-30,LQDT,USD,2011-12-09 00:00:00,2011-12-09 13:13:20,Q4,70707000,18167000.0,52540000,0.7430664573521716,10922000.0,20056000.0,5295000.0,0.0,37425000,55592000,0.0,949000.0,16064000.0,0.22719108433394147,15115000.0,0.2137694994837852,14887000.0,28861000.0,0.40817740817740816,13567000.0,3127000.0,0.0442247585104728,0.10288448684544352,0.10288448684544352,30393309,30393309,https://www.sec.gov/Archives/edgar/data/1235468/000104746911010022/0001047469-11-010022-index.html,https://www.sec.gov/Archives/edgar/data/1235468/000104746911010022/a2206605z10-k.htm,1620594596,17:09:56,20210509
38,2011-06-30,LQDT,USD,2011-08-09 00:00:00,2011-08-09 14:29:09,Q3,86058000,34572000.0,51486000,0.5982709335564387,13569000.0,19252000.0,5789000.0,0.0,40204000,74776000,0.0,1391000.0,12673000.0,0.14726114945734273,11282000.0,0.13109763182969625,-16894000.0,-5607000.0,-0.06515373352855051,-4550000.0,-1057000.0,-0.012282414185781682,-0.04,-0.04,27928750,27928750,https://www.sec.gov/Archives/edgar/data/1235468/000110465911045300/0001104659-11-045300-index.html,https://www.sec.gov/Archives/edgar/data/1235468/000110465911045300/a11-14172_110q.htm,1620594596,17:09:56,20210509
39,2011-03-31,LQDT,USD,2011-05-10 00:00:00,2011-05-10 15:46:38,Q2,92103000,40717000.0,51386000,0.5579188517203566,14363000.0,19136000.0,6180000.0,0.0,41234000,81951000,0.0,1351000.0,11503000.0,0.12489278307981282,10152000.0,0.11022442265724243,0.0,10118000.0,0.10985527072950936,5059000.0,5059000.0,0.05492763536475468,0.19,0.18,27298989,28068461,https://www.sec.gov/Archives/edgar/data/1235468/000110465911027797/0001104659-11-027797-index.html,https://www.sec.gov/Archives/edgar/data/1235468/000110465911027797/a11-10509_110q.htm,1620594596,17:09:56,20210509
40,2010-12-31,LQDT,USD,2011-02-04,2011-02-04 12:34:55,Q1,78511000,32939000.0,45572000,0.5804536943867739,13324000.0,17358000.0,6015000.0,0.0,38090000,71029000,0.0,1190000.0,8672000.0,0.1104558596884513,7482000.0,0.09529874794614768,-4695000.0,2766000.0,0.03523073199933767,1383000.0,1383000.0,0.017615365999668835,0.050831968257916776,0.048884766340360555,27207288,28291022,https://www.sec.gov/Archives/edgar/data/1235468/000104746910010322/a2201287z10-k.htm,https://www.sec.gov/Archives/edgar/data/1235468/000104746910010322/a2201287z10-k.htm,1620594596,17:09:56,20210509
41,2010-09-30,LQDT,USD,2010-12-10 00:00:00,2010-12-10 16:55:12,Q4,72945000,28464000.0,44481000,0.6097881965864692,12808000.0,18883000.0,6371000.0,0.0,39451000,67915000,0.0,1186000.0,6216000.0,0.08521488792926177,5030000.0,0.06895606278703133,0.0,5008000.0,0.06865446569333059,2502000.0,2506000.0,0.03435465076427446,0.09210767350277617,0.09210767350277617,27207288,27207288,https://www.sec.gov/Archives/edgar/data/1235468/000104746910010322/0001047469-10-010322-index.html,https://www.sec.gov/Archives/edgar/data/1235468/000104746910010322/a2201287z10-k.htm,1620594596,17:09:56,20210509
42,2010-06-30,LQDT,USD,2010-08-09 00:00:00,2010-08-09 15:09:53,Q3,72751000,30378000.0,42373000,0.5824387293645448,11982000.0,16404000.0,5221000.0,0.0,34868000,65246000,0.0,1058000.0,8563000.0,0.11770284944536845,7505000.0,0.1031600940193262,-524000.0,7031000.0,0.09664471966021086,4041000.0,2990000.0,0.04109909142142376,0.1109062251515808,0.10923917943912587,26959713,27371132,https://www.sec.gov/Archives/edgar/data/1235468/000110465910043127/0001104659-10-043127-index.html,https://www.sec.gov/Archives/edgar/data/1235468/000110465910043127/a10-13045_110q.htm,1620594596,17:09:56,20210509
43,2010-03-31,LQDT,USD,2010-05-10 00:00:00,2010-05-10 16:59:56,Q2,75782000,33358000.0,42424000,0.5598163152199731,12156000.0,17543000.0,5011000.0,0.0,35883000,69241000,0.0,970000.0,7511000.0,0.09911324588952522,6541000.0,0.08631337256868386,0.0,6596000.0,0.08703913858172126,3019000.0,3577000.0,0.047201182338813964,0.13225313908944694,0.13136773608401778,27046617,27228908,https://www.sec.gov/Archives/edgar/data/1235468/000110465910027321/0001104659-10-027321-index.html,https://www.sec.gov/Archives/edgar/data/1235468/000110465910027321/a10-9425_110q.htm,1620594596,17:09:56,20210509
44,2009-12-31,LQDT,USD,2010-02-09 00:00:00,2010-02-09 12:37:47,Q1,65313000,26950000.0,38363000,0.5873715799304886,12086000.0,14931000.0,4647000.0,0.0,32778000,59728000,0.0,911000.0,6496000.0,0.09945952566870302,5585000.0,0.08551130709047204,0.0,5571000.0,0.0852969546644619,2631000.0,2940000.0,0.04501400946212852,0.10675649511599929,0.1062398148449616,27539308,27673241,https://www.sec.gov/Archives/edgar/data/1235468/000110465910005617/0001104659-10-005617-index.html,https://www.sec.gov/Archives/edgar/data/1235468/000110465910005617/a10-3102_110q.htm,1620594596,17:09:56,20210509
45,2009-09-30,LQDT,USD,2009-12-11 00:00:00,2009-12-11 14:16:54,Q4,62920000,24611000.0,38309000,0.6088525111252384,11460000.0,16603000.0,4950000.0,0.0,34188000,58799000,0.0,972000.0,5093000.0,0.08094405594405595,4121000.0,0.06549586776859505,0.0,4278000.0,0.06799109980928163,3636000.0,642000.0,0.010203432930705659,0.023312132606963108,0.023312132606963108,27539308,27539308,https://www.sec.gov/Archives/edgar/data/1235468/000104746909010688/0001047469-09-010688-index.html,https://www.sec.gov/Archives/edgar/data/1235468/000104746909010688/a2195805z10-k.htm,1620594596,17:09:56,20210509
46,2009-06-30,LQDT,USD,2009-08-07 00:00:00,2009-08-07 12:03:11,Q3,58045000,20688000.0,37357000,0.6435868722542855,11413000.0,14252000.0,4398000.0,0.0,31094000,51782000,0.0,828000.0,7091000.0,0.12216383840124041,6263000.0,0.10789904384529245,0.0,6296000.0,0.10846756826600051,2896000.0,3400000.0,0.058575243345680074,0.12379762918073241,0.1233823485438125,27464177,27556616,https://www.sec.gov/Archives/edgar/data/1235468/000110465909048101/0001104659-09-048101-index.html,https://www.sec.gov/Archives/edgar/data/1235468/000110465909048101/a09-18902_110q.htm,1620594596,17:09:56,20210509
47,2009-03-31,LQDT,USD,2009-05-06 00:00:00,2009-05-06 14:08:19,Q2,59676000,22703000.0,36973000,0.6195623031034252,11678000.0,16928000.0,4474000.0,0.0,33961000,56664000,0.0,678000.0,3690000.0,0.06183390307661371,3012000.0,0.050472551779609895,0.0,3102000.0,0.051980695757088274,1427000.0,1675000.0,0.028068235136403243,0.06030056610171456,0.059881213547311254,27777517,27972045,https://www.sec.gov/Archives/edgar/data/1235468/000110465909029914/0001104659-09-029914-index.html,https://www.sec.gov/Archives/edgar/data/1235468/000110465909029914/a09-12170_110q.htm,1620594596,17:09:56,20210509
48,2008-12-31,LQDT,USD,2009-02-06 00:00:00,2009-02-06 13:45:06,Q1,55642000,18589000.0,37053000,0.6659178318536357,11927000.0,24516000.0,0.0,0.0,37285000,55874000,0.0,639000.0,407000.0,0.007314618453686065,-232000.0,-0.004169512238956184,0.0,4000.0,7.18881420509687e-05,2000.0,2000.0,3.594407102548435e-05,7.136155273604474e-05,7.136155273604474e-05,28026296,28026296,https://www.sec.gov/Archives/edgar/data/1235468/000110465909007227/0001104659-09-007227-index.html,https://www.sec.gov/Archives/edgar/data/1235468/000110465909007227/a09-4771_110q.htm,1620594596,17:09:56,20210509
49,2008-09-30,LQDT,USD,2008-12-08 00:00:00,2008-12-08 16:45:19,Q4,70362000,20186000.0,50176000,0.7131121912395896,10823000.0,10060000.0,0.0,0.0,45203000,65389000,0.0,647000.0,5620000.0,0.07987265853727865,4973000.0,0.07067735425371649,-23470000.0,5066000.0,0.07199909041812341,2370000.0,2696000.0,0.03831613655097922,0.09619537308818832,0.09619537308818832,28026296,28026296,https://www.sec.gov/Archives/edgar/data/1235468/000104746908012900/0001047469-08-012900-index.html,https://www.sec.gov/Archives/edgar/data/1235468/000104746908012900/a2189546z10-k.htm,1620594596,17:09:56,20210509
50,2008-06-30,LQDT,USD,2008-08-08 00:00:00,2008-08-08 16:51:27,Q3,71473000,19552000.0,51921000,0.7264421529808459,10411000.0,10296000.0,0.0,0.0,45694000,65246000,0.0,584000.0,6811000.0,0.09529472668000503,6227000.0,0.08712380899080771,-24200000.0,6519000.0,0.09120926783540638,2672000.0,3847000.0,0.05382452114784604,0.13756647586157128,0.13623896179324047,27964662,28237150,https://www.sec.gov/Archives/edgar/data/1235468/000110465908051426/0001104659-08-051426-index.html,https://www.sec.gov/Archives/edgar/data/1235468/000110465908051426/a08-19188_110q.htm,1620594596,17:09:56,20210509
51,2008-03-31,LQDT,USD,2008-05-09 00:00:00,2008-05-09 14:43:12,Q2,62839000,16162000.0,46677000,0.742803036330941,10300000.0,31822000.0,0.0,0.0,42790000,58952000,0.0,465000.0,4352000.0,0.06925635353840767,3887000.0,0.0618564903960916,0.0,4508000.0,0.0717388882700234,1862000.0,2646000.0,0.04210760833240503,0.09466303340928915,0.09362685931672703,27951777,28261121,https://www.sec.gov/Archives/edgar/data/1235468/000110465908031787/0001104659-08-031787-index.html,https://www.sec.gov/Archives/edgar/data/1235468/000110465908031787/a08-13779_110q.htm,1620594596,17:09:56,20210509
52,2007-12-31,LQDT,USD,2008-02-08,2008-02-08 11:49:04,Q1,59266000,15403000.0,43863000,0.7401039381770323,9977000.0,29778000.0,0.0,0.0,40346000,55749000,0.0,388000.0,3905000.0,0.06588938008301555,3517000.0,0.05934262477643168,0.0,4005000.0,0.06757668815172274,1642000.0,2363000.0,0.03987108966355077,0.08456156047606261,0.08406951378291751,27944139,28107692,https://www.sec.gov/Archives/edgar/data/1235468/000104746907009840/a2181477z10-k.htm,https://www.sec.gov/Archives/edgar/data/1235468/000104746907009840/a2181477z10-k.htm,1620594596,17:09:56,20210509
53,2007-09-30,LQDT,USD,2007-12-07 00:00:00,2007-12-07 15:12:35,Q4,51668000,13442000.0,38226000,0.7398389718974994,9052000.0,8170000.0,0.0,0.0,33561000,47003000,0.0,367000.0,5032000.0,0.0973910350700627,4665000.0,0.09028799256793373,-15769000.0,5217000.0,0.10097158782999148,2038000.0,3179000.0,0.06152744445304637,0.11376267488506266,0.11376267488506266,27944139,27944139,https://www.sec.gov/Archives/edgar/data/1235468/000104746907009840/0001047469-07-009840-index.html,https://www.sec.gov/Archives/edgar/data/1235468/000104746907009840/a2181477z10-k.htm,1620594596,17:09:56,20210509
54,2007-06-30,LQDT,USD,2007-08-03 00:00:00,2007-08-03 17:05:09,Q3,52505000,13441000.0,39064000,0.7440053328254452,8125000.0,8260000.0,0.0,0.0,34352000,47793000,0.0,355000.0,5067000.0,0.09650509475288067,4712000.0,0.089743833920579,-17409000.0,5187000.0,0.09879059137225026,2134000.0,3053000.0,0.058146843157794496,0.10959498138985319,0.10779836233349381,27857115,28321395,https://www.sec.gov/Archives/edgar/data/1235468/000110465907058806/0001104659-07-058806-index.html,https://www.sec.gov/Archives/edgar/data/1235468/000110465907058806/a07-19260_110q.htm,1620594596,17:09:56,20210509
55,2007-03-31,LQDT,USD,2007-05-03 00:00:00,2007-05-03 16:59:46,Q2,49281000,11698000.0,37583000,0.7626265700777176,8397000.0,25005000.0,0.0,0.0,33914000,45612000,0.0,309000.0,3978000.0,0.08072076459487429,3669000.0,0.0744505996225726,0.0,4220000.0,0.08563137923337595,1746000.0,2474000.0,0.05020190337046732,0.08928739635137196,0.08672549861815854,27708278,28526789,https://www.sec.gov/Archives/edgar/data/1235468/000110465907035449/0001104659-07-035449-index.html,https://www.sec.gov/Archives/edgar/data/1235468/000110465907035449/a07-11488_110q.htm,1620594596,17:09:56,20210509
56,2006-12-31,LQDT,USD,2007-02-09,2007-02-08 19:49:32,Q1,45167000,8462000.0,36705000,0.8126508291451724,7843000.0,25129000.0,0.0,0.0,33448000,41910000,0.0,273000.0,3530000.0,0.07815440476454048,3257000.0,0.0721101689286426,0.0,3855000.0,0.08534992361679987,1542000.0,2313000.0,0.051209954170079924,0.0838121854800987,0.08130215899939504,27597419,28449429,https://www.sec.gov/Archives/edgar/data/1235468/000110465906083372/a06-25894_110k.htm,https://www.sec.gov/Archives/edgar/data/1235468/000110465906083372/a06-25894_110k.htm,1620594596,17:09:56,20210509
57,2006-09-30,LQDT,USD,2006-12-22,2006-12-21 19:45:24,Q4,39755000,3755000.0,36000000,0.9055464721418689,5966000.0,85708000.0,0.0,0.0,32680000,36435000,0.0,226000.0,3546000.0,0.08919632750597409,3320000.0,0.08351150798641681,0.0,3870000.0,0.09734624575525092,1640000.0,2230000.0,0.05609357313545466,0.08080465785586688,0.08080465785586688,27597419,27597419,https://www.sec.gov/Archives/edgar/data/1235468/000110465906083372/a06-25894_110k.htm,https://www.sec.gov/Archives/edgar/data/1235468/000110465906083372/a06-25894_110k.htm,1620594596,17:09:56,20210509
58,2006-06-30,LQDT,USD,2006-08-11,2006-08-11 17:12:14,Q3,38750000,3442000.0,35308000,0.9111741935483871,5321000.0,5754000.0,0.0,0.0,31991000,35433000,0.0,179000.0,3496000.0,0.09021935483870967,3317000.0,0.0856,-20534000.0,3771000.0,0.09731612903225806,1416000.0,2355000.0,0.0607741935483871,0.09,0.08,27347778,28291280,https://www.sec.gov/Archives/edgar/data/1235468/000110465906054148/a06-15809_110q.htm,https://www.sec.gov/Archives/edgar/data/1235468/000110465906054148/a06-15809_110q.htm,1620594596,17:09:56,20210509
59,2006-03-31,LQDT,USD,2006-05-12,2006-05-12,Q2,37101000,2595000.0,34506000,0.9300557936443762,4739000.0,0.0,0.0,0.0,31108000,33703000,0.0,170000.0,3568000.0,0.09616991455755909,3398000.0,0.09158782782135252,0.0,3187000.0,0.08590064957817849,1259000.0,1928000.0,0.05196625427886041,0.08,0.08,22409104,25052464,https://www.sec.gov/Archives/edgar/data/1235468/000110465906034266/0001104659-06-034266-index.htm,https://www.sec.gov/Archives/edgar/data/1235468/000110465906034266/a06-11408_110q.htm,1620594596,17:09:56,20210509
60,2005-12-31,LQDT,USD,2005-12-31,2005-12-31,Q1,32207000,2367000.0,29840000,0.9265066600428479,4055000.0,0.0,0.0,0.0,27030000,29397000,0.0,153000.0,2963000.0,0.09199863383736455,2810000.0,0.08724811376408856,0.0,2447000.0,0.07597727202161021,979000.0,1468000.0,0.04558015338280498,0.08,0.06,19034172,22848367,,,1620594596,17:09:56,20210509
