,date,symbol,reportedCurrency,fillingDate,acceptedDate,period,revenue,costOfRevenue,grossProfit,grossProfitRatio,researchAndDevelopmentExpenses,generalAndAdministrativeExpenses,sellingAndMarketingExpenses,otherExpenses,operatingExpenses,costAndExpenses,interestExpense,depreciationAndAmortization,ebitda,ebitdaratio,operatingIncome,operatingIncomeRatio,totalOtherIncomeExpensesNet,incomeBeforeTax,incomeBeforeTaxRatio,incomeTaxExpense,netIncome,netIncomeRatio,eps,epsdiluted,weightedAverageShsOut,weightedAverageShsOutDil,link,finalLink,timestamp,est_time,est_date
0,2019-12-31,CORV,USD,2020-01-28 00:00:00,2020-01-28 13:00:11,Q4,11325000.0,2899000.0,8426000.0,0.7440176600441502,0.0,11327000.0,0.0,0.0,12324000.000000002,15223000.000000002,-781000.0,996999.9999999999,-2901000.0,-0.256158940397351,-3898000.0,-0.3441942604856512,-155000.0,-4834000.0,-0.4268432671081678,107000.0,-4941000.0,-0.43629139072847684,-0.09672,-0.09672,51083150.0,51083150.0,https://www.sec.gov/Archives/edgar/data/1036141/000127956920000110/0001279569-20-000110-index.html,https://www.sec.gov/Archives/edgar/data/1036141/000127956920000110/correvio6k.htm,1620590575,16:02:55,20210509
1,2019-09-30,CORV,USD,2019-11-04 00:00:00,2019-11-04 16:47:51,Q3,6669000.0,2274000.0,4395000.0,0.6590193432298695,0.0,11186000.0,0.0,0.0,12170000.000000002,14444000.000000002,-2947000.0,984000.0,-6791000.0,-1.0182935972409657,-7775000.0,-1.1658419553156396,-41000.0,-10763000.0,-1.6138851402009298,15000.0,-10778000.0,-1.6161343529764582,-0.23024,-0.23024,46811920.0,46811920.0,https://www.sec.gov/Archives/edgar/data/1036141/000127956919002248/0001279569-19-002248-index.html,https://www.sec.gov/Archives/edgar/data/1036141/000127956919002248/correvio6k.htm,1620590575,16:02:55,20210509
2,2019-06-30,CORV,USD,2019-07-25 00:00:00,2019-07-25 13:20:28,Q2,7389000.0,2413000.0,4976000.0,0.6734334822032751,0.0,12615000.0,0.0,0.0,13591000.000000002,16004000.000000002,-1815000.0,976000.0,-7639000.0,-1.0338340776830424,-8615000.0,-1.1659223169576398,-9000.0,-10439000.0,-1.4127757477331169,30000.0,-10469000.0,-1.416835837055082,-0.25977,-0.25977,40301290.0,40301290.0,https://www.sec.gov/Archives/edgar/data/1036141/000127956919001582/0001279569-19-001582-index.html,https://www.sec.gov/Archives/edgar/data/1036141/000127956919001582/correvio6k.htm,1620590575,16:02:55,20210509
3,2019-03-31,CORV,USD,2019-04-02 00:00:00,2019-04-02 13:02:23,Q1,7251000.0,2241000.0,5010000.0,0.6909391808026479,0.0,11191000.0,0.0,0.0,12175000.0,14416000.0,-1706000.0,984000.0,-6181000.0,-0.852434147014205,-7165000.0,-0.9881395669562819,-98000.0,-8969000.0,-1.2369328368500896,27000.0,-8996000.0,-1.2406564611777686,-0.23174,-0.23174,38819000.0,38819000.0,https://www.sec.gov/Archives/edgar/data/1036141/000127956919000803/0001279569-19-000803-index.html,https://www.sec.gov/Archives/edgar/data/1036141/000127956919000803/correvio6k.htm,1620590575,16:02:55,20210509
4,2018-12-31,CORV,USD,2019-01-02 00:00:00,2019-01-02 13:03:43,Q4,8946000.0,1896000.0,7050000.0,0.7880617035546613,0.0,9859000.0,0.0,0.0,10841000.000000002,12737000.000000002,-2456000.0,981999.9999999998,-2809000.0,-0.31399508160071543,-3791000.0,-0.42376481108875474,-297000.0,-6544000.0,-0.731500111781802,-102000.0,-6442000.0,-0.7200983679856919,-0.17841,-0.17841,36106930.0,36106930.0,https://www.sec.gov/Archives/edgar/data/1036141/000127956919000006/0001279569-19-000006-index.html,https://www.sec.gov/Archives/edgar/data/1036141/000127956919000006/correvio6k.htm,1620590575,16:02:55,20210509
5,2018-09-30,CORV,USD,2018-10-23 00:00:00,2018-10-23 13:14:34,Q3,7007000.0,2135000.0,4872000.0,0.6953046953046953,0.0,9186000.0,0.0,0.0,10175000.0,12310000.0,-1634000.0,991000.0000000001,-4312000.0,-0.6153846153846154,-5303000.0,-0.7568146139574711,-129000.0,-7066000.0,-1.0084201512772941,39000.0,-7105000.0,-1.013986013986014,-0.20324,-0.20324,34958010.0,34958010.0,https://www.sec.gov/Archives/edgar/data/1036141/000127956918002082/0001279569-18-002082-index.html,https://www.sec.gov/Archives/edgar/data/1036141/000127956918002082/correvio6k.htm,1620590575,16:02:55,20210509
6,2018-06-30,CORV,USD,2018-07-10 00:00:00,2018-07-10 09:27:34,Q2,6180000.0,1960000.0,4220000.0,0.6828478964401294,0.0,12630000.0,0.0,0.0,-4640000.000000001,-2680000.000000001,-3340000.0,1210000.0,10070000.0,1.6294498381877023,8860000.0,1.4336569579288025,-40000.0,5470000.0,0.8851132686084142,50000.0,5430000.0,0.8786407766990292,0.15523,0.15523,34980000.0,34980000.0,https://www.sec.gov/Archives/edgar/data/1036141/000127956918001444/0001279569-18-001444-index.html,https://www.sec.gov/Archives/edgar/data/1036141/000127956918001444/tv498235_6k.htm,1620590575,16:02:55,20210509
7,2018-03-31,CORV,USD,2018-04-02 00:00:00,2018-04-02 12:13:33,Q1,6540000.0,2300000.0,4240000.0,0.6483180428134556,0.0,10900000.0,0.0,0.0,11860000.0,14160000.0,-680000.0,960000.0,-6660000.0,-1.018348623853211,-7620000.0,-1.165137614678899,-110000.0,-8410000.0,-1.2859327217125383,60000.0,-8460000.0,-1.2935779816513762,-0.24416,-0.24416,34650000.0,34650000.0,https://www.sec.gov/Archives/edgar/data/1036141/000127956918000640/0001279569-18-000640-index.html,https://www.sec.gov/Archives/edgar/data/1036141/000127956918000640/cardiome6k.htm,1620590575,16:02:55,20210509
8,2017-12-31,CORV,USD,2018-01-10 00:00:00,2018-01-10 14:03:17,Q4,7030000.0,1930000.0,5100000.0,0.7254623044096729,0.0,10420000.0,0.0,0.0,11370000.000000002,13300000.000000002,-1590000.0,950000.0000000002,-5310000.0,-0.7553342816500711,-6260000.0,-0.8904694167852063,-230000.0,-8090000.0,-1.1507823613086772,-7340000.0,-8340000.0,-1.1863442389758179,-0.24118,-0.24118,34580000.0,34580000.0,https://www.sec.gov/Archives/edgar/data/1036141/000127956918000047/0001279569-18-000047-index.html,https://www.sec.gov/Archives/edgar/data/1036141/000127956918000047/cardiome6k.htm,1620590575,16:02:55,20210509
9,2017-09-30,CORV,USD,2017-10-30 00:00:00,2017-10-30 12:18:44,Q3,6020000.0,1490000.0,4530000.0,0.7524916943521595,0.0,8480000.0,0.0,0.0,9370000.0,10860000.0,-1510000.0,889999.9999999999,-3950000.0,-0.6561461794019934,-4840000.0,-0.8039867109634552,-200000.0,-6550000.0,-1.0880398671096345,70000.0,-6620000.0,-1.0996677740863787,-0.19563,-0.19563,33840000.0,33840000.0,https://www.sec.gov/Archives/edgar/data/1036141/000127956917002024/0001279569-17-002024-index.html,https://www.sec.gov/Archives/edgar/data/1036141/000127956917002024/cardiome6k.htm,1620590575,16:02:55,20210509
10,2017-06-30,CORV,USD,2017-07-05 00:00:00,2017-07-05 07:22:48,Q2,5750000.0,1720000.0,4030000.0,0.7008695652173913,0.0,9580000.0,0.0,0.0,10420000.0,12140000.0,-690000.0,840000.0,-5550000.0,-0.9652173913043478,-6390000.0,-1.111304347826087,-1450000.0,-8520000.0,-1.4817391304347827,-10000.0,-8510000.0,-1.48,-0.26233,-0.26233,32440000.0,32440000.0,https://www.sec.gov/Archives/edgar/data/1036141/000127956917001364/0001279569-17-001364-index.html,https://www.sec.gov/Archives/edgar/data/1036141/000127956917001364/cardiome6k.htm,1620590575,16:02:55,20210509
11,2017-03-31,CORV,USD,2017-04-03 00:00:00,2017-04-03 15:21:01,Q1,5200000.0,1640000.0,3560000.0,0.6846153846153846,0.0,8220000.0,0.0,0.0,9049999.999999998,10689999.999999998,-720000.0,840000.0,-4650000.0,-0.8942307692307693,-5490000.0,-1.0557692307692308,-80000.0,-6290000.0,-1.2096153846153845,40000.0,-6330000.0,-1.2173076923076922,-0.19849,-0.19849,31890000.0,31890000.0,https://www.sec.gov/Archives/edgar/data/1036141/000127956917000676/0001279569-17-000676-index.html,https://www.sec.gov/Archives/edgar/data/1036141/000127956917000676/cardiome6k.htm,1620590575,16:02:55,20210509
12,2016-12-31,CORV,USD,2017-02-27 00:00:00,2017-02-27 13:38:33,Q4,7020000.0,1860000.0,5160000.0,0.7350427350427351,0.0,9100000.0,0.0,0.0,9950000.000000002,11810000.000000002,-850000.0,850000.0000000001,-3940000.0,-0.5612535612535613,-4790000.0,-0.6823361823361823,-20000.0,-5660000.0,-0.8062678062678063,-70000.0,-5590000.0,-0.7962962962962963,-0.17513,-0.17513,31920000.0,31920000.0,https://www.sec.gov/Archives/edgar/data/1036141/000127956917000339/0001279569-17-000339-index.html,https://www.sec.gov/Archives/edgar/data/1036141/000127956917000339/cardiome6k.htm,1620590575,16:02:55,20210509
13,2016-09-30,CORV,USD,2016-10-14 00:00:00,2016-10-14 14:37:25,Q3,5240000.0,1340000.0,3900000.0,0.7442748091603053,0.0,7170000.0,0.0,0.0,8030000.0,9370000.0,-1070000.0,849999.9999999999,-3280000.0,-0.6259541984732825,-4130000.0,-0.7881679389312977,10000.0,-5200000.0,-0.9923664122137404,90000.0,-5280000.0,-1.0076335877862594,-0.18605,-0.18605,28380000.0,28380000.0,https://www.sec.gov/Archives/edgar/data/1036141/000127956916004492/0001279569-16-004492-index.html,https://www.sec.gov/Archives/edgar/data/1036141/000127956916004492/cardiome6k.htm,1620590575,16:02:55,20210509
14,2016-06-30,CORV,USD,2016-07-25 00:00:00,2016-07-25 17:02:48,Q2,5910000.0,1690000.0,4230000.0,0.7157360406091371,0.0,7980000.0,0.0,0.0,10120000.000000002,11810000.000000002,-1410000.0,750000.0,-5150000.0,-0.871404399323181,-5900000.0,-0.9983079526226735,-110000.0,-7420000.0,-1.2554991539763114,90000.0,-7510000.0,-1.2707275803722504,-0.36886,-0.36886,20360000.0,20360000.0,https://www.sec.gov/Archives/edgar/data/1036141/000127956916003939/0001279569-16-003939-index.html,https://www.sec.gov/Archives/edgar/data/1036141/000127956916003939/cardiome6k.htm,1620590575,16:02:55,20210509
15,2016-03-31,CORV,USD,2016-04-01 00:00:00,2016-03-31 19:28:42,Q1,7090000.0,1430000.0,5670000.0,0.7997179125528914,0.0,6270000.0,0.0,0.0,6790000.000000001,8220000.000000001,170000.0,530000.0,-600000.0,-0.0846262341325811,-1130000.0,-0.15937940761636107,-220000.0,-1190000.0,-0.16784203102961917,50000.0,-1230000.0,-0.17348377997179126,-0.06059,-0.06059,20300000.0,20300000.0,https://www.sec.gov/Archives/edgar/data/1036141/000127956916003088/0001279569-16-003088-index.html,https://www.sec.gov/Archives/edgar/data/1036141/000127956916003088/cardiome6k.htm,1620590575,16:02:55,20210509
16,2015-12-31,CORV,USD,2016-01-05 00:00:00,2016-01-05 13:32:19,Q4,4720000.0,2820000.0,1900000.0,0.4025423728813559,60000.0,8270000.0,0.0,0.0,8870000.0,11690000.0,-740000.0,550000.0000000003,-6430000.0,-1.3622881355932204,-6980000.0,-1.478813559322034,-50000.0,-7760000.0,-1.6440677966101696,-360000.0,-7400000.0,-1.5677966101694916,-0.36688,-0.36688,20170000.0,20170000.0,https://www.sec.gov/Archives/edgar/data/1036141/000127956916002440/0001279569-16-002440-index.html,https://www.sec.gov/Archives/edgar/data/1036141/000127956916002440/cardiome6k.htm,1620590575,16:02:55,20210509
17,2015-09-30,CORV,USD,2015-11-06 00:00:00,2015-11-06 16:24:45,Q3,4960000.0,1390000.0,3570000.0,0.719758064516129,20000.0,8030000.0,0.0,0.0,8590000.0,9980000.0,-580000.0,539999.9999999998,-4480000.0,-0.9032258064516129,-5020000.0,-1.0120967741935485,-40000.0,-5640000.0,-1.1370967741935485,170000.0,-5810000.0,-1.1713709677419355,-0.30954,-0.30954,18770000.0,18770000.0,https://www.sec.gov/Archives/edgar/data/1036141/000127956915002147/0001279569-15-002147-index.html,https://www.sec.gov/Archives/edgar/data/1036141/000127956915002147/cardiome6k.htm,1620590575,16:02:55,20210509
18,2015-06-30,CORV,USD,2015-07-10 00:00:00,2015-07-10 14:56:44,Q2,5740000.0,1150000.0,4580000.0,0.7979094076655052,3080000.0,8380000.0,0.0,0.0,12010000.0,13160000.0,160000.0,550000.0,-6880000.0,-1.1986062717770034,-7430000.0,-1.2944250871080138,-20000.0,-7290000.0,-1.2700348432055748,70000.0,-7360000.0,-1.2822299651567943,-0.4289,-0.4289,17160000.0,17160000.0,https://www.sec.gov/Archives/edgar/data/1036141/000127956915001402/0001279569-15-001402-index.html,https://www.sec.gov/Archives/edgar/data/1036141/000127956915001402/cardiome6k.htm,1620590575,16:02:55,20210509
19,2015-03-31,CORV,USD,2015-04-09 00:00:00,2015-04-09 16:22:33,Q1,5500000.0,1220000.0,4270000.0,0.7763636363636364,60000.0,6330000.0,0.0,0.0,6930000.000000001,8150000.000000001,-1050000.0,540000.0,-2120000.0,-0.38545454545454544,-2660000.0,-0.48363636363636364,-70000.0,-3780000.0,-0.6872727272727273,110000.0,-3890000.0,-0.7072727272727273,-0.23335,-0.23335,16670000.0,16670000.0,https://www.sec.gov/Archives/edgar/data/1036141/000127956915000684/0001279569-15-000684-index.html,https://www.sec.gov/Archives/edgar/data/1036141/000127956915000684/cardiome6k.htm,1620590575,16:02:55,20210509
20,2014-12-31,CORV,USD,2015-03-27 00:00:00,2015-03-27 16:53:37,Q4,6980000.0,3620000.0,3360000.0,0.4813753581661891,100000.0,9140000.0,0.0,0.0,9780000.000000002,13400000.000000002,-360000.0,539999.9999999998,-5880000.0,-0.8424068767908309,-6420000.0,-0.9197707736389685,-40000.0,-6820000.0,-0.9770773638968482,-340000.0,-6490000.0,-0.9297994269340975,-0.39262,-0.39262,16530000.0,16530000.0,https://www.sec.gov/Archives/edgar/data/1036141/000127956915000562/0001279569-15-000562-index.html,https://www.sec.gov/Archives/edgar/data/1036141/000127956915000562/v404240_40f.htm,1620590575,16:02:55,20210509
21,2014-09-30,CORV,USD,2014-11-03 00:00:00,2014-10-31 17:41:50,Q3,7810000.0,2670000.0,5130000.0,0.6568501920614597,230000.0,7860000.0,0.0,0.0,8610000.0,11280000.0,-560000.0,510000.0,-2960000.0,-0.37900128040973113,-3470000.0,-0.44430217669654287,-220000.0,-4250000.0,-0.5441741357234315,110000.0,-4370000.0,-0.559539052496799,-0.26453,-0.26453,16520000.0,16520000.0,https://www.sec.gov/Archives/edgar/data/1036141/000127956914001752/0001279569-14-001752-index.html,https://www.sec.gov/Archives/edgar/data/1036141/000127956914001752/cardiome6k.htm,1620590575,16:02:55,20210509
22,2014-06-30,CORV,USD,2014-07-21 00:00:00,2014-07-18 18:39:03,Q2,7670000.0,2240000.0,5420000.0,0.7066492829204694,60000.0,8810000.0,0.0,0.0,9430000.0,11670000.0,-100000.0,560000.0,-3450000.0,-0.4498044328552803,-4010000.0,-0.5228161668839635,20000.0,-4080000.0,-0.5319426336375489,160000.0,-4240000.0,-0.5528031290743155,-0.25666,-0.25666,16520000.0,16520000.0,https://www.sec.gov/Archives/edgar/data/1036141/000127956914001172/0001279569-14-001172-index.html,https://www.sec.gov/Archives/edgar/data/1036141/000127956914001172/cardiome6k.htm,1620590575,16:02:55,20210509
23,2014-03-31,CORV,USD,2014-04-07 00:00:00,2014-04-07 11:49:27,Q1,7590000.0,1490000.0,6100000.0,0.8036890645586298,250000.0,8000000.0,0.0,0.0,8780000.0,10270000.0,-440000.0,540000.0,-2140000.0,-0.28194993412384717,-2680000.0,-0.3530961791831357,100000.0,-3020000.0,-0.39789196310935443,120000.0,-3130000.0,-0.41238471673254284,-0.20404,-0.20404,15340000.0,15340000.0,https://www.sec.gov/Archives/edgar/data/1036141/000127956914000587/0001279569-14-000587-index.html,https://www.sec.gov/Archives/edgar/data/1036141/000127956914000587/cardiome6k.htm,1620590575,16:02:55,20210509
24,2013-12-31,CORV,USD,2013-12-31,2013-12-31,Q4,3870000.0,890000.0,2980000.0,0.7700258397932817,40000.0,7280000.0,0.0,0.0,10479999.999999998,11369999.999999998,230000.0,330000.0,-7170000.0,-1.8527131782945736,-7500000.0,-1.937984496124031,140000.0,-7130000.0,-1.8423772609819122,100000.0,-7230000.0,-1.8682170542635659,-0.5289,-0.5289,13670000.0,13670000.0,,,1620590575,16:02:55,20210509
25,2013-09-30,CORV,USD,2013-10-07 00:00:00,2013-10-07 16:35:49,Q3,480000.0,50000.0,430000.0,0.8958333333333334,30000.0,3950000.0,0.0,0.0,4090000.0,4140000.0,-110000.0,100000.0,-3560000.0,-7.416666666666667,-3660000.0,-7.625,160000.0,-3610000.0,-7.520833333333333,0.0,-3610000.0,-7.520833333333333,-0.28949,-0.28949,12470000.0,12470000.0,https://www.sec.gov/Archives/edgar/data/1036141/000127956913001346/0001279569-13-001346-index.html,https://www.sec.gov/Archives/edgar/data/1036141/000127956913001346/cardiome6k.htm,1620590575,16:02:55,20210509
26,2013-06-30,CORV,USD,2013-07-03 00:00:00,2013-07-03 12:19:26,Q2,110000.0,0.0,0.0,0.0,40000.0,2970000.0,0.0,0.0,3060000.0,3060000.0,0.0,110000.0,-2840000.0,-25.818181818181817,-2950000.0,-26.818181818181817,180000.0,-2770000.0,-25.181818181818183,0.0,-2770000.0,-25.181818181818183,-0.22213,-0.22213,12470000.0,12470000.0,https://www.sec.gov/Archives/edgar/data/1036141/000127956913000922/0001279569-13-000922-index.html,https://www.sec.gov/Archives/edgar/data/1036141/000127956913000922/cardiome6k.htm,1620590575,16:02:55,20210509
27,2013-03-31,CORV,USD,2013-04-02 00:00:00,2013-04-02 12:37:43,Q1,60000.0,0.0,0.0,0.0,370000.0,2240000.0,0.0,0.0,-18190000.0,-18190000.0,-10000.0,110000.0,18360000.0,306.0,18250000.0,304.1666666666667,150000.0,18390000.0,306.5,0.0,18390000.0,306.5,1.47002,1.47002,12510000.0,12510000.0,https://www.sec.gov/Archives/edgar/data/1036141/000127956913000422/0001279569-13-000422-index.html,https://www.sec.gov/Archives/edgar/data/1036141/000127956913000422/cardiome6k.htm,1620590575,16:02:55,20210509
28,2012-12-31,CORV,USD,2013-02-05 00:00:00,2013-02-04 18:30:59,Q4,80000.0,0.0,0.0,0.0,390000.0,2360000.0,0.0,0.0,-8340000.0,-8340000.0,-840000.0,250000.0,8680000.0,108.5,8430000.0,105.375,160000.0,7740000.0,96.75,0.0,7740000.0,96.75,0.62723,0.62723,12340000.0,12340000.0,https://www.sec.gov/Archives/edgar/data/1036141/000127956913000127/0001279569-13-000127-index.html,https://www.sec.gov/Archives/edgar/data/1036141/000127956913000127/cardiome6k.htm,1620590575,16:02:55,20210509
29,2012-09-30,CORV,USD,2012-10-25 00:00:00,2012-10-25 16:16:27,Q3,60000.0,0.0,0.0,0.0,450000.0,2500000.0,0.0,0.0,12490000.0,12490000.0,-1170000.0,510000.0,-11920000.0,-198.66666666666666,-12430000.0,-207.16666666666666,180000.0,-13410000.0,-223.5,0.0,-13410000.0,-223.5,-1.09648,-1.09648,12230000.0,12230000.0,https://www.sec.gov/Archives/edgar/data/1036141/000117184312003786/0001171843-12-003786-index.html,https://www.sec.gov/Archives/edgar/data/1036141/000117184312003786/document.htm,1620590575,16:02:55,20210509
30,2012-06-30,CORV,USD,2012-07-03 00:00:00,2012-07-03 13:47:58,Q2,210000.0,0.0,0.0,0.0,2260000.0,2210000.0,0.0,0.0,4860000.0,4860000.0,-1180000.0,229999.99999999997,-4420000.0,-21.047619047619047,-4650000.0,-22.142857142857142,150000.0,-5680000.0,-27.047619047619047,0.0,-5680000.0,-27.047619047619047,-0.46443,-0.46443,12230000.0,12230000.0,https://www.sec.gov/Archives/edgar/data/1036141/000117184312002462/0001171843-12-002462-index.html,https://www.sec.gov/Archives/edgar/data/1036141/000117184312002462/f6k_070312.htm,1620590575,16:02:55,20210509
31,2012-03-31,CORV,USD,2012-03-31,2012-03-31,Q1,430000.0,0.0,0.0,0.0,2930000.0,2550000.0,0.0,0.0,6520000.0,6520000.0,-1040000.0,240000.0,-5850000.0,-13.604651162790697,-6090000.0,-14.162790697674419,150000.0,-6970000.0,-16.209302325581394,0.0,-6970000.0,-16.209302325581394,-0.56991,-0.56991,12230000.0,12230000.0,,,1620590575,16:02:55,20210509
32,2011-12-31,CORV,USD,2012-03-20 00:00:00,2012-03-20 13:14:35,Q4,400000.0,0.0,0.0,0.0,3440000.0,2100000.0,0.0,0.0,5900000.0,5900000.0,-550000.0,270000.0000000001,-5230000.0,-13.075,-5500000.0,-13.75,150000.0,-5900000.0,-14.75,0.0,-5900000.0,-14.75,-0.48242,-0.48242,12230000.0,12230000.0,https://www.sec.gov/Archives/edgar/data/1036141/000117184312000962/0001171843-12-000962-index.html,https://www.sec.gov/Archives/edgar/data/1036141/000117184312000962/f6k_032012.htm,1620590575,16:02:55,20210509
33,2011-09-30,CORV,USD,2011-11-03 00:00:00,2011-11-03 17:19:14,Q3,270000.0,0.0,0.0,0.0,3900000.0,2760000.0,0.0,0.0,6940000.0,6940000.0,-720000.0,279999.9999999999,-6380000.0,-23.62962962962963,-6660000.0,-24.666666666666668,230000.0,-7150000.0,-26.48148148148148,0.0,-7150000.0,-26.48148148148148,-0.58463,-0.58463,12230000.0,12230000.0,https://www.sec.gov/Archives/edgar/data/1036141/000117184311003310/0001171843-11-003310-index.html,https://www.sec.gov/Archives/edgar/data/1036141/000117184311003310/document.htm,1620590575,16:02:55,20210509
34,2011-06-30,CORV,USD,2011-07-26 00:00:00,2011-07-26 10:52:38,Q2,440000.0,0.0,0.0,0.0,4070000.0,3470000.0,0.0,0.0,7820000.0,7820000.0,-560000.0,280000.0,-7100000.0,-16.136363636363637,-7380000.0,-16.772727272727273,210000.0,-7720000.0,-17.545454545454547,0.0,-7720000.0,-17.545454545454547,-0.63123,-0.63123,12230000.0,12230000.0,https://www.sec.gov/Archives/edgar/data/1036141/000117184311002137/0001171843-11-002137-index.html,https://www.sec.gov/Archives/edgar/data/1036141/000117184311002137/f6k_072611.htm,1620590575,16:02:55,20210509
35,2011-03-31,CORV,USD,2011-05-11 00:00:00,2011-05-11 15:15:54,Q1,390000.0,0.0,0.0,0.0,3810000.0,3220000.0,0.0,0.0,7300000.0,7300000.0,-410000.0,270000.0,-6650000.0,-17.05128205128205,-6920000.0,-17.743589743589745,180000.0,-7150000.0,-18.333333333333332,0.0,-7150000.0,-18.333333333333332,-0.58511,-0.58511,12220000.0,12220000.0,https://www.sec.gov/Archives/edgar/data/1036141/000095012311048846/0000950123-11-048846-index.html,https://www.sec.gov/Archives/edgar/data/1036141/000095012311048846/c16921e6vk.htm,1620590575,16:02:55,20210509
36,2010-12-31,CORV,USD,2011-03-16 00:00:00,2011-03-16 17:06:48,Q4,370000.0,0.0,0.0,0.0,4420000.0,2740000.0,0.0,0.0,7450000.0,7450000.0,-440000.0,259999.9999999999,-6810000.0,-18.405405405405407,-7070000.0,-19.10810810810811,210000.0,-7300000.0,-19.72972972972973,0.0,-7300000.0,-19.72972972972973,-0.59787,-0.59787,12210000.0,12210000.0,https://www.sec.gov/Archives/edgar/data/1036141/000127956911000345/0001279569-11-000345-index.html,https://www.sec.gov/Archives/edgar/data/1036141/000127956911000345/cardiome6k.htm,1620590575,16:02:55,20210509
37,2010-09-30,CORV,USD,2010-10-22 00:00:00,2010-10-22 15:00:30,Q3,30220000.0,0.0,0.0,0.0,3490000.0,3510000.0,0.0,0.0,7280000.0,7280000.0,-360000.0,290000.00000000006,23230000.0,0.7686962276637989,22940000.0,0.7590999338186631,190000.0,22770000.0,0.7534745201853077,0.0,22770000.0,0.7534745201853077,1.84372,1.84372,12350000.0,12350000.0,https://www.sec.gov/Archives/edgar/data/1036141/000127956910001196/0001279569-10-001196-index.html,https://www.sec.gov/Archives/edgar/data/1036141/000127956910001196/cardiome6k.htm,1620590575,16:02:55,20210509
38,2010-06-30,CORV,USD,2010-08-11 00:00:00,2010-08-11 10:41:48,Q2,12420000.0,0.0,0.0,0.0,3680000.0,3270000.0,0.0,0.0,7250000.0,7250000.0,-800000.0,300000.0,5480000.0,0.44122383252818037,5180000.0,0.4170692431561997,190000.0,4560000.0,0.3671497584541063,0.0,4560000.0,0.3671497584541063,0.36953,0.36953,12340000.0,12340000.0,https://www.sec.gov/Archives/edgar/data/1036141/000127956910000938/0001279569-10-000938-index.html,https://www.sec.gov/Archives/edgar/data/1036141/000127956910000938/cardiome6k.htm,1620590575,16:02:55,20210509
39,2010-03-31,CORV,USD,2010-04-28 00:00:00,2010-04-27 18:00:03,Q1,23050000.0,0.0,0.0,0.0,3750000.0,3360000.0,0.0,0.0,7420000.0,7420000.0,-310000.0,300000.0,15930000.0,0.6911062906724512,15630000.0,0.6780911062906725,160000.0,15470000.0,0.6711496746203904,0.0,15470000.0,0.6711496746203904,1.27746,1.27746,12110000.0,12110000.0,https://www.sec.gov/Archives/edgar/data/1036141/000095012310038964/0000950123-10-038964-index.html,https://www.sec.gov/Archives/edgar/data/1036141/000095012310038964/o61338e6vk.htm,1620590575,16:02:55,20210509
40,2009-12-31,CORV,USD,2010-02-18 00:00:00,2010-02-18 11:50:42,Q4,22850000.0,0.0,0.0,0.0,5640000.0,3280000.0,0.0,0.0,9220000.0,9220000.0,-1940000.0,-1040000.0,12580000.0,0.55054704595186,13620000.0,0.5960612691466083,110000.0,11800000.0,0.5164113785557987,0.0,11800000.0,0.5164113785557987,0.95779,0.95779,12320000.0,12320000.0,https://www.sec.gov/Archives/edgar/data/1036141/000127956910000171/0001279569-10-000171-index.html,https://www.sec.gov/Archives/edgar/data/1036141/000127956910000171/cardiome6k.htm,1620590575,16:02:55,20210509
41,2009-09-30,CORV,USD,2009-10-14 00:00:00,2009-10-14 14:30:50,Q3,19190000.0,0.0,0.0,0.0,9360000.0,4240000.0,0.0,0.0,14340000.0,14340000.0,-5190000.0,730000.0,5580000.0,0.2907764460656592,4850000.0,0.25273579989577905,0.0,-330000.0,-0.017196456487754037,0.0,-330000.0,-0.017196456487754037,-0.02574,-0.02574,12820000.0,12820000.0,https://www.sec.gov/Archives/edgar/data/1036141/000127956909001260/0001279569-09-001260-index.html,https://www.sec.gov/Archives/edgar/data/1036141/000127956909001260/cardiome6k.htm,1620590575,16:02:55,20210509
42,2009-06-30,CORV,USD,2009-07-29 00:00:00,2009-07-29 14:43:31,Q2,7340000.0,0.0,0.0,0.0,5430000.0,4260000.0,0.0,0.0,10390000.0,10390000.0,1810000.0,700000.0000000001,-2340000.0,-0.3188010899182561,-3040000.0,-0.4141689373297003,0.0,-1230000.0,-0.167574931880109,0.0,-1230000.0,-0.167574931880109,-0.09639,-0.09639,12760000.0,12760000.0,https://www.sec.gov/Archives/edgar/data/1036141/000127956909000966/0001279569-09-000966-index.html,https://www.sec.gov/Archives/edgar/data/1036141/000127956909000966/cardiome6k.htm,1620590575,16:02:55,20210509
43,2009-03-31,CORV,USD,2009-04-08 00:00:00,2009-04-08 15:53:58,Q1,220000.0,0.0,0.0,0.0,6210000.0,3330000.0,0.0,0.0,10200000.0,10200000.0,300000.0,670000.0,-9310000.0,-42.31818181818182,-9980000.0,-45.36363636363637,0.0,-9680000.0,-44.0,0.0,-9680000.0,-44.0,-0.75922,-0.75922,12750000.0,12750000.0,https://www.sec.gov/Archives/edgar/data/1036141/000127956909000491/0001279569-09-000491-index.html,https://www.sec.gov/Archives/edgar/data/1036141/000127956909000491/cardiome6k.htm,1620590575,16:02:55,20210509
44,2008-12-31,CORV,USD,2009-03-30 00:00:00,2009-03-30 16:39:17,Q4,340000.0,0.0,0.0,0.0,7890000.0,3160000.0,0.0,0.0,12340000.0,12340000.0,5200000.0,690000.0,-11310000.0,-33.26470588235294,-12000000.0,-35.294117647058826,0.0,-6810000.0,-20.029411764705884,0.0,-6810000.0,-20.029411764705884,-0.53412,-0.53412,12750000.0,12750000.0,https://www.sec.gov/Archives/edgar/data/1036141/000127956909000430/0001279569-09-000430-index.html,https://www.sec.gov/Archives/edgar/data/1036141/000127956909000430/cardiome40f.htm,1620590575,16:02:55,20210509
45,2008-09-30,CORV,USD,2008-10-09 00:00:00,2008-10-09 12:39:35,Q3,520000.0,0.0,0.0,0.0,8190000.0,4630000.0,0.0,0.0,13670000.0,13670000.0,1840000.0,840000.0000000001,-12320000.0,-23.692307692307693,-13160000.0,-25.307692307692307,0.0,-11320000.0,-21.76923076923077,0.0,-11320000.0,-21.76923076923077,-0.88784,-0.88784,12750000.0,12750000.0,https://www.sec.gov/Archives/edgar/data/1036141/000127956908001104/0001279569-08-001104-index.html,https://www.sec.gov/Archives/edgar/data/1036141/000127956908001104/cardiome6k.htm,1620590575,16:02:55,20210509
46,2008-06-30,CORV,USD,2008-07-14 00:00:00,2008-07-14 12:37:34,Q2,200000.0,0.0,0.0,0.0,12740000.0,4360000.0,0.0,0.0,18080000.0,18080000.0,-30000.0,980000.0,-16900000.0,-84.5,-17880000.0,-89.4,0.0,-17910000.0,-89.55,0.0,-17910000.0,-89.55,-1.40471,-1.40471,12750000.0,12750000.0,https://www.sec.gov/Archives/edgar/data/1036141/000127956908000821/0001279569-08-000821-index.html,https://www.sec.gov/Archives/edgar/data/1036141/000127956908000821/cardiome6k.htm,1620590575,16:02:55,20210509
47,2008-03-31,CORV,USD,2008-05-14 00:00:00,2008-05-13 19:06:57,Q1,450000.0,0.0,0.0,0.0,18120000.0,4090000.0,0.0,0.0,23220000.0,23220000.0,630000.0,1010000.0,-21760000.0,-48.355555555555554,-22770000.0,-50.6,0.0,-22140000.0,-49.2,0.0,-22140000.0,-49.2,-1.73647,-1.73647,12750000.0,12750000.0,https://www.sec.gov/Archives/edgar/data/1036141/000127956908000612/0001279569-08-000612-index.html,https://www.sec.gov/Archives/edgar/data/1036141/000127956908000612/cardiome6k.htm,1620590575,16:02:55,20210509
48,2007-12-31,CORV,USD,2007-12-31,2007-12-31,Q4,1130000.0,0.0,0.0,0.0,20580000.0,5000000.0,0.0,0.0,26630000.0,26630000.0,-330000.0,1029999.9999999998,-24470000.0,-21.654867256637168,-25500000.0,-22.56637168141593,0.0,-25830000.0,-22.858407079646017,0.0,-25830000.0,-22.858407079646017,-2.02588,-2.02588,12750000.0,12750000.0,,,1620590575,16:02:55,20210509
49,2007-09-30,CORV,USD,2007-11-13 00:00:00,2007-11-13 16:18:22,Q3,920000.0,0.0,0.0,0.0,14370000.0,4010000.0,0.0,0.0,19370000.0,19370000.0,-11730000.0,960000.0000000002,-17490000.0,-19.01086956521739,-18450000.0,-20.054347826086957,0.0,-30180000.0,-32.80434782608695,0.0,-30180000.0,-32.80434782608695,-2.37078,-2.37078,12730000.0,12730000.0,https://www.sec.gov/Archives/edgar/data/1036141/000127956907001660/0001279569-07-001660-index.html,https://www.sec.gov/Archives/edgar/data/1036141/000127956907001660/cardiome6k18467.htm,1620590575,16:02:55,20210509
50,2007-06-30,CORV,USD,2007-08-09 00:00:00,2007-08-08 19:13:02,Q2,1000000.0,0.0,0.0,0.0,8890000.0,4400000.0,0.0,0.0,14040000.0,14040000.0,-230000.0,739999.9999999999,-12300000.0,-12.3,-13040000.0,-13.04,0.0,-13270000.0,-13.27,0.0,-13270000.0,-13.27,-1.04736,-1.04736,12670000.0,12670000.0,https://www.sec.gov/Archives/edgar/data/1036141/000127956907001160/0001279569-07-001160-index.html,https://www.sec.gov/Archives/edgar/data/1036141/000127956907001160/cardiome6k.htm,1620590575,16:02:55,20210509
51,2007-03-31,CORV,USD,2007-05-10 00:00:00,2007-05-10 14:46:12,Q1,1460000.0,0.0,0.0,0.0,10100000.0,3940000.0,0.0,0.0,14440000.0,14440000.0,1000000.0,400000.0,-12580000.0,-8.616438356164384,-12980000.0,-8.89041095890411,0.0,-11980000.0,-8.205479452054794,0.0,-11980000.0,-8.205479452054794,-0.9852,-0.9852,12160000.0,12160000.0,https://www.sec.gov/Archives/edgar/data/1036141/000127956907000684/0001279569-07-000684-index.html,https://www.sec.gov/Archives/edgar/data/1036141/000127956907000684/cardiome6k.htm,1620590575,16:02:55,20210509
52,2006-12-31,CORV,USD,2006-12-31,2006-12-31,Q4,11480000.0,0.0,0.0,0.0,10820000.0,3450000.0,0.0,0.0,14640000.0,14640000.0,1910000.0,359999.9999999999,-2800000.0,-0.24390243902439024,-3160000.0,-0.27526132404181186,0.0,-1240000.0,-0.10801393728222997,-90000.0,-1150000.0,-0.10017421602787456,-0.10829,-0.10829,10620000.0,10620000.0,,,1620590575,16:02:55,20210509
53,2006-09-30,CORV,USD,2006-09-30,2006-09-30,Q3,2140000.0,0.0,0.0,0.0,9690000.0,3470000.0,0.0,0.0,13570000.0,13570000.0,710000.0,410000.00000000006,-11020000.0,-5.149532710280374,-11430000.0,-5.341121495327103,0.0,-10720000.0,-5.009345794392523,-40000.0,-10680000.0,-4.990654205607477,-1.00376,-1.00376,10640000.0,10640000.0,,,1620590575,16:02:55,20210509
54,2006-06-30,CORV,USD,2006-06-30,2006-06-30,Q2,1900000.0,0.0,0.0,0.0,9970000.0,2890000.0,0.0,0.0,13210000.0,13210000.0,-1880000.0,350000.00000000006,-10960000.0,-5.768421052631579,-11310000.0,-5.9526315789473685,0.0,-13190000.0,-6.942105263157894,-50000.0,-13140000.0,-6.91578947368421,-1.23962,-1.23962,10600000.0,10600000.0,,,1620590575,16:02:55,20210509
55,2006-03-31,CORV,USD,2006-03-31,2006-03-31,Q1,2640000.0,0.0,0.0,0.0,7840000.0,2480000.0,0.0,0.0,10630000.0,10630000.0,890000.0,320000.0,-7670000.0,-2.9053030303030303,-7990000.0,-3.0265151515151514,0.0,-7100000.0,-2.6893939393939394,-70000.0,-7030000.0,-2.662878787878788,-0.66889,-0.66889,10510000.0,10510000.0,,,1620590575,16:02:55,20210509
56,2005-12-31,CORV,USD,2005-12-31,2005-12-31,Q4,2590000.0,0.0,0.0,0.0,7590000.0,2750000.0,0.0,0.0,10620000.0,10620000.0,550000.0,290000.00000000006,-7740000.0,-2.988416988416988,-8030000.0,-3.1003861003861,0.0,-7480000.0,-2.888030888030888,-120000.0,-7360000.0,-2.841698841698842,-0.70229,-0.70229,10480000.0,10480000.0,,,1620590575,16:02:55,20210509
57,2005-09-30,CORV,USD,2005-09-30,2005-09-30,Q3,3880000.0,0.0,0.0,0.0,7580000.0,1590000.0,0.0,0.0,28740000.0,28740000.0,-2220000.0,189999.99999999994,-24680000.0,-6.360824742268041,-24870000.0,-6.40979381443299,0.0,-27090000.0,-6.981958762886598,-2580000.0,-24510000.0,-6.31701030927835,-2.39824,-2.39824,10220000.0,10220000.0,,,1620590575,16:02:55,20210509
58,2005-06-30,CORV,USD,2005-06-30,2005-06-30,Q2,3060000.0,0.0,0.0,0.0,9600000.0,1760000.0,0.0,0.0,12220000.0,12220000.0,1190000.0,860000.0,-8300000.0,-2.712418300653595,-9160000.0,-2.9934640522875817,0.0,-7970000.0,-2.604575163398693,-1810000.0,-6160000.0,-2.0130718954248366,-0.6057,-0.6057,10170000.0,10170000.0,,,1620590575,16:02:55,20210509
59,2005-03-31,CORV,USD,2005-03-31,2005-03-31,Q1,3760000.0,0.0,0.0,0.0,9390000.0,1570000.0,0.0,0.0,11850000.0,11850000.0,470000.0,890000.0,-7200000.0,-1.9148936170212767,-8090000.0,-2.151595744680851,0.0,-7620000.0,-2.026595744680851,-1410000.0,-6210000.0,-1.6515957446808511,-0.7446,-0.7446,8340000.0,8340000.0,,,1620590575,16:02:55,20210509
60,2004-12-31,CORV,USD,2005-02-18 00:00:00,2005-02-18 13:30:09,Q4,9550000.0,0.0,0.0,0.0,7310000.0,1770000.0,0.0,0.0,9960000.0,9960000.0,-580000.0,880000.0000000003,470000.00000000035,0.04921465968586391,-410000.0,-0.04293193717277487,0.0,-990000.0,-0.10366492146596859,-2460000.0,1470000.0,0.15392670157068064,0.18216,0.18216,8070000.0,8070000.0,https://www.sec.gov/Archives/edgar/data/1036141/000106299305000309/0001062993-05-000309-index.html,https://www.sec.gov/Archives/edgar/data/1036141/000106299305000309/form6k.htm,1620590575,16:02:55,20210509
61,2004-09-30,CORV,USD,2004-09-30,2004-09-30,Q3,3450000.0,0.0,0.0,0.0,7450000.0,1080000.0,0.0,0.0,18200000.0,18200000.0,-380000.0,859999.9999999999,-13900000.0,-4.028985507246377,-14760000.0,-4.278260869565218,0.0,-15140000.0,-4.388405797101449,-3680000.0,-11460000.0,-3.3217391304347825,-1.44697,-1.44697,7920000.0,7920000.0,,,1620590575,16:02:55,20210509
62,2004-06-30,CORV,USD,2004-09-14 00:00:00,2004-09-14 17:11:30,Q2,3880000.0,0.0,0.0,0.0,9160000.0,1610000.0,0.0,0.0,11850000.0,11850000.0,360000.0,1090000.0,-6880000.0,-1.7731958762886597,-7970000.0,-2.054123711340206,0.0,-7610000.0,-1.961340206185567,-360000.0,-7250000.0,-1.8685567010309279,-0.92005,-0.92005,7880000.0,7880000.0,https://www.sec.gov/Archives/edgar/data/1036141/000106299304001445/0001062993-04-001445-index.html,https://www.sec.gov/Archives/edgar/data/1036141/000106299304001445/form6k.htm,1620590575,16:02:55,20210509
63,2004-03-31,CORV,USD,2004-04-09 00:00:00,2004-04-08 17:52:22,Q1,3790000.0,0.0,0.0,0.0,5750000.0,1170000.0,0.0,0.0,7990000.0,7990000.0,240000.0,1060000.0,-3140000.0,-0.8284960422163589,-4200000.0,-1.108179419525066,0.0,-3960000.0,-1.0448548812664908,-370000.0,-3590000.0,-0.9472295514511874,-0.47803,-0.47803,7510000.0,7510000.0,https://www.sec.gov/Archives/edgar/data/1036141/000106299304000477/0001062993-04-000477-index.html,https://www.sec.gov/Archives/edgar/data/1036141/000106299304000477/form6k.htm,1620590575,16:02:55,20210509
64,2003-08-31,CORV,USD,2003-08-31,2003-08-31,Q4,260000.0,0.0,0.0,0.0,2510000.0,850000.0,0.0,0.0,4370000.0,4370000.0,70000.0,1000000.0,-3100000.0,-11.923076923076923,-4100000.0,-15.76923076923077,0.0,-4030000.0,-15.5,-350000.0,-3680000.0,-14.153846153846153,-0.58228,-0.58228,6320000.0,6320000.0,,,1620590575,16:02:55,20210509
65,2003-05-31,CORV,USD,2003-07-16 00:00:00,2003-07-16 14:01:26,Q3,250000.0,0.0,0.0,0.0,1740000.0,980000.0,0.0,0.0,3720000.0,3720000.0,80000.0,989999.9999999999,-2470000.0,-9.88,-3460000.0,-13.84,0.0,-3380000.0,-13.52,-340000.0,-3040000.0,-12.16,-0.5371,-0.5371,5660000.0,5660000.0,https://www.sec.gov/Archives/edgar/data/1036141/000106299303000595/0001062993-03-000595-index.html,https://www.sec.gov/Archives/edgar/data/1036141/000106299303000595/form6k.htm,1620590575,16:02:55,20210509
66,2003-02-28,CORV,USD,2003-05-08 00:00:00,2003-05-08 14:31:51,Q2,260000.0,0.0,0.0,0.0,2080000.0,660000.0,0.0,0.0,3640000.0,3640000.0,90000.0,890000.0,-2490000.0,-9.576923076923077,-3380000.0,-13.0,0.0,-3290000.0,-12.653846153846153,-320000.0,-2980000.0,-11.461538461538462,-0.5265,-0.5265,5660000.0,5660000.0,https://www.sec.gov/Archives/edgar/data/1036141/000104746903017525/0001047469-03-017525-index.html,https://www.sec.gov/Archives/edgar/data/1036141/000104746903017525/a2110251z20-f.htm,1620590575,16:02:55,20210509
67,2002-11-30,CORV,USD,2002-12-11 00:00:00,2002-12-11 14:03:24,Q1,240000.0,0.0,0.0,0.0,2160000.0,750000.0,0.0,0.0,4550000.0,4550000.0,160000.0,1650000.0,-2660000.0,-11.083333333333334,-4310000.0,-17.958333333333332,0.0,-4150000.0,-17.291666666666668,-910000.0,-3250000.0,-13.541666666666666,-0.54077,-0.54077,6010000.0,6010000.0,https://www.sec.gov/Archives/edgar/data/1036141/000106299302000680/0001062993-02-000680-index.html,https://www.sec.gov/Archives/edgar/data/1036141/000106299302000680/form6k.htm,1620590575,16:02:55,20210509
68,2002-08-31,CORV,USD,2002-08-31,2002-08-31,Q4,850000.0,0.0,0.0,0.0,1760000.0,610000.0,0.0,0.0,2950000.0,2950000.0,100000.0,580000.0,-1530000.0,-1.8,-2110000.0,-2.4823529411764707,0.0,-2000000.0,-2.3529411764705883,0.0,-2000000.0,-2.3529411764705883,-0.35336,-0.35336,5660000.0,5660000.0,,,1620590575,16:02:55,20210509
69,2002-05-31,CORV,USD,2002-06-24 00:00:00,2002-06-24 13:35:08,Q3,20000.0,0.0,0.0,0.0,1560000.0,710000.0,0.0,0.0,2800000.0,2800000.0,130000.0,530000.0,-2250000.0,-112.5,-2780000.0,-139.0,0.0,-2650000.0,-132.5,-60000.0,-2590000.0,-129.5,-0.47005,-0.47005,5510000.0,5510000.0,https://www.sec.gov/Archives/edgar/data/1036141/000106299302000284/0001062993-02-000284-index.html,https://www.sec.gov/Archives/edgar/data/1036141/000106299302000284/form6k.txt,1620590575,16:02:55,20210509
70,2002-02-28,CORV,USD,2002-04-08 00:00:00,2002-04-08 00:00:00,Q2,20000.0,0.0,0.0,0.0,740000.0,330000.0,0.0,0.0,1140000.0,1140000.0,10000.0,70000.0,-1050000.0,-52.5,-1120000.0,-56.0,0.0,-1110000.0,-55.5,0.0,-1110000.0,-55.5,-0.53365,-0.53365,2080000.0,2080000.0,https://www.sec.gov/Archives/edgar/data/1036141/000106299302000131/0001062993-02-000131-index.html,https://www.sec.gov/Archives/edgar/data/1036141/000106299302000131/form6k.txt,1620590575,16:02:55,20210509
71,2001-11-30,CORV,USD,2002-02-15 00:00:00,2002-02-15 00:00:00,Q1,50000.0,0.0,0.0,0.0,870000.0,320000.0,0.0,0.0,1280000.0,1280000.0,0.0,99999.99999999999,-1130000.0,-22.6,-1230000.0,-24.6,0.0,-1230000.0,-24.6,0.0,-1230000.0,-24.6,-0.59709,-0.59709,2060000.0,2060000.0,https://www.sec.gov/Archives/edgar/data/1036141/000106299302000047/0001062993-02-000047-index.html,https://www.sec.gov/Archives/edgar/data/1036141/000106299302000047/form6k.txt,1620590575,16:02:55,20210509
72,2001-08-31,CORV,USD,2001-08-31,2001-08-31,Q4,80000.0,0.0,0.0,0.0,840000.0,270000.0,0.0,0.0,1190000.0,1190000.0,0.0,80000.00000000001,-1030000.0,-12.875,-1110000.0,-13.875,0.0,-1110000.0,-13.875,0.0,-1110000.0,-13.875,-0.53883,-0.53883,2060000.0,2060000.0,,,1620590575,16:02:55,20210509
73,2001-05-31,CORV,USD,2001-06-07 00:00:00,2001-06-07 00:00:00,Q3,110000.0,0.0,0.0,0.0,1070000.0,310000.0,0.0,0.0,1470000.0,1470000.0,0.0,90000.0,-1260000.0,-11.454545454545455,-1350000.0,-12.272727272727273,0.0,-1350000.0,-12.272727272727273,0.0,-1350000.0,-12.272727272727273,-0.65534,-0.65534,2060000.0,2060000.0,https://www.sec.gov/Archives/edgar/data/1036141/000106299301500117/0001062993-01-500117-index.html,https://www.sec.gov/Archives/edgar/data/1036141/000106299301500117/form6k.txt,1620590575,16:02:55,20210509
74,2001-02-28,CORV,USD,2001-05-31 00:00:00,2001-05-31 00:00:00,Q2,170000.0,0.0,0.0,0.0,780000.0,230000.0,0.0,0.0,1100000.0,1100000.0,0.0,90000.0,-850000.0,-5.0,-940000.0,-5.529411764705882,0.0,-940000.0,-5.529411764705882,0.0,-940000.0,-5.529411764705882,-0.45631,-0.45631,2060000.0,2060000.0,https://www.sec.gov/Archives/edgar/data/1036141/000106299301500108/0001062993-01-500108-index.html,https://www.sec.gov/Archives/edgar/data/1036141/000106299301500108/form20f.txt,1620590575,16:02:55,20210509
75,2000-11-30,CORV,USD,2001-01-04 00:00:00,2001-01-04 00:00:00,Q1,1460000.0,0.0,0.0,0.0,960000.0,320000.0,0.0,0.0,1580000.0,1580000.0,0.0,310000.0,180000.0,0.1232876712328767,-130000.0,-0.08904109589041095,0.0,-130000.0,-0.08904109589041095,0.0,-130000.0,-0.08904109589041095,-0.05936,-0.05936,2190000.0,2190000.0,https://www.sec.gov/Archives/edgar/data/1036141/000106299301000001/0001062993-01-000001-index.html,https://www.sec.gov/Archives/edgar/data/1036141/000106299301000001/0001062993-01-000001-0001.txt,1620590575,16:02:55,20210509
76,2000-08-31,CORV,USD,2000-11-14 00:00:00,2000-11-14 00:00:00,Q4,160000.0,0.0,0.0,0.0,1020000.0,220000.0,0.0,0.0,1350000.0,1350000.0,0.0,109999.99999999999,-1080000.0,-6.75,-1190000.0,-7.4375,0.0,-1190000.0,-7.4375,0.0,-1190000.0,-7.4375,-0.6134,-0.6134,1940000.0,1940000.0,https://www.sec.gov/Archives/edgar/data/1036141/000106299300000172/0001062993-00-000172-index.html,https://www.sec.gov/Archives/edgar/data/1036141/000106299300000172/0001062993-00-000172-0001.txt,1620590575,16:02:55,20210509
77,2000-05-31,CORV,USD,2000-07-18 00:00:00,2000-07-18 00:00:00,Q3,80000.0,0.0,0.0,0.0,620000.0,300000.0,0.0,0.0,1030000.0,1030000.0,0.0,110000.00000000001,-840000.0,-10.5,-950000.0,-11.875,0.0,-950000.0,-11.875,0.0,-950000.0,-11.875,-0.54286,-0.54286,1750000.0,1750000.0,https://www.sec.gov/Archives/edgar/data/1036141/000106299300000087/0001062993-00-000087-index.html,https://www.sec.gov/Archives/edgar/data/1036141/000106299300000087/0001062993-00-000087-0001.txt,1620590575,16:02:55,20210509
