,date,symbol,reportedCurrency,fillingDate,acceptedDate,period,revenue,costOfRevenue,grossProfit,grossProfitRatio,researchAndDevelopmentExpenses,generalAndAdministrativeExpenses,sellingAndMarketingExpenses,otherExpenses,operatingExpenses,costAndExpenses,interestExpense,depreciationAndAmortization,ebitda,ebitdaratio,operatingIncome,operatingIncomeRatio,totalOtherIncomeExpensesNet,incomeBeforeTax,incomeBeforeTaxRatio,incomeTaxExpense,netIncome,netIncomeRatio,eps,epsdiluted,weightedAverageShsOut,weightedAverageShsOutDil,link,finalLink,timestamp,est_time,est_date
0,2020-12-31,NROM,USD,2021-03-22,2021-03-22 16:03:44,Q4,3267811.0,-4731663.0,7999.474,0.0024479610356902526,0.0,463023.0,0.0,5404.834,5605.351,873688.0,-3491629.0,-1231115.632,-936569.632,-0.28660459004514033,294546.0,0.09013556781588654,0.0,-4984232.0,-1.5252510013584017,921.911,-5906143.0,-1.807369826467932,-0.26585671309308556,-0.26585671309308556,22215512.0,23765512.0,https://www.sec.gov/Archives/edgar/data/709005/000165495421003062/0001654954-21-003062-index.htm,https://www.sec.gov/Archives/edgar/data/709005/000165495421003062/nrom_10k.htm,1620595819,17:30:19,20210509
1,2020-09-30,NROM,USD,2020-11-10,2020-11-10 16:00:55,Q3,2938082.0,1968083.0,969999.0,0.33014701427666077,0.0,460392.0,0.0,1507.691,558671.0,2526754.0,327831.0,185564.0,596892.0,0.20315702556974244,411328.0,0.1399988155538205,0.0,83498.0,0.02841922043019902,0.0,83498.0,0.02841922043019902,0.0037585449302271314,0.0035134105253023795,22215512.0,23765512.0,https://www.sec.gov/Archives/edgar/data/709005/000165495420012109/0001654954-20-012109-index.htm,https://www.sec.gov/Archives/edgar/data/709005/000165495420012109/nrom_10q.htm,1620595819,17:30:19,20210509
2,2020-06-30,NROM,USD,2020-08-05,2020-08-05 16:00:58,Q2,2610509.0,1148951.0,1461558.0,0.5598747217496665,0.0,344374.0,0.0,0.0,442653.0,1591604.0,323165.0,185191.0,1204096.0,0.4612495111106685,1018905.0,0.3903089397508302,0.0,695740.0,0.266515074263295,0.0,695740.0,0.266515074263295,0.0313177567098161,0.0296494702523431,22215512.0,23465512.0,https://www.sec.gov/Archives/edgar/data/709005/000165495420008467/0001654954-20-008467-index.htm,https://www.sec.gov/Archives/edgar/data/709005/000165495420008467/nrom_10q.htm,1620595819,17:30:19,20210509
3,2020-03-31,NROM,USD,2020-05-12 00:00:00,2020-05-12 16:03:45,Q1,2719262.0,1614629.0,1104633.0,0.40622529200937607,0.0,449421.0,0.0,0.0,515368.0,2129997.0,926289.0,860743.0,1450008.0,0.5332358559050213,589265.0,0.21670034001872568,0.0,-337024.0,-0.12393951005824375,-81983.0,-255041.0,-0.09379052110462324,-0.011480311594889193,-0.01115989608350181,22215512.0,22853349.0,https://www.sec.gov/Archives/edgar/data/709005/000165495420005246/0001654954-20-005246-index.htm,https://www.sec.gov/Archives/edgar/data/709005/000165495420005246/nrom_10k.htm,1620595819,17:30:19,20210509
4,2019-12-31,NROM,USD,2020-05-12,2020-05-12 16:03:45,Q4,2581796.0,1746126.0,835670.0,0.3236777808936105,0.0,465423.0,0.0,0.0,611298.0,2357424.0,207720.0,135666.0,360038.0,0.13945253614150768,224372.0,0.0869053945393052,0.0,-1283346.0,-0.49707490444636215,479719.0,-1763068.0,-0.6828843177385046,-0.0793620241568144,-0.0793620241568144,22215512.0,22215512.0,https://www.sec.gov/Archives/edgar/data/709005/000165495420005246/nrom_10k.htm,https://www.sec.gov/Archives/edgar/data/709005/000165495420005246/nrom_10k.htm,1620595819,17:30:19,20210509
5,2019-09-30,NROM,USD,2019-11-14 00:00:00,2019-11-14 16:16:27,Q3,3079275.0,1744537.0,1334738.0,0.43345852513984623,0.0,432920.0,0.0,0.0,499792.0,2244329.0,219674.0,95196.0,930142.0,0.302065258867753,834946.0,0.2711501895738445,0.0,615272.0,0.19981066971933328,147665.0,467607.0,0.1518561999171883,0.021277802074172417,0.01985842210210992,21976283.0,23547037.0,https://www.sec.gov/Archives/edgar/data/709005/000165495419012985/0001654954-19-012985-index.html,https://www.sec.gov/Archives/edgar/data/709005/000165495419012985/nrom_10q.htm,1620595819,17:30:19,20210509
6,2019-06-30,NROM,USD,2019-08-14,2019-08-14,Q2,3120805.0,1818857.0,1301948.0,0.4171833869786802,0.0,424793.0,0.0,0.0,501239.0,2320096.0,220268.0,112937.0,913646.0,0.29275972064899924,800709.0,0.2565713013148851,0.0,580441.0,0.18599079404192187,139305.0,441136.0,0.14135327263318279,0.020289306218926054,0.017189478762146798,21742291.0,25663140.0,https://www.sec.gov/Archives/edgar/data/709005/000165495419009560/0001654954-19-009560-index.htm,https://www.sec.gov/Archives/edgar/data/709005/000165495419009560/nrom_10q.htm,1620595819,17:30:19,20210509
7,2019-03-31,NROM,USD,2019-05-15 00:00:00,2019-05-15 16:01:20,Q1,2922749.0,1659340.0,1263409.0,0.4322673619937942,0.0,416248.0,0.0,0.0,509848.0,2169188.0,126903.0,126005.0,879566.0,0.3009379183775275,753561.0,0.25782610822893104,0.0,626658.0,0.21440705308598174,150398.0,476260.0,0.16294933297385442,0.021975901444085184,0.018614894127545363,21671921.0,25584889.0,https://www.sec.gov/Archives/edgar/data/709005/000165495419006088/0001654954-19-006088-index.html,https://www.sec.gov/Archives/edgar/data/709005/000165495419006088/nrom_10q.htm,1620595819,17:30:19,20210509
8,2018-12-31,NROM,USD,2019-03-27 00:00:00,2019-03-27 16:01:11,Q4,3043433.0,1547139.0,1496294.0,0.4916467686326592,0.0,562651.0,0.0,-2800000.0,955447.0,2502586.0,168911.0,125138.0,665985.0,0.21882689712571296,540847.0,0.17770951422291867,-2800000.0,-2428064.0,-0.7978043216328403,848765.0,-3314629.0,-1.0891085823147741,-0.15294578639337048,-0.15294578639337048,21671921.0,21671921.0,https://www.sec.gov/Archives/edgar/data/709005/000165495419003465/0001654954-19-003465-index.html,https://www.sec.gov/Archives/edgar/data/709005/000165495419003465/noble_10k000.htm,1620595819,17:30:19,20210509
9,2018-09-30,NROM,USD,2018-11-13 00:00:00,2018-11-13 16:04:56,Q3,3274647.0,1573226.0,1701421.0,0.5195738655189399,0.0,579603.0,0.0,-1295805.0,987744.0,2560970.0,172639.0,198322.0,911999.0,0.2785029958954354,713677.0,0.21794013217302508,-1295805.0,-754768.0,-0.23048835492802736,-192489.0,-562279.0,-0.17170675190333493,-0.026239548821570192,-0.021383695013841925,21428684.0,26294754.0,https://www.sec.gov/Archives/edgar/data/709005/000165495418012514/0001654954-18-012514-index.html,https://www.sec.gov/Archives/edgar/data/709005/000165495418012514/nrom_10q.htm,1620595819,17:30:19,20210509
10,2018-06-30,NROM,USD,2018-08-14 00:00:00,2018-08-14 16:04:51,Q2,3177205.0,1513572.0,1663633.0,0.5236152530289988,0.0,590441.0,0.0,0.0,960591.0,2474163.0,153365.0,128036.0,831078.0,0.261575189514054,703042.0,0.22127687700352983,0.0,549677.0,0.1730064632279,137529.0,412148.0,0.1297203044814546,0.019480770545139973,0.015624821701210333,21156658.0,26377773.0,https://www.sec.gov/Archives/edgar/data/709005/000165495418009099/0001654954-18-009099-index.html,https://www.sec.gov/Archives/edgar/data/709005/000165495418009099/nrom_10q.htm,1620595819,17:30:19,20210509
11,2018-03-31,NROM,USD,2018-05-15 00:00:00,2018-05-15 16:02:41,Q1,2952663.0,1417323.0,1535340.0,0.519984840803031,0.0,524991.0,0.0,0.0,835911.0,2253234.0,160288.0,106781.0,806210.0,0.27304504442261107,699429.0,0.23688074121564162,0.0,539141.0,0.18259483049708009,136592.0,402549.0,0.1363342176198232,0.0192886918439465,0.015253996439525361,20869689.0,26389740.0,https://www.sec.gov/Archives/edgar/data/709005/000165495418005415/0001654954-18-005415-index.html,https://www.sec.gov/Archives/edgar/data/709005/000165495418005415/nrom_10q.htm,1620595819,17:30:19,20210509
12,2017-12-31,NROM,USD,2018-03-29 00:00:00,2018-03-29 16:01:44,Q4,2646383.0,1013366.0,1633017.0,0.6170750794575086,0.0,566652.0,0.0,-90000.0,838768.0,1852134.0,253082.0,160071.0,954320.0,0.36061295738371957,794249.0,0.3001262477880186,367800.0,908967.0,0.34347522637501826,3926370.0,-2981802.0,-1.1267462041586573,-0.14287716505981474,-0.14287716505981474,20869689.0,20869689.0,https://www.sec.gov/Archives/edgar/data/709005/000165495418003373/0001654954-18-003373-index.html,https://www.sec.gov/Archives/edgar/data/709005/000165495418003373/nrom_10k.htm,1620595819,17:30:19,20210509
13,2017-09-30,NROM,USD,2017-11-14 00:00:00,2017-11-14 16:09:40,Q3,2512921.0,871357.0,1641564.0,0.6532493460797215,0.0,598482.0,0.0,-350000.0,880654.0,1752011.0,601192.0,181870.0,942780.0,0.3751729560937252,760910.0,0.3027990135782223,-1279810.0,-1120092.0,-0.44573307318455296,-72388.0,-1176741.0,-0.46827616148697077,-0.05662027561714768,-0.045622503319215156,20783032.0,25792995.0,https://www.sec.gov/Archives/edgar/data/709005/000165495417010621/0001654954-17-010621-index.html,https://www.sec.gov/Archives/edgar/data/709005/000165495417010621/nrom_10q.htm,1620595819,17:30:19,20210509
14,2017-06-30,NROM,USD,2017-08-14 00:00:00,2017-08-14 16:08:48,Q2,2466486.0,859181.0,1607305.0,0.6516578646706286,0.0,579205.0,0.0,0.0,868119.0,1727300.0,298759.0,137660.0,876846.0,0.35550414638477573,739186.0,0.29969195041042196,314900.0,755327.0,0.3062360783722267,174255.0,581072.0,0.23558698488456858,0.03,0.02,20783032.0,25774314.0,https://www.sec.gov/Archives/edgar/data/709005/000165495417007537/0001654954-17-007537-index.html,https://www.sec.gov/Archives/edgar/data/709005/000165495417007537/nrom_10q.htm,1620595819,17:30:19,20210509
15,2017-03-31,NROM,USD,2017-05-15 00:00:00,2017-05-15 16:28:31,Q1,2212618.0,726226.0,1486392.0,0.6717797649662075,0.0,586423.0,0.0,0.0,837006.0,1563232.0,320994.0,124880.0,774266.0,0.3499320714194678,649386.0,0.29349214369583904,-17627.0,310765.0,0.14045126632794275,118222.0,192543.0,0.08702044365543442,0.009264432639087501,0.00757447875522419,20783032.0,25419967.0,https://www.sec.gov/Archives/edgar/data/709005/000165495417004757/0001654954-17-004757-index.html,https://www.sec.gov/Archives/edgar/data/709005/000165495417004757/nrom_10q.htm,1620595819,17:30:19,20210509
16,2016-12-31,NROM,USD,2017-03-27 00:00:00,2017-03-27 16:06:37,Q4,2095191.0,538914.0,1556277.0,0.7427852639687742,0.0,650904.0,0.0,-352862.0,877054.0,1415968.0,323863.0,90699.0,769922.0,0.367471032473889,679223.0,0.3241819003613513,-397326.0,-41966.0,-0.02002967748525075,-16027.0,-259517.0,-0.12386317046989988,-0.012486965328254319,-0.012486965328254319,20783032.0,20783032.0,https://www.sec.gov/Archives/edgar/data/709005/000165495417002546/0001654954-17-002546-index.html,https://www.sec.gov/Archives/edgar/data/709005/000165495417002546/nrom_10k.htm,1620595819,17:30:19,20210509
17,2016-09-30,NROM,USD,2016-11-14 00:00:00,2016-11-14 16:06:25,Q3,2021993.0,326964.0,1695029.0,0.8382961760995216,0.0,607127.0,0.0,0.0,839169.0,1166133.0,153882.0,38516.0,894376.0,0.44232398430657277,855860.0,0.4232754514976066,0.0,701978.0,0.3471713304645466,268208.0,-992519.0,-0.49086173888831464,-0.04775621766833636,-0.04743430259791149,20783032.0,20924077.0,https://www.sec.gov/Archives/edgar/data/709005/000165495416003968/0001654954-16-003968-index.html,https://www.sec.gov/Archives/edgar/data/709005/000165495416003968/nrom_10q.htm,1620595819,17:30:19,20210509
18,2016-06-30,NROM,USD,2016-11-03,2016-11-03,Q2,1940424.0,441622.0,1498802.0,0.772409535235598,0.0,384666.0,21821.0,0.0,618133.0,1059755.0,82735.0,6550.0,887219.0,0.45722945088289985,880669.0,0.4538538999723772,0.0,797934.0,0.4112163114865617,302686.0,-181949.0,-0.09376765078147868,-0.008755,-0.008755,20783032.0,20783032.0,https://www.sec.gov/Archives/edgar/data/709005/000165495416003452/0001654954-16-003452-index.htm,https://www.sec.gov/Archives/edgar/data/709005/000165495416003452/nrom_10q.htm,1620595819,17:30:19,20210509
19,2016-03-31,NROM,USD,2016-05-12 00:00:00,2016-05-12 16:06:22,Q1,1778879.0,682056.0,1096823.0,0.6165810041042702,0.0,405809.0,0.0,0.0,435221.0,1117277.0,55205.0,30916.0,692518.0,0.3893002278401173,661602.0,0.3719207433445445,-36776.0,569621.0,0.3202134602747011,219822.0,349799.0,0.19664013122871202,0.016834724022834844,0.016788326387691368,20778422.0,20835847.0,https://www.sec.gov/Archives/edgar/data/709005/000135448816007359/0001354488-16-007359-index.html,https://www.sec.gov/Archives/edgar/data/709005/000135448816007359/nrom_10q.htm,1620595819,17:30:19,20210509
20,2015-12-31,NROM,USD,2016-03-14 00:00:00,2016-03-14 16:17:24,Q4,1745428.0,-979592.0,2725020.0,1.561233118753681,0.0,431355.0,0.0,0.0,2090934.0,1111342.0,47773.0,7380.0,641466.0,0.36751215174730784,634086.0,0.3632839624435955,-571390.0,14923.0,0.008549765444349466,5739.0,-25540.0,-0.014632514202820168,-0.0012291597504372565,-0.0012291597504372565,20778422.0,20778422.0,https://www.sec.gov/Archives/edgar/data/709005/000135448816006546/0001354488-16-006546-index.html,https://www.sec.gov/Archives/edgar/data/709005/000135448816006546/nrom_10k.htm,1620595819,17:30:19,20210509
21,2015-09-30,NROM,USD,2015-11-09 00:00:00,2015-11-09 16:06:14,Q3,1970382.0,800217.0,1170165.0,0.5938772278674896,0.0,418784.0,0.0,0.0,445138.0,1245355.0,50412.0,23081.0,748108.0,0.3796766312319134,725027.0,0.3679626590173885,-250000.0,424615.0,0.2154988220558247,163286.0,261329.0,0.13262859689136422,0.012610883717343523,0.011871700466215768,20722497.0,22012769.0,https://www.sec.gov/Archives/edgar/data/709005/000135448815004882/0001354488-15-004882-index.html,https://www.sec.gov/Archives/edgar/data/709005/000135448815004882/nrom_10q.htm,1620595819,17:30:19,20210509
22,2015-06-30,NROM,USD,2015-08-11 00:00:00,2015-08-11 16:29:04,Q2,2145806.0,793543.0,1352263.0,0.6301888427938034,0.0,407669.0,0.0,0.0,434023.0,1227566.0,42193.0,34243.0,952483.0,0.44388122691426907,918240.0,0.42792312072946015,-600000.0,276047.0,0.12864490079718297,106154.0,169893.0,0.07917444540652789,0.00829430479999332,0.0077772097856253575,20483091.0,21844981.0,https://www.sec.gov/Archives/edgar/data/709005/000135448815003704/0001354488-15-003704-index.html,https://www.sec.gov/Archives/edgar/data/709005/000135448815003704/nrom_10q.htm,1620595819,17:30:19,20210509
23,2015-03-31,NROM,USD,2015-05-11 00:00:00,2015-05-11 16:05:26,Q1,1867667.0,775533.0,1092134.0,0.584758417855003,0.0,402158.0,0.0,0.0,428512.0,1204045.0,46035.0,34122.0,697744.0,0.3735912237031548,663622.0,0.35532137152929294,0.0,617587.0,0.33067297328699385,237493.0,380094.0,0.20351272469878195,0.018911949182029115,0.01737403556810565,20098087.0,21877128.0,https://www.sec.gov/Archives/edgar/data/709005/000135448815002262/0001354488-15-002262-index.html,https://www.sec.gov/Archives/edgar/data/709005/000135448815002262/nrom_10q.htm,1620595819,17:30:19,20210509
24,2014-12-31,NROM,USD,2015-03-12,2015-03-12,Q4,1807322.0,982065.0,825257.0,0.45661868776012243,0.0,246777.0,0.0,0.0,275063.0,1257128.0,49517.0,37176.0,587370.0,0.3249946606083476,550194.0,0.3044250000829957,0.0,500677.0,0.27702700459574997,198062.0,149070.0,0.08248115167081461,0.007417123828750468,0.007417123828750468,20098087.0,20098087.0,https://www.sec.gov/Archives/edgar/data/709005/000135448815001109/0001354488-15-001109-index.htm,https://www.sec.gov/Archives/edgar/data/709005/000135448815001109/nrom_10k.htm,1620595819,17:30:19,20210509
25,2014-09-30,NROM,USD,2014-11-06 00:00:00,2014-11-06 16:02:17,Q3,2107237.0,739646.0,1367591.0,0.6489972414113837,0.0,0.0,0.0,0.0,510805.0,1250451.0,43858.0,33188.0,889974.0,0.42234167300593145,856786.0,0.40659213937492555,0.0,812928.0,0.38577910315735725,313952.0,498976.0,0.23679159012488865,0.03,0.02,19866957.0,21179590.0,https://www.sec.gov/Archives/edgar/data/709005/000135448814005442/0001354488-14-005442-index.html,https://www.sec.gov/Archives/edgar/data/709005/000135448814005442/nrom_10q.htm,1620595819,17:30:19,20210509
26,2014-06-30,NROM,USD,2014-08-11 00:00:00,2014-08-11 16:05:33,Q2,2088953.0,792128.0,1296825.0,0.6208014254030607,0.0,413638.0,0.0,0.0,441459.0,1233587.0,46954.0,28908.0,884274.0,0.42330966757030913,855366.0,0.4094711561246232,0.0,808412.0,0.3869938672626909,305016.0,503396.0,0.240980050771846,0.03,0.02,19801087.0,21082553.0,https://www.sec.gov/Archives/edgar/data/709005/000135448814004029/0001354488-14-004029-index.html,https://www.sec.gov/Archives/edgar/data/709005/000135448814004029/nrom_10q.htm,1620595819,17:30:19,20210509
27,2014-03-31,NROM,USD,2014-05-05 00:00:00,2014-05-05 16:16:57,Q1,1911704.0,713287.0,1198417.0,0.6268841829069772,0.0,394007.0,0.0,0.0,421828.0,1135115.0,50053.0,28993.0,805582.0,0.4213947347497311,776589.0,0.4062286839385177,0.0,726536.0,0.3800462833158271,287781.0,438755.0,0.2295099032067726,0.022190988007393372,0.02064388714765991,19771765.0,21253507.0,https://www.sec.gov/Archives/edgar/data/709005/000135448814002220/0001354488-14-002220-index.html,https://www.sec.gov/Archives/edgar/data/709005/000135448814002220/nrom_10q.htm,1620595819,17:30:19,20210509
28,2013-12-31,NROM,USD,2013-12-31,2013-12-31,Q4,1716517.0,675128.0,1041389.0,0.6066872626370726,0.0,465792.0,0.0,0.0,494365.0,1169493.0,50771.0,47588.0,594612.0,0.34640612356300576,547024.0,0.3186825414487593,-1108162.0,-611909.0,-0.35648292443360596,-242377.0,-1149972.0,-0.6699450107397713,-0.058162334015197936,-0.058162334015197936,19771765.0,19771765.0,,,1620595819,17:30:19,20210509
29,2013-09-30,NROM,USD,2013-11-07 00:00:00,2013-11-07 16:16:00,Q3,1932807.0,683913.0,1248894.0,0.6461555654548022,0.0,468670.0,0.0,0.0,497016.0,1180929.0,47206.0,43682.0,795560.0,0.4116086086194845,751878.0,0.3890083179541465,0.0,704672.0,0.36458477230266656,277556.0,427116.0,0.2209822294724719,0.021875794190650007,0.02107741997567132,19524594.0,20264150.0,https://www.sec.gov/Archives/edgar/data/709005/000135448813006038/0001354488-13-006038-index.html,https://www.sec.gov/Archives/edgar/data/709005/000135448813006038/nrom_10q.htm,1620595819,17:30:19,20210509
30,2013-06-30,NROM,USD,2013-08-12 00:00:00,2013-08-12 16:01:35,Q2,1987378.0,685517.0,1301861.0,0.655064612771199,0.0,468804.0,0.0,0.0,497147.0,1182664.0,50247.0,41850.0,846564.0,0.4259702985541754,804714.0,0.4049124021700955,0.0,754467.0,0.3796293407695969,298845.0,455622.0,0.22925784626779605,0.023345370443574952,0.022454463895497753,19516589.0,20290932.0,https://www.sec.gov/Archives/edgar/data/709005/000135448813004363/0001354488-13-004363-index.html,https://www.sec.gov/Archives/edgar/data/709005/000135448813004363/nrom_10q.htm,1620595819,17:30:19,20210509
31,2013-03-31,NROM,USD,2013-05-09 00:00:00,2013-05-09 16:30:03,Q1,1890738.0,665222.0,1225516.0,0.6481680698224714,0.0,451299.0,0.0,0.0,479645.0,1144867.0,53157.0,41121.0,786992.0,0.41623535360266734,745871.0,0.3944867030757302,0.0,692714.0,0.36637228426148943,274384.0,418330.0,0.2212522306104812,0.021434585726020056,0.02066357372489257,19516589.0,20244804.0,https://www.sec.gov/Archives/edgar/data/709005/000135448813002526/0001354488-13-002526-index.html,https://www.sec.gov/Archives/edgar/data/709005/000135448813002526/nr-313q.txt,1620595819,17:30:19,20210509
32,2012-12-31,NROM,USD,2013-03-15 00:00:00,2013-03-15 16:30:58,Q4,1724213.0,618195.0,1106018.0,0.6414625107222831,0.0,453847.0,0.0,0.0,482348.0,1100543.0,57503.0,41278.0,664948.0,0.38565304866626104,623670.0,0.3617128510224665,-500000.0,66167.0,0.03837518914426466,26210.0,-484631.0,-0.28107374204927116,-0.02483174698201617,-0.02483174698201617,19516589.0,19516589.0,https://www.sec.gov/Archives/edgar/data/709005/000135448813001236/0001354488-13-001236-index.html,https://www.sec.gov/Archives/edgar/data/709005/000135448813001236/nr-2012k.txt,1620595819,17:30:19,20210509
33,2012-09-30,NROM,USD,2012-11-08 00:00:00,2012-11-08 17:00:52,Q3,1844668.0,649575.0,1195093.0,0.6478634637777638,0.0,440356.0,0.0,0.0,468917.0,1118492.0,61211.0,41338.0,767514.0,0.4160716183074678,726176.0,0.39366216576641433,0.0,664965.0,0.3604795009183224,263393.0,401572.0,0.21769337355014562,0.020586166341465265,0.020007583083843896,19506886.0,20070990.0,https://www.sec.gov/Archives/edgar/data/709005/000135448812005643/0001354488-12-005643-index.html,https://www.sec.gov/Archives/edgar/data/709005/000135448812005643/nr-912q.txt,1620595819,17:30:19,20210509
34,2012-06-30,NROM,USD,2012-08-13 00:00:00,2012-08-13 17:00:45,Q2,1893590.0,661688.0,1231902.0,0.6505642720969165,0.0,438129.0,0.0,0.0,466690.0,1128378.0,198692.0,68550.0,833762.0,0.4403075639393955,765212.0,0.40410648556445694,0.0,566520.0,0.2991777523117465,224398.0,342122.0,0.18067374669278988,0.01755433502364398,0.01707106334958132,19489317.0,20041048.0,https://www.sec.gov/Archives/edgar/data/709005/000135448812004074/0001354488-12-004074-index.html,https://www.sec.gov/Archives/edgar/data/709005/000135448812004074/nr612-q.txt,1620595819,17:30:19,20210509
35,2012-03-31,NROM,USD,2012-03-31,2012-03-31,Q1,1837662.0,661900.0,1175762.0,0.6398140680930443,0.0,444632.0,0.0,0.0,475296.0,1137196.0,95929.0,40846.0,741312.0,0.40339953702040965,700466.0,0.381172380992805,0.0,604537.0,0.3289707247578717,239458.0,365079.0,0.1986649340303059,0.01874367634077748,0.018248576706588745,19477449.0,20005889.0,,,1620595819,17:30:19,20210509
36,2011-12-31,NROM,USD,2012-03-13 00:00:00,2012-03-13 16:56:06,Q4,1927916.0,614451.0,1313465.0,0.6812874627317788,0.0,0.0,0.0,0.0,481820.0,1096271.0,96035.0,138445.0,970090.0,0.5031806365007604,831645.0,0.43136993520464584,0.0,735610.0,0.3815570802877304,291376.0,50440.0,0.02616296560638534,0.0025896615106013113,0.0025896615106013113,19477449.0,19477449.0,https://www.sec.gov/Archives/edgar/data/709005/000135448812001120/0001354488-12-001120-index.html,https://www.sec.gov/Archives/edgar/data/709005/000135448812001120/nr2011-10k.txt,1620595819,17:30:19,20210509
37,2011-09-30,NROM,USD,2011-11-10 00:00:00,2011-11-10 17:00:55,Q3,1765651.0,631696.0,1133955.0,0.6422305427289992,0.0,456200.0,0.0,0.0,492511.0,1124207.0,98965.0,54380.0,695824.0,0.39408920562444105,641444.0,0.3632903671223815,0.0,542479.0,0.3072402190466859,214876.0,11581.0,0.006559053856056492,0.0005948333986241017,0.0005744785011552817,19469317.0,20159153.0,https://www.sec.gov/Archives/edgar/data/709005/000135448811004230/0001354488-11-004230-index.html,https://www.sec.gov/Archives/edgar/data/709005/000135448811004230/nr-911q.txt,1620595819,17:30:19,20210509
38,2011-06-30,NROM,USD,2011-08-10 00:00:00,2011-08-10 17:00:37,Q2,1880490.0,646937.0,1233553.0,0.6559742407563987,0.0,456019.0,0.0,0.0,492330.0,1139267.0,97207.0,41187.0,782410.0,0.4160670888970428,741223.0,0.39416481874405074,0.0,644016.0,0.342472440693649,255097.0,388919.0,0.2068179038442108,0.01997599607628763,0.019268796538385393,19469317.0,20183876.0,https://www.sec.gov/Archives/edgar/data/709005/000135448811002575/0001354488-11-002575-index.html,https://www.sec.gov/Archives/edgar/data/709005/000135448811002575/nr-611q.txt,1620595819,17:30:19,20210509
39,2011-03-31,NROM,USD,2011-05-10 00:00:00,2011-05-10 17:00:38,Q1,1802017.0,625150.0,1176867.0,0.6530831840099178,0.0,455273.0,0.0,0.0,468822.0,1093972.0,98652.0,64925.0,772970.0,0.428947118700878,708045.0,0.3929180468330765,0.0,609393.0,0.33817272534054893,241381.0,368012.0,0.20422226871333624,0.018947568946564963,0.018292481374213642,19422650.0,20118211.0,https://www.sec.gov/Archives/edgar/data/709005/000092627411000030/0000926274-11-000030-index.html,https://www.sec.gov/Archives/edgar/data/709005/000092627411000030/nr-311q.txt,1620595819,17:30:19,20210509
40,2010-12-31,NROM,USD,2010-12-31,2010-12-31,Q4,1830760.0,123261.0,1707499.0,0.9326722235574297,0.0,771104.0,0.0,0.0,979654.0,1102915.0,102034.0,48697.0,776542.0,0.42416373527933754,727845.0,0.39756439948436717,0.0,625811.0,0.34183126133409075,247884.0,112500.0,0.06144988966330923,0.005792206521767112,0.005792206521767112,19422650.0,19422650.0,,,1620595819,17:30:19,20210509
41,2010-09-30,NROM,USD,2010-11-10 00:00:00,2010-11-10 17:15:06,Q3,1852897.0,131472.0,1721425.0,0.929045165489501,0.0,750448.0,0.0,0.0,933016.0,1064488.0,114937.0,39260.0,827669.0,0.4466891575732488,788409.0,0.425500715905957,0.0,673472.0,0.36346974494534773,266762.0,-528527.0,-0.28524359422029394,-0.027225286935229073,-0.026278581593910205,19413092.0,20112463.0,https://www.sec.gov/Archives/edgar/data/709005/000092627410000089/0000926274-10-000089-index.html,https://www.sec.gov/Archives/edgar/data/709005/000092627410000089/nr-910q.txt,1620595819,17:30:19,20210509
42,2010-06-30,NROM,USD,2010-08-10 00:00:00,2010-08-10 17:00:37,Q2,1832314.0,493091.0,1339223.0,0.7308916484838297,0.0,414973.0,0.0,0.0,604660.0,1097751.0,114141.0,47079.0,781642.0,0.4265873643927842,734563.0,0.4008936241277423,0.0,620422.0,0.33860026174553054,245749.0,374673.0,0.20448078222400745,0.01930060627433902,0.01867268554895123,19412499.0,20065298.0,https://www.sec.gov/Archives/edgar/data/709005/000092627410000076/0000926274-10-000076-index.html,https://www.sec.gov/Archives/edgar/data/709005/000092627410000076/nr-610q.txt,1620595819,17:30:19,20210509
43,2010-03-31,NROM,USD,2010-05-06 00:00:00,2010-05-06 17:00:11,Q1,1755132.0,463515.0,1291617.0,0.7359087521622305,0.0,394804.0,0.0,0.0,599891.0,1063406.0,109399.0,23257.0,714983.0,0.407367081222381,691726.0,0.39411622601604895,0.0,582326.0,0.33178473186062357,230659.0,351667.0,0.20036498679301615,0.01811549352816451,0.017551393300647845,19412499.0,20036415.0,https://www.sec.gov/Archives/edgar/data/709005/000092627410000052/0000926274-10-000052-index.html,https://www.sec.gov/Archives/edgar/data/709005/000092627410000052/nr-310q.txt,1620595819,17:30:19,20210509
44,2009-12-31,NROM,USD,2010-03-16 00:00:00,2010-03-16 17:03:16,Q4,1820634.0,1998466.0,-177832.0,-0.09767586456146594,0.0,387439.0,0.0,0.0,1000000.0,1070816.0,113806.0,40379.0,790197.0,0.4340229832025547,749818.0,0.41184444539649373,0.0,636012.0,0.3493354512768629,251924.0,384088.0,0.2109638730244519,0.019785603079747745,0.019785603079747745,19412499.0,19412499.0,https://www.sec.gov/Archives/edgar/data/709005/000092627410000020/0000926274-10-000020-index.html,https://www.sec.gov/Archives/edgar/data/709005/000092627410000020/nr-09k.txt,1620595819,17:30:19,20210509
45,2009-09-30,NROM,USD,2009-11-09 00:00:00,2009-11-09 17:00:58,Q3,1934323.0,0.0,1934323.0,1.0,0.0,375158.0,0.0,0.0,1057696.0,1057696.0,115682.0,44248.0,920875.0,0.4760709560916145,876627.0,0.4531957692691448,0.0,760945.0,0.39339086595155,301410.0,459535.0,0.23756890653732599,0.023672119699787234,0.023066429973092387,19412499.0,19922242.0,https://www.sec.gov/Archives/edgar/data/709005/000092627409000111/0000926274-09-000111-index.html,https://www.sec.gov/Archives/edgar/data/709005/000092627409000111/nr-909q.txt,1620595819,17:30:19,20210509
46,2009-06-30,NROM,USD,2009-08-10 00:00:00,2009-08-10 16:30:16,Q2,1903556.0,512595.0,1390961.0,0.7307171420226145,0.0,369357.0,0.0,0.0,586232.0,1098827.0,117141.0,47629.0,852358.0,0.4477714340949255,804729.0,0.4227503682581442,0.0,687588.0,0.3612123835600319,272354.0,415234.0,0.2181359518711296,0.02139003329761923,0.0208562151530197,19412499.0,19909365.0,https://www.sec.gov/Archives/edgar/data/709005/000092627409000087/0000926274-09-000087-index.html,https://www.sec.gov/Archives/edgar/data/709005/000092627409000087/nr-609q.txt,1620595819,17:30:19,20210509
47,2009-03-31,NROM,USD,2009-05-11 00:00:00,2009-05-11 17:00:37,Q1,1891068.0,193640.0,1697428.0,0.8976028360693534,0.0,353402.0,0.0,0.0,886997.0,1080637.0,120315.0,46929.0,857360.0,0.4533734376553355,810431.0,0.4285573020113502,0.0,690116.0,0.3649345237717523,273355.0,416761.0,0.22038393119655136,0.021468693958464596,0.020990373995529457,19412499.0,19854863.0,https://www.sec.gov/Archives/edgar/data/709005/000092627409000055/0000926274-09-000055-index.html,https://www.sec.gov/Archives/edgar/data/709005/000092627409000055/nr-309q.txt,1620595819,17:30:19,20210509
48,2008-12-31,NROM,USD,2009-03-19 00:00:00,2009-03-19 17:00:54,Q4,2057527.0,2727812.0,-670285.0,-0.3257721526862102,0.0,0.0,0.0,0.0,1000000.0,1299331.0,149580.0,36815.0,795011.0,0.3863915273043805,758196.0,0.3684986879880556,0.0,608616.0,0.295799763502496,206929.0,-3422710.0,-1.6635067243346018,-0.176314754736111,-0.176314754736111,19412499.0,19412499.0,https://www.sec.gov/Archives/edgar/data/709005/000092627409000033/0000926274-09-000033-index.html,https://www.sec.gov/Archives/edgar/data/709005/000092627409000033/nr-k.txt,1620595819,17:30:19,20210509
49,2008-09-30,NROM,USD,2008-11-12 00:00:00,2008-11-10 18:01:54,Q3,2211955.0,588891.0,1623064.0,0.7337689962047148,0.0,0.0,0.0,0.0,1010554.0,1599445.0,150678.0,61691.0,674201.0,0.3047986961760072,612510.0,0.2769088882911271,0.0,461832.0,0.20878905764357775,157023.0,304809.0,0.13780072379410974,0.015865140708660543,0.015288441948119342,19212499.0,19937218.0,https://www.sec.gov/Archives/edgar/data/709005/000092627408000078/0000926274-08-000078-index.html,https://www.sec.gov/Archives/edgar/data/709005/000092627408000078/nr-908q.txt,1620595819,17:30:19,20210509
50,2008-06-30,NROM,USD,2008-08-11 00:00:00,2008-08-11 16:43:53,Q2,2422042.0,624851.0,1797191.0,0.7420147957797594,0.0,0.0,0.0,0.0,1036230.0,1661081.0,162011.0,39226.0,800187.0,0.3303770124547799,760961.0,0.31418158727222734,0.0,598950.0,0.24729133516264376,203643.0,395307.0,0.16321228120734488,0.02058681540156078,0.019425358631814597,19201950.0,20350049.0,https://www.sec.gov/Archives/edgar/data/709005/000092627408000052/0000926274-08-000052-index.html,https://www.sec.gov/Archives/edgar/data/709005/000092627408000052/nr-608q.txt,1620595819,17:30:19,20210509
51,2008-03-31,NROM,USD,2008-05-14 00:00:00,2008-05-13 17:44:51,Q1,2350435.0,611901.0,1738534.0,0.7396647854546073,0.0,0.0,0.0,0.0,1097454.0,1709355.0,154063.0,45493.0,686573.0,0.2921046529684931,641080.0,0.27274951232431444,-1.0,487016.0,0.20720249655914758,165586.0,321431.0,0.13675383492842813,0.016744341841267593,0.015835604247395087,19196395.0,20297994.0,https://www.sec.gov/Archives/edgar/data/709005/000092627408000031/0000926274-08-000031-index.html,https://www.sec.gov/Archives/edgar/data/709005/000092627408000031/nr-30810q.txt,1620595819,17:30:19,20210509
52,2007-12-31,NROM,USD,2007-12-31,2007-12-31,Q4,2672007.0,604547.0,2067460.0,0.7737479729656397,0.0,0.0,0.0,0.0,1329776.0,1934323.0,146840.0,50053.0,787737.0,0.294810979162854,737684.0,0.27607861805751255,0.0,590844.0,0.22112367220594856,202483.0,388361.0,0.1453443048614768,0.020230933985261296,0.020230933985261296,19196395.0,19196395.0,,,1620595819,17:30:19,20210509
53,2007-09-30,NROM,USD,2007-11-09 00:00:00,2007-11-08 18:04:57,Q3,2959322.0,494220.0,2465102.0,0.832995530733053,0.0,0.0,0.0,0.0,1266768.0,1760988.0,163237.0,47794.0,1246128.0,0.42108564056226394,1198334.0,0.40493531964416174,0.0,1035097.0,0.3497750498256019,341442.0,693655.0,0.23439659489572273,0.04,0.03,18208358.0,21100540.0,https://www.sec.gov/Archives/edgar/data/709005/000092627407000087/0000926274-07-000087-index.html,https://www.sec.gov/Archives/edgar/data/709005/000092627407000087/nr-907q.txt,1620595819,17:30:19,20210509
54,2007-06-30,NROM,USD,2007-08-09 00:00:00,2007-08-09 16:16:12,Q2,3080147.0,1399579.0,1680568.0,0.5456129204223045,0.0,0.0,0.0,0.0,447744.0,1847323.0,166906.0,47797.0,1280621.0,0.415766195574432,1232824.0,0.40024842970156943,0.0,1065918.0,0.34606075619118176,362412.0,703506.0,0.22840013804535952,0.04135880292713182,0.0359296098215547,17009825.0,19580118.0,https://www.sec.gov/Archives/edgar/data/709005/000092627407000057/0000926274-07-000057-index.html,https://www.sec.gov/Archives/edgar/data/709005/000092627407000057/nr-607q.txt,1620595819,17:30:19,20210509
55,2007-03-31,NROM,USD,2007-05-07 00:00:00,2007-05-07 12:16:45,Q1,2855339.0,460427.0,2394912.0,0.8387487440195367,0.0,0.0,0.0,0.0,1155936.0,1616363.0,0.0,45788.0,1284764.0,0.44995147686491865,1238976.0,0.433915552584124,0.0,1065157.0,0.3730404691001664,362154.0,703003.0,0.24620649246902032,0.042176760308274205,0.03506820087478576,16668018.0,20046737.0,https://www.sec.gov/Archives/edgar/data/709005/000092627407000038/0000926274-07-000038-index.html,https://www.sec.gov/Archives/edgar/data/709005/000092627407000038/nr-307q.txt,1620595819,17:30:19,20210509
56,2006-12-31,NROM,USD,2006-12-31,2006-12-31,Q4,2504085.0,445106.0,2058979.0,0.8222480466917057,0.0,0.0,0.0,0.0,1012947.0,1458053.0,185962.0,45315.0,1091347.0,0.4358266592388038,1046032.0,0.4177302288061308,0.0,860070.0,0.34346677528917746,292424.0,567646.0,0.2266879918213639,0.034055998739622194,0.034055998739622194,16668018.0,16668018.0,,,1620595819,17:30:19,20210509
57,2006-09-30,NROM,USD,2006-09-30,2006-09-30,Q3,2371540.0,468988.0,1902552.0,0.8022432680874031,0.0,0.0,0.0,0.0,969274.0,1438262.0,194876.0,42055.0,975333.0,0.41126567546826115,933278.0,0.39353247257056595,0.0,738402.0,0.31135970719448125,251057.0,487345.0,0.20549727181493882,0.03,0.02,16396303.0,19125397.0,,,1620595819,17:30:19,20210509
58,2006-06-30,NROM,USD,2006-06-30,2006-06-30,Q2,2315620.0,518803.0,1796817.0,0.7759550358003472,0.0,0.0,0.0,0.0,938444.0,1457247.0,197964.0,37635.0,896008.0,0.38694086249039134,858373.0,0.3706881958179667,-1.0,660408.0,0.2851970530570646,224539.0,435870.0,0.18823036594950812,0.026704225476371475,0.025695259655824886,16322136.0,16963051.0,,,1620595819,17:30:19,20210509
59,2006-03-31,NROM,USD,2006-03-31,2006-03-31,Q1,2295556.0,777274.0,1518282.0,0.6614005495836303,0.0,0.0,0.0,0.0,708078.0,1485352.0,197226.0,37538.0,847742.0,0.369297024337459,810204.0,0.3529445589652354,0.0,612978.0,0.2670281186780022,208413.0,404565.0,0.17623834922781234,0.02478627797244184,0.023391295881203103,16322136.0,17295536.0,,,1620595819,17:30:19,20210509
60,2005-12-31,NROM,USD,2005-12-31,2005-12-31,Q4,2113356.0,415719.0,1697637.0,0.8032896492592824,0.0,0.0,0.0,0.0,916504.0,1332223.0,203427.0,6213.0,787346.0,0.37255720285649935,781133.0,0.3696173290254931,0.0,577705.0,0.2733590554549257,196421.0,448541.0,0.21224109899136728,0.027480533185117437,0.027480533185117437,16322136.0,16322136.0,,,1620595819,17:30:19,20210509
61,2005-09-30,NROM,USD,2005-09-30,2005-09-30,Q3,2104748.0,424445.0,1680303.0,0.7983392786214787,0.0,0.0,0.0,0.0,884064.0,1308509.0,0.0,74332.0,870571.0,0.4136224384106791,796239.0,0.378306096501814,2800830.0,3389771.0,1.6105353229935364,1152522.0,1912538.0,0.9086779034829823,0.11377914517597312,0.10984415534739153,16809214.0,17411377.0,,,1620595819,17:30:19,20210509
62,2005-06-30,NROM,USD,2005-06-30,2005-06-30,Q2,2161786.0,468763.0,1693023.0,0.7831593876544671,0.0,0.0,0.0,0.0,861610.0,1330373.0,204385.0,27329.0,858742.0,0.3972372843565459,831413.0,0.38459542248862744,0.0,627028.0,0.29005091160734686,213189.0,111140.0,0.051411194262521824,0.00648542640540719,0.006293203487456231,17136884.0,17660322.0,,,1620595819,17:30:19,20210509
63,2005-03-31,NROM,USD,2005-03-31,2005-03-31,Q1,2050937.0,428701.0,1622236.0,0.7909731015628466,0.0,0.0,0.0,0.0,846700.0,1275401.0,202246.0,26529.0,802065.0,0.39107247077799073,775536.0,0.37813740743864876,-1.0,573289.0,0.2795254071675532,194918.0,378371.0,0.1844868955019096,0.022079334842903763,0.02137799658129239,17136884.0,17699086.0,,,1620595819,17:30:19,20210509
64,2004-12-31,NROM,USD,2004-12-31,2004-12-31,Q4,1829678.0,367707.0,1461971.0,0.799031851506112,0.0,0.0,0.0,0.0,888727.0,1256434.0,209648.0,22891.0,596135.0,0.3258141596499493,573244.0,0.3133032151012364,0.0,363596.0,0.19872130506023464,129402.0,-169559.0,-0.09267149738915809,-0.009894389201677505,-0.009894389201677505,17136884.0,17136884.0,,,1620595819,17:30:19,20210509
65,2004-09-30,NROM,USD,2004-09-30,2004-09-30,Q3,2015818.0,417795.0,1598023.0,0.7927417058484446,0.0,0.0,0.0,0.0,811215.0,1229010.0,0.0,35916.0,822724.0,0.4081340676588859,786808.0,0.39031698298159856,0.0,546026.0,0.27087068376212536,185649.0,360377.0,0.17877457191075782,0.022139134418863157,0.021143117769284528,16277827.0,17044648.0,,,1620595819,17:30:19,20210509
66,2004-06-30,NROM,USD,2004-06-30,2004-06-30,Q2,2122697.0,902347.0,1220350.0,0.5749054151393251,0.0,0.0,0.0,0.0,347964.0,1250311.0,250437.0,37311.0,909697.0,0.4285571610079065,872386.0,0.4109799938474497,1.0,621950.0,0.2929998958871662,205683.0,416267.0,0.19610288232376077,0.03,0.02,16277827.0,17156501.0,,,1620595819,17:30:19,20210509
67,2004-03-31,NROM,USD,2004-05-13,2004-05-13,Q1,1943328.0,829640.0,1113688.0,0.5730828763852525,0.0,0.0,0.0,0.0,371573.0,1201213.0,245366.0,41054.0,783169.0,0.4030040219664411,742115.0,0.38187840652735927,0.0,496749.0,0.25561768265573287,168895.0,327854.0,0.16870749559518516,0.020141144172587194,0.018941051844409,16277824.0,17309176.0,https://www.sec.gov/Archives/edgar/data/709005/000092627404000175/0000926274-04-000175-index.htm,https://www.sec.gov/Archives/edgar/data/709005/000092627404000175/nr-304q.txt,1620595819,17:30:19,20210509
68,2003-12-31,NROM,USD,2003-12-31,2003-12-31,Q4,2089999.0,2012238.0,77761.0,0.037206237897721484,0.0,0.0,0.0,0.0,-868726.0,1143512.0,278213.0,56752.0,1003239.0,0.48001888996119135,946487.0,0.4528648099831627,1.0,668275.0,0.3197489568176827,227214.0,273983.0,0.1310924072212475,0.01683167234146284,0.01683167234146284,16277824.0,16277824.0,,,1620595819,17:30:19,20210509
69,2003-09-30,NROM,USD,2003-11-13,2003-11-13,Q3,1984018.0,413933.0,1570085.0,0.7913663081685751,0.0,0.0,0.0,0.0,774454.0,1188387.0,254844.0,52668.0,848299.0,0.42756618135520946,795631.0,0.40102005122937395,0.0,540787.0,0.27257161981393313,183867.0,356919.0,0.17989705738556808,0.022078158582886545,0.020802346151263765,16166158.0,17157632.0,https://www.sec.gov/Archives/edgar/data/709005/000092627403000396/0000926274-03-000396-index.htm,https://www.sec.gov/Archives/edgar/data/709005/000092627403000396/nr-903q.txt,1620595819,17:30:19,20210509
70,2003-06-30,NROM,USD,2003-06-30,2003-06-30,Q2,1937183.0,769492.0,1167691.0,0.6027778480401697,0.0,0.0,0.0,0.0,322453.0,1091945.0,0.0,57068.0,902306.0,0.4657825306127506,845238.0,0.4363232590829054,0.0,592461.0,0.3058363613556386,201437.0,391024.0,0.20185186427921367,0.024187812589732204,0.022863543253970133,16166158.0,17102511.0,,,1620595819,17:30:19,20210509
71,2003-03-31,NROM,USD,2003-03-31,2003-03-31,Q1,1770780.0,770823.0,999957.0,0.5646986073933521,0.0,0.0,0.0,0.0,327946.0,1098769.0,0.0,68526.0,740537.0,0.41819819514564205,672011.0,0.3794999943527711,0.0,411383.0,0.23231739685336406,139870.0,271513.0,0.1533296061622562,0.016795146997821003,0.01590606043439451,16166158.0,17069783.0,,,1620595819,17:30:19,20210509
72,2002-12-31,NROM,USD,2003-03-25,2003-03-25,Q4,1841588.0,1927014.0,-85426.0,-0.0463871397945686,0.0,0.0,0.0,0.0,-768422.0,1158592.0,297290.0,229403.0,912399.0,0.495441434240449,682996.0,0.37087339839312594,0.0,385706.0,0.2094420684756851,131140.0,-58632.0,-0.0318377400374025,-0.0036268357639458924,-0.0036268357639458924,16166158.0,16166158.0,https://www.sec.gov/Archives/edgar/data/709005/000092627403000138/0000926274-03-000138-index.htm,https://www.sec.gov/Archives/edgar/data/709005/000092627403000138/nr-0210k.txt,1620595819,17:30:19,20210509
73,2002-09-30,NROM,USD,2002-09-30,2002-09-30,Q3,1784831.0,427606.0,1357225.0,0.7604221352049578,0.0,721832.0,0.0,0.0,736363.0,1163969.0,334840.0,14532.0,635394.0,0.35599673022263734,620862.0,0.3478547828898086,-1.0,286021.0,0.16025102656778148,97247.0,188774.0,0.10576575597353476,0.011760771403533626,0.011197071942020598,16051158.0,16859229.0,,,1620595819,17:30:19,20210509
74,2002-06-30,NROM,USD,2002-08-14 00:00:00,2002-08-14 10:25:08,Q2,1578548.0,352489.0,1226059.0,0.7767004867764553,0.0,637358.0,0.0,0.0,651700.0,1004189.0,319641.0,14342.0,588701.0,0.3729382951927974,574359.0,0.36385273048396377,1.0,254719.0,0.16136284737619636,86604.0,168114.0,0.10649913718176451,0.010473636855359595,0.009880061574515583,16051158.0,17015481.0,https://www.sec.gov/Archives/edgar/data/709005/000092627402000311/0000926274-02-000311-index.html,https://www.sec.gov/Archives/edgar/data/709005/000092627402000311/nr-60210q.txt,1620595819,17:30:19,20210509
75,2002-03-31,NROM,USD,2002-04-19 00:00:00,2002-04-19 00:00:00,Q1,1443895.0,538311.0,905584.0,0.6271813393633193,0.0,292232.0,0.0,0.0,306404.0,844715.0,303032.0,14262.0,613442.0,0.4248522226339173,599180.0,0.41497477309638164,0.0,296148.0,0.20510355669906746,100600.0,195458.0,0.13536856904414796,0.012177189957260404,0.011475720143153822,16051158.0,17032308.0,https://www.sec.gov/Archives/edgar/data/709005/000092627402000214/0000926274-02-000214-index.html,https://www.sec.gov/Archives/edgar/data/709005/000092627402000214/nr-q.txt,1620595819,17:30:19,20210509
76,2001-12-31,NROM,USD,2001-12-31,2001-12-31,Q4,1288631.0,611848.0,676783.0,0.5251953429647432,0.0,320285.0,0.0,0.0,340176.0,952024.0,326218.0,229367.0,565974.0,0.43920563761076675,336607.0,0.26121286854033465,0.0,10389.0,0.008062044138314227,3532.0,-1664552.0,-1.2917212142188106,-0.10370292286699813,-0.10370292286699813,16051158.0,16051158.0,,,1620595819,17:30:19,20210509
77,2001-09-30,NROM,USD,2001-11-14 00:00:00,2001-11-14 00:00:00,Q3,1460895.0,573250.0,887645.0,0.607603558092813,0.0,300309.0,0.0,0.0,311644.0,884894.0,314712.0,11335.0,587336.0,0.4020384764134315,576001.0,0.39427953412120653,0.0,261289.0,0.17885542766591714,88838.0,172451.0,0.11804476023259713,0.011170187063437356,0.009660399030145256,15438506.0,17851333.0,https://www.sec.gov/Archives/edgar/data/709005/000092627401500270/0000926274-01-500270-index.html,https://www.sec.gov/Archives/edgar/data/709005/000092627401500270/nr-901q.txt,1620595819,17:30:19,20210509
78,2001-06-30,NROM,USD,2001-08-14 00:00:00,2001-08-14 00:00:00,Q2,1551817.0,593575.0,958242.0,0.6174967795816131,0.0,313745.0,0.0,0.0,326694.0,920269.0,307166.0,12950.0,644498.0,0.41531830106256085,631548.0,0.40697324491225445,0.0,324382.0,0.20903366827402972,109237.0,215145.0,0.13864070312414414,0.02,0.01,14197229.0,16610055.0,https://www.sec.gov/Archives/edgar/data/709005/000092627401500142/0000926274-01-500142-index.html,https://www.sec.gov/Archives/edgar/data/709005/000092627401500142/nob10q.txt,1620595819,17:30:19,20210509
79,2001-03-31,NROM,USD,2001-05-11 00:00:00,2001-05-11 00:00:00,Q1,1445602.0,538441.0,907161.0,0.6275316442561646,0.0,272703.0,0.0,0.0,282505.0,820946.0,306880.0,9802.0,634458.0,0.43888843540614914,624656.0,0.43210786924755223,0.0,317776.0,0.21982260677558554,109097.0,208679.0,0.14435439353293644,0.02,0.01,13674545.0,16527808.0,https://www.sec.gov/Archives/edgar/data/709005/000092627401500016/0000926274-01-500016-index.html,https://www.sec.gov/Archives/edgar/data/709005/000092627401500016/nr-q.txt,1620595819,17:30:19,20210509
80,2000-12-31,NROM,USD,2000-12-31,2000-12-31,Q4,1411750.0,456486.0,955264.0,0.6766523817956437,0.0,315405.0,0.0,0.0,344400.0,800886.0,316888.0,218653.0,829517.0,0.5875806622985656,610864.0,0.4326998406233398,1.0,293977.0,0.20823587745705685,99953.0,29025.0,0.020559589162387107,0.002122556911399977,0.002122556911399977,13674545.0,13674545.0,,,1620595819,17:30:19,20210509
81,2000-09-30,NROM,USD,2000-10-19 00:00:00,2000-10-19 00:00:00,Q3,1548516.0,474889.0,1073627.0,0.6933263847451366,0.0,313918.0,0.0,0.0,323720.0,798609.0,331382.0,9802.0,759709.0,0.49060455300429573,749907.0,0.48427462163774865,-2.0,418523.0,0.2702736038891429,142297.0,276226.0,0.1783811081060835,0.022907806829566037,0.018068849442498945,12058160.0,15287415.0,https://www.sec.gov/Archives/edgar/data/709005/000092627400000454/0000926274-00-000454-index.html,https://www.sec.gov/Archives/edgar/data/709005/000092627400000454/0000926274-00-000454-0001.txt,1620595819,17:30:19,20210509
82,2000-06-30,NROM,USD,2000-07-17 00:00:00,2000-07-17 00:00:00,Q2,1362253.0,505505.0,856748.0,0.6289198849259279,0.0,311368.0,0.0,0.0,321180.0,826685.0,0.0,9812.0,545380.0,0.4003514765612555,535568.0,0.3931487029208231,0.0,214793.0,0.15767482251828405,73030.0,141763.0,0.10406510391241568,0.012982807393925995,0.009402493969358971,10919287.0,15077170.0,https://www.sec.gov/Archives/edgar/data/709005/000092627400000332/0000926274-00-000332-index.html,https://www.sec.gov/Archives/edgar/data/709005/000092627400000332/0000926274-00-000332-0001.txt,1620595819,17:30:19,20210509
83,2000-03-31,NROM,USD,2000-03-31,2000-03-31,Q1,1236448.0,466439.0,770009.0,0.6227589029219183,0.0,325006.0,0.0,0.0,334808.0,801247.0,307221.0,9802.0,445003.0,0.3599043388804058,435201.0,0.3519767915836331,0.0,127980.0,0.10350617251999275,43513.0,84467.0,0.0683142356168638,0.009142814712282277,0.006231912553872692,9238621.0,13553945.0,,,1620595819,17:30:19,20210509
84,1999-12-31,NROM,USD,1999-12-31,1999-12-31,Q4,-15380569.0,-2663798.0,-12716771.0,0.8268075777950737,0.0,-1924624.0,0.0,0.0,-14872307.0,-17536105.0,0.0,-13081.0,2142455.0,-0.1392962119931974,2155536.0,-0.14014670068448054,0.0,1599050.0,-0.10396559451084027,543677.0,-9658464.0,0.6279653242997707,-1.0454443363354768,-1.0454443363354768,9238621.0,9238621.0,,,1620595819,17:30:19,20210509
85,1999-09-30,NROM,USD,1999-09-30,1999-09-30,Q3,6527103.0,1191960.0,5335143.0,0.8173829951817828,0.0,632546.0,286668.0,0.0,5613415.0,6805375.0,520471.0,374446.0,96174.0,0.014734561412620577,-278272.0,-0.04263330914189649,0.0,-798773.0,-0.12237787575896994,-271583.0,-527191.0,-0.08076952363092783,-0.09,-0.09,5921661.0,5921661.0,,,1620595819,17:30:19,20210509
86,1999-06-30,NROM,USD,1999-08-23 00:00:00,1999-08-23 00:00:00,Q2,833631.0,0.0,0.0,0.0,0.0,182947.0,0.0,0.0,587368.0,587368.0,0.0,10114.0,256377.0,0.3075425458026393,246263.0,0.2954100795195956,0.0,-209432.0,-0.2512286611222471,-71207.0,-493049.0,-0.5914475349405193,-0.06,-0.06,5561057.0,5561057.0,https://www.sec.gov/Archives/edgar/data/709005/000092627499000246/0000926274-99-000246-index.html,https://www.sec.gov/Archives/edgar/data/709005/0000926274-99-000246.txt,1620595819,17:30:19,20210509
87,1999-03-31,NROM,USD,1999-03-31,1999-03-31,Q1,760000.0,0.0,0.0,0.0,0.0,460000.0,0.0,80000.0,550000.0,550000.0,-370000.0,290000.0,510000.0,0.6710526315789473,220000.0,0.2894736842105263,0.0,-150000.0,-0.19736842105263158,-50000.0,-440000.0,-0.5789473684210527,-0.07928,-0.07928,5550000.0,5550000.0,,,1620595819,17:30:19,20210509
88,1998-12-31,NROM,USD,1998-12-31,1998-12-31,Q4,6910000.0,-3000000.0,9910000.0,1.4341534008683068,0.0,10410000.0,0.0,0.0,11290000.0,8290000.0,-340000.0,340000.0000000001,-1029999.9999999999,-0.14905933429811866,-1370000.0,-0.19826338639652677,0.0,-1720000.0,-0.24891461649782923,-580000.0,-1100000.0,-0.15918958031837915,-0.26634,-0.26634,4130000.0,4130000.0,,,1620595819,17:30:19,20210509
89,1998-09-30,NROM,USD,1998-11-05 00:00:00,1998-11-05 00:00:00,Q3,6540000.0,2940000.0,3600000.0,0.5504587155963303,0.0,3740000.0,0.0,0.0,4000000.0,6940000.0,-410000.0,270000.0,-130000.0,-0.019877675840978593,-400000.0,-0.06116207951070336,0.0,-820000.0,-0.12538226299694188,-280000.0,-420000.0,-0.06422018348623854,-0.10169,-0.10169,4130000.0,4130000.0,https://www.sec.gov/Archives/edgar/data/709005/000092627498000285/0000926274-98-000285-index.html,https://www.sec.gov/Archives/edgar/data/709005/0000926274-98-000285.txt,1620595819,17:30:19,20210509
90,1998-06-30,NROM,USD,1998-06-30,1998-06-30,Q2,6410000.0,2700000.0,3700000.0,0.5772230889235569,0.0,3700000.0,0.0,0.0,3950000.0,6650000.0,-340000.0,250000.0,0.0,0.0,-250000.0,-0.0390015600624025,0.0,-590000.0,-0.09204368174726989,-200000.0,-270000.0,-0.0421216848673947,-0.06538,-0.06538,4130000.0,4130000.0,,,1620595819,17:30:19,20210509
91,1998-03-31,NROM,USD,1998-03-31,1998-03-31,Q1,5920000.0,2530000.0,3390000.0,0.5726351351351351,0.0,3600000.0,0.0,0.0,3840000.0000000005,6370000.0,-290000.0,250000.0,-200000.0,-0.033783783783783786,-450000.0,-0.07601351351351351,0.0,-740000.0,-0.125,-250000.0,-370000.0,-0.0625,-0.08959,-0.08959,4130000.0,4130000.0,,,1620595819,17:30:19,20210509
92,1997-12-31,NROM,USD,1997-12-31,1997-12-31,Q4,6250000.0,5890000.0,360000.0,0.0576,0.0,710000.0,0.0,0.0,2320000.000000001,8210000.000000001,-120000.0,240000.0000000001,-1720000.0,-0.2752,-1960000.0,-0.3136,0.0,-2070000.0,-0.3312,-1580000.0,1070000.0,0.1712,0.25908,0.25908,4130000.0,4130000.0,,,1620595819,17:30:19,20210509
93,1997-09-30,NROM,USD,1997-09-30,1997-09-30,Q3,5920000.0,5410000.0,510000.0,0.08614864864864864,0.0,630000.0,0.0,0.0,889999.9999999997,6300000.0,-80000.0,189999.99999999994,-180000.00000000006,-0.030405405405405414,-370000.0,-0.0625,0.0,-460000.0,-0.0777027027027027,-160000.0,-300000.0,-0.05067567567567568,-0.07264,-0.07264,4130000.0,4130000.0,,,1620595819,17:30:19,20210509
94,1997-06-30,NROM,USD,1997-06-30,1997-06-30,Q2,6030000.0,5460000.0,570000.0,0.0945273631840796,0.0,710000.0,0.0,0.0,6130000.0,11590000.0,-330000.0,330000.0,-5230000.0,-0.867330016583748,-5560000.0,-0.9220563847429519,0.0,-5880000.0,-0.9751243781094527,-2000000.0,-3880000.0,-0.6434494195688225,-0.93947,-0.93947,4130000.0,4130000.0,,,1620595819,17:30:19,20210509
95,1997-03-31,NROM,USD,1997-03-31,1997-03-31,Q1,7900000.0,7550000.0,350000.0,0.04430379746835443,0.0,760000.0,0.0,0.0,1090000.0000000007,8640000.0,-480000.0,320000.0,-420000.0,-0.053164556962025315,-740000.0,-0.09367088607594937,0.0,-1220000.0,-0.15443037974683543,-410000.0,-800000.0,-0.10126582278481013,-0.1937,-0.1937,4130000.0,4130000.0,,,1620595819,17:30:19,20210509
96,1996-12-31,NROM,USD,1996-12-31,1996-12-31,Q4,8739190.0,1721293.0,7017897.0,0.8030374668590567,0.0,-15604357.0,0.0,0.0,8744492.0,10465785.0,0.0,2621005.0,894410.0,0.10234472531207126,-1726595.0,-0.19756922552318923,0.0,-2221227.0,-0.25416852133893414,160210.0,-2381437.0,-0.27250088394919897,-0.5766191283292978,-0.5766191283292978,4130000.0,4130000.0,,,1620595819,17:30:19,20210509
97,1996-09-30,NROM,USD,1996-11-18 00:00:00,1996-11-18 00:00:00,Q3,8400000.0,1400000.0,7000000.0,0.8333333333333334,0.0,6700000.0,0.0,0.0,7100000.0,8500000.0,400000.0,400000.0,300000.0,0.03571428571428571,-100000.0,-0.011904761904761904,0.0,-500000.0,-0.05952380952380952,-200000.0,-300000.0,-0.03571428571428571,-0.07,-0.07,4285714.0,4285714.0,https://www.sec.gov/Archives/edgar/data/709005/000091608096000017/0000916080-96-000017-index.html,https://www.sec.gov/Archives/edgar/data/709005/0000916080-96-000017.txt,1620595819,17:30:19,20210509
98,1996-06-30,NROM,USD,1996-08-19 00:00:00,1996-08-19 00:00:00,Q2,8200000.0,1700000.0,6500000.0,0.7926829268292683,0.0,7600000.0,0.0,0.0,7900000.0,9600000.0,0.0,300000.0,-1100000.0,-0.13414634146341464,-1400000.0,-0.17073170731707318,-400000.0,-1700000.0,-0.2073170731707317,-600000.0,-1100000.0,-0.13414634146341464,-0.26,-0.26,4230769.0,4230769.0,https://www.sec.gov/Archives/edgar/data/709005/000091608096000009/0000916080-96-000009-index.html,https://www.sec.gov/Archives/edgar/data/709005/0000916080-96-000009.txt,1620595819,17:30:19,20210509
99,1996-03-31,NROM,USD,1996-05-20 00:00:00,1996-05-20 00:00:00,Q1,8900000.0,1600000.0,7300000.0,0.8202247191011236,0.0,6500000.0,0.0,0.0,6800000.0,8400000.0,400000.0,300000.0,800000.0,0.0898876404494382,500000.0,0.056179775280898875,0.0,0.0,0.0,0.0,0.0,0.0,0.01,0.01,4131000.0,4131000.0,https://www.sec.gov/Archives/edgar/data/709005/000092040196000004/0000920401-96-000004-index.html,https://www.sec.gov/Archives/edgar/data/709005/0000920401-96-000004.txt,1620595819,17:30:19,20210509
100,1995-12-31,NROM,USD,1995-12-31,1995-12-31,Q4,9000000.0,0.0,0.0,0.0,0.0,0.0,0.0,0.0,0.0,0.0,0.0,510000.0,-22090000.0,-2.4544444444444444,-22600000.0,-2.511111111111111,0.0,0.0,0.0,0.0,100000.0,0.011111111111111112,0.02420721374969741,0.02420721374969741,4131000.0,4131000.0,,,1620595819,17:30:19,20210509
101,1995-09-30,NROM,USD,1995-09-30,1995-09-30,Q3,8700000.0,0.0,0.0,0.0,0.0,0.0,0.0,0.0,0.0,0.0,0.0,340000.0,9040000.0,1.0390804597701149,8700000.0,1.0,0.0,0.0,0.0,0.0,200000.0,0.022988505747126436,0.05,0.05,4000000.0,4000000.0,,,1620595819,17:30:19,20210509
102,1995-06-30,NROM,USD,1995-06-30,1995-06-30,Q2,7800000.0,1400000.0,6400000.0,0.8205128205128205,0.0,5800000.0,0.0,0.0,6100000.0,7500000.0,300000.0,300000.0,600000.0,0.07692307692307693,300000.0,0.038461538461538464,100000.0,0.0,0.0,0.0,100000.0,0.01282051282051282,0.02,0.02,5000000.0,5000000.0,,,1620595819,17:30:19,20210509
103,1995-03-31,NROM,USD,1995-03-31,1995-03-31,Q1,8200000.0,0.0,0.0,0.0,0.0,0.0,0.0,0.0,0.0,0.0,0.0,320000.0,8520000.0,1.0390243902439025,8200000.0,1.0,0.0,0.0,0.0,0.0,200000.0,0.024390243902439025,0.06,0.06,3333333.0,3333333.0,,,1620595819,17:30:19,20210509
104,1994-12-31,NROM,USD,1994-12-31,1994-12-31,Q4,8500000.0,8300000.0,200000.0,0.023529411764705882,0.0,-800000.0,0.0,0.0,-500000.0,7800000.0,300000.0,300000.0,1000000.0,0.11764705882352941,700000.0,0.08235294117647059,200000.0,0.0,0.0,0.0,500000.0,0.058823529411764705,0.1500000150000015,0.1500000150000015,3333333.0,3333333.0,,,1620595819,17:30:19,20210509
105,1994-09-30,NROM,USD,1994-09-30,1994-09-30,Q3,7800000.0,1500000.0,6300000.0,0.8076923076923077,0.0,5500000.0,0.0,0.0,5800000.0,7300000.0,300000.0,300000.0,800000.0,0.10256410256410256,500000.0,0.0641025641025641,0.0,0.0,0.0,0.0,300000.0,0.038461538461538464,0.08,0.08,3750000.0,3750000.0,,,1620595819,17:30:19,20210509
106,1994-06-30,NROM,USD,1994-06-30,1994-06-30,Q2,7200000.0,2900000.0,4300000.0,0.5972222222222222,0.0,3500000.0,0.0,0.0,3800000.0,6700000.0,300000.0,300000.0,800000.0,0.1111111111111111,500000.0,0.06944444444444445,100000.0,0.0,0.0,0.0,400000.0,0.05555555555555555,0.09,0.09,4444444.0,4444444.0,,,1620595819,17:30:19,20210509
107,1994-03-31,NROM,USD,1994-03-31,1994-03-31,Q1,6600000.0,2600000.0,4000000.0,0.6060606060606061,0.0,3200000.0,0.0,0.0,3500000.0,6100000.0,200000.0,300000.0,800000.0,0.12121212121212122,500000.0,0.07575757575757576,100000.0,0.0,0.0,0.0,300000.0,0.045454545454545456,0.08,0.08,3750000.0,3750000.0,,,1620595819,17:30:19,20210509
108,1993-12-31,NROM,USD,1993-12-31,1993-12-31,Q4,6700000.0,6800000.0,-100000.0,-0.014925373134328358,0.0,-700000.0,0.0,0.0,-500000.0,6300000.0,300000.0,200000.0,600000.0,0.08955223880597014,400000.0,0.05970149253731343,0.0,0.0,0.0,0.0,400000.0,0.05970149253731343,0.10666666666666667,0.10666666666666667,3750000.0,3750000.0,,,1620595819,17:30:19,20210509
109,1993-09-30,NROM,USD,1993-09-30,1993-09-30,Q3,6500000.0,1100000.0,5400000.0,0.8307692307692308,0.0,4400000.0,0.0,0.0,4600000.0,5700000.0,300000.0,200000.0,1000000.0,0.15384615384615385,800000.0,0.12307692307692308,0.0,0.0,0.0,0.0,300000.0,0.046153846153846156,0.08,0.08,3750000.0,3750000.0,,,1620595819,17:30:19,20210509
110,1993-06-30,NROM,USD,1993-06-30,1993-06-30,Q2,5900000.0,1200000.0,4700000.0,0.7966101694915254,0.0,4400000.0,0.0,0.0,4600000.0,5800000.0,200000.0,200000.0,300000.0,0.05084745762711865,100000.0,0.01694915254237288,100000.0,0.0,0.0,0.0,0.0,0.0,0.0,0.0,2500000.0,2500000.0,,,1620595819,17:30:19,20210509
111,1993-03-31,NROM,USD,1993-03-31,1993-03-31,Q1,5000000.0,0.0,0.0,0.0,0.0,0.0,0.0,0.0,0.0,0.0,0.0,200000.0,5200000.0,1.04,5000000.0,1.0,0.0,0.0,0.0,0.0,100000.0,0.02,0.04,0.04,2500000.0,2500000.0,,,1620595819,17:30:19,20210509
112,1992-12-31,NROM,USD,1992-12-31,1992-12-31,Q4,2800000.0,400000.0,2400000.0,0.8571428571428571,0.0,1900000.0,0.0,0.0,2100000.0,2500000.0,200000.0,200000.0,500000.0,0.17857142857142858,300000.0,0.10714285714285714,0.0,0.0,0.0,0.0,100000.0,0.03571428571428571,0.04,0.04,2500000.0,2500000.0,,,1620595819,17:30:19,20210509
113,1992-09-30,NROM,USD,1992-09-30,1992-09-30,Q3,2300000.0,400000.0,1900000.0,0.8260869565217391,0.0,1500000.0,0.0,0.0,1600000.0,2000000.0,100000.0,100000.0,400000.0,0.17391304347826086,300000.0,0.13043478260869565,100000.0,0.0,0.0,0.0,200000.0,0.08695652173913043,0.09,0.09,2222222.0,2222222.0,,,1620595819,17:30:19,20210509
114,1992-06-30,NROM,USD,1992-06-30,1992-06-30,Q2,2300000.0,400000.0,1900000.0,0.8260869565217391,0.0,1500000.0,0.0,0.0,1600000.0,2000000.0,100000.0,100000.0,400000.0,0.17391304347826086,300000.0,0.13043478260869565,0.0,200000.0,0.08695652173913043,100000.0,200000.0,0.08695652173913043,0.09,0.09,2222222.0,2222222.0,,,1620595819,17:30:19,20210509
115,1992-03-31,NROM,USD,1992-03-31,1992-03-31,Q1,2100000.0,0.0,0.0,0.0,0.0,0.0,0.0,0.0,0.0,0.0,0.0,120000.0,2220000.0,1.0571428571428572,2100000.0,1.0,0.0,0.0,0.0,0.0,100000.0,0.047619047619047616,0.05,0.05,2000000.0,2000000.0,,,1620595819,17:30:19,20210509
116,1991-12-31,NROM,USD,1991-12-31,1991-12-31,Q4,2700000.0,0.0,0.0,0.0,0.0,0.0,0.0,0.0,0.0,0.0,0.0,110000.0,-2490000.0,-0.9222222222222223,-2600000.0,-0.9629629629629629,0.0,0.0,0.0,0.0,100000.0,0.037037037037037035,0.05,0.05,2000000.0,2000000.0,,,1620595819,17:30:19,20210509
117,1991-09-30,NROM,USD,1991-09-30,1991-09-30,Q3,2100000.0,0.0,0.0,0.0,0.0,0.0,0.0,0.0,0.0,0.0,0.0,110000.0,2210000.0,1.0523809523809524,2100000.0,1.0,0.0,0.0,0.0,0.0,100000.0,0.047619047619047616,0.06,0.06,1666667.0,1666667.0,,,1620595819,17:30:19,20210509
118,1991-06-30,NROM,USD,1991-06-30,1991-06-30,Q2,1800000.0,0.0,0.0,0.0,0.0,0.0,0.0,0.0,0.0,0.0,0.0,130000.0,1930000.0,1.0722222222222222,1800000.0,1.0,0.0,0.0,0.0,0.0,100000.0,0.05555555555555555,0.04,0.04,2500000.0,2500000.0,,,1620595819,17:30:19,20210509
119,1991-03-31,NROM,USD,1991-03-31,1991-03-31,Q1,2000000.0,0.0,0.0,0.0,0.0,0.0,0.0,0.0,0.0,0.0,0.0,120000.0,2120000.0,1.06,2000000.0,1.0,0.0,0.0,0.0,0.0,0.0,0.0,0.02,0.02,1951000.0,1951000.0,,,1620595819,17:30:19,20210509
120,1990-12-31,NROM,USD,1990-12-31,1990-12-31,Q4,2200000.0,0.0,0.0,0.0,0.0,0.0,0.0,0.0,0.0,0.0,0.0,130000.0,-6670000.0,-3.0318181818181817,-6800000.0,-3.090909090909091,0.0,0.0,0.0,0.0,0.0,0.0,0.0,0.0,1951000.0,1951000.0,,,1620595819,17:30:19,20210509
121,1990-09-30,NROM,USD,1990-09-30,1990-09-30,Q3,2300000.0,0.0,0.0,0.0,0.0,0.0,0.0,0.0,0.0,0.0,0.0,140000.0,2440000.0,1.0608695652173914,2300000.0,1.0,0.0,0.0,0.0,0.0,200000.0,0.08695652173913043,0.09,0.09,2222222.0,2222222.0,,,1620595819,17:30:19,20210509
122,1990-06-30,NROM,USD,1990-06-30,1990-06-30,Q2,2300000.0,0.0,0.0,0.0,0.0,0.0,0.0,0.0,0.0,0.0,0.0,130000.0,2430000.0,1.0565217391304347,2300000.0,1.0,0.0,0.0,0.0,0.0,-300000.0,-0.13043478260869565,-0.17,-0.17,1764706.0,1764706.0,,,1620595819,17:30:19,20210509
123,1990-03-31,NROM,USD,1990-03-31,1990-03-31,Q1,2300000.0,0.0,0.0,0.0,0.0,0.0,0.0,0.0,0.0,0.0,0.0,130000.0,2430000.0,1.0565217391304347,2300000.0,1.0,0.0,0.0,0.0,0.0,100000.0,0.043478260869565216,0.04,0.04,2500000.0,2500000.0,,,1620595819,17:30:19,20210509
