,date,symbol,reportedCurrency,fillingDate,acceptedDate,period,revenue,costOfRevenue,grossProfit,grossProfitRatio,researchAndDevelopmentExpenses,generalAndAdministrativeExpenses,sellingAndMarketingExpenses,otherExpenses,operatingExpenses,costAndExpenses,interestExpense,depreciationAndAmortization,ebitda,ebitdaratio,operatingIncome,operatingIncomeRatio,totalOtherIncomeExpensesNet,incomeBeforeTax,incomeBeforeTaxRatio,incomeTaxExpense,netIncome,netIncomeRatio,eps,epsdiluted,weightedAverageShsOut,weightedAverageShsOutDil,link,finalLink,timestamp,est_time,est_date
0,2020-03-31,RYN-W,USD,2020-05-01,2020-05-01 17:21:29,Q1,0.0,209499000.0,-209499000.0,0.0,0.0,0.0,-9968000.0,8857000.0,-1111000.0,208388000.0,8216000.0,34329000.0,33218000.0,0.0,-1111000.0,0.0,-1111000.0,30127000.0,0.0,-3706000.0,26421000.0,0.0,0.2,0.2,132105000,132105000,https://www.sec.gov/Archives/edgar/data/52827/000005282720000117/0000052827-20-000117-index.htm,https://www.sec.gov/Archives/edgar/data/52827/000005282720000117/ryn-20200331.htm,1620597509,17:58:29,20210509
1,2019-12-31,RYN-W,USD,2020-02-24,2020-02-24 17:20:56,Q4,-3790044000.0,3115350000.0,674694000.0,-0.17801745837251493,0.0,-595154000.0,0.0,202549000.0,202549000.0,202549000.0,-61484000.0,70284000.0,129389000.0,-0.034139181497629054,59105000.0,-0.015594805759510971,2400000.0,59105000.0,-0.015594805759510971,-19560000.0,59105000.0,-0.015594805759510971,0.457266590065906,0.4560627713980516,129257202,129598388,https://www.sec.gov/Archives/edgar/data/52827/000005282720000011/0000052827-20-000011-index.htm,https://www.sec.gov/Archives/edgar/data/52827/000005282720000011/q4rayonier201910k.htm,1620597509,17:58:29,20210509
2,2019-09-30,RYN-W,USD,2019-11-01,2019-11-01 16:39:23,Q3,0.0,418169000.0,-418169000.0,0.0,0.0,0.0,-30896000.0,28097000.0,-2799000.0,415370000.0,23629000.0,27846000.0,25047000.0,0.0,-2799000.0,0.0,-2799000.0,60449000.0,0.0,-10208000.0,50241000.0,0.0,0.38869014045345035,0.38869014045345035,129257202,129257202,https://www.sec.gov/Archives/edgar/data/52827/000005282719000044/0000052827-19-000044-index.htm,https://www.sec.gov/Archives/edgar/data/52827/000005282719000044/rayonier201910q3q2019.htm,1620597509,17:58:29,20210509
3,2019-06-30,RYN-W,USD,2019-08-09,2019-08-09 17:00:53,Q2,0.0,283705000.0,-283705000.0,0.0,0.0,0.0,-20794000.0,18860000.0,-1934000.0,281771000.0,15632000.0,27602000.0,25668000.0,0.0,-1934000.0,0.0,-1934000.0,56671000.0,0.0,-7958000.0,48713000.0,0.0,0.3768687488686317,0.3768687488686317,129257202,129257202,https://www.sec.gov/Archives/edgar/data/52827/000005282719000030/0000052827-19-000030-index.htm,https://www.sec.gov/Archives/edgar/data/52827/000005282719000030/rayonier201910q2q2019.htm,1620597509,17:58:29,20210509
4,2019-03-31,RYN-W,USD,2019-05-03,2019-05-03 16:27:46,Q1,0.0,143251000.0,-143251000.0,0.0,0.0,0.0,-9810000.0,0.0,-9810000.0,133441000.0,7710000.0,36491000.0,36526000.0,0.0,35000.0,0.0,35000.0,32142000.0,0.0,-4349000.0,27793000.0,0.0,0.2150209007309318,0.2150209007309318,129257202,129257202,https://www.sec.gov/Archives/edgar/data/52827/000005282719000014/0000052827-19-000014-index.htm,https://www.sec.gov/Archives/edgar/data/52827/000005282719000014/rayonier201910q1q2019.htm,1620597509,17:58:29,20210509
5,2018-12-31,RYN-W,USD,2019-02-22,2019-02-22 17:28:49,Q4,0.0,605259000.0,-605259000.0,0.0,0.0,0.0,-41951000.0,0.0,-41951000.0,563308000.0,32066000.0,28395000.0,29535000.0,0.0,1140000.0,0.0,1140000.0,142566000.0,0.0,-25236000.0,117330000.0,0.0,0.907725048852597,0.907725048852597,129257202,129257202,https://www.sec.gov/Archives/edgar/data/52827/000005282719000006/0000052827-19-000006-index.htm,https://www.sec.gov/Archives/edgar/data/52827/000005282719000006/q4rayonier201810k.htm,1620597509,17:58:29,20210509
6,2018-09-30,RYN-W,USD,2018-11-02,2018-11-02 17:07:55,Q3,0.0,466167000.0,-466167000.0,0.0,0.0,0.0,-31304000.0,0.0,-31304000.0,434863000.0,23992000.0,34806000.0,37383000.0,0.0,2577000.0,0.0,2577000.0,135125000.0,0.0,-22443000.0,112682000.0,0.0,0.8717657372778346,0.8717657372778346,129257202,129257202,https://www.sec.gov/Archives/edgar/data/52827/000005282718000041/0000052827-18-000041-index.htm,https://www.sec.gov/Archives/edgar/data/52827/000005282718000041/rayonier201810q3q2018.htm,1620597509,17:58:29,20210509
7,2018-06-30,RYN-W,USD,2018-08-03,2018-08-03 15:15:45,Q2,0.0,322906000.0,-322906000.0,0.0,0.0,0.0,20504000.0,0.0,20504000.0,343410000.0,16155000.0,46383000.0,43354000.0,0.0,-3029000.0,0.0,-3029000.0,96090000.0,0.0,-14047000.0,82043000.0,0.0,0.6347267210688964,0.6347267210688964,129257202,129257202,https://www.sec.gov/Archives/edgar/data/52827/000005282718000033/0000052827-18-000033-index.htm,https://www.sec.gov/Archives/edgar/data/52827/000005282718000033/rayonier201810q2q2018.htm,1620597509,17:58:29,20210509
8,2018-03-31,RYN-W,USD,2018-05-04,2018-05-04 16:49:26,Q1,0.0,138488000.0,-138488000.0,0.0,0.0,0.0,9003000.0,0.0,9003000.0,147491000.0,8052000.0,34537000.0,33168000.0,0.0,-1369000.0,0.0,-1369000.0,49642000.0,0.0,-6936000.0,42706000.0,0.0,0.33039551637517267,0.33039551637517267,129257202,129257202,https://www.sec.gov/Archives/edgar/data/52827/000005282718000018/0000052827-18-000018-index.htm,https://www.sec.gov/Archives/edgar/data/52827/000005282718000018/rayonier201810q1q2018.htm,1620597509,17:58:29,20210509
9,2017-12-31,RYN-W,USD,2018-02-23,2018-02-23 16:40:33,Q4,0.0,568253000.0,-568253000.0,0.0,0.0,0.0,40245000.0,-4393000.0,-4393000.0,563860000.0,34071000.0,30964000.0,26571000.0,0.0,-4393000.0,0.0,-4393000.0,183260000.0,0.0,-21681000.0,161579000.0,0.0,1.2500580045048477,1.2500580045048477,129257202,129257202,https://www.sec.gov/Archives/edgar/data/52827/000005282718000009/0000052827-18-000009-index.htm,https://www.sec.gov/Archives/edgar/data/52827/000005282718000009/rayonier201710k.htm,1620597509,17:58:29,20210509
10,2017-09-30,RYN-W,USD,2017-11-03,2017-11-03 15:04:57,Q3,0.0,416683000.0,-416683000.0,0.0,0.0,0.0,29771000.0,0.0,29771000.0,446454000.0,25600000.0,28707000.0,6005000.0,0.0,-22702000.0,0.0,-22702000.0,111476000.0,0.0,-16817000.0,94659000.0,0.0,0.7323305667718228,0.7323305667718228,129257202,129257202,https://www.sec.gov/Archives/edgar/data/52827/000005282717000037/0000052827-17-000037-index.htm,https://www.sec.gov/Archives/edgar/data/52827/000005282717000037/rayonier201710q3q2017.htm,1620597509,17:58:29,20210509
11,2017-06-30,RYN-W,USD,2017-08-04,2017-08-04 17:22:07,Q2,0.0,280100000.0,-280100000.0,0.0,0.0,0.0,19836000.0,0.0,19836000.0,299936000.0,17046000.0,37122000.0,22264000.0,0.0,-14858000.0,0.0,-14858000.0,79630000.0,0.0,-13774000.0,65856000.0,0.0,0.5094957880954285,0.5094957880954285,129257202,129257202,https://www.sec.gov/Archives/edgar/data/52827/000005282717000032/0000052827-17-000032-index.htm,https://www.sec.gov/Archives/edgar/data/52827/000005282717000032/rayonier201710q2q2017.htm,1620597509,17:58:29,20210509
12,2017-03-31,RYN-W,USD,2017-05-05,2017-05-05 14:31:26,Q1,0.0,136413000.0,-136413000.0,0.0,0.0,0.0,9590000.0,0.0,9590000.0,146003000.0,8415000.0,30773000.0,22021000.0,0.0,-8752000.0,0.0,-8752000.0,41364000.0,0.0,-6281000.0,35083000.0,0.0,0.2714200791689735,0.2714200791689735,129257202,129257202,https://www.sec.gov/Archives/edgar/data/52827/000005282717000021/0000052827-17-000021-index.htm,https://www.sec.gov/Archives/edgar/data/52827/000005282717000021/rayonier201710q1q2017.htm,1620597509,17:58:29,20210509
13,2016-12-31,RYN-W,USD,2017-02-24,2017-02-24 17:03:11,Q4,0.0,0.0,0.0,0.0,0.0,0.0,0.0,0.0,0.0,0.0,12555000.0,31457000.0,243429000.0,0.0,211972000.0,0.0,30920000.0,211972000.0,0.0,0.0,211972000.0,0.0,1.639924094906526,1.639924094906526,129257202,129257202,https://www.sec.gov/Archives/edgar/data/52827/000005282717000004/0000052827-17-000004-index.htm,https://www.sec.gov/Archives/edgar/data/52827/000005282717000004/rayonier201610k.htm,1620597509,17:58:29,20210509
14,2016-09-30,RYN-W,USD,2016-11-04,2016-11-04 16:14:29,Q3,0.0,362790000.0,-362790000.0,0.0,0.0,0.0,31638000.0,0.0,31638000.0,394428000.0,23603000.0,31978000.0,11111000.0,0.0,-20867000.0,0.0,-20867000.0,169535000.0,0.0,-2274000.0,167261000.0,0.0,1.2940168703326875,1.2940168703326875,129257202,129257202,https://www.sec.gov/Archives/edgar/data/52827/000005282716000088/0000052827-16-000088-index.htm,https://www.sec.gov/Archives/edgar/data/52827/000005282716000088/rayonier201610q3q2016.htm,1620597509,17:58:29,20210509
15,2016-06-30,RYN-W,USD,2016-08-05,2016-08-05 16:07:23,Q2,0.0,246166000.0,-246166000.0,0.0,0.0,0.0,21031000.0,0.0,21031000.0,267197000.0,15059000.0,22365000.0,6997000.0,0.0,-15368000.0,0.0,-15368000.0,128132000.0,0.0,-1495000.0,126637000.0,0.0,0.979728773643112,0.979728773643112,129257202,129257202,https://www.sec.gov/Archives/edgar/data/52827/000005282716000080/0000052827-16-000080-index.htm,https://www.sec.gov/Archives/edgar/data/52827/000005282716000080/rayonier201610q2q2016.htm,1620597509,17:58:29,20210509
16,2016-03-31,RYN-W,USD,2016-05-06,2016-05-06 16:35:52,Q1,0.0,107971000.0,-107971000.0,0.0,0.0,0.0,9779000.0,0.0,9779000.0,117750000.0,7098000.0,29342000.0,23438000.0,0.0,-5904000.0,0.0,-5904000.0,14277000.0,0.0,-13774000.0,15058000.0,0.0,0.11649641000274785,0.11649641000274785,129257202,129257202,https://www.sec.gov/Archives/edgar/data/52827/000005282716000068/0000052827-16-000068-index.htm,https://www.sec.gov/Archives/edgar/data/52827/000005282716000068/rayonier201610q1q2016.htm,1620597509,17:58:29,20210509
17,2015-12-31,RYN-W,USD,2016-02-29,2016-02-29 13:59:39,Q4,0.0,0.0,0.0,0.0,0.0,0.0,0.0,0.0,0.0,0.0,12703000.0,27924000.0,74089000.0,0.0,46165000.0,0.0,-28676000.0,46165000.0,0.0,0.0,46165000.0,0.0,0.3571561142101776,0.3571561142101776,129257202,129257202,https://www.sec.gov/Archives/edgar/data/52827/000005282716000059/0000052827-16-000059-index.htm,https://www.sec.gov/Archives/edgar/data/52827/000005282716000059/rayonier201510k.htm,1620597509,17:58:29,20210509
18,2015-09-30,RYN-W,USD,2015-11-09,2015-11-09 15:50:38,Q3,0.0,326966000.0,-326966000.0,0.0,0.0,0.0,34315000.0,0.0,34315000.0,361281000.0,24608000.0,31958000.0,16391000.0,0.0,-15567000.0,0.0,-15567000.0,33192000.0,0.0,-53087000.0,34501000.0,0.0,0.14646832792116002,0.14646832792116002,235552631,235552631,https://www.sec.gov/Archives/edgar/data/52827/000005282715000051/0000052827-15-000051-index.htm,https://www.sec.gov/Archives/edgar/data/52827/000005282715000051/rayonier201510q3q2015.htm,1620597509,17:58:29,20210509
19,2015-06-30,RYN-W,USD,2015-08-07,2015-08-07 14:18:33,Q2,0.0,210923000.0,-210923000.0,0.0,0.0,0.0,23626000.0,0.0,23626000.0,234549000.0,17027000.0,23851000.0,11138000.0,0.0,-12713000.0,0.0,-12713000.0,14552000.0,0.0,768000.0,13784000.0,0.0,0.05851770766253933,0.05851770766253933,235552631,235552631,https://www.sec.gov/Archives/edgar/data/52827/000005282715000041/0000052827-15-000041-index.htm,https://www.sec.gov/Archives/edgar/data/52827/000005282715000041/rayonier201510q2q2015.htm,1620597509,17:58:29,20210509
20,2015-03-31,RYN-W,USD,2015-05-08,2015-05-08 11:06:22,Q1,0.0,107234000.0,-107234000.0,0.0,0.0,0.0,10898000.0,0.0,10898000.0,118132000.0,8544000.0,29975000.0,24401000.0,0.0,-5574000.0,0.0,-5574000.0,17709000.0,0.0,-946000.0,18180000.0,0.0,0.07718020351893247,0.07718020351893247,235552631,235552631,https://www.sec.gov/Archives/edgar/data/52827/000005282715000020/0000052827-15-000020-index.htm,https://www.sec.gov/Archives/edgar/data/52827/000005282715000020/rayonier201510q1q2015.htm,1620597509,17:58:29,20210509
21,2014-12-31,RYN-W,USD,2015-03-02,2015-03-02 16:38:53,Q4,0.0,0.0,0.0,0.0,0.0,0.0,0.0,-1701000.0,-1701000.0,-1701000.0,13088000.0,-91362000.0,-93063000.0,0.0,-1701000.0,0.0,-1701000.0,371896000.0,0.0,0.0,371896000.0,0.0,1.57882,1.57882,235552631,235552631,https://www.sec.gov/Archives/edgar/data/52827/000005282715000006/0000052827-15-000006-index.htm,https://www.sec.gov/Archives/edgar/data/52827/000005282715000006/rayonier201410k.htm,1620597509,17:58:29,20210509
22,2014-09-30,RYN-W,USD,2014-11-10,2014-11-10 07:39:42,Q3,0.0,357083000.0,-357083000.0,0.0,0.0,0.0,35904000.0,0.0,35904000.0,392987000.0,35852000.0,38002000.0,17094000.0,0.0,-20908000.0,0.0,-20908000.0,41099000.0,0.0,43092000.0,89510000.0,0.0,0.38,0.38,235552631,235552631,https://www.sec.gov/Archives/edgar/data/52827/000005282714000064/0000052827-14-000064-index.htm,https://www.sec.gov/Archives/edgar/data/52827/000005282714000064/rayonier201410q3q2014.htm,1620597509,17:58:29,20210509
23,2014-06-30,RYN-W,USD,2014-08-08,2014-08-08 16:07:05,Q2,0.0,235036000.0,-235036000.0,0.0,0.0,0.0,27098000.0,0.0,27098000.0,262134000.0,26286000.0,7693000.0,-4071000.0,0.0,-11764000.0,0.0,-11764000.0,24279000.0,0.0,-5939000.0,61432000.0,0.0,0.15,0.15,409546666,409546666,https://www.sec.gov/Archives/edgar/data/52827/000005282714000049/0000052827-14-000049-index.htm,https://www.sec.gov/Archives/edgar/data/52827/000005282714000049/rayonier201410q2q2014.htm,1620597509,17:58:29,20210509
24,2014-03-31,RYN-W,USD,2014-04-30,2014-04-30 12:41:27,Q1,0.0,302650000.0,-302650000.0,0.0,0.0,0.0,15491000.0,3537000.0,3537000.0,306187000.0,12969000.0,46759000.0,50296000.0,0.0,3537000.0,0.0,3537000.0,51024000.0,0.0,-7732000.0,43292000.0,0.0,0.34,0.34,127329411,127329411,https://www.sec.gov/Archives/edgar/data/52827/000005282714000014/0000052827-14-000014-index.htm,https://www.sec.gov/Archives/edgar/data/52827/000005282714000014/rayonier201410q1q2014.htm,1620597509,17:58:29,20210509
25,2013-12-31,RYN-W,USD,2014-02-28,2014-02-28 16:14:38,Q4,0.0,0.0,0.0,0.0,0.0,0.0,0.0,-1701000.0,-1701000.0,-1701000.0,13088000.0,58464000.0,56763000.0,0.0,-1701000.0,0.0,-1701000.0,371896000.0,0.0,0.0,371896000.0,0.0,2.49202,2.49202,149235025,149235025,https://www.sec.gov/Archives/edgar/data/52827/000005282714000007/0000052827-14-000007-index.htm,https://www.sec.gov/Archives/edgar/data/52827/000005282714000007/rayonier201310k.htm,1620597509,17:58:29,20210509
26,2013-09-30,RYN-W,USD,2013-10-31,2013-10-31 15:10:04,Q3,0.0,850866000.0,-850866000.0,0.0,0.0,0.0,48354000.0,-4553000.0,-4553000.0,846313000.0,30768000.0,53151000.0,48598000.0,0.0,-4553000.0,0.0,-4553000.0,280716000.0,0.0,-31200000.0,293993000.0,0.0,1.97,1.97,149235025,149235025,https://www.sec.gov/Archives/edgar/data/52827/000005282713000035/0000052827-13-000035-index.htm,https://www.sec.gov/Archives/edgar/data/52827/000005282713000035/rayonier201310q3q2013.htm,1620597509,17:58:29,20210509
27,2013-06-30,RYN-W,USD,2013-07-26,2013-07-26 16:25:09,Q2,0.0,563716000.0,-563716000.0,0.0,0.0,0.0,33028000.0,-3212000.0,-3212000.0,560504000.0,17736000.0,43667000.0,40455000.0,0.0,-3212000.0,0.0,-3212000.0,210844000.0,0.0,-19695000.0,235626000.0,0.0,1.52,1.52,155017105,155017105,https://www.sec.gov/Archives/edgar/data/52827/000005282713000030/0000052827-13-000030-index.htm,https://www.sec.gov/Archives/edgar/data/52827/000005282713000030/rayonier201310q2q2013.htm,1620597509,17:58:29,20210509
28,2013-03-31,RYN-W,USD,2013-04-26,2013-04-26 12:57:51,Q1,0.0,266018000.0,-266018000.0,0.0,0.0,0.0,16099000.0,0.0,16099000.0,282117000.0,7717000.0,35992000.0,32489000.0,0.0,-3503000.0,0.0,-3503000.0,107703000.0,0.0,-4445000.0,147735000.0,0.0,0.83,0.83,177993975,177993975,https://www.sec.gov/Archives/edgar/data/52827/000005282713000014/0000052827-13-000014-index.htm,https://www.sec.gov/Archives/edgar/data/52827/000005282713000014/rayonier201310q1q2013.htm,1620597509,17:58:29,20210509
29,2012-12-31,RYN-W,USD,2013-02-26,2013-02-26 17:26:10,Q4,0.0,0.0,0.0,0.0,0.0,0.0,0.0,110000.0,110000.0,110000.0,10717000.0,46219000.0,46329000.0,0.0,110000.0,0.0,110000.0,278685000.0,0.0,0.0,278685000.0,0.0,2.2780491189029815,2.1682636213322346,122334939,128529113,https://www.sec.gov/Archives/edgar/data/52827/000005282713000006/0000052827-13-000006-index.htm,https://www.sec.gov/Archives/edgar/data/52827/000005282713000006/rayonier201210k.htm,1620597509,17:58:29,20210509
30,2012-09-30,RYN-W,USD,2012-10-26,2012-10-26 15:54:31,Q3,0.0,794519000.0,-794519000.0,0.0,0.0,0.0,51705000.0,-5054000.0,-5054000.0,789465000.0,36133000.0,36325000.0,31271000.0,0.0,-5054000.0,0.0,-5054000.0,259935000.0,0.0,-56859000.0,203076000.0,0.0,1.6600000102995924,1.5800000113592942,122334939,128529113,https://www.sec.gov/Archives/edgar/data/52827/000005282712000043/0000052827-12-000043-index.htm,https://www.sec.gov/Archives/edgar/data/52827/000005282712000043/rayonier201210q3q2012.htm,1620597509,17:58:29,20210509
31,2012-06-30,RYN-W,USD,2012-07-27,2012-07-27 15:01:09,Q2,0.0,515868000.0,-515868000.0,0.0,0.0,0.0,35868000.0,-6446000.0,-6446000.0,509422000.0,27880000.0,35006000.0,28560000.0,0.0,-6446000.0,0.0,-6446000.0,154779000.0,0.0,-32264000.0,122515000.0,0.0,1.0,0.9600000050148961,122515000,127619791,https://www.sec.gov/Archives/edgar/data/52827/000005282712000037/0000052827-12-000037-index.htm,https://www.sec.gov/Archives/edgar/data/52827/000005282712000037/rayonier201210q2q2012.htm,1620597509,17:58:29,20210509
32,2012-03-31,RYN-W,USD,2012-04-25,2012-04-25 16:21:37,Q1,0.0,253313000.0,-253313000.0,0.0,0.0,0.0,19619000.0,0.0,19619000.0,272932000.0,11825000.0,31168000.0,30020000.0,0.0,-1148000.0,0.0,-1148000.0,72161000.0,0.0,-18724000.0,53437000.0,0.0,0.4400000009880794,0.42000000125755566,121447727,127230952,https://www.sec.gov/Archives/edgar/data/52827/000005282712000014/0000052827-12-000014-index.htm,https://www.sec.gov/Archives/edgar/data/52827/000005282712000014/rayonier201210q1q2012.htm,1620597509,17:58:29,20210509
33,2011-12-31,RYN-W,USD,2012-02-28,2012-02-28 16:57:51,Q4,0.0,0.0,0.0,0.0,0.0,0.0,0.0,828015000.0,828015000.0,828015000.0,-621000.0,33984000.0,309989000.0,0.0,276005000.0,0.0,0.0,276005000.0,0.0,0.0,276005000.0,0.0,2.2731035147069893,2.1977520238819332,121422099,125585142,https://www.sec.gov/Archives/edgar/data/52827/000005282712000009/0000052827-12-000009-index.htm,https://www.sec.gov/Archives/edgar/data/52827/000005282712000009/rayonier201110k.htm,1620597509,17:58:29,20210509
34,2011-09-30,RYN-W,USD,2011-10-28,2011-10-28 15:26:50,Q3,0.0,786467000000.0,-786467000000.0,0.0,0.0,0.0,48187000000.0,0.0,48187000000.0,834654000000.0,38300000000.0,38895000000.0,33315000000.0,0.0,-5580000000.0,0.0,-5580000000.0,237596000000.0,0.0,-17822000000.0,219774000000.0,0.0,1810.0000066709438,1750.000011944088,121422099,125585142,https://www.sec.gov/Archives/edgar/data/52827/000005282711000067/0000052827-11-000067-index.htm,https://www.sec.gov/Archives/edgar/data/52827/000005282711000067/rayonier201110q3q2011.htm,1620597509,17:58:29,20210509
35,2011-06-30,RYN-W,USD,2011-07-28,2011-07-28 15:38:58,Q2,0.0,520283000000.0,-520283000000.0,0.0,0.0,0.0,32425000000.0,-1409000000.0,-1409000000.0,518874000000.0,25945000000.0,30993000000.0,29584000000.0,0.0,-1409000000.0,0.0,-1409000000.0,141311000000.0,0.0,-26446000000.0,114865000000.0,0.0,1.4200000000074173,1.3800000000062473,80890845070,83235507246,https://www.sec.gov/Archives/edgar/data/52827/000005282711000046/0000052827-11-000046-index.htm,https://www.sec.gov/Archives/edgar/data/52827/000005282711000046/rayonier201110q2q2011.htm,1620597509,17:58:29,20210509
36,2011-03-31,RYN-W,USD,2011-04-26,2011-04-26 16:47:59,Q1,0.0,257511000.0,-257511000.0,0.0,0.0,0.0,16433000.0,0.0,16433000.0,273944000.0,13317000.0,31870000.0,29752000.0,0.0,-2118000.0,0.0,-2118000.0,74554000.0,0.0,-16142000.0,58412000.0,0.0,0.7200000069026913,0.7000000023967679,81127777,83445714,https://www.sec.gov/Archives/edgar/data/52827/000005282711000015/0000052827-11-000015-index.htm,https://www.sec.gov/Archives/edgar/data/52827/000005282711000015/rayonier2011q110q.htm,1620597509,17:58:29,20210509
37,2010-12-31,RYN-W,USD,2011-02-23,2011-02-23 13:40:35,Q4,0.0,0.0,0.0,0.0,0.0,0.0,0.0,652758000.0,652758000.0,652758000.0,0.0,27719000.0,245305000.0,0.0,217586000.0,0.0,0.0,217586000.0,0.0,0.0,217586000.0,0.0,2.7195674909532004,2.6783619153001927,80007575,81238461,https://www.sec.gov/Archives/edgar/data/52827/000119312511043344/0001193125-11-043344-index.htm,https://www.sec.gov/Archives/edgar/data/52827/000119312511043344/d10k.htm,1620597509,17:58:29,20210509
38,2010-09-30,RYN-W,USD,2010-10-28,2010-10-28 09:04:13,Q3,0.0,744996000.0,-744996000.0,0.0,0.0,0.0,49264000.0,0.0,49264000.0,794260000.0,37680000.0,39165000.0,32545000.0,0.0,-6620000.0,0.0,-6620000.0,188549000.0,0.0,-30134000.0,158415000.0,0.0,1.9800000187482247,1.9500000129249124,80007575,81238461,https://www.sec.gov/Archives/edgar/data/52827/000119312510238973/0001193125-10-238973-index.htm,https://www.sec.gov/Archives/edgar/data/52827/000119312510238973/d10q.htm,1620597509,17:58:29,20210509
39,2010-06-30,RYN-W,USD,2010-07-30,2010-07-30 09:19:51,Q2,0.0,475794000.0,-475794000.0,0.0,0.0,0.0,32139000.0,0.0,32139000.0,507933000.0,24736000.0,33193000.0,27365000.0,0.0,-5828000.0,0.0,-5828000.0,109065000.0,0.0,-13554000.0,95511000.0,0.0,1.2,1.180000006177299,79592500,80941525,https://www.sec.gov/Archives/edgar/data/52827/000119312510171608/0001193125-10-171608-index.htm,https://www.sec.gov/Archives/edgar/data/52827/000119312510171608/d10q.htm,1620597509,17:58:29,20210509
40,2010-03-31,RYN-W,USD,2010-05-07,2010-05-07 13:52:42,Q1,0.0,232853000.0,-232853000.0,0.0,0.0,0.0,16967000.0,0.0,16967000.0,249820000.0,12486000.0,43329000.0,38761000.0,0.0,-4568000.0,0.0,-4568000.0,64562000.0,0.0,-7609000.0,56953000.0,0.0,0.71,0.71,80215492,80215492,https://www.sec.gov/Archives/edgar/data/52827/000119312510112552/0001193125-10-112552-index.htm,https://www.sec.gov/Archives/edgar/data/52827/000119312510112552/d10q.htm,1620597509,17:58:29,20210509
41,2009-12-31,RYN-W,USD,2010-02-24,2010-02-24 16:19:16,Q4,0.0,0.0,0.0,0.0,0.0,0.0,11349000.0,84000.0,84000.0,84000.0,113000.0,31537000.0,31621000.0,0.0,84000.0,0.0,84000.0,322380000.0,0.0,-9839000.0,312541000.0,0.0,3.9574307222338607,3.9137826029325975,78975735,79856505,https://www.sec.gov/Archives/edgar/data/52827/000119312510038889/0001193125-10-038889-index.htm,https://www.sec.gov/Archives/edgar/data/52827/000119312510038889/d10k.htm,1620597509,17:58:29,20210509
42,2009-09-30,RYN-W,USD,2009-10-28,2009-10-28 16:58:36,Q3,0.0,672855000.0,-672855000.0,0.0,0.0,0.0,44962000.0,0.0,44962000.0,717817000.0,37630000.0,40159000.0,-110266000.0,0.0,-150425000.0,0.0,-150425000.0,251521000.0,0.0,-36707000.0,214814000.0,0.0,2.7200000101296937,2.690000019409815,78975735,79856505,https://www.sec.gov/Archives/edgar/data/52827/000119312509216248/0001193125-09-216248-index.htm,https://www.sec.gov/Archives/edgar/data/52827/000119312509216248/d10q.htm,1620597509,17:58:29,20210509
43,2009-06-30,RYN-W,USD,2009-07-31,2009-07-31 16:40:06,Q2,0.0,441021000.0,-441021000.0,0.0,0.0,0.0,28991000.0,0.0,28991000.0,470012000.0,24840000.0,48156000.0,-43021000.0,0.0,-91177000.0,0.0,-91177000.0,152852000.0,0.0,-19178000.0,133674000.0,0.0,1.7000000152610082,1.6800000030162934,78631764,79567857,https://www.sec.gov/Archives/edgar/data/52827/000119312509160875/0001193125-09-160875-index.htm,https://www.sec.gov/Archives/edgar/data/52827/000119312509160875/d10q.htm,1620597509,17:58:29,20210509
44,2009-03-31,RYN-W,USD,2009-04-30,2009-04-30 11:01:04,Q1,0.0,219392000.0,-219392000.0,0.0,0.0,0.0,14667000.0,0.0,14667000.0,234059000.0,12593000.0,38519000.0,35260000.0,0.0,-3259000.0,0.0,-3259000.0,31051000.0,0.0,-5227000.0,25921000.0,0.0,0.33,0.33,78548484,78548484,https://www.sec.gov/Archives/edgar/data/52827/000119312509093495/0001193125-09-093495-index.htm,https://www.sec.gov/Archives/edgar/data/52827/000119312509093495/d10q.htm,1620597509,17:58:29,20210509
45,2008-12-31,RYN-W,USD,2009-02-27,2009-02-27 11:42:42,Q4,0.0,0.0,0.0,0.0,0.0,0.0,10610000.0,150000.0,150000.0,150000.0,-1121000.0,56202000.0,56352000.0,0.0,150000.0,0.0,150000.0,150357000.0,0.0,2553000.0,152036000.0,0.0,2.11708,2.11708,71814000,71814000,https://www.sec.gov/Archives/edgar/data/52827/000119312509040421/0001193125-09-040421-index.htm,https://www.sec.gov/Archives/edgar/data/52827/000119312509040421/d10k.htm,1620597509,17:58:29,20210509
46,2008-09-30,RYN-W,USD,2008-10-24,2008-10-24 11:17:22,Q3,0.0,673377000.0,-673377000.0,0.0,0.0,0.0,47746000.0,0.0,47746000.0,721123000.0,33411000.0,40138000.0,34997000.0,0.0,-5141000.0,0.0,-5141000.0,131138000.0,0.0,-13653000.0,107721000.0,0.0,1.5,1.5,71814000,71814000,https://www.sec.gov/Archives/edgar/data/52827/000119312508215780/0001193125-08-215780-index.htm,https://www.sec.gov/Archives/edgar/data/52827/000119312508215780/d10q.htm,1620597509,17:58:29,20210509
47,2008-06-30,RYN-W,USD,2008-07-24,2008-07-24 16:10:12,Q2,0.0,448047000.0,-448047000.0,0.0,0.0,0.0,31806000.0,0.0,31806000.0,479853000.0,22924000.0,38396000.0,33690000.0,0.0,-4706000.0,0.0,-4706000.0,93277000.0,0.0,-15310000.0,77967000.0,0.0,1.0,0.9800000032680494,77967000,79558163,https://www.sec.gov/Archives/edgar/data/52827/000119312508157252/0001193125-08-157252-index.htm,https://www.sec.gov/Archives/edgar/data/52827/000119312508157252/d10q.htm,1620597509,17:58:29,20210509
48,2008-03-31,RYN-W,USD,2008-04-24,2008-04-24 13:31:13,Q1,0.0,211012000.0,-211012000.0,0.0,0.0,0.0,14944000.0,0.0,14944000.0,225956000.0,11198000.0,33503000.0,32217000.0,0.0,-1286000.0,0.0,-1286000.0,50798000.0,0.0,-10247000.0,40551000.0,0.0,0.5200000020517374,0.510000004527632,77982692,79511764,https://www.sec.gov/Archives/edgar/data/52827/000119312508089104/0001193125-08-089104-index.htm,https://www.sec.gov/Archives/edgar/data/52827/000119312508089104/d10q.htm,1620597509,17:58:29,20210509
49,2007-12-31,RYN-W,USD,2008-02-28,2008-02-28 11:32:26,Q4,0.0,93878000.0,-93878000.0,0.0,0.0,0.0,2891000.0,0.0,2891000.0,96769000.0,18235000.0,-114944000.0,-124440000.0,0.0,-9496000.0,0.0,-9496000.0,96589000.0,0.0,0.0,96589000.0,0.0,1.2385953539536696,1.2385953539536696,77982692,77982692,https://www.sec.gov/Archives/edgar/data/52827/000119312508041209/0001193125-08-041209-index.htm,https://www.sec.gov/Archives/edgar/data/52827/000119312508041209/d10k.htm,1620597509,17:58:29,20210509
50,2007-09-30,RYN-W,USD,2007-10-26,2007-10-26 16:52:38,Q3,0.0,444000.0,-444000.0,0.0,0.0,0.0,10750000.0,-97000.0,-97000.0,347000.0,2318000.0,36947000.0,36788000.0,0.0,-159000.0,0.0,-159000.0,149786000.0,0.0,-9938000.0,139848000.0,0.0,1.7994771186424647,1.7790285220450355,77715909,78609195,https://www.sec.gov/Archives/edgar/data/52827/000119312507227033/0001193125-07-227033-index.htm,https://www.sec.gov/Archives/edgar/data/52827/000119312507227033/d10q.htm,1620597509,17:58:29,20210509
51,2007-06-30,RYN-W,USD,2007-07-27,2007-07-27 10:41:10,Q2,0.0,462867000.0,-462867000.0,0.0,0.0,0.0,31967000.0,0.0,31967000.0,494834000.0,27233000.0,37052000.0,32510000.0,0.0,-4542000.0,0.0,-4542000.0,85834000.0,0.0,-17444000.0,68390000.0,0.0,0.8800000010293902,0.8700000044524053,77715909,78609195,https://www.sec.gov/Archives/edgar/data/52827/000119312507163762/0001193125-07-163762-index.htm,https://www.sec.gov/Archives/edgar/data/52827/000119312507163762/d10q.htm,1620597509,17:58:29,20210509
52,2007-03-31,RYN-W,USD,2007-04-26,2007-04-26 10:39:01,Q1,0.0,231742000.0,-231742000.0,0.0,0.0,0.0,15845000.0,0.0,15845000.0,247587000.0,13619000.0,40945000.0,37950000.0,0.0,-2995000.0,0.0,-2995000.0,42554000.0,0.0,-7474000.0,35080000.0,0.0,0.45,0.45,77955555,77955555,https://www.sec.gov/Archives/edgar/data/52827/000119312507091214/0001193125-07-091214-index.htm,https://www.sec.gov/Archives/edgar/data/52827/000119312507091214/d10q.htm,1620597509,17:58:29,20210509
53,2006-12-31,RYN-W,USD,2007-02-27,2007-02-27 16:28:08,Q4,1230000.0,703035000.0,-701805000.0,-570.5731707317074,0.0,0.0,-45107000.0,1813000.0,1848000.0,-701187000.0,-35071000.0,37697000.0,39775000.0,32.33739837398374,2078000.0,1.689430894308943,1857000.0,-133588000.0,-108.60813008130081,12608000.0,-120942000.0,-98.32682926829268,-1.5777,-1.5777,76656962,76656962,https://www.sec.gov/Archives/edgar/data/52827/000119312507041073/0001193125-07-041073-index.htm,https://www.sec.gov/Archives/edgar/data/52827/000119312507041073/d10k.htm,1620597509,17:58:29,20210509
54,2006-09-30,RYN-W,USD,2006-10-26,2006-10-26 14:04:33,Q3,0.0,703035000.0,-703035000.0,0.0,0.0,0.0,45107000.0,-1848000.0,-1848000.0,701187000.0,35120000.0,32187000.0,30339000.0,0.0,-1848000.0,0.0,-1848000.0,133745000.0,0.0,-12627000.0,121118000.0,0.0,1.58,1.58,76656962,76656962,https://www.sec.gov/Archives/edgar/data/52827/000119312506215705/0001193125-06-215705-index.htm,https://www.sec.gov/Archives/edgar/data/52827/000119312506215705/d10q.htm,1620597509,17:58:29,20210509
55,2006-06-30,RYN-W,USD,2006-08-02,2006-08-02 08:40:53,Q2,0.0,471580000.0,-471580000.0,0.0,0.0,0.0,30620000.0,0.0,30620000.0,502200000.0,24063000.0,34210000.0,32160000.0,0.0,-2050000.0,0.0,-2050000.0,75961000.0,0.0,-9879000.0,66082000.0,0.0,0.87,0.87,75956321,75956321,https://www.sec.gov/Archives/edgar/data/52827/000119312506158872/0001193125-06-158872-index.htm,https://www.sec.gov/Archives/edgar/data/52827/000119312506158872/d10q.htm,1620597509,17:58:29,20210509
56,2006-03-31,RYN-W,USD,2006-04-27,2006-04-27 17:17:43,Q1,0.0,224151000.0,-224151000.0,0.0,0.0,0.0,16184000.0,0.0,16184000.0,240335000.0,12189000.0,32401000.0,31171000.0,0.0,-1230000.0,0.0,-1230000.0,27309000.0,0.0,-4005000.0,23304000.0,0.0,0.31,0.31,75174193,75174193,https://www.sec.gov/Archives/edgar/data/52827/000119312506091204/0001193125-06-091204-index.htm,https://www.sec.gov/Archives/edgar/data/52827/000119312506091204/d10q.htm,1620597509,17:58:29,20210509
57,2005-12-31,RYN-W,USD,2006-03-03,2006-03-02 18:53:27,Q4,0.0,942103000.0,-942103000.0,0.0,0.0,0.0,64403000.0,-10401000.0,-10401000.0,931702000.0,46961000.0,38193000.0,27792000.0,0.0,-10401000.0,0.0,-10401000.0,190847000.0,0.0,16948000.0,182839000.0,0.0,2.75,2.75,66486909,66486909,https://www.sec.gov/Archives/edgar/data/52827/000119312506044102/0001193125-06-044102-index.htm,https://www.sec.gov/Archives/edgar/data/52827/000119312506044102/d10k.htm,1620597509,17:58:29,20210509
58,2005-09-30,RYN-W,USD,2005-10-27,2005-10-27 16:07:45,Q3,0.0,682105000.0,-682105000.0,0.0,0.0,0.0,46732000.0,-11206000.0,-11206000.0,670899000.0,34912000.0,109195000.0,97989000.0,0.0,-11206000.0,0.0,-11206000.0,125657000.0,0.0,-24956000.0,126353000.0,0.0,2.0,2.0,63176500,63176500,https://www.sec.gov/Archives/edgar/data/52827/000119312505209963/0001193125-05-209963-index.htm,https://www.sec.gov/Archives/edgar/data/52827/000119312505209963/d10q.htm,1620597509,17:58:29,20210509
59,2005-06-30,RYN-W,USD,2005-07-27,2005-07-26 17:32:20,Q2,0.0,444366000.0,-444366000.0,0.0,0.0,0.0,29800000.0,-5116000.0,-5116000.0,439250000.0,25140000.0,-37485000.0,-42601000.0,0.0,-5116000.0,0.0,-5116000.0,72600000.0,0.0,3815000.0,51335000.0,0.0,1.52,1.52,33773026,33773026,https://www.sec.gov/Archives/edgar/data/52827/000119312505149115/0001193125-05-149115-index.htm,https://www.sec.gov/Archives/edgar/data/52827/000119312505149115/d10q.htm,1620597509,17:58:29,20210509
60,2005-03-31,RYN-W,USD,2005-04-27,2005-04-27 16:23:19,Q1,0.0,229723000.0,-229723000.0,0.0,0.0,0.0,14831000.0,0.0,14831000.0,244554000.0,12312000.0,37485000.0,32839000.0,0.0,-4646000.0,0.0,-4646000.0,34637000.0,0.0,-178000.0,34459000.0,0.0,0.6900000098116603,0.6700000036942454,49940579,51431343,https://www.sec.gov/Archives/edgar/data/52827/000119312505086810/0001193125-05-086810-index.htm,https://www.sec.gov/Archives/edgar/data/52827/000119312505086810/d10q.htm,1620597509,17:58:29,20210509
61,2004-12-31,RYN-W,USD,2005-03-09,2005-03-09 11:36:47,Q4,1207000.0,722801000.0,-721594000.0,-597.840927920464,0.0,0.0,-45832000.0,3131000.0,3171000.0,-719630000.0,-34693000.0,38105000.0,41446000.0,34.33802816901409,3341000.0,2.768019884009942,3172000.0,-110910000.0,-91.88898094449047,-32239000.0,-143215000.0,-118.65368682684341,-2.8868353294219466,-2.8169119909874554,49609688,50841134,https://www.sec.gov/Archives/edgar/data/52827/000114544305000423/0001145443-05-000423-index.htm,https://www.sec.gov/Archives/edgar/data/52827/000114544305000423/d16430.htm,1620597509,17:58:29,20210509
62,2004-09-30,RYN-W,USD,2004-10-29,2004-10-29 12:37:31,Q3,0.0,722801000.0,-722801000.0,0.0,0.0,0.0,45832000.0,-3171000.0,-3171000.0,719630000.0,34740000.0,36814000.0,33643000.0,0.0,-3171000.0,0.0,-3171000.0,111100000.0,0.0,32272000.0,143372000.0,0.0,2.8900000338643532,2.820000041698519,49609688,50841134,https://www.sec.gov/Archives/edgar/data/52827/000119312504181389/0001193125-04-181389-index.htm,https://www.sec.gov/Archives/edgar/data/52827/000119312504181389/d10q.htm,1620597509,17:58:29,20210509
63,2004-06-30,RYN-W,USD,2004-07-30,2004-07-30 14:17:05,Q2,0.0,486374000.0,-486374000.0,0.0,0.0,0.0,32840000.0,-1440000.0,-1440000.0,484934000.0,23142000.0,78868000.0,77428000.0,0.0,-1440000.0,0.0,-1440000.0,90764000.0,0.0,28484000.0,119248000.0,0.0,2.410000045068262,2.350000036457635,49480497,50743829,https://www.sec.gov/Archives/edgar/data/52827/000119312504128078/0001193125-04-128078-index.htm,https://www.sec.gov/Archives/edgar/data/52827/000119312504128078/d10q.htm,1620597509,17:58:29,20210509
64,2004-03-31,RYN-W,USD,2004-04-30,2004-04-30 09:29:43,Q1,0.0,234462000.0,-234462000.0,0.0,0.0,0.0,18101000.0,-1333000.0,-1333000.0,233129000.0,11126000.0,0.0,-1333000.0,0.0,-1333000.0,0.0,-1333000.0,32129000.0,0.0,0.0,75535000.0,0.0,1.5300000014178858,1.4900000256437418,49369281,50694630,https://www.sec.gov/Archives/edgar/data/52827/000119312504074900/0001193125-04-074900-index.htm,https://www.sec.gov/Archives/edgar/data/52827/000119312504074900/d10q.htm,1620597509,17:58:29,20210509
65,2003-12-31,RYN-W,USD,2004-03-08,2004-03-08 17:20:59,Q4,1101000.0,701427000.0,-700326000.0,-636.0817438692098,0.0,0.0,-39148000.0,5968000.0,5996000.0,-695431000.0,-36804000.0,-119233000.0,-113134000.0,-102.75567665758402,6099000.0,5.539509536784741,5998000.0,-60245000.0,-54.718437783832876,12283000.0,-47950000.0,-43.55131698455949,-1.1488,-1.1488,41739130,41739130,https://www.sec.gov/Archives/edgar/data/52827/000119312504036458/0001193125-04-036458-index.htm,https://www.sec.gov/Archives/edgar/data/52827/000119312504036458/d10k.htm,1620597509,17:58:29,20210509
66,2003-09-30,RYN-W,USD,2003-11-10,2003-11-10 09:31:11,Q3,0.0,701427000.0,-701427000.0,0.0,0.0,0.0,39148000.0,-5996000.0,-5996000.0,695431000.0,36853000.0,38469000.0,32473000.0,0.0,-5996000.0,0.0,-5996000.0,60289000.0,0.0,-12289000.0,48000000.0,0.0,1.15,1.15,41739130,41739130,https://www.sec.gov/Archives/edgar/data/52827/000119312503075819/0001193125-03-075819-index.htm,https://www.sec.gov/Archives/edgar/data/52827/000119312503075819/d10q.htm,1620597509,17:58:29,20210509
67,2003-06-30,RYN-W,USD,2003-08-14,2003-08-14 17:02:36,Q2,0.0,469603000.0,-469603000.0,0.0,0.0,0.0,23011000.0,-4004000.0,-4004000.0,465599000.0,24798000.0,39352000.0,35348000.0,0.0,-4004000.0,0.0,-4004000.0,49888000.0,0.0,-9980000.0,39908000.0,0.0,0.96,0.96,41570833,41570833,https://www.sec.gov/Archives/edgar/data/52827/000119312503038092/0001193125-03-038092-index.htm,https://www.sec.gov/Archives/edgar/data/52827/000119312503038092/d10q.htm,1620597509,17:58:29,20210509
68,2003-03-31,RYN-W,USD,2003-05-09,2003-05-09 15:08:16,Q1,0.0,238253000.0,-238253000.0,0.0,0.0,0.0,10043000.0,-1604000.0,-1604000.0,236649000.0,12386000.0,41570000.0,39966000.0,0.0,-1604000.0,0.0,-1604000.0,7908000.0,0.0,328000.0,8236000.0,0.0,0.3,0.3,27453333,27453333,https://www.sec.gov/Archives/edgar/data/52827/000093176303001437/0000931763-03-001437-index.htm,https://www.sec.gov/Archives/edgar/data/52827/000093176303001437/d10q.htm,1620597509,17:58:29,20210509
69,2002-12-31,RYN-W,USD,2003-03-21,2003-03-21 15:41:47,Q4,0.0,948399000.0,-948399000.0,0.0,0.0,0.0,42443000.0,0.0,42443000.0,990842000.0,62433000.0,-120256000.0,-126559000.0,0.0,-6303000.0,0.0,-6303000.0,69797000.0,0.0,-14880000.0,54172000.0,0.0,1.98,1.98,27359595,27359595,https://www.sec.gov/Archives/edgar/data/52827/000114544303000407/0001145443-03-000407-index.htm,https://www.sec.gov/Archives/edgar/data/52827/000114544303000407/d12154_10k.htm,1620597509,17:58:29,20210509
70,2002-09-30,RYN-W,USD,2002-11-13,2002-11-13 17:14:10,Q3,0.0,698195000.0,-698195000.0,0.0,0.0,0.0,30180000.0,555000.0,555000.0,698750000.0,44598000.0,40192000.0,40747000.0,0.0,555000.0,0.0,555000.0,58764000.0,0.0,-16716000.0,41281000.0,0.0,1.52,1.52,27158552,27158552,https://www.sec.gov/Archives/edgar/data/52827/000093176302003447/0000931763-02-003447-index.htm,https://www.sec.gov/Archives/edgar/data/52827/000093176302003447/d10q.htm,1620597509,17:58:29,20210509
71,2002-06-30,RYN-W,USD,2002-08-12,2002-08-12 17:14:22,Q2,0.0,450051000.0,-450051000.0,0.0,0.0,0.0,21816000.0,0.0,21816000.0,471867000.0,30317000.0,80230000.0,79437000.0,0.0,-793000.0,0.0,-793000.0,36920000.0,0.0,-10350000.0,25643000.0,0.0,0.97,0.97,26436082,26436082,https://www.sec.gov/Archives/edgar/data/52827/000093176302002725/0000931763-02-002725-index.htm,https://www.sec.gov/Archives/edgar/data/52827/000093176302002725/d10q.htm,1620597509,17:58:29,20210509
