,date,symbol,reportedCurrency,fillingDate,acceptedDate,period,revenue,costOfRevenue,grossProfit,grossProfitRatio,researchAndDevelopmentExpenses,generalAndAdministrativeExpenses,sellingAndMarketingExpenses,otherExpenses,operatingExpenses,costAndExpenses,interestExpense,depreciationAndAmortization,ebitda,ebitdaratio,operatingIncome,operatingIncomeRatio,totalOtherIncomeExpensesNet,incomeBeforeTax,incomeBeforeTaxRatio,incomeTaxExpense,netIncome,netIncomeRatio,eps,epsdiluted,weightedAverageShsOut,weightedAverageShsOutDil,link,finalLink,timestamp,est_time,est_date
0,2020-06-30,OMPS,USD,2020-08-13,2020-08-13 16:05:58,Q2,4989.0,3709.0,1280.0,0.2565644417718982,0.0,46089.0,0.0,3361.0,46089.0,49798.0,7542.0,936.0,-43873.0,-8.793946682701945,-44809.0,-8.981559430747645,3311.0,-49040.0,-9.829625175385848,0.0,-49040.0,-9.829625175385848,-0.000426,-0.000426,115063760.0,115063760.0,https://www.sec.gov/Archives/edgar/data/1103640/000106299320003915/0001062993-20-003915-index.htm,https://www.sec.gov/Archives/edgar/data/1103640/000106299320003915/form10q.htm,1620596118,17:35:18,20210509
1,2020-03-31,OMPS,USD,2020-06-29,2020-06-29 15:03:54,Q1,9267.0,2460.0,6807.0,0.7345419229524118,0.0,35938.0,0.0,1402.0,35938.0,38398.0,7470.0,900.0,-28231.0,-3.0464012085896193,-29131.0,-3.143520017265566,1361.0,-35240.0,-3.80274090860041,0.0,-35240.0,-3.80274090860041,-0.000306,-0.000306,115063760.0,115063760.0,https://www.sec.gov/Archives/edgar/data/1103640/000106299320003064/0001062993-20-003064-index.htm,https://www.sec.gov/Archives/edgar/data/1103640/000106299320001566/form10k.htm,1620596118,17:35:18,20210509
2,2019-12-31,OMPS,USD,2020-03-30,2020-03-30 17:23:17,Q4,6989.0,1307.0,5682.0,0.8129918443267993,0.0,58688.0,0.0,0.0,58688.0,59995.0,7425.0,898.0,-52108.0,-7.45571612533982,-53006.0,-7.584203748748033,-832.0,-61238.0,-8.762054657318643,0.0,-61238.0,-8.762054657318643,-0.0005322092724937895,-0.0005322092724937895,115063760.0,115063760.0,https://www.sec.gov/Archives/edgar/data/1103640/000106299320001566/0001062993-20-001566-index.htm,https://www.sec.gov/Archives/edgar/data/1103640/000114420408021707/v109485_10ksb.htm,1620596118,17:35:18,20210509
3,2019-09-30,OMPS,USD,2019-11-13 00:00:00,2019-11-13 14:19:18,Q3,33352.0,10682.0,22670.0,0.6797193571599904,0.0,66102.0,0.0,0.0,66102.0,76784.0,7209.0,867.0,-42565.0,-1.2762353082273927,-43432.0,-1.3022307507795634,-183.0,-50824.0,-1.5238666346845766,0.0,-50824.0,-1.5238666346845766,-0.000442,-0.000442,115063760.0,115063760.0,https://www.sec.gov/Archives/edgar/data/1103640/000106299319004355/0001062993-19-004355-index.html,https://www.sec.gov/Archives/edgar/data/1103640/000106299319004355/form10q.htm,1620596118,17:35:18,20210509
4,2019-06-30,OMPS,USD,2019-08-08,2019-08-08,Q2,144938.0,115015.0,29923.0,0.2064537940360706,0.0,72753.0,0.0,0.0,72753.0,187768.0,7226.0,869.0,-41961.0,-0.2895099973781893,-42830.0,-0.2955056644910237,10473.0,-39546.0,-0.2728477003960314,0.0,-39546.0,-0.2728477003960314,-0.000344,-0.000344,115063760.0,115063760.0,https://www.sec.gov/Archives/edgar/data/1103640/000106299319003197/0001062993-19-003197-index.htm,https://www.sec.gov/Archives/edgar/data/1103640/000106299319003197/form10q.htm,1620596118,17:35:18,20210509
5,2019-03-31,OMPS,USD,2019-05-13 00:00:00,2019-05-13 13:33:04,Q1,1020.0,5282.0,-4262.0,-4.17843137254902,0.0,63818.0,0.0,0.0,63818.0,69100.0,7300.0,1467.0,-66613.0,-65.30686274509804,-68080.0,-66.74509803921569,118.0,-75262.0,-73.78627450980392,0.0,-75262.0,-73.78627450980392,-0.000654,-0.000654,115063760.0,115063760.0,https://www.sec.gov/Archives/edgar/data/1103640/000106299319002158/0001062993-19-002158-index.html,https://www.sec.gov/Archives/edgar/data/1103640/000106299319002158/form10q.htm,1620596118,17:35:18,20210509
6,2018-12-31,OMPS,USD,2019-03-28 00:00:00,2019-03-28 11:53:38,Q4,23314.0,13008.0,10306.0,0.44205198593120015,0.0,60843.0,0.0,0.0,60843.0,73851.0,7302.0,1468.0,-49069.0,-2.1047010380029167,-50537.0,-2.1676674959251954,293.0,-57517.0,-2.4670584198335765,0.0,-57517.0,-2.4670584198335765,-0.0004998706803949393,-0.0004998706803949393,115063760.0,115063760.0,https://www.sec.gov/Archives/edgar/data/1103640/000106299319001440/0001062993-19-001440-index.html,https://www.sec.gov/Archives/edgar/data/1103640/000106299319001440/form10k.htm,1620596118,17:35:18,20210509
7,2018-09-30,OMPS,USD,2018-11-02 00:00:00,2018-11-02 10:45:55,Q3,18255.0,2583.0,15672.0,0.8585045193097781,0.0,87743.0,0.0,0.0,87743.0,90326.0,7332.0,1473.0,-70598.0,-3.8673240208162145,-72071.0,-3.9480142426732403,489.0,-78915.0,-4.322925225965489,0.0,-78915.0,-4.322925225965489,-0.002625,-0.002625,30063759.0,30063759.0,https://www.sec.gov/Archives/edgar/data/1103640/000106299318004327/0001062993-18-004327-index.html,https://www.sec.gov/Archives/edgar/data/1103640/000106299318004327/form10q.htm,1620596118,17:35:18,20210509
8,2018-06-30,OMPS,USD,2018-08-14 00:00:00,2018-08-13 21:21:43,Q2,331523.0,208507.0,123016.0,0.3710632444807751,0.0,124331.0,0.0,0.0,124331.0,332838.0,7553.0,1518.0,203.0,0.0006123255400077822,-1315.0,-0.003966542291183417,7120.0,-1601.0,-0.0048292275347411795,0.0,-1601.0,-0.0048292275347411795,-5.3e-05,-5.3e-05,30063759.0,30063759.0,https://www.sec.gov/Archives/edgar/data/1103640/000106299318003340/0001062993-18-003340-index.html,https://www.sec.gov/Archives/edgar/data/1103640/000106299318003340/form10q.htm,1620596118,17:35:18,20210509
9,2018-03-31,OMPS,USD,2018-05-02 00:00:00,2018-05-02 08:56:04,Q1,154541.0,84898.0,69643.0,0.4506441656259504,0.0,113709.0,0.0,0.0,113709.0,198607.0,7684.0,1544.0,-42522.0,-0.2751502837434726,-44066.0,-0.28514115995108097,-2035.0,-53785.0,-0.3480306197060974,0.0,-53785.0,-0.3480306197060974,-0.001789,-0.001789,30063759.0,30063759.0,https://www.sec.gov/Archives/edgar/data/1103640/000106299318001876/0001062993-18-001876-index.html,https://www.sec.gov/Archives/edgar/data/1103640/000106299318001876/form10q.htm,1620596118,17:35:18,20210509
10,2017-12-31,OMPS,USD,2018-03-29 00:00:00,2018-03-28 20:54:59,Q4,37154.0,-42090.0,79244.0,2.1328524519567207,0.0,133506.0,0.0,0.0,133506.0,91416.0,7473.0,3039.0,-51223.0,-1.3786671690800452,-54262.0,-1.4604618614415674,-13450.0,-75067.0,-2.020428486838564,0.0,-75067.0,-2.020428486838564,-0.002496926615198053,-0.002496926615198053,30063759.0,30063759.0,https://www.sec.gov/Archives/edgar/data/1103640/000106299318001384/0001062993-18-001384-index.html,https://www.sec.gov/Archives/edgar/data/1103640/000106299318001384/form10k.htm,1620596118,17:35:18,20210509
11,2017-09-30,OMPS,USD,2017-11-08 00:00:00,2017-11-08 14:32:33,Q3,66867.0,42119.0,24748.0,0.3701078259829213,0.0,115616.0,0.0,0.0,115616.0,157735.0,7437.0,1722.0,-89146.0,-1.3331837827328876,-90868.0,-1.3589363961296304,2894.0,-95411.0,-1.426877233912094,0.0,-95411.0,-1.426877233912094,-0.003174,-0.003174,30063759.0,30063759.0,https://www.sec.gov/Archives/edgar/data/1103640/000106299317004701/0001062993-17-004701-index.html,https://www.sec.gov/Archives/edgar/data/1103640/000106299317004701/form10q.htm,1620596118,17:35:18,20210509
12,2017-06-30,OMPS,USD,2017-08-14 00:00:00,2017-08-14 11:54:17,Q2,280003.0,155228.0,124775.0,0.44562022549758395,0.0,132623.0,0.0,0.0,132623.0,287851.0,7441.0,1722.0,-6126.0,-0.021878337017817665,-7848.0,-0.028028271125666512,-12019.0,-27266.0,-0.09737752809791324,0.0,-27266.0,-0.09737752809791324,-0.000907,-0.000907,30063759.0,30063759.0,https://www.sec.gov/Archives/edgar/data/1103640/000106299317003755/0001062993-17-003755-index.html,https://www.sec.gov/Archives/edgar/data/1103640/000106299317003755/form10q.htm,1620596118,17:35:18,20210509
13,2017-03-31,OMPS,USD,2017-05-09 00:00:00,2017-05-09 12:22:11,Q1,204016.0,112472.0,91544.0,0.4487099051054819,0.0,159345.0,0.0,0.0,159345.0,271817.0,7253.0,1679.0,-66122.0,-0.32410203121323816,-67801.0,-0.3323317778997726,10615.0,-64439.0,-0.31585267822131596,0.0,-64439.0,-0.31585267822131596,-0.002143,-0.002143,30063759.0,30063759.0,https://www.sec.gov/Archives/edgar/data/1103640/000106299317002299/0001062993-17-002299-index.html,https://www.sec.gov/Archives/edgar/data/1103640/000106299317002299/form10q.htm,1620596118,17:35:18,20210509
14,2016-12-31,OMPS,USD,2017-03-29 00:00:00,2017-03-29 14:15:46,Q4,83402.0,40499.0,42903.0,0.5144121244094866,0.0,173124.0,0.0,0.0,173124.0,213623.0,7054.0,1642.0,-128579.0,-1.5416776576101292,-130221.0,-1.5613654348816575,8203.0,-129061.0,-1.5474568955180932,-9894.0,-119167.0,-1.4288266468430013,-0.0039638090499594545,-0.0039638090499594545,30063759.0,30063759.0,https://www.sec.gov/Archives/edgar/data/1103640/000106299317001544/0001062993-17-001544-index.html,https://www.sec.gov/Archives/edgar/data/1103640/000106299317001544/form10k.htm,1620596118,17:35:18,20210509
15,2016-09-30,OMPS,USD,2016-11-14 00:00:00,2016-11-10 20:20:24,Q3,107486.0,62095.0,45391.0,0.4222968572651322,0.0,138140.0,0.0,0.0,138140.0,200235.0,7049.0,2000.0,-90749.0,-0.8442866978025045,-92749.0,-0.8628937722121951,-563.0,-100361.0,-0.9337122974154773,-9929.0,-90432.0,-0.8413374765085686,-0.003008,-0.003008,30063759.0,30063759.0,https://www.sec.gov/Archives/edgar/data/1103640/000106299316012175/0001062993-16-012175-index.html,https://www.sec.gov/Archives/edgar/data/1103640/000106299316012175/form10q.htm,1620596118,17:35:18,20210509
16,2016-06-30,OMPS,USD,2016-08-10 00:00:00,2016-08-10 13:36:43,Q2,175000.0,129519.0,45481.0,0.25989142857142855,0.0,160643.0,0.0,0.0,160643.0,290162.0,4632.0,1914.0,-113248.0,-0.6471314285714286,-115162.0,-0.6580685714285714,-875.0,-120623.0,-0.6892742857142857,-5485.0,-115138.0,-0.6579314285714286,-0.00383,-0.00383,30063759.0,30063759.0,https://www.sec.gov/Archives/edgar/data/1103640/000106299316010924/0001062993-16-010924-index.html,https://www.sec.gov/Archives/edgar/data/1103640/000106299316010924/form10q.htm,1620596118,17:35:18,20210509
17,2016-03-31,OMPS,USD,2016-04-12 00:00:00,2016-04-12 14:58:36,Q1,437277.0,184023.0,253254.0,0.5791614926008,0.0,184535.0,0.0,0.0,184535.0,368558.0,4538.0,1876.0,70595.0,0.1614422894412466,68719.0,0.15715210267176183,3569.0,67750.0,0.15493611600884566,26540.0,41210.0,0.09424232237231778,0.001371,0.001371,30063759.0,30063759.0,https://www.sec.gov/Archives/edgar/data/1103640/000106299316008893/0001062993-16-008893-index.html,https://www.sec.gov/Archives/edgar/data/1103640/000106299316008893/form10k.htm,1620596118,17:35:18,20210509
18,2015-12-31,OMPS,USD,2015-12-31,2015-12-31,Q4,78499.0,57294.0,21205.0,0.270130829692098,0.0,147520.0,0.0,0.0,147520.0,204814.0,4637.0,1899.0,-124416.0,-1.5849373877374233,-126315.0,-1.6091287787105568,434.0,-130508.0,-1.6625434718913616,0.0,-130508.0,-1.6625434718913616,-0.004341040652966916,-0.004341040652966916,30063759.0,30063759.0,,,1620596118,17:35:18,20210509
19,2015-09-30,OMPS,USD,2015-11-13 00:00:00,2015-11-12 20:16:19,Q3,6302.0,3258.0,3044.0,0.4830212630910822,0.0,144138.0,0.0,0.0,144138.0,147396.0,4726.0,1936.0,-139158.0,-22.081561409076485,-141094.0,-22.38876547127896,-107.0,-145927.0,-23.15566486829578,0.0,-145927.0,-23.15566486829578,-0.004854,-0.004854,30063759.0,30063759.0,https://www.sec.gov/Archives/edgar/data/1103640/000106299315006023/0001062993-15-006023-index.html,https://www.sec.gov/Archives/edgar/data/1103640/000106299315006023/form10q.htm,1620596118,17:35:18,20210509
20,2015-06-30,OMPS,USD,2015-08-12 00:00:00,2015-08-11 18:01:56,Q2,4030.0,0.0,4030.0,1.0,0.0,148999.0,0.0,0.0,148999.0,148999.0,2436.0,2011.0,-142958.0,-35.47344913151365,-144969.0,-35.97245657568238,-498.0,-147894.0,-36.69826302729528,0.0,-147894.0,-36.69826302729528,-0.004919344916249495,-0.004919344916249495,30063759.0,30063759.0,https://www.sec.gov/Archives/edgar/data/1103640/000106299315004322/0001062993-15-004322-index.html,https://www.sec.gov/Archives/edgar/data/1103640/000106299315004322/form10q.htm,1620596118,17:35:18,20210509
21,2015-03-31,OMPS,USD,2015-05-15 00:00:00,2015-05-14 20:34:44,Q1,3510.0,2164.0,1346.0,0.3834757834757835,0.0,169719.0,0.0,0.0,169719.0,171883.0,2662.0,1966.0,-166407.0,-47.409401709401706,-168373.0,-47.96951566951567,2821.0,-167949.0,-47.84871794871795,0.0,-167949.0,-47.84871794871795,-0.01,-0.01,30063759.0,30063759.0,https://www.sec.gov/Archives/edgar/data/1103640/000106299315002769/0001062993-15-002769-index.html,https://www.sec.gov/Archives/edgar/data/1103640/000106299315002769/form10q.htm,1620596118,17:35:18,20210509
22,2014-12-31,OMPS,USD,2014-12-31,2014-12-31,Q4,101426.0,100573.0,853.0,0.008410072368031865,0.0,157668.0,0.0,0.0,157668.0,258241.0,3556.0,2113.0,-154702.0,-1.5252696547236408,-156815.0,-1.5461025772484374,3989.0,-155940.0,-1.5374755979729064,0.0,-155940.0,-1.5374755979729064,-0.0051869761196529016,-0.0051869761196529016,30063759.0,30063759.0,,,1620596118,17:35:18,20210509
23,2014-09-30,OMPS,USD,2014-11-10 00:00:00,2014-11-07 20:08:32,Q3,242682.0,129791.0,112891.0,0.46518077154465515,0.0,158314.0,0.0,0.0,158314.0,288105.0,3824.0,3208.0,-42215.0,-0.17395192062040035,-45423.0,-0.18717086557717508,4115.0,-43750.0,-0.180277070404892,0.0,-43750.0,-0.180277070404892,-0.0014552405106759937,-0.0014552405106759937,30063759.0,30063759.0,https://www.sec.gov/Archives/edgar/data/1103640/000106299314006384/0001062993-14-006384-index.html,https://www.sec.gov/Archives/edgar/data/1103640/000106299314006384/form10q.htm,1620596118,17:35:18,20210509
24,2014-06-30,OMPS,USD,2014-08-07 00:00:00,2014-08-07 16:23:53,Q2,178195.0,130422.0,47773.0,0.2680939420297988,0.0,179793.0,0.0,0.0,179793.0,310215.0,3437.0,3877.0,-128143.0,-0.7191166979993827,-132020.0,-0.7408737618900643,-6001.0,-140050.0,-0.785936754678863,0.0,-140050.0,-0.785936754678863,-0.004658432766175381,-0.004658432766175381,30063759.0,30063759.0,https://www.sec.gov/Archives/edgar/data/1103640/000106299314004625/0001062993-14-004625-index.html,https://www.sec.gov/Archives/edgar/data/1103640/000106299314004625/form10q.htm,1620596118,17:35:18,20210509
25,2014-03-31,OMPS,USD,2014-05-14 00:00:00,2014-05-13 20:01:57,Q1,14214.0,318.0,13896.0,0.9776276910088645,0.0,198678.0,0.0,0.0,198678.0,198996.0,2696.0,3857.0,-180925.0,-12.728647812016321,-184782.0,-13.0,4700.0,-182635.0,-12.848951737723372,0.0,-182635.0,-12.848951737723372,-0.01,-0.01,30063759.0,30063759.0,https://www.sec.gov/Archives/edgar/data/1103640/000106299314002844/0001062993-14-002844-index.html,https://www.sec.gov/Archives/edgar/data/1103640/000106299314002844/form10q.htm,1620596118,17:35:18,20210509
26,2013-12-31,OMPS,USD,2013-12-31,2013-12-31,Q4,266977.0,230194.0,36783.0,0.13777591328091934,0.0,206576.0,0.0,0.0,206576.0,436770.0,0.0,22537.0,-147256.0,-0.5515681126089513,-169793.0,-0.6359836240575031,-75.0,-172155.0,-0.644830828123771,0.0,-172155.0,-0.644830828123771,-0.00572632983120973,-0.00572632983120973,30063759.0,30063759.0,,,1620596118,17:35:18,20210509
27,2013-09-30,OMPS,USD,2013-11-14 00:00:00,2013-11-14 16:20:13,Q3,367907.0,623937.0,-256030.0,-0.6959095641017975,0.0,163462.0,0.0,0.0,163462.0,787399.0,0.0,3357.0,-416135.0,-1.1310874759110319,-419492.0,-1.140212064461943,-484.0,-419976.0,-1.1415276143155744,0.0,-419976.0,-1.1415276143155744,-0.01,-0.01,30063759.0,30063759.0,https://www.sec.gov/Archives/edgar/data/1103640/000106299313005755/0001062993-13-005755-index.html,https://www.sec.gov/Archives/edgar/data/1103640/000106299313005755/form10q.htm,1620596118,17:35:18,20210509
28,2013-06-30,OMPS,USD,2013-08-08 00:00:00,2013-08-07 20:20:27,Q2,88943.0,63709.0,25234.0,0.28370979166432436,0.0,179641.0,0.0,0.0,179641.0,243350.0,0.0,2863.0,-151544.0,-1.703832791787999,-154407.0,-1.7360219466399829,2638.0,-151736.0,-1.7059914776879574,0.0,-151736.0,-1.7059914776879574,-0.01,-0.01,30063759.0,30063759.0,https://www.sec.gov/Archives/edgar/data/1103640/000106299313003842/0001062993-13-003842-index.html,https://www.sec.gov/Archives/edgar/data/1103640/000106299313003842/form10q.htm,1620596118,17:35:18,20210509
29,2013-03-31,OMPS,USD,2013-05-09 00:00:00,2013-05-09 13:37:25,Q1,66577.0,103333.0,-36756.0,-0.5520825510311369,0.0,171968.0,0.0,0.0,171968.0,275301.0,0.0,3018.0,-205706.0,-3.0897457079772295,-208724.0,-3.1350766781320876,3664.0,-205060.0,-3.080042657374168,0.0,-205060.0,-3.080042657374168,-0.01,-0.01,30063759.0,30063759.0,https://www.sec.gov/Archives/edgar/data/1103640/000106299313002346/0001062993-13-002346-index.html,https://www.sec.gov/Archives/edgar/data/1103640/000106299313002346/form10q.htm,1620596118,17:35:18,20210509
30,2012-12-31,OMPS,USD,2013-03-28 00:00:00,2013-03-28 13:35:09,Q4,141779.0,380631.0,-238852.0,-1.6846782668801445,0.0,181755.0,0.0,0.0,181755.0,562386.0,0.0,2732.0,-417875.0,-2.947368792275302,-420607.0,-2.9666382186360463,-8693.0,-429295.0,-3.0279166872385894,0.0,-429295.0,-3.0279166872385894,-0.01427948514355773,-0.01427948514355773,30063759.0,30063759.0,https://www.sec.gov/Archives/edgar/data/1103640/000106299313001493/0001062993-13-001493-index.html,https://www.sec.gov/Archives/edgar/data/1103640/000106299313001493/form10k.htm,1620596118,17:35:18,20210509
31,2012-09-30,OMPS,USD,2012-11-05 00:00:00,2012-11-02 20:02:49,Q3,180666.0,101368.0,79298.0,0.43892043882080745,0.0,182812.0,0.0,0.0,182812.0,284180.0,0.0,3262.0,-100252.0,-0.5549024166140835,-103514.0,-0.5729578337927447,-6967.0,-110480.0,-0.6115151716426998,0.0,-110480.0,-0.6115151716426998,-0.0036748564941596292,-0.0036748564941596292,30063759.0,30063759.0,https://www.sec.gov/Archives/edgar/data/1103640/000106299312004431/0001062993-12-004431-index.html,https://www.sec.gov/Archives/edgar/data/1103640/000106299312004431/form10q.htm,1620596118,17:35:18,20210509
32,2012-06-30,OMPS,USD,2012-08-10 00:00:00,2012-08-10 09:06:47,Q2,178548.0,114136.0,64412.0,0.36075453099446647,0.0,208611.0,0.0,0.0,208611.0,322747.0,0.0,2169.0,-142030.0,-0.7954723659744158,-144199.0,-0.8076203597912046,7481.0,-136684.0,-0.7655308376458991,0.0,-136684.0,-0.7655308376458991,-0.0045464707191140005,-0.0045464707191140005,30063759.0,30063759.0,https://www.sec.gov/Archives/edgar/data/1103640/000106299312002792/0001062993-12-002792-index.html,https://www.sec.gov/Archives/edgar/data/1103640/000106299312002792/form10q.htm,1620596118,17:35:18,20210509
33,2012-03-31,OMPS,USD,2012-03-31,2012-03-31,Q1,42494.0,11271.0,31223.0,0.7347625547136066,0.0,218079.0,0.0,0.0,218079.0,229350.0,0.0,3080.0,-183776.0,-4.324751729655952,-186856.0,-4.397232550477715,-13477.0,-199887.0,-4.703887607662258,0.0,-199887.0,-4.703887607662258,-0.01,-0.01,30063759.0,30063759.0,,,1620596118,17:35:18,20210509
34,2011-12-31,OMPS,USD,2012-03-29 00:00:00,2012-03-29 13:44:23,Q4,19087.0,551145.0,-532058.0,-27.875412584481584,0.0,555410.0,0.0,0.0,555410.0,1106555.0,0.0,2979.0,-1084489.0,-56.81820086970189,-1087468.0,-56.97427568502122,-10533.0,-1099471.0,-57.60313302247603,0.0,-1099471.0,-57.60313302247603,-0.03657130833173589,-0.03657130833173589,30063759.0,30063759.0,https://www.sec.gov/Archives/edgar/data/1103640/000106299312001019/0001062993-12-001019-index.html,https://www.sec.gov/Archives/edgar/data/1103640/000106299312001019/form10k.htm,1620596118,17:35:18,20210509
35,2011-09-30,OMPS,USD,2011-11-14 00:00:00,2011-11-14 08:43:28,Q3,29365.0,22768.0,6597.0,0.2246552017708156,0.0,234712.0,0.0,0.0,234712.0,257480.0,0.0,1978.0,-226137.0,-7.700902434871446,-228115.0,-7.768261535841988,51529.0,-174507.0,-5.942686872126681,0.0,-174507.0,-5.942686872126681,-0.01,-0.01,30063759.0,30063759.0,https://www.sec.gov/Archives/edgar/data/1103640/000120445911003004/0001204459-11-003004-index.html,https://www.sec.gov/Archives/edgar/data/1103640/000120445911003004/form10q.htm,1620596118,17:35:18,20210509
36,2011-06-30,OMPS,USD,2011-08-08 00:00:00,2011-08-08 13:53:40,Q2,162424.0,164024.0,-1600.0,-0.009850760971285032,0.0,185091.0,0.0,0.0,185091.0,349115.0,0.0,3564.0,-183127.0,-1.1274626902428213,-186691.0,-1.1494052603063587,-22289.0,-208946.0,-1.2864231886913264,0.0,-208946.0,-1.2864231886913264,-0.01,-0.01,30063759.0,30063759.0,https://www.sec.gov/Archives/edgar/data/1103640/000106299311003135/0001062993-11-003135-index.html,https://www.sec.gov/Archives/edgar/data/1103640/000106299311003135/form10q.htm,1620596118,17:35:18,20210509
37,2011-03-31,OMPS,USD,2011-05-11 00:00:00,2011-05-11 16:40:48,Q1,243215.0,137638.0,105577.0,0.4340891803548301,0.0,248281.0,0.0,0.0,248281.0,385919.0,0.0,1402.0,-141302.0,-0.5809756799539502,-142704.0,-0.586740127048085,17208.0,-125246.0,-0.5149600148017186,0.0,-125246.0,-0.5149600148017186,-0.004166012640002869,-0.004166012640002869,30063759.0,30063759.0,https://www.sec.gov/Archives/edgar/data/1103640/000114420411028163/0001144204-11-028163-index.html,https://www.sec.gov/Archives/edgar/data/1103640/000114420411028163/v221740_10q.htm,1620596118,17:35:18,20210509
38,2010-12-31,OMPS,USD,2011-03-29,2011-03-29,Q4,118621.0,85449.0,33172.0,0.2796469427841613,0.0,198144.0,0.0,0.0,198144.0,283593.0,0.0,891.0,-164081.0,-1.383237369437115,-164972.0,-1.3907486869947143,-115179.0,-280340.0,-2.3633252122305493,0.0,-280340.0,-2.3633252122305493,-0.009324848566009326,-0.009324848566009326,30063759.0,30063759.0,https://www.sec.gov/Archives/edgar/data/1103640/000114420411017793/0001144204-11-017793-index.htm,https://www.sec.gov/Archives/edgar/data/1103640/000114420411017793/v216307_10k.htm,1620596118,17:35:18,20210509
39,2010-09-30,OMPS,USD,2010-11-05 00:00:00,2010-11-05 16:03:26,Q3,44567.0,23999.0,20568.0,0.46150739336280205,0.0,169509.0,0.0,0.0,169509.0,193508.0,0.0,1003.0,-147938.0,-3.319451612179415,-148941.0,-3.34195705342518,-52949.0,-201220.0,-4.514999887809366,0.0,-201220.0,-4.514999887809366,-0.01,-0.01,30063759.0,30063759.0,https://www.sec.gov/Archives/edgar/data/1103640/000114420410057930/0001144204-10-057930-index.html,https://www.sec.gov/Archives/edgar/data/1103640/000114420410057930/v201019_10q.htm,1620596118,17:35:18,20210509
40,2010-06-30,OMPS,USD,2010-08-09 00:00:00,2010-08-09 16:06:43,Q2,299233.0,199437.0,99796.0,0.3335059969989941,0.0,215100.0,0.0,0.0,215100.0,414537.0,0.0,1007.0,-114297.0,-0.38196656117473676,-115304.0,-0.38533183171642166,6123.0,-108983.0,-0.3642078246717441,0.0,-108983.0,-0.3642078246717441,-0.003625062321714327,-0.003625062321714327,30063759.0,30063759.0,https://www.sec.gov/Archives/edgar/data/1103640/000114420410042217/0001144204-10-042217-index.html,https://www.sec.gov/Archives/edgar/data/1103640/000114420410042217/v192993_10q.htm,1620596118,17:35:18,20210509
41,2010-03-31,OMPS,USD,2010-05-11 00:00:00,2010-05-11 16:31:16,Q1,467496.0,382382.0,85114.0,0.1820635898488971,0.0,287933.0,0.0,0.0,287933.0,670315.0,0.0,1054.0,-201765.0,-0.4315865804199394,-202819.0,-0.43384114516487843,-11778.0,-211628.0,-0.45268408713657443,0.0,-211628.0,-0.45268408713657443,-0.01,-0.01,30063759.0,30063759.0,https://www.sec.gov/Archives/edgar/data/1103640/000114420410026174/0001144204-10-026174-index.html,https://www.sec.gov/Archives/edgar/data/1103640/000114420410026174/v184340_10q.htm,1620596118,17:35:18,20210509
42,2009-12-31,OMPS,USD,2010-03-30 00:00:00,2010-03-30 16:59:56,Q4,394007.0,496483.0,-102476.0,-0.2600867497277967,0.0,308392.0,0.0,0.0,308392.0,804875.0,0.0,1350.0,-409518.0,-1.039367320885162,-410868.0,-1.042793655950275,-28592.0,-437642.0,-1.1107467633823764,0.0,-437642.0,-1.1107467633823764,-0.014557128401674588,-0.014557128401674588,30063759.0,30063759.0,https://www.sec.gov/Archives/edgar/data/1103640/000114420410016725/0001144204-10-016725-index.html,https://www.sec.gov/Archives/edgar/data/1103640/000114420410016725/v179210_10k.htm,1620596118,17:35:18,20210509
43,2009-09-30,OMPS,USD,2009-11-12 00:00:00,2009-11-12 09:48:25,Q3,598345.0,378560.0,219785.0,0.3673215285495826,0.0,264428.0,0.0,0.0,264428.0,642988.0,0.0,1104.0,-43539.0,-0.07276571208917931,-44643.0,-0.07461080146069575,518.0,-83366.0,-0.13932764542195555,0.0,-83366.0,-0.13932764542195555,-0.0027729732665831975,-0.0027729732665831975,30063759.0,30063759.0,https://www.sec.gov/Archives/edgar/data/1103640/000114420409058155/0001144204-09-058155-index.html,https://www.sec.gov/Archives/edgar/data/1103640/000114420409058155/v165510_10q.htm,1620596118,17:35:18,20210509
44,2009-06-30,OMPS,USD,2009-08-12 00:00:00,2009-08-12 16:05:57,Q2,785346.0,502290.0,283056.0,0.36042203054449884,0.0,274302.0,0.0,0.0,274302.0,776592.0,0.0,1300.0,10054.0,0.01280200064684865,8754.0,0.011146679298041882,-21394.0,20384.0,0.02595543874929012,0.0,20384.0,0.02595543874929012,0.000678025658734159,0.000678025658734159,30063759.0,30063759.0,https://www.sec.gov/Archives/edgar/data/1103640/000114420409042342/0001144204-09-042342-index.html,https://www.sec.gov/Archives/edgar/data/1103640/000114420409042342/v157466_10q.htm,1620596118,17:35:18,20210509
45,2009-03-31,OMPS,USD,2009-05-15 00:00:00,2009-05-15 13:24:56,Q1,154053.0,118932.0,35121.0,0.2279799809156589,0.0,280028.0,0.0,0.0,280028.0,398960.0,0.0,1443.0,-243464.0,-1.5803911640798947,-244907.0,-1.589758070274516,2688.0,-240222.0,-1.5593464586862962,0.0,-240222.0,-1.5593464586862962,-0.01,-0.01,30063759.0,30063759.0,https://www.sec.gov/Archives/edgar/data/1103640/000114420409027208/0001144204-09-027208-index.html,https://www.sec.gov/Archives/edgar/data/1103640/000114420409027208/v149845_10q.htm,1620596118,17:35:18,20210509
46,2008-12-31,OMPS,USD,2009-03-31 00:00:00,2009-03-31 09:21:17,Q4,181556.0,201845.0,-20289.0,-0.11175064442926701,0.0,387394.0,0.0,0.0,387394.0,589239.0,0.0,2202.0,-405481.0,-2.233366013791888,-407683.0,-2.2454945030734317,281018.0,-123794.0,-0.6818502280288176,0.0,-123794.0,-0.6818502280288176,-0.004117715286368548,-0.004117715286368548,30063759.0,30063759.0,https://www.sec.gov/Archives/edgar/data/1103640/000114420409017262/0001144204-09-017262-index.html,https://www.sec.gov/Archives/edgar/data/1103640/000114420409017262/v144042_10k.htm,1620596118,17:35:18,20210509
47,2008-09-30,OMPS,USD,2008-11-12 00:00:00,2008-11-12 16:00:45,Q3,2342067.0,1649526.0,692541.0,0.29569649373822354,0.0,495396.0,0.0,0.0,495396.0,2144922.0,0.0,2788.0,199933.0,0.08536604631720612,197145.0,0.08417564484705177,212171.0,415660.0,0.17747570842337132,0.0,415660.0,0.17747570842337132,0.01,0.01,30063759.0,30063759.0,https://www.sec.gov/Archives/edgar/data/1103640/000114420408062853/0001144204-08-062853-index.html,https://www.sec.gov/Archives/edgar/data/1103640/000114420408062853/v131618_10q.htm,1620596118,17:35:18,20210509
48,2008-06-30,OMPS,USD,2008-08-13 00:00:00,2008-08-13 16:48:54,Q2,3797150.0,2501664.0,1295486.0,0.3411732483573206,0.0,476784.0,0.0,0.0,476784.0,2978448.0,0.0,127.0,818829.0,0.21564304807553034,818702.0,0.21560960193829581,159023.0,983556.0,0.25902479491197344,0.0,983556.0,0.25902479491197344,0.03,0.03,30063759.0,30063759.0,https://www.sec.gov/Archives/edgar/data/1103640/000114420408046310/0001144204-08-046310-index.html,https://www.sec.gov/Archives/edgar/data/1103640/000114420408046310/v123293_10q.htm,1620596118,17:35:18,20210509
49,2008-03-31,OMPS,USD,2008-05-15 00:00:00,2008-05-15 09:34:49,Q1,1543978.0,1204945.0,339033.0,0.21958408733803203,0.0,421605.0,0.0,0.0,421605.0,1626550.0,0.0,1339.0,-81233.0,-0.052612796296320284,-82572.0,-0.05348003663264632,-592595.0,-670408.0,-0.43420825944411123,0.0,-670408.0,-0.43420825944411123,-0.0231,-0.0231,28983070.0,28983070.0,https://www.sec.gov/Archives/edgar/data/1103640/000114420408029076/0001144204-08-029076-index.html,https://www.sec.gov/Archives/edgar/data/1103640/000114420408029076/v113785_10q.htm,1620596118,17:35:18,20210509
50,2007-12-31,OMPS,USD,2008-04-11,2008-04-11,Q4,0.0,0.0,0.0,0.0,0.0,864.0,0.0,0.0,864.0,864.0,0.0,0.0,-864.0,0.0,-864.0,0.0,0.0,0.0,0.0,0.0,8812.0,0.0,0.00030403956516683703,0.00030403956516683703,28983070.0,28983070.0,https://www.sec.gov/Archives/edgar/data/1103640/000114420408021707/0001144204-08-021707-index.htm,https://www.sec.gov/Archives/edgar/data/1103640/000114420408021707/v109485_10ksb.htm,1620596118,17:35:18,20210509
51,2007-09-30,OMPS,USD,2007-09-30,2007-09-30,Q3,0.0,0.0,0.0,0.0,0.0,5139.0,0.0,0.0,5139.0,5139.0,0.0,0.0,-5139.0,0.0,-5139.0,0.0,0.0,0.0,0.0,0.0,-5139.0,0.0,-0.001881,-0.001881,2731667.0,2731667.0,,,1620596118,17:35:18,20210509
52,2007-06-30,OMPS,USD,2007-07-09,2007-07-09,Q2,0.0,0.0,0.0,0.0,0.0,3095.0,0.0,0.0,3095.0,3095.0,0.0,0.0,-3095.0,0.0,-3095.0,0.0,0.0,0.0,0.0,0.0,-3095.0,0.0,-0.001133,-0.001133,2731667.0,2731667.0,https://www.sec.gov/Archives/edgar/data/1103640/000114420407035676/0001144204-07-035676-index.htm,https://www.sec.gov/Archives/edgar/data/1103640/000114420407035676/v080418_10qsb.txt,1620596118,17:35:18,20210509
53,2007-03-31,OMPS,USD,2007-03-31,2007-03-31,Q1,0.0,0.0,0.0,0.0,0.0,5139.0,0.0,0.0,5139.0,5139.0,0.0,0.0,-5139.0,0.0,-5139.0,0.0,0.0,0.0,0.0,0.0,-5139.0,0.0,-0.001881,-0.001881,2731667.0,2731667.0,,,1620596118,17:35:18,20210509
54,2006-12-31,OMPS,USD,2007-04-17,2007-04-17,Q4,416267.0,364069.0,52198.0,0.12539547934378656,0.0,73837.0,0.0,0.0,73837.0,437906.0,4372.0,243.0,-21396.0,-0.05139970259472886,-21639.0,-0.05198346253726575,0.0,0.0,0.0,0.0,-26011.0,-0.06248633689434906,-0.00952202446345034,-0.00952202446345034,2731667.0,2731667.0,https://www.sec.gov/Archives/edgar/data/1103640/000114420407019156/0001144204-07-019156-index.htm,https://www.sec.gov/Archives/edgar/data/1103640/000114420407019156/v071850_10ksb.htm,1620596118,17:35:18,20210509
55,2006-09-30,OMPS,USD,2006-09-30,2006-09-30,Q3,833374.0,751909.0,81465.0,0.09775322964239345,0.0,83749.0,0.0,0.0,83749.0,835658.0,6593.0,579.0,-1705.0,-0.0020459001600721884,-2284.0,-0.002740666255486732,0.0,0.0,0.0,0.0,-8877.0,-0.010651880188246813,-0.003506,-0.003506,2531996.0,2531996.0,,,1620596118,17:35:18,20210509
56,2006-06-30,OMPS,USD,2006-06-30,2006-06-30,Q2,914860.0,672144.0,242716.0,0.26530398093697394,0.0,438531.0,0.0,0.0,438531.0,1110675.0,8992.0,10120.0,-185695.0,-0.20297641169140634,-195815.0,-0.2140382134971471,0.0,0.0,0.0,0.0,-204807.0,-0.2238670397656472,-0.06,-0.06,2430506.0,2430506.0,,,1620596118,17:35:18,20210509
57,2006-03-31,OMPS,USD,2006-05-30,2006-05-30,Q1,680103.0,401383.0,278720.0,0.4098202772227148,0.0,458387.0,0.0,0.0,458387.0,859770.0,7491.0,9426.0,-170241.0,-0.25031649617778484,-179667.0,-0.2641761615520002,0.0,0.0,0.0,0.0,-187158.0,-0.2751906696485679,-0.09,-0.09,2386667.0,2386667.0,https://www.sec.gov/Archives/edgar/data/1103640/000114420406022863/0001144204-06-022863-index.htm,https://www.sec.gov/Archives/edgar/data/1103640/000114420406022863/v042141_10qsb.txt,1620596118,17:35:18,20210509
58,2005-12-31,OMPS,USD,2005-12-31,2005-12-31,Q4,566992.0,368217.0,198775.0,0.3505781386686232,0.0,424140.0,0.0,0.0,424140.0,792357.0,7175.0,12465.0,-212900.0,-0.3754903067415413,-225365.0,-0.39747474391173065,0.0,0.0,0.0,0.0,-232540.0,-0.4101292434461156,-0.09743294728590121,-0.09743294728590121,2386667.0,2386667.0,,,1620596118,17:35:18,20210509
59,2005-09-30,OMPS,USD,2005-09-30,2005-09-30,Q3,327541.0,222661.0,104880.0,0.3202041881779686,0.0,288565.0,0.0,0.0,288565.0,511226.0,0.0,0.0,-183685.0,-0.5608000219819809,-183685.0,-0.5608000219819809,0.0,0.0,0.0,0.0,-187347.0,-0.5719803017026877,-0.112408,-0.112408,1666667.0,1666667.0,,,1620596118,17:35:18,20210509
60,2005-06-30,OMPS,USD,2005-06-30,2005-06-30,Q2,0.0,0.0,0.0,0.0,0.0,10671.0,0.0,0.0,10671.0,10671.0,975.0,0.0,-10671.0,0.0,-10671.0,0.0,0.0,0.0,0.0,0.0,-11646.0,0.0,-0.005823,-0.005823,2000000.0,2000000.0,,,1620596118,17:35:18,20210509
61,2005-03-31,OMPS,USD,2005-03-31,2005-03-31,Q1,0.0,0.0,0.0,0.0,0.0,2578.0,0.0,0.0,2578.0,2578.0,975.0,0.0,-2578.0,0.0,-2578.0,0.0,0.0,0.0,0.0,0.0,-3553.0,0.0,-0.002132,-0.002132,1666667.0,1666667.0,,,1620596118,17:35:18,20210509
