,date,symbol,reportedCurrency,fillingDate,acceptedDate,period,revenue,costOfRevenue,grossProfit,grossProfitRatio,researchAndDevelopmentExpenses,generalAndAdministrativeExpenses,sellingAndMarketingExpenses,otherExpenses,operatingExpenses,costAndExpenses,interestExpense,depreciationAndAmortization,ebitda,ebitdaratio,operatingIncome,operatingIncomeRatio,totalOtherIncomeExpensesNet,incomeBeforeTax,incomeBeforeTaxRatio,incomeTaxExpense,netIncome,netIncomeRatio,eps,epsdiluted,weightedAverageShsOut,weightedAverageShsOutDil,link,finalLink,timestamp,est_time,est_date
0,2020-12-31,SBEV,USD,2021-03-08,2021-03-08 16:58:33,Q4,1242013.0,1285850.0,-43837.0,-0.03529512170967615,0.0,9735367.0,60786.0,1435.0,13024645.0,14310495.0,22270.0,107148.0,-12961334.0,-10.43574745191878,-13068482.0,-10.522017080336518,1562.0,-13121892.0,-10.56501985083892,0.0,-22568745.0,-18.17110207381082,-0.39657809456666054,-0.39657809456666054,56908703.0,56908703.0,https://www.sec.gov/Archives/edgar/data/1553788/000173112221000336/0001731122-21-000336-index.htm,https://www.sec.gov/Archives/edgar/data/1553788/000173112221000336/e2408_10-k.htm,1620597606,18:00:06,20210509
1,2020-09-30,SBEV,USD,2020-11-13,2020-11-13,Q3,1009615.0,570.979,438636.0,0.4344586797937828,0.0,259726.0,38551.0,2396.606,2733.434,3304.413,23110.0,26.339,-2268.459,-0.002246855484516375,-2294.798,-0.002272943646835675,16.351,-2283.682,-0.002261933509308003,0.0,-2283.682,-0.002261933509308003,-0.040128870974269086,-0.040128870974269086,56908703.0,56908703.0,https://www.sec.gov/Archives/edgar/data/1553788/000173112220001163/0001731122-20-001163-index.htm,https://www.sec.gov/Archives/edgar/data/1553788/000173112220001163/e2168_10-q.htm,1620597606,18:00:06,20210509
2,2020-06-30,SBEV,USD,2020-08-13,2020-08-13 17:22:13,Q2,612308.0,287773.0,324535.0,0.5300192060204995,0.0,686968.0,24230.0,0.0,711198.0,998971.0,21854.0,30243.0,-356420.0,-0.5820926723152401,-386663.0,-0.6314844816660896,34962.0,-373350.0,-0.6097421559084644,0.0,-373350.0,-0.6097421559084644,-0.01,-0.01,56908703.0,56908703.0,https://www.sec.gov/Archives/edgar/data/1553788/000173112220000846/0001731122-20-000846-index.htm,https://www.sec.gov/Archives/edgar/data/1553788/000173112220000846/e2048_10q.htm,1620597606,18:00:06,20210509
3,2020-03-31,SBEV,USD,2020-06-11,2020-06-11,Q1,112003.0,107214.0,4789.0,0.042757783273662316,0.0,1530921.0,23012.0,0.0,1553933.0,1661147.0,1913637.0,22486.0,-1526658.0,-13.63050989705633,-1549144.0,-13.83127237663277,0.0,-3446630.0,-30.772657875235485,0.0,-3446630.0,-30.772657875235485,-0.05,-0.05,64390890.0,64390890.0,https://www.sec.gov/Archives/edgar/data/1553788/000173112220000636/0001731122-20-000636-index.htm,https://www.sec.gov/Archives/edgar/data/1553788/000173112220000636/e1978_10qa.htm,1620597606,18:00:06,20210509
4,2019-12-31,SBEV,USD,2020-03-27,2020-03-27,Q4,265734.0,115780.0,149954.0,0.5643011432485117,0.0,394534.0,0.0,0.0,415082.0,530862.0,1898.0,20548.0,-244580.0,-0.9203940782888151,-265128.0,-0.9977195240353135,5000.0,-261877.0,-0.9854854854854855,0.0,-261877.0,-0.9854854854854855,-0.004066988358135755,-0.004066988358135755,64390890.0,64390890.0,https://www.sec.gov/Archives/edgar/data/1553788/000175392620000051/0001753926-20-000051-index.htm,https://www.sec.gov/Archives/edgar/data/1553788/000175392620000051/g081940_10k.htm,1620597606,18:00:06,20210509
5,2019-09-30,SBEV,USD,2019-11-14,2019-11-14,Q3,305197.0,143348.0,161849.0,0.5303099309626241,0.0,197087.0,0.0,0.0,214567.0,357915.0,2338.0,17480.0,-35238.0,-0.11545985052277709,-52718.0,-0.17273433225097232,759.0,-53977.0,-0.17685953662716214,0.0,-53977.0,-0.17685953662716214,-0.004569,-0.004569,11813200.0,11813200.0,https://www.sec.gov/Archives/edgar/data/1553788/000107997319000593/0001079973-19-000593-index.htm,https://www.sec.gov/Archives/edgar/data/1553788/000107997319000593/cms_10q-093019.htm,1620597606,18:00:06,20210509
6,2019-06-30,SBEV,USD,2019-08-14,2019-08-14,Q2,174947.0,117351.0,57596.0,0.3292197065396949,0.0,147548.0,0.0,0.0,162068.0,279419.0,2798.0,14520.0,-89952.0,-0.5141671477647516,-104472.0,-0.5971637124386243,194.0,-107044.0,-0.6118653077789273,0.0,-107044.0,-0.6118653077789273,-0.01,-0.01,11514123.0,11514123.0,https://www.sec.gov/Archives/edgar/data/1553788/000107997319000467/0001079973-19-000467-index.htm,https://www.sec.gov/Archives/edgar/data/1553788/000107997319000467/cms_10-063019.htm,1620597606,18:00:06,20210509
7,2019-03-31,SBEV,USD,2019-05-21,2019-05-21,Q1,271955.0,132395.0,139560.0,0.5131731352613483,0.0,176428.0,0.0,0.0,187638.0,320033.0,1342.0,11210.0,-36868.0,-0.13556654593590853,-48078.0,-0.17678660072438454,-4916.0,-54336.0,-0.19979776065893254,0.0,-54336.0,-0.19979776065893254,-0.004755,-0.004755,11427200.0,11427200.0,https://www.sec.gov/Archives/edgar/data/1553788/000107997319000323/0001079973-19-000323-index.htm,https://www.sec.gov/Archives/edgar/data/1553788/000107997319000323/cms_10q-033119.htm,1620597606,18:00:06,20210509
8,2018-12-31,SBEV,USD,2019-03-29,2019-03-29,Q4,296801.0,140151.0,156650.0,0.5277947176727841,0.0,154304.0,0.0,0.0,172200.0,312351.0,1770.0,17896.0,2346.0,0.007904286036772113,-15550.0,-0.052392006765475854,2804.0,-14516.0,-0.04890819101013811,0.0,-14516.0,-0.04890819101013811,-0.0012703024362923552,-0.0012703024362923552,11427200.0,11427200.0,https://www.sec.gov/Archives/edgar/data/1553788/000107997319000192/0001079973-19-000192-index.htm,https://www.sec.gov/Archives/edgar/data/1553788/000107997319000192/cnms_10k-123118.htm,1620597606,18:00:06,20210509
9,2018-09-30,SBEV,USD,2018-11-14,2018-11-14,Q3,312988.0,147911.0,165077.0,0.5274227765920738,0.0,152732.0,0.0,0.0,167286.0,315197.0,1501.0,14554.0,12345.0,0.039442406737638505,-2209.0,-0.007057778572980434,-1284.0,-4994.0,-0.015955883292650196,0.0,-4994.0,-0.015955883292650196,-0.000437,-0.000437,11433722.0,11433722.0,https://www.sec.gov/Archives/edgar/data/1553788/000107997318000622/0001079973-18-000622-index.htm,https://www.sec.gov/Archives/edgar/data/1553788/000107997318000622/canfiled_10q-093018.htm,1620597606,18:00:06,20210509
10,2018-06-30,SBEV,USD,2018-08-20,2018-08-20,Q2,354765.0,147035.0,207730.0,0.5855425422462757,0.0,121507.0,0.0,0.0,139249.0,286284.0,1250.0,17742.0,86223.0,0.2430425774808676,68481.0,0.19303200710329374,477.0,67708.0,0.1908530999393965,0.0,67708.0,0.1908530999393965,0.006004,0.006004,11277200.0,11277200.0,https://www.sec.gov/Archives/edgar/data/1553788/000107997318000490/0001079973-18-000490-index.htm,https://www.sec.gov/Archives/edgar/data/1553788/000107997318000490/canfield_10q-063018.htm,1620597606,18:00:06,20210509
11,2018-03-31,SBEV,USD,2018-05-15,2018-05-15,Q1,344624.0,170176.0,174448.0,0.5061980593342309,0.0,145862.0,0.0,0.0,158495.0,328671.0,1194.0,12633.0,28586.0,0.08294837271925344,15953.0,0.04629103022424439,5249.0,20008.0,0.058057477134500206,0.0,20008.0,0.058057477134500206,0.001774,0.001774,11277200.0,11277200.0,https://www.sec.gov/Archives/edgar/data/1553788/000107997318000339/0001079973-18-000339-index.htm,https://www.sec.gov/Archives/edgar/data/1553788/000107997318000339/canfield_10q-033118.htm,1620597606,18:00:06,20210509
12,2017-12-31,SBEV,USD,2018-04-02,2018-04-02,Q4,155699.0,97383.0,58316.0,0.3745431891020495,0.0,145567.0,0.0,0.0,165764.0,263147.0,803.0,20197.0,-87251.0,-0.5603825329642451,-107448.0,-0.6901007713601244,6359.0,-101892.0,-0.654416534467145,0.0,-101892.0,-0.654416534467145,-0.009035221508885184,-0.009035221508885184,11277200.0,11277200.0,https://www.sec.gov/Archives/edgar/data/1553788/000107997318000224/0001079973-18-000224-index.htm,https://www.sec.gov/Archives/edgar/data/1553788/000107997318000224/canfield_10k-123117.htm,1620597606,18:00:06,20210509
13,2017-09-30,SBEV,USD,2017-11-13,2017-11-13,Q3,319015.0,148664.0,170351.0,0.5339905647069887,0.0,122862.0,0.0,0.0,137283.0,285947.0,1186.0,14421.0,47489.0,0.14886133880851998,33068.0,0.10365656787298402,3526.0,35408.0,0.11099164616083883,0.0,35408.0,0.11099164616083883,0.00314,0.00314,11277200.0,11277200.0,https://www.sec.gov/Archives/edgar/data/1553788/000107997317000658/0001079973-17-000658-index.htm,https://www.sec.gov/Archives/edgar/data/1553788/000107997317000658/canfield_10q-093017.htm,1620597606,18:00:06,20210509
14,2017-06-30,SBEV,USD,2017-08-18,2017-08-18,Q2,210572.0,88849.0,121723.0,0.5780588112379613,0.0,119479.0,0.0,0.0,143309.0,232158.0,192.0,23830.0,2244.0,0.010656687498812758,-21586.0,-0.10251125505765249,2646.0,-19132.0,-0.09085728396937864,0.0,-19132.0,-0.09085728396937864,-0.001697,-0.001697,11277200.0,11277200.0,https://www.sec.gov/Archives/edgar/data/1553788/000107997317000512/0001079973-17-000512-index.htm,https://www.sec.gov/Archives/edgar/data/1553788/000107997317000512/canfield_10q-063017.htm,1620597606,18:00:06,20210509
15,2017-03-31,SBEV,USD,2017-03-31,2017-03-31,Q1,210060.0,105521.0,104539.0,0.49766257259830526,0.0,152310.0,0.0,0.0,165779.0,271300.0,2282.0,13469.0,-47771.0,-0.22741597638769875,-61240.0,-0.29153575168999335,1604.0,-61918.0,-0.29476340093306674,0.0,-61918.0,-0.29476340093306674,-0.005491,-0.005491,11277200.0,11277200.0,,,1620597606,18:00:06,20210509
16,2016-12-31,SBEV,USD,2016-12-31,2016-12-31,Q4,316594.0,136222.0,180372.0,0.5697265267187628,0.0,180964.0,0.0,0.0,196443.0,332665.0,1515.0,15479.0,-592.0,-0.0018699027776900383,-16071.0,-0.05076217489908211,1763.0,-15823.0,-0.04997883724896871,0.0,-15823.0,-0.04997883724896871,-0.001403096513318909,-0.001403096513318909,11277200.0,11277200.0,,,1620597606,18:00:06,20210509
17,2016-09-30,SBEV,USD,2016-09-30,2016-09-30,Q3,236059.0,113572.0,122487.0,0.5188829911166276,0.0,117594.0,0.0,0.0,134719.0,248291.0,1258.0,17125.0,4893.0,0.020727868880237567,-12232.0,-0.051817554086054755,1636.0,-11854.0,-0.05021625949444842,0.0,-11854.0,-0.05021625949444842,-0.001051,-0.001051,11277200.0,11277200.0,,,1620597606,18:00:06,20210509
18,2016-06-30,SBEV,USD,2016-06-30,2016-06-30,Q2,199985.0,108804.0,91181.0,0.455939195439658,0.0,111889.0,0.0,0.0,124672.0,233476.0,863.0,12783.0,-20708.0,-0.10354776608245618,-33491.0,-0.16746756006700503,1106.0,-33248.0,-0.16625246893517015,0.0,-33248.0,-0.16625246893517015,-0.002948,-0.002948,11277200.0,11277200.0,,,1620597606,18:00:06,20210509
19,2016-03-31,SBEV,USD,2016-03-31,2016-03-31,Q1,259653.0,126310.0,133343.0,0.5135430747959777,0.0,111177.0,0.0,0.0,121550.0,247860.0,1035.0,10373.0,22166.0,0.08536777930545766,11793.0,0.04541830828066689,1321.0,12079.0,0.046519778319526445,0.0,12079.0,0.046519778319526445,0.001071,0.001071,11277200.0,11277200.0,,,1620597606,18:00:06,20210509
20,2015-12-31,SBEV,USD,2015-12-31,2015-12-31,Q4,277281.0,112926.0,164355.0,0.5927380527335087,0.0,101054.0,0.0,0.0,110019.0,222945.0,1464.0,8965.0,63301.0,0.22829187719317226,54336.0,0.19596005496229457,1630.0,54502.0,0.1965587256249076,0.0,54502.0,0.1965587256249076,0.00483293725392828,0.00483293725392828,11277200.0,11277200.0,,,1620597606,18:00:06,20210509
21,2015-09-30,SBEV,USD,2015-09-30,2015-09-30,Q3,219105.0,119075.0,100030.0,0.4565391022569088,0.0,113299.0,0.0,0.0,119797.0,238872.0,907.0,6498.0,-13269.0,-0.060560005476826176,-19767.0,-0.09021701923735195,1757.0,-18917.0,-0.08633760069373132,0.0,-18917.0,-0.08633760069373132,-0.001677,-0.001677,11277200.0,11277200.0,,,1620597606,18:00:06,20210509
22,2015-06-30,SBEV,USD,2015-06-30,2015-06-30,Q2,189076.0,103014.0,86062.0,0.45517146544246756,0.0,94982.0,0.0,0.0,101986.0,205000.0,1307.0,7004.0,-8920.0,-0.04717679663204214,-15924.0,-0.08422010196957837,1682.0,-15549.0,-0.08223677251475597,0.0,-15549.0,-0.08223677251475597,-0.001379,-0.001379,11277200.0,11277200.0,,,1620597606,18:00:06,20210509
23,2015-03-31,SBEV,USD,2015-03-31,2015-03-31,Q1,211879.0,91965.0,119914.0,0.5659550970129178,0.0,112364.0,0.0,0.0,119660.0,211625.0,1690.0,7296.0,7550.0,0.035633545561381735,254.0,0.0011987974268332397,553.0,-883.0,-0.004167472944463586,0.0,-883.0,-0.004167472944463586,-7.8e-05,-7.8e-05,11277200.0,11277200.0,,,1620597606,18:00:06,20210509
24,2014-12-31,SBEV,USD,2014-12-31,2014-12-31,Q4,194052.0,70716.0,123336.0,0.6355822150763712,0.0,107265.0,0.0,0.0,130161.0,200877.0,-71.0,22896.0,16071.0,0.08281800754436955,-6825.0,-0.035170985096778185,0.0,-5042.0,-0.025982726279553933,0.0,-5042.0,-0.025982726279553933,-0.0004470967970772887,-0.0004470967970772887,11277200.0,11277200.0,,,1620597606,18:00:06,20210509
25,2014-09-30,SBEV,USD,2014-09-30,2014-09-30,Q3,139738.0,53782.0,85956.0,0.6151225865548383,0.0,89428.0,0.0,0.0,92133.0,145915.0,467.0,2705.0,-3472.0,-0.024846498447093846,-6177.0,-0.044204153487240404,0.0,-6644.0,-0.047546122028367374,0.0,-6644.0,-0.047546122028367374,-0.000589,-0.000589,11277200.0,11277200.0,,,1620597606,18:00:06,20210509
26,2014-06-30,SBEV,USD,2014-06-30,2014-06-30,Q2,143202.0,59535.0,83667.0,0.5842585997402271,0.0,84886.0,0.0,0.0,86183.0,145718.0,2585.0,1297.0,-1219.0,-0.008512450943422577,-2516.0,-0.017569587016941106,0.0,-5101.0,-0.03562101087973631,0.0,-5101.0,-0.03562101087973631,-0.000452,-0.000452,11277200.0,11277200.0,,,1620597606,18:00:06,20210509
27,2014-03-31,SBEV,USD,2014-03-31,2014-03-31,Q1,128913.0,72027.0,56886.0,0.4412743478159689,0.0,68050.0,0.0,0.0,69246.0,141273.0,942.0,1196.0,-11164.0,-0.08660104101215549,-12360.0,-0.09587861581066301,0.0,-13302.0,-0.10318586953992227,0.0,-13302.0,-0.10318586953992227,-0.00118,-0.00118,11277200.0,11277200.0,,,1620597606,18:00:06,20210509
28,2013-12-31,SBEV,USD,2013-12-31,2013-12-31,Q4,149959.0,87878.0,62081.0,0.4139864896405017,0.0,65717.0,0.0,4723.0,70440.0,303899.0,2819.0,1912.0,-3636.0,-0.024246627411492475,-5548.0,-0.03699677911962603,0.0,-6597.0,-0.04399202448669303,0.0,-6597.0,-0.04399202448669303,-0.00069,-0.00069,9601379.0,9601379.0,,,1620597606,18:00:06,20210509
29,2013-09-30,SBEV,USD,2013-09-30,2013-09-30,Q3,141849.0,78520.0,63329.0,0.4464536232190569,0.0,73335.0,0.0,-1154.0,72181.0,73335.0,-1162.0,0.0,-10006.0,-0.0705397993641,-10006.0,-0.07053979936411255,0.0,-11160.0,-0.07867521096377134,0.0,-11160.0,-0.07867521096377134,-0.00117,-0.00117,9541800.0,9541800.0,,,1620597606,18:00:06,20210509
30,2013-06-30,SBEV,USD,2013-06-30,2013-06-30,Q2,155720.0,69872.0,85848.0,0.5512972001027485,0.0,97402.0,0.0,-1657.0,95745.0,97402.0,-1657.0,0.0,-11554.0,-0.0741972771641,-11554.0,-0.07419727716414076,0.0,-13211.0,-0.08483817107629078,0.0,-13211.0,-0.08483817107629078,-0.00139,-0.00139,9500000.0,9500000.0,,,1620597606,18:00:06,20210509
31,2013-03-31,SBEV,USD,2013-03-31,2013-03-31,Q1,0.0,0.0,0.0,0.0,0.0,0.0,0.0,0.0,0.0,0.0,0.0,0.0,0.0,0.0,0.0,0.0,0.0,0.0,0.0,0.0,0.0,0.0,0.0,0.0,9500000.0,9500000.0,,,1620597606,18:00:06,20210509
