,date,symbol,reportedCurrency,fillingDate,acceptedDate,period,revenue,costOfRevenue,grossProfit,grossProfitRatio,researchAndDevelopmentExpenses,generalAndAdministrativeExpenses,sellingAndMarketingExpenses,otherExpenses,operatingExpenses,costAndExpenses,interestExpense,depreciationAndAmortization,ebitda,ebitdaratio,operatingIncome,operatingIncomeRatio,totalOtherIncomeExpensesNet,incomeBeforeTax,incomeBeforeTaxRatio,incomeTaxExpense,netIncome,netIncomeRatio,eps,epsdiluted,weightedAverageShsOut,weightedAverageShsOutDil,link,finalLink,timestamp,est_time,est_date
0,2018-12-31,DTRM,USD,2019-02-19 00:00:00,2019-02-19 15:24:05,Q3,5942000.0,3012000.0,2930000.0,0.4930999663412992,1087000.0,41000.0,2232000.0,-318000.0,5592000.0,8604000.0,0.0,1077000.0,-1585000.0,-0.2667452036351397,-2662000.0,-0.44799730730393805,0.0,-2980000.0,-0.5015146415348367,19000.0,-2999000.0,-0.504712218108381,-0.19702,-0.19702,15222000.0,15222000.0,https://www.sec.gov/Archives/edgar/data/1090908/000143774919002850/0001437749-19-002850-index.html,https://www.sec.gov/Archives/edgar/data/1090908/000143774919002850/dtrm20181231_10q.htm,1620591316,16:15:16,20210509
1,2018-09-30,DTRM,USD,2018-11-14 00:00:00,2018-11-14 14:34:56,Q2,5734000.0,2975000.0,2759000.0,0.48116498081618414,1195000.0,-266000.0,2491000.0,-2760000.0,5911000.0,8886000.0,0.0,1093000.0,-2059000.0,-0.3590861527729334,-3152000.0,-0.5497035228461806,0.0,-3571000.0,-0.622776421346355,12000.0,-3583000.0,-0.6248692012556679,-0.23538299829194587,-0.23643922396726938,15222000.0,15154000.0,https://www.sec.gov/Archives/edgar/data/1090908/000143774918020757/0001437749-18-020757-index.html,https://www.sec.gov/Archives/edgar/data/1090908/000143774918020757/dtrm20180930_10q.htm,1620591316,16:15:16,20210509
2,2018-06-30,DTRM,USD,2018-08-14 00:00:00,2018-08-14 15:11:13,Q1,6040000.0,3413000.0,2627000.0,0.43493377483443707,1176000.0,-1086000.0,3091000.0,2005000.0,6272000.0,9685000.0,0.0,1049000.0,-2596000.0,-0.42980132450331127,-3645000.0,-0.6034768211920529,0.0,-3981000.0,-0.6591059602649006,88000.0,-4069000.0,-0.6736754966887417,-0.26731047168571803,-0.2698812761159382,15222000.0,15077000.0,https://www.sec.gov/Archives/edgar/data/1090908/000143774918015558/0001437749-18-015558-index.html,https://www.sec.gov/Archives/edgar/data/1090908/000143774918015558/dtrm20180630_10q.htm,1620591316,16:15:16,20210509
3,2018-03-31,DTRM,USD,2018-06-29 00:00:00,2018-06-29 14:36:40,Q4,6776000.0,3432000.0,3344000.0,0.4935064935064935,1096000.0,-792000.0,2954000.0,-483000.0,6212000.0,9644000.0,0.0,1055000.0,-1813000.0,-0.2675619834710744,-2868000.0,-0.423258559622196,0.0,-3351000.0,-0.4945395513577332,-530000.0,-3351000.0,-0.4945395513577332,-0.2201418998817501,-0.23257912270960576,15222000.0,14408000.0,https://www.sec.gov/Archives/edgar/data/1090908/000143774918012687/0001437749-18-012687-index.html,https://www.sec.gov/Archives/edgar/data/1090908/000143774918012687/dtrm20180331_10k.htm,1620591316,16:15:16,20210509
4,2017-12-31,DTRM,USD,2018-02-09 00:00:00,2018-02-09 12:33:34,Q3,7467000.0,3307000.0,4160000.0,0.5571179858042051,1289000.0,-747000.0,2733000.0,-534000.0,6008000.0,9315000.0,0.0,917000.0,-931000.0,-0.12468193384223919,-1848000.0,-0.24748895138609883,0.0,-2382000.0,-0.31900361591000403,11000.0,-2393000.0,-0.3204767644301594,-0.15720667454999343,-0.17010235996588002,15222000.0,14068000.0,https://www.sec.gov/Archives/edgar/data/1090908/000143774918002142/0001437749-18-002142-index.html,https://www.sec.gov/Archives/edgar/data/1090908/000143774918002142/dtrm20171231_10q.htm,1620591316,16:15:16,20210509
5,2017-09-30,DTRM,USD,2017-11-09 00:00:00,2017-11-09 16:25:37,Q2,6888000.0,3456000.0,3432000.0,0.49825783972125437,1008000.0,-889000.0,2694000.0,-568000.0,5507000.0,8963000.0,0.0,1022000.0,-1053000.0,-0.1528745644599303,-2075000.0,-0.3012485481997677,0.0,-2643000.0,-0.3837108013937282,28000.0,-2649000.0,-0.384581881533101,-0.17402443831296807,-0.1955703211517165,15222000.0,13545000.0,https://www.sec.gov/Archives/edgar/data/1090908/000143774917018908/0001437749-17-018908-index.html,https://www.sec.gov/Archives/edgar/data/1090908/000143774917018908/dtrm20170930_10q.htm,1620591316,16:15:16,20210509
6,2017-06-30,DTRM,USD,2017-08-11 00:00:00,2017-08-11 14:43:28,Q1,6988000.0,3303000.0,3685000.0,0.5273325701202061,1066000.0,-424000.0,2496000.0,-178000.0,5634000.0,8937000.0,0.0,971000.0,-978000.0,-0.13995420721236404,-1949000.0,-0.27890669719519173,0.0,-2127000.0,-0.30437893531768745,-17000.0,-2110000.0,-0.3019461934745278,-0.13861516226514256,-0.1722589599150951,15222000.0,12249000.0,https://www.sec.gov/Archives/edgar/data/1090908/000143774917014497/0001437749-17-014497-index.html,https://www.sec.gov/Archives/edgar/data/1090908/000143774917014497/dtrm20170630_10q.htm,1620591316,16:15:16,20210509
7,2017-03-31,DTRM,USD,2017-06-12 00:00:00,2017-06-12 17:12:16,Q4,7535000.0,3562000.0,3973000.0,0.5272727272727272,719000.0,-446000.0,2509000.0,-477000.0,5291000.0,8853000.0,0.0,927000.0,-391000.0,-0.051891174518911745,-1318000.0,-0.17491705374917055,0.0,-1795000.0,-0.23822163238221633,-86000.0,-1566000.0,-0.20783012607830126,-0.10287741426882144,-0.13448986602542082,15222000.0,11644000.0,https://www.sec.gov/Archives/edgar/data/1090908/000143774917011144/0001437749-17-011144-index.html,https://www.sec.gov/Archives/edgar/data/1090908/000143774917011144/dtrm20170331_10k.htm,1620591316,16:15:16,20210509
8,2016-12-31,DTRM,USD,2017-02-13 00:00:00,2017-02-13 17:09:45,Q3,6852000.0,3511000.0,3341000.0,0.487594862813777,1050000.0,-512000.0,2273000.0,-3390000.0,5084000.0,8595000.0,0.0,822000.0,-921000.0,-0.13441330998248688,-1743000.0,-0.2543782837127846,0.0,-2204000.0,-0.3216579100992411,-108000.0,-2096000.0,-0.30589608873321655,-0.1376954408093549,-0.18280132565846852,15222000.0,11466000.0,https://www.sec.gov/Archives/edgar/data/1090908/000143774917002249/0001437749-17-002249-index.html,https://www.sec.gov/Archives/edgar/data/1090908/000143774917002249/dtrm20161231_10q.htm,1620591316,16:15:16,20210509
9,2016-09-30,DTRM,USD,2016-11-14 00:00:00,2016-11-14 14:30:52,Q2,6584000.0,3445000.0,3139000.0,0.4767618469015796,1055000.0,-852000.0,2767000.0,2293000.0,5737000.0,9182000.0,0.0,884000.0,-1714000.0,-0.2603280680437424,-2598000.0,-0.3945929526123937,0.0,-3234000.0,-0.49119076549210205,108000.0,-3412000.0,-0.5182260024301336,-0.2241492576533964,-0.29757544043258327,15222000.0,11466000.0,https://www.sec.gov/Archives/edgar/data/1090908/000143774916042019/0001437749-16-042019-index.html,https://www.sec.gov/Archives/edgar/data/1090908/000143774916042019/dtrm20160901_10q.htm,1620591316,16:15:16,20210509
10,2016-06-30,DTRM,USD,2016-08-15,2016-08-15 14:37:40,Q1,6492000.0,3107000.0,3385000.0,0.5214109673444239,947000.0,-1047000.0,2803000.0,-291000.0,5506000.0,8613000.0,0.0,772000.0,-1349000.0,-0.20779420825631548,-2121000.0,-0.3267097966728281,0.0,-2412000.0,-0.37153419593345655,-70000.0,-2342000.0,-0.3607516943930992,-0.15385626067533834,-0.20520459125558574,15222000.0,11413000.0,https://www.sec.gov/Archives/edgar/data/1090908/000143774916037436/0001437749-16-037436-index.htm,https://www.sec.gov/Archives/edgar/data/1090908/000143774916037436/dtrm20160708_10q.htm,1620591316,16:15:16,20210509
11,2016-03-31,DTRM,USD,2016-07-01,2016-07-01 17:06:17,Q4,6680000.0,3383000.0,3297000.0,0.49356287425149703,760000.0,-1021000.0,2909000.0,2731000.0,8288000.0,11671000.0,0.0,812000.0,-4180000.0,-0.625748502994012,-4992000.0,-0.7473053892215569,-151000.0,-5143000.0,-0.7699101796407186,-332000.0,-4598000.0,-0.6883233532934132,-0.3020628038365524,-0.4386567448960122,15222000.0,10482000.0,https://www.sec.gov/Archives/edgar/data/1090908/000143774916034757/0001437749-16-034757-index.htm,https://www.sec.gov/Archives/edgar/data/1090908/000143774916034757/dtrm20160331_10k.htm,1620591316,16:15:16,20210509
12,2015-12-31,DTRM,USD,2016-02-19 00:00:00,2016-02-19 17:12:25,Q3,7100000.0,3418000.0,3682000.0,0.5185915492957747,1230000.0,-1238000.0,3310000.0,-549000.0,6612000.0,10030000.0,0.0,700000.0,-8181000.0,-1.1522535211267606,-8881000.0,-1.2508450704225351,-549000.0,-9430000.0,-1.328169014084507,-233000.0,-9430000.0,-1.328169014084507,-0.6194980948626987,-0.9234234234234234,15222000.0,10212000.0,https://www.sec.gov/Archives/edgar/data/1090908/000143774916025714/0001437749-16-025714-index.html,https://www.sec.gov/Archives/edgar/data/1090908/000143774916025714/dtrm20151231_10q.htm,1620591316,16:15:16,20210509
13,2015-09-30,DTRM,USD,2015-11-16 00:00:00,2015-11-16 16:04:30,Q2,6765000.0,3261000.0,3504000.0,0.517960088691796,1034000.0,-1494000.0,3561000.0,-251000.0,6662000.0,9923000.0,0.0,651000.0,-2508000.0,-0.37073170731707317,-3159000.0,-0.46696230598669625,-251000.0,-3410000.0,-0.5040650406504065,20000.0,-3390000.0,-0.5011086474501109,-0.22270398108001577,-0.349700845884052,15222000.0,9694000.0,https://www.sec.gov/Archives/edgar/data/1090908/000143774915020939/0001437749-15-020939-index.html,https://www.sec.gov/Archives/edgar/data/1090908/000143774915020939/sltc20150930_10q.htm,1620591316,16:15:16,20210509
14,2015-06-30,DTRM,USD,2015-08-13 00:00:00,2015-08-13 15:19:46,Q1,6215000.0,2907000.0,3308000.0,0.532260659694288,588000.0,-1370000.0,3442000.0,-148000.0,6102000.0,9009000.0,0.0,517000.0,-2277000.0,-0.3663716814159292,-2794000.0,-0.4495575221238938,-148000.0,-2942000.0,-0.4733708769106999,0.0,-2942000.0,-0.4733708769106999,-0.19327289449481014,-0.3204094968416467,15222000.0,9182000.0,https://www.sec.gov/Archives/edgar/data/1090908/000143774915015727/0001437749-15-015727-index.html,https://www.sec.gov/Archives/edgar/data/1090908/000143774915015727/sltc20150630_10q.htm,1620591316,16:15:16,20210509
15,2015-03-31,DTRM,USD,2015-06-29 00:00:00,2015-06-29 15:36:25,Q4,5928000.0,3695000.0,2233000.0,0.3766869095816464,1143000.0,207000.0,2854000.0,-754000.0,6376000.0,10071000.0,0.0,464000.0,-3679000.0,-0.6206140350877193,-4143000.0,-0.6988866396761133,-110000.0,-4253000.0,-0.7174426450742241,0.0,-4253000.0,-0.7174426450742241,-0.2793982393903561,-0.0005844774712313538,15222000.0,7276585000.0,https://www.sec.gov/Archives/edgar/data/1090908/000143774915013046/0001437749-15-013046-index.html,https://www.sec.gov/Archives/edgar/data/1090908/000143774915013046/sltc20150331_10k.htm,1620591316,16:15:16,20210509
16,2014-12-31,DTRM,USD,2015-02-13,2015-02-13 14:51:24,Q3,5984000.0,2902000.0,3082000.0,0.5150401069518716,1131000.0,-1253000.0,3550000.0,14000.0,6992000.0,9894000.0,0.0,477000.0,-3433000.0,-0.5736965240641712,-3910000.0,-0.6534090909090909,67000.0,-3843000.0,-0.6422125668449198,0.0,-3843000.0,-0.6422125668449198,-0.252463539613717,-0.5535071294829325,15222000.0,6943000.0,https://www.sec.gov/Archives/edgar/data/1090908/000143774915002639/0001437749-15-002639-index.htm,https://www.sec.gov/Archives/edgar/data/1090908/000143774915002639/sltc20141231_10q.htm,1620591316,16:15:16,20210509
17,2014-09-30,DTRM,USD,2014-11-13 00:00:00,2014-11-13 13:16:07,Q2,5203000.0,3452000.0,1751000.0,0.33653661349221603,997000.0,-2136000.0,3923000.0,668000.0,7375000.0,10827000.0,-13000.0,485000.0,-5139000.0,-0.9876994041898904,-5624000.0,-1.0809148568133768,-28000.0,-5652000.0,-1.0862963674803,-2950000.0,-2702000.0,-0.5193157793580626,-0.17750624096702142,-0.4142900950628641,15222000.0,6522000.0,https://www.sec.gov/Archives/edgar/data/1090908/000143774914020631/0001437749-14-020631-index.html,https://www.sec.gov/Archives/edgar/data/1090908/000143774914020631/sltc20140930_10q.htm,1620591316,16:15:16,20210509
18,2014-06-30,DTRM,USD,2014-08-14 00:00:00,2014-08-14 13:56:28,Q1,3762000.0,2254000.0,1508000.0,0.4008506113769272,442000.0,-727000.0,2370000.0,-1000.0,4455000.0,6709000.0,13000.0,104000.0,-2843000.0,-0.7557150451887295,-2947000.0,-0.7833599149388623,-1000.0,-2948000.0,-0.783625730994152,0.0,-2948000.0,-0.783625730994152,-0.19366706083300486,-0.5529919339711123,15222000.0,5331000.0,https://www.sec.gov/Archives/edgar/data/1090908/000143774914015443/0001437749-14-015443-index.html,https://www.sec.gov/Archives/edgar/data/1090908/000143774914015443/sltc20140630_10q.htm,1620591316,16:15:16,20210509
19,2014-03-31,DTRM,USD,2014-06-27 00:00:00,2014-06-27 16:24:56,Q4,6512000.0,6411000.0,101000.0,0.01550982800982801,854000.0,-711000.0,2059000.0,0.0,4261000.0,10672000.0,35000.0,100000.0,-3042000.0,-0.46713759213759215,-3142000.0,-0.4824938574938575,-26000.0,-3168000.0,-0.4864864864864865,0.0,-3168000.0,-0.4864864864864865,-0.2081198265668112,-0.8434504792332268,15222000.0,3756000.0,https://www.sec.gov/Archives/edgar/data/1090908/000143774914011989/0001437749-14-011989-index.html,https://www.sec.gov/Archives/edgar/data/1090908/000143774914011989/sltc20140331_10k.htm,1620591316,16:15:16,20210509
20,2013-12-31,DTRM,USD,2014-02-14,2014-02-14 16:14:49,Q3,3091000.0,634000.0,2457000.0,0.7948883856357166,586000.0,-704000.0,2052000.0,0.0,3986000.0,4620000.0,0.0,47000.0,-2122000.0,-0.6865092203170495,-2169000.0,-0.7017146554513103,45000.0,-2124000.0,-0.6871562601099968,0.0,-2124000.0,-0.6871562601099968,-0.13953488372093023,-0.6030664395229983,15222000.0,3522000.0,https://www.sec.gov/Archives/edgar/data/1090908/000143774914002224/0001437749-14-002224-index.htm,https://www.sec.gov/Archives/edgar/data/1090908/000143774914002224/sltc20131231_10q.htm,1620591316,16:15:16,20210509
21,2013-09-30,DTRM,USD,2013-11-13 00:00:00,2013-11-13 16:02:32,Q2,1814000.0,3900000.0,-2086000.0,-1.1499448732083792,450000.0,-1396000.0,2129000.0,227000.0,3539000.0,2997000.0,0.0,51000.0,-1510000.0,-0.8324145534729879,-1561000.0,-0.860529217199559,-26000.0,-466000.0,-0.25689084895259096,0.0,-466000.0,-0.25689084895259096,-0.03061358559978978,-0.139395752318277,15222000.0,3343000.0,https://www.sec.gov/Archives/edgar/data/1090908/000143774913014627/0001437749-13-014627-index.html,https://www.sec.gov/Archives/edgar/data/1090908/000143774913014627/sltc20130930_10q.htm,1620591316,16:15:16,20210509
22,2013-06-30,DTRM,USD,2013-08-14 00:00:00,2013-08-14 17:42:49,Q1,4372000.0,1908000.0,2464000.0,0.5635864592863677,1103000.0,-518000.0,2073000.0,-15000.0,4731000.0,6639000.0,0.0,48000.0,-2219000.0,-0.507548032936871,-2267000.0,-0.5185269899359561,-15000.0,-2421000.0,-0.553751143641354,0.0,-2421000.0,-0.553751143641354,-0.15904611746156877,-0.807,15222000.0,3000000.0,https://www.sec.gov/Archives/edgar/data/1090908/000143774913010814/0001437749-13-010814-index.html,https://www.sec.gov/Archives/edgar/data/1090908/000143774913010814/sltc20130630_10q.htm,1620591316,16:15:16,20210509
23,2013-03-31,DTRM,USD,2013-06-17 00:00:00,2013-06-17 16:10:50,Q4,4232000.0,2139000.0,2093000.0,0.4945652173913043,964000.0,-757000.0,1821000.0,331000.0,4180000.0,6319000.0,0.0,58000.0,-2029000.0,-0.4794423440453686,-2087000.0,-0.4931474480151229,-6000.0,-2093000.0,-0.4945652173913043,0.0,-2093000.0,-0.4945652173913043,-0.13749835764025753,-0.7403608065086664,15222000.0,2827000.0,https://www.sec.gov/Archives/edgar/data/1090908/000143774913007703/0001437749-13-007703-index.html,https://www.sec.gov/Archives/edgar/data/1090908/000143774913007703/sltc20130609_10k.htm,1620591316,16:15:16,20210509
24,2012-12-31,DTRM,USD,2013-02-14 00:00:00,2013-02-14 16:45:16,Q3,4496000.0,1974000.0,2522000.0,0.5609430604982206,950000.0,-656000.0,1642000.0,0.0,3578000.0,5552000.0,0.0,55000.0,-1001000.0,-0.2226423487544484,-1056000.0,-0.23487544483985764,-2000.0,-1058000.0,-0.2353202846975089,0.0,-1058000.0,-0.2353202846975089,-0.06950466430166864,-0.37544357700496805,15222000.0,2818000.0,https://www.sec.gov/Archives/edgar/data/1090908/000143774913001594/0001437749-13-001594-index.html,https://www.sec.gov/Archives/edgar/data/1090908/000143774913001594/sltc_10q-123112.htm,1620591316,16:15:16,20210509
25,2012-09-30,DTRM,USD,2012-11-14 00:00:00,2012-11-14 14:48:39,Q2,4655000.0,1753000.0,2902000.0,0.6234156820622986,861000.0,-1027000.0,1725000.0,500000.0,3784000.0,5537000.0,0.0,53000.0,-829000.0,-0.17808807733619764,-882000.0,-0.18947368421052632,-7000.0,-889000.0,-0.19097744360902255,0.0,-889000.0,-0.19097744360902255,-0.05840231244251741,-0.3158081705150977,15222000.0,2815000.0,https://www.sec.gov/Archives/edgar/data/1090908/000143774912011691/0001437749-12-011691-index.html,https://www.sec.gov/Archives/edgar/data/1090908/000143774912011691/selectica_10q-093012.htm,1620591316,16:15:16,20210509
26,2012-06-30,DTRM,USD,2012-08-13 00:00:00,2012-08-13 15:54:29,Q1,4176000.0,1559000.0,2617000.0,0.626676245210728,931000.0,-650000.0,1520000.0,-5000.0,3321000.0,4880000.0,0.0,48000.0,-656000.0,-0.15708812260536398,-704000.0,-0.1685823754789272,-5000.0,-709000.0,-0.16977969348659003,0.0,-709000.0,-0.16977969348659003,-0.04657732229667586,-0.252582828642679,15222000.0,2807000.0,https://www.sec.gov/Archives/edgar/data/1090908/000143774912008282/0001437749-12-008282-index.html,https://www.sec.gov/Archives/edgar/data/1090908/000143774912008282/sltc_10q-063012.htm,1620591316,16:15:16,20210509
27,2012-03-31,DTRM,USD,2012-06-29,2012-06-29 14:04:57,Q4,3242000.0,1435000.0,1807000.0,0.5573719925971622,887000.0,-1208000.0,2135000.0,0.0,3949000.0,5384000.0,0.0,60000.0,-2082000.0,-0.6421961752004935,-2142000.0,-0.6607032695866749,-37000.0,-2159000.0,-0.6659469463294263,0.0,-2159000.0,-0.6659469463294263,-0.14183418736039943,-0.7746681019016864,15222000.0,2787000.0,https://www.sec.gov/Archives/edgar/data/1090908/000143774912006518/0001437749-12-006518-index.htm,https://www.sec.gov/Archives/edgar/data/1090908/000143774912006518/selectica_10k-033112.htm,1620591316,16:15:16,20210509
28,2011-12-31,DTRM,USD,2012-02-10 00:00:00,2012-02-10 15:58:27,Q3,3260000.0,1290000.0,1970000.0,0.6042944785276073,801000.0,-452000.0,1518000.0,0.0,3385000.0,4675000.0,0.0,62000.0,-1353000.0,-0.41503067484662576,-1415000.0,-0.4340490797546012,-18000.0,-1433000.0,-0.4395705521472393,0.0,-1433000.0,-0.4395705521472393,-0.09414006043883852,-0.5125178826895566,15222000.0,2796000.0,https://www.sec.gov/Archives/edgar/data/1090908/000143774912001303/0001437749-12-001303-index.html,https://www.sec.gov/Archives/edgar/data/1090908/000143774912001303/selectica_10q-123111.htm,1620591316,16:15:16,20210509
29,2011-09-30,DTRM,USD,2011-11-14 00:00:00,2011-11-14 17:19:17,Q2,3531000.0,1535000.0,1996000.0,0.5652789578023223,810000.0,-569000.0,1414000.0,500000.0,3569000.0,5104000.0,0.0,67000.0,-1506000.0,-0.42650807136788443,-1573000.0,-0.4454828660436137,-36000.0,-2079000.0,-0.5887850467289719,0.0,-2079000.0,-0.5887850467289719,-0.13657863618446986,-0.7356687898089171,15222000.0,2826000.0,https://www.sec.gov/Archives/edgar/data/1090908/000143774911008624/0001437749-11-008624-index.html,https://www.sec.gov/Archives/edgar/data/1090908/000143774911008624/selectica_10q-093011.htm,1620591316,16:15:16,20210509
30,2011-06-30,DTRM,USD,2011-08-12 00:00:00,2011-08-12 13:54:07,Q1,3754000.0,1293000.0,2461000.0,0.6555673947789025,896000.0,-251000.0,1180000.0,-52000.0,3005000.0,4298000.0,0.0,72000.0,-472000.0,-0.12573255194459243,-544000.0,-0.1449120937666489,-52000.0,-596000.0,-0.15876398508257858,0.0,-596000.0,-0.15876398508257858,-0.039153856260675336,-0.21052631578947367,15222000.0,2831000.0,https://www.sec.gov/Archives/edgar/data/1090908/000143774911005897/0001437749-11-005897-index.html,https://www.sec.gov/Archives/edgar/data/1090908/000143774911005897/sltc_10q-063011.htm,1620591316,16:15:16,20210509
31,2011-03-31,DTRM,USD,2011-06-29 00:00:00,2011-06-29 16:57:19,Q4,3736000.0,1215000.0,2521000.0,0.6747858672376874,793000.0,-417000.0,1231000.0,0.0,2838000.0,4053000.0,-137000.0,78000.0,-239000.0,-0.06397216274089935,-317000.0,-0.08485010706638116,-87000.0,-1481000.0,-0.3964132762312634,0.0,-353000.0,-0.09448608137044968,-0.12513,-0.12513,2821000.0,2821000.0,https://www.sec.gov/Archives/edgar/data/1090908/000143774911004393/0001437749-11-004393-index.html,https://www.sec.gov/Archives/edgar/data/1090908/000143774911004393/selectica_10k-033111.htm,1620591316,16:15:16,20210509
32,2010-12-31,DTRM,USD,2011-02-14,2011-02-14 13:16:48,Q3,3955000.0,1093000.0,2862000.0,0.7236409608091025,816000.0,-230000.0,1144000.0,1000.0,2875000.0,3968000.0,41000.0,87000.0,74000.0,0.018710493046776234,-13000.0,-0.0032869785082174463,-41000.0,0.0,0.0,0.0,-54000.0,-0.013653603034134008,-0.01916,-0.01916,2818000.0,2818000.0,https://www.sec.gov/Archives/edgar/data/1090908/000143774911000840/0001437749-11-000840-index.htm,https://www.sec.gov/Archives/edgar/data/1090908/000143774911000840/selectica_10q-123110.htm,1620591316,16:15:16,20210509
33,2010-09-30,DTRM,USD,2010-11-15 00:00:00,2010-11-15 14:54:42,Q2,3099000.0,1251000.0,1848000.0,0.5963213939980639,625000.0,-92000.0,953000.0,2000.0,2441000.0,3692000.0,39000.0,77000.0,-516000.0,-0.1665053242981607,-593000.0,-0.19135204904808004,-39000.0,442000.0,0.1426266537592772,0.0,-632000.0,-0.20393675379154566,-0.22459,-0.22459,2814000.0,2814000.0,https://www.sec.gov/Archives/edgar/data/1090908/000143774910003929/0001437749-10-003929-index.html,https://www.sec.gov/Archives/edgar/data/1090908/000143774910003929/selectica_10q-093010.htm,1620591316,16:15:16,20210509
34,2010-06-30,DTRM,USD,2010-08-16 00:00:00,2010-08-16 17:19:32,Q1,3733000.0,1345000.0,2388000.0,0.6396999732118939,764000.0,-67000.0,1038000.0,1000.0,2774000.0,4119000.0,57000.0,79000.0,-307000.0,-0.08223948566836324,-386000.0,-0.1034020894722743,-57000.0,-443000.0,-0.11867130993838736,4000.0,-447000.0,-0.11974283418162336,-0.15896,-0.15896,2812000.0,2812000.0,https://www.sec.gov/Archives/edgar/data/1090908/000143774910002696/0001437749-10-002696-index.html,https://www.sec.gov/Archives/edgar/data/1090908/000143774910002696/selectica_10q-063010.htm,1620591316,16:15:16,20210509
35,2010-03-31,DTRM,USD,2010-06-29 00:00:00,2010-06-29 17:26:51,Q4,3807000.0,1299000.0,2508000.0,0.6587864460204885,729000.0,252000.0,940000.0,1402000.0,4037000.0,5336000.0,-226000.0,93000.0,265000.0,0.06960861570790648,172000.0,0.0451799317047544,-147000.0,75000.0,0.019700551615445233,-131000.0,206000.0,0.05411084843708957,0.07373,0.07373,2794000.0,2794000.0,https://www.sec.gov/Archives/edgar/data/1090908/000143774910002047/0001437749-10-002047-index.html,https://www.sec.gov/Archives/edgar/data/1090908/000143774910002047/selectica_10k-033110.htm,1620591316,16:15:16,20210509
36,2009-12-31,DTRM,USD,2010-02-12 00:00:00,2010-02-12 16:05:22,Q3,4436000.0,1420000.0,3016000.0,0.6798917944093779,753000.0,-23000.0,1284000.0,-1518000.0,2006000.0,3426000.0,55000.0,96000.0,-595000.0,-0.13412984670874661,-691000.0,-0.15577096483318303,-55000.0,-746000.0,-0.16816952209197475,-8000.0,-738000.0,-0.16636609558160506,-0.01323,-0.01323,55770000.0,55770000.0,https://www.sec.gov/Archives/edgar/data/1090908/000119312510030582/0001193125-10-030582-index.html,https://www.sec.gov/Archives/edgar/data/1090908/000119312510030582/d10q.htm,1620591316,16:15:16,20210509
37,2009-09-30,DTRM,USD,2009-11-16 00:00:00,2009-11-16 17:15:28,Q2,3701000.0,1298000.0,2403000.0,0.6492839773034315,749000.0,354000.0,1103000.0,116000.0,3425000.0,4723000.0,50000.0,191000.0,-831000.0,-0.22453390975412052,-1022000.0,-0.27614158335584976,-50000.0,-1072000.0,-0.28965144555525535,0.0,-1072000.0,-0.28965144555525535,-0.01928,-0.01928,55609000.0,55609000.0,https://www.sec.gov/Archives/edgar/data/1090908/000119312509235922/0001193125-09-235922-index.html,https://www.sec.gov/Archives/edgar/data/1090908/000119312509235922/d10q.htm,1620591316,16:15:16,20210509
38,2009-06-30,DTRM,USD,2009-07-09 00:00:00,2009-07-08 21:14:13,Q1,3215000.0,1437000.0,1778000.0,0.5530326594090202,1043000.0,259000.0,1199000.0,1176000.0,4876000.0,6313000.0,121000.0,0.0,-3098000.0,-0.9636080870917574,-3098000.0,-0.9636080870917574,-121000.0,-3219000.0,-1.001244167962675,-179000.0,-3040000.0,-0.9455676516329704,-0.0669,-0.0669,45441000.0,45441000.0,https://www.sec.gov/Archives/edgar/data/1090908/000119312509146022/0001193125-09-146022-index.html,https://www.sec.gov/Archives/edgar/data/1090908/000119312509146022/d10k.htm,1620591316,16:15:16,20210509
39,2009-03-31,DTRM,USD,2009-07-09,2009-07-08 21:14:13,Q4,5370000.0,1745000.0,3625000.0,0.6750465549348231,1107000.0,-530000.0,1696000.0,0.0,3969000.0,5714000.0,-989000.0,98000.0,-246000.0,-0.04581005586592179,-344000.0,-0.06405959031657356,-1133000.0,-1444000.0,-0.26890130353817504,75000.0,-1519000.0,-0.28286778398510243,-0.04627,-0.04627,32828000.0,32828000.0,https://www.sec.gov/Archives/edgar/data/1090908/000119312509146022/0001193125-09-146022-index.htm,https://www.sec.gov/Archives/edgar/data/1090908/000119312509146022/d10k.htm,1620591316,16:15:16,20210509
40,2008-12-31,DTRM,USD,2009-02-17 00:00:00,2009-02-17 17:17:31,Q3,4173000.0,1577000.0,2596000.0,0.6220944164869399,994000.0,-115000.0,1497000.0,50000.0,3923000.0,5500000.0,391000.0,296000.0,-1031000.0,-0.24706446201773305,-1327000.0,-0.31799664509944886,-391000.0,-1718000.0,-0.41169422477833695,45000.0,-1763000.0,-0.42247783369278696,-0.06141,-0.06141,28710000.0,28710000.0,https://www.sec.gov/Archives/edgar/data/1090908/000119312509031390/0001193125-09-031390-index.html,https://www.sec.gov/Archives/edgar/data/1090908/000119312509031390/d10q.htm,1620591316,16:15:16,20210509
41,2008-09-30,DTRM,USD,2008-11-14 00:00:00,2008-11-14 17:16:23,Q2,3136000.0,1209000.0,1927000.0,0.6144770408163265,970000.0,154000.0,1354000.0,242000.0,4074000.0,5283000.0,382000.0,0.0,-2147000.0,-0.6846301020408163,-2147000.0,-0.6846301020408163,-382000.0,-2529000.0,-0.8064413265306123,20000.0,-2549000.0,-0.8128188775510204,-0.08881,-0.08881,28703000.0,28703000.0,https://www.sec.gov/Archives/edgar/data/1090908/000095013408020683/0000950134-08-020683-index.html,https://www.sec.gov/Archives/edgar/data/1090908/000095013408020683/f50434e10vq.htm,1620591316,16:15:16,20210509
42,2008-06-30,DTRM,USD,2008-08-19 00:00:00,2008-08-19 17:10:20,Q1,3766000.0,1238000.0,2528000.0,0.6712692511949018,1147000.0,-294000.0,1760000.0,513000.0,4886000.0,6124000.0,216000.0,0.0,-2358000.0,-0.6261285183218269,-2358000.0,-0.6261285183218269,-216000.0,-2574000.0,-0.6834838024429103,17000.0,-2591000.0,-0.6879978757302178,-0.09064,-0.09064,28585000.0,28585000.0,https://www.sec.gov/Archives/edgar/data/1090908/000095013408015491/0000950134-08-015491-index.html,https://www.sec.gov/Archives/edgar/data/1090908/000095013408015491/f42954e10vq.htm,1620591316,16:15:16,20210509
43,2007-12-31,DTRM,USD,2008-02-11,2008-02-11 16:29:12,Q3,4694000.0,1037000.0,3657000.0,0.7790796761823605,1425000.0,-557000.0,1806000.0,973000.0,5453000.0,6490000.0,0.0,108000.0,-1683000.0,-0.3585428206220707,-1791000.0,-0.38155091606305924,618000.0,-1173000.0,-0.24989348103962505,67000.0,-1240000.0,-0.2641670217298679,-0.04364,-0.04364,28415000.0,28415000.0,https://www.sec.gov/Archives/edgar/data/1090908/000119312508025804/0001193125-08-025804-index.htm,https://www.sec.gov/Archives/edgar/data/1090908/000119312508025804/d10q.htm,1620591316,16:15:16,20210509
44,2007-09-30,DTRM,USD,2007-10-03 00:00:00,2007-10-02 21:17:35,Q2,3982000.0,932000.0,3050000.0,0.7659467604218986,1139000.0,230000.0,1136000.0,17983000.0,21624000.0,22556000.0,0.0,234000.0,-18344000.0,-4.606730286288298,-18578000.0,-4.665494726268207,803000.0,-17775000.0,-4.463837267704671,38000.0,-17813000.0,-4.473380210949272,-0.62706,-0.62706,28407000.0,28407000.0,https://www.sec.gov/Archives/edgar/data/1090908/000119312507212129/0001193125-07-212129-index.html,https://www.sec.gov/Archives/edgar/data/1090908/000119312507212129/d10q.htm,1620591316,16:15:16,20210509
45,2007-06-30,DTRM,USD,2007-10-03,2007-10-02 21:17:35,Q1,4341000.0,1083000.0,3258000.0,0.7505183137525916,1178000.0,-553000.0,1925000.0,1940000.0,6415000.0,7498000.0,0.0,-6000.0,-3164000.0,-0.728864316977655,-3158000.0,-0.7274821469707441,1065000.0,-2093000.0,-0.4821469707440682,206000.0,-2299000.0,-0.5296014743146741,-0.08093,-0.08093,28407000.0,28407000.0,https://www.sec.gov/Archives/edgar/data/1090908/000119312507212129/0001193125-07-212129-index.htm,https://www.sec.gov/Archives/edgar/data/1090908/000119312507212129/d10q.htm,1620591316,16:15:16,20210509
46,2007-03-31,DTRM,USD,2007-10-03,2007-10-02 21:05:08,Q4,2849000.0,1594000.0,1255000.0,0.4405054405054405,1425000.0,-221000.0,1811000.0,2378000.0,7204000.0,8798000.0,0.0,138000.0,-5811000.0,-2.0396630396630395,-5949000.0,-2.088101088101088,-2168000.0,-4840000.0,-1.6988416988416988,20000.0,-4860000.0,-1.7058617058617058,-0.16203,-0.16203,29995000.0,29995000.0,https://www.sec.gov/Archives/edgar/data/1090908/000119312507212119/0001193125-07-212119-index.htm,https://www.sec.gov/Archives/edgar/data/1090908/000119312507212119/d10k.htm,1620591316,16:15:16,20210509
47,2006-12-31,DTRM,USD,2007-10-03,2007-10-02 21:15:02,Q3,3660000.0,1653000.0,2007000.0,0.5483606557377049,1682000.0,281000.0,1435000.0,6266000.0,11099000.0,12752000.0,0.0,231000.0,-8861000.0,-2.42103825136612,-9092000.0,-2.484153005464481,1033000.0,-8059000.0,-2.201912568306011,22000.0,-8081000.0,-2.2079234972677595,-0.26402,-0.26402,30608000.0,30608000.0,https://www.sec.gov/Archives/edgar/data/1090908/000119312507212128/0001193125-07-212128-index.htm,https://www.sec.gov/Archives/edgar/data/1090908/000119312507212128/d10q.htm,1620591316,16:15:16,20210509
48,2006-09-30,DTRM,USD,2007-10-03,2007-10-02 21:08:35,Q2,2996000.0,2744000.0,252000.0,0.08411214953271028,2144000.0,786000.0,1787000.0,0.0,6504000.0,9248000.0,0.0,204000.0,-6048000.0,-2.0186915887850465,-6252000.0,-2.086782376502003,882000.0,-5370000.0,-1.7923898531375166,35000.0,-5405000.0,-1.8040720961281709,-0.17437,-0.17437,30997000.0,30997000.0,https://www.sec.gov/Archives/edgar/data/1090908/000119312507212121/0001193125-07-212121-index.htm,https://www.sec.gov/Archives/edgar/data/1090908/000119312507212121/d10q.htm,1620591316,16:15:16,20210509
49,2006-06-30,DTRM,USD,2006-08-09,2006-08-09 16:34:52,Q1,5216000.0,2679000.0,2537000.0,0.48638803680981596,2107000.0,47000.0,1835000.0,0.0,5824000.0,8503000.0,0.0,81000.0,-3206000.0,-0.6146472392638037,-3287000.0,-0.6301763803680982,718000.0,-2569000.0,-0.4925230061349693,29000.0,-2598000.0,-0.49808282208588955,-0.08263,-0.08263,31441000.0,31441000.0,https://www.sec.gov/Archives/edgar/data/1090908/000095013406015538/0000950134-06-015538-index.htm,https://www.sec.gov/Archives/edgar/data/1090908/000095013406015538/f22816e10vq.htm,1620591316,16:15:16,20210509
50,2006-03-31,DTRM,USD,2006-06-14,2006-06-14 17:28:23,Q4,5018000.0,1956000.0,3062000.0,0.6102032682343563,2062000.0,-7354000.0,1631000.0,7500000.0,5470000.0,7426000.0,0.0,-887000.0,-3295000.0,-0.6566361100039857,-2408000.0,-0.47987245914707055,-196000.0,-1529000.0,-0.3047030689517736,49000.0,-1578000.0,-0.31446791550418496,-0.0481,-0.0481,32808000.0,32808000.0,https://www.sec.gov/Archives/edgar/data/1090908/000089161806000260/0000891618-06-000260-index.htm,https://www.sec.gov/Archives/edgar/data/1090908/000089161806000260/f21117e10vk.htm,1620591316,16:15:16,20210509
51,2005-12-31,DTRM,USD,2006-02-14,2006-02-14 17:30:00,Q3,5257000.0,2419000.0,2838000.0,0.5398516264028914,1943000.0,9112000.0,1592000.0,0.0,14239000.0,16658000.0,0.0,276000.0,-11125000.0,-2.11622598440175,-11401000.0,-2.168727411070953,-1185000.0,-10754000.0,-2.045653414494959,25000.0,-10779000.0,-2.0504089785048505,-0.32769,-0.32769,32894000.0,32894000.0,https://www.sec.gov/Archives/edgar/data/1090908/000089161806000073/0000891618-06-000073-index.htm,https://www.sec.gov/Archives/edgar/data/1090908/000089161806000073/f17185e10vq.htm,1620591316,16:15:16,20210509
52,2005-09-30,DTRM,USD,2005-11-09,2005-11-09 16:54:46,Q2,6079000.0,2144000.0,3935000.0,0.6473104128968581,2212000.0,1396000.0,1685000.0,0.0,6978000.0,9122000.0,0.0,307000.0,-2736000.0,-0.450074025333114,-3043000.0,-0.5005757525908867,640000.0,-2403000.0,-0.3952952788287547,18000.0,-2421000.0,-0.3982562921533147,-0.07373,-0.07373,32837000.0,32837000.0,https://www.sec.gov/Archives/edgar/data/1090908/000095013405021066/0000950134-05-021066-index.htm,https://www.sec.gov/Archives/edgar/data/1090908/000095013405021066/f14273e10vq.htm,1620591316,16:15:16,20210509
53,2005-06-30,DTRM,USD,2005-08-09,2005-08-09 16:35:24,Q1,7079000.0,2719000.0,4360000.0,0.6159062014408815,2565000.0,1565000.0,1737000.0,0.0,7604000.0,10323000.0,0.0,304000.0,-2940000.0,-0.4153128973018788,-3244000.0,-0.458256815934454,545000.0,-2699000.0,-0.38126854075434385,30000.0,-2729000.0,-0.3855064274615059,-0.08315,-0.08315,32821000.0,32821000.0,https://www.sec.gov/Archives/edgar/data/1090908/000095013405015365/0000950134-05-015365-index.htm,https://www.sec.gov/Archives/edgar/data/1090908/000095013405015365/f10575e10vq.htm,1620591316,16:15:16,20210509
54,2005-03-31,DTRM,USD,2005-06-29,2005-06-29 16:54:24,Q4,7270000.0,3310000.0,3960000.0,0.5447042640990372,2854000.0,1602000.0,2767000.0,0.0,9990000.0,13300000.0,0.0,-914000.0,-6944000.0,-0.9551581843191197,-6030000.0,-0.8294360385144429,-95000.0,-5593000.0,-0.7693259972489683,-117000.0,-5476000.0,-0.753232462173315,-0.16764,-0.16764,32665000.0,32665000.0,https://www.sec.gov/Archives/edgar/data/1090908/000095013405012683/0000950134-05-012683-index.htm,https://www.sec.gov/Archives/edgar/data/1090908/000095013405012683/f09415e10vk.htm,1620591316,16:15:16,20210509
55,2004-12-31,DTRM,USD,2005-02-09 00:00:00,2005-02-09 17:06:41,Q3,8914000.0,3305000.0,5609000.0,0.6292349113753646,3049000.0,-1008000.0,2939000.0,0.0,7919000.0,11224000.0,0.0,214000.0,-2096000.0,-0.23513574153017724,-2310000.0,-0.2591429212474759,-643000.0,-1512000.0,-0.16962082118016603,0.0,-1512000.0,-0.16962082118016603,-0.04638,-0.04638,32600000.0,32600000.0,https://www.sec.gov/Archives/edgar/data/1090908/000095013405002449/0000950134-05-002449-index.html,https://www.sec.gov/Archives/edgar/data/1090908/000095013405002449/f05409e10vq.htm,1620591316,16:15:16,20210509
56,2004-09-30,DTRM,USD,2004-11-09 00:00:00,2004-11-09 16:06:51,Q2,7193000.0,3281000.0,3912000.0,0.5438620881412485,3201000.0,-1068000.0,3180000.0,0.0,8493000.0,11774000.0,0.0,343000.0,-4238000.0,-0.5891839288196858,-4581000.0,-0.6368691783678576,515000.0,-4066000.0,-0.5652717920200194,0.0,-4066000.0,-0.5652717920200194,-0.12495,-0.12495,32540000.0,32540000.0,https://www.sec.gov/Archives/edgar/data/1090908/000095013404016936/0000950134-04-016936-index.html,https://www.sec.gov/Archives/edgar/data/1090908/000095013404016936/f03050e10vq.htm,1620591316,16:15:16,20210509
57,2004-06-30,DTRM,USD,2004-08-09 00:00:00,2004-08-09 16:58:39,Q1,7743000.0,3351000.0,4392000.0,0.567222006974041,3255000.0,-991000.0,2975000.0,0.0,8214000.0,11565000.0,0.0,357000.0,-3465000.0,-0.4475009686168152,-3822000.0,-0.4936071290197598,223000.0,-3599000.0,-0.4648069223815059,0.0,-3599000.0,-0.4648069223815059,-0.11068,-0.11068,32516000.0,32516000.0,https://www.sec.gov/Archives/edgar/data/1090908/000095013404011789/0000950134-04-011789-index.html,https://www.sec.gov/Archives/edgar/data/1090908/000095013404011789/f00901e10vq.htm,1620591316,16:15:16,20210509
58,2004-03-31,DTRM,USD,2004-06-14 00:00:00,2004-06-14 17:19:20,Q4,8336000.0,3962000.0,4374000.0,0.5247120921305183,3529000.0,-1983000.0,3289000.0,0.0,8124000.0,12086000.0,0.0,-1701000.0,-5451000.0,-0.6539107485604606,-3750000.0,-0.44985604606525914,0.0,-3346000.0,-0.4013915547024952,0.0,-3346000.0,-0.4013915547024952,-0.10736,-0.10736,31165000.0,31165000.0,https://www.sec.gov/Archives/edgar/data/1090908/000089161804001061/0000891618-04-001061-index.html,https://www.sec.gov/Archives/edgar/data/1090908/000089161804001061/f99611e10vk.htm,1620591316,16:15:16,20210509
59,2003-12-31,DTRM,USD,2004-02-11 00:00:00,2004-02-11 16:52:07,Q3,9985000.0,4398000.0,5587000.0,0.5595393089634452,3149000.0,-1717000.0,3044000.0,0.0,7520000.0,11918000.0,0.0,471000.0,-1462000.0,-0.14641962944416625,-1933000.0,-0.19359038557836755,259000.0,-453000.0,-0.04536805207811718,0.0,-453000.0,-0.04536805207811718,-0.01465,-0.01465,30930000.0,30930000.0,https://www.sec.gov/Archives/edgar/data/1090908/000089161804000547/0000891618-04-000547-index.html,https://www.sec.gov/Archives/edgar/data/1090908/000089161804000547/f96375e10vq.htm,1620591316,16:15:16,20210509
60,2003-09-30,DTRM,USD,2003-11-12 00:00:00,2003-11-12 14:19:02,Q2,9916000.0,4259000.0,5657000.0,0.5704921339249698,3573000.0,-2711000.0,4164000.0,0.0,9190000.0,13449000.0,0.0,562000.0,-2971000.0,-0.29961678096006455,-3533000.0,-0.3562928600242033,334000.0,-3199000.0,-0.322609923356192,0.0,-3199000.0,-0.322609923356192,-0.10394,-0.10394,30777000.0,30777000.0,https://www.sec.gov/Archives/edgar/data/1090908/000089161803005848/0000891618-03-005848-index.html,https://www.sec.gov/Archives/edgar/data/1090908/000089161803005848/f94377e10vq.htm,1620591316,16:15:16,20210509
61,2003-06-30,DTRM,USD,2003-08-11 00:00:00,2003-08-11 16:52:29,Q1,11787000.0,5618000.0,6169000.0,0.5233732077712734,3223000.0,-2695000.0,3994000.0,0.0,8516000.0,14134000.0,0.0,668000.0,-1679000.0,-0.14244506659879527,-2347000.0,-0.19911767201153813,499000.0,-1848000.0,-0.15678289641130058,0.0,-1848000.0,-0.15678289641130058,-0.06032,-0.06032,30635000.0,30635000.0,https://www.sec.gov/Archives/edgar/data/1090908/000089161803004267/0000891618-03-004267-index.html,https://www.sec.gov/Archives/edgar/data/1090908/000089161803004267/f92315e10vq.htm,1620591316,16:15:16,20210509
62,2003-03-31,DTRM,USD,2003-06-30 00:00:00,2003-06-30 17:30:02,Q4,6553000.0,4603000.0,1950000.0,0.2975736303982909,3239000.0,-3218000.0,4424000.0,0.0,8869000.0,13472000.0,0.0,-2712000.0,-9631000.0,-1.4697085304440713,-6919000.0,-1.055852281397833,560000.0,-16333000.0,-2.4924462078437357,0.0,-6359000.0,-0.9703952388219136,-0.19737,-0.19737,32219000.0,32219000.0,https://www.sec.gov/Archives/edgar/data/1090908/000089161803003351/0000891618-03-003351-index.html,https://www.sec.gov/Archives/edgar/data/1090908/000089161803003351/f90966e10vk.htm,1620591316,16:15:16,20210509
63,2002-12-31,DTRM,USD,2003-02-14 00:00:00,2003-02-14 17:54:37,Q3,9969000.0,4560000.0,5409000.0,0.5425820042130605,3018000.0,-3324000.0,4576000.0,0.0,8846000.0,13406000.0,0.0,848000.0,-2589000.0,-0.2597050857658742,-3437000.0,-0.3447687832280068,760000.0,-2677000.0,-0.2685324505968502,0.0,-2677000.0,-0.2685324505968502,-0.08195,-0.08195,32668000.0,32668000.0,https://www.sec.gov/Archives/edgar/data/1090908/000089161803000905/0000891618-03-000905-index.html,https://www.sec.gov/Archives/edgar/data/1090908/000089161803000905/f87673e10vq.htm,1620591316,16:15:16,20210509
64,2002-09-30,DTRM,USD,2002-11-14 00:00:00,2002-11-14 17:28:26,Q2,9411000.0,4967000.0,4444000.0,0.47221336733609603,3379000.0,-2696000.0,4859000.0,0.0,10401000.0,15368000.0,0.0,917000.0,-5040000.0,-0.535543512910424,-5957000.0,-0.6329826798427373,762000.0,-5195000.0,-0.5520136011050898,0.0,-5195000.0,-0.5520136011050898,-0.15649,-0.15649,33197000.0,33197000.0,https://www.sec.gov/Archives/edgar/data/1090908/000089256902002335/0000892569-02-002335-index.html,https://www.sec.gov/Archives/edgar/data/1090908/000089256902002335/f85936e10vq.htm,1620591316,16:15:16,20210509
65,2002-06-30,DTRM,USD,2002-08-14 00:00:00,2002-08-14 15:49:33,Q1,9635000.0,5573000.0,4062000.0,0.42158796056045666,3566000.0,-4062000.0,5509000.0,0.0,10522000.0,16095000.0,0.0,947000.0,-5513000.0,-0.572184743124027,-6460000.0,-0.67047223663726,917000.0,-5543000.0,-0.5752983912817852,0.0,-15517000.0,-1.6104826154644525,-0.46045,-0.46045,33700000.0,33700000.0,https://www.sec.gov/Archives/edgar/data/1090908/000089161802003914/0000891618-02-003914-index.html,https://www.sec.gov/Archives/edgar/data/1090908/000089161802003914/f83795e10vq.htm,1620591316,16:15:16,20210509
