,date,symbol,reportedCurrency,fillingDate,acceptedDate,period,revenue,costOfRevenue,grossProfit,grossProfitRatio,researchAndDevelopmentExpenses,generalAndAdministrativeExpenses,sellingAndMarketingExpenses,otherExpenses,operatingExpenses,costAndExpenses,interestExpense,depreciationAndAmortization,ebitda,ebitdaratio,operatingIncome,operatingIncomeRatio,totalOtherIncomeExpensesNet,incomeBeforeTax,incomeBeforeTaxRatio,incomeTaxExpense,netIncome,netIncomeRatio,eps,epsdiluted,weightedAverageShsOut,weightedAverageShsOutDil,link,finalLink,timestamp,est_time,est_date
0,2019-06-30,SHOE.L,GBP,2019-06-30,2019-06-30,Q2,40511750,34241250,6270500.0,0.15478225453109284,0.0,3020250.0,1538500.0,0.0,0.0,38800000,43000.0,814500.0,2526250.0,0.062358451560349776,1711750.0,0.04225317346202028,0.0,1674750.0,0.041339858189290764,246250.0,1428500.0,0.035261374786327425,0.028575,0.028575,50000000,50000000,https://find-and-update.company-information.service.gov.uk/search/companies?q=Shoe+Zone+PLC,https://find-and-update.company-information.service.gov.uk/search/companies?q=Shoe+Zone+PLC,1620597880,18:04:40,20210509
1,2019-03-31,SHOE.L,GBP,2019-03-31,2019-03-31,Q1,40511750,34241250,6270500.0,0.15478225453109284,0.0,3020250.0,1538500.0,0.0,0.0,38800000,43000.0,814500.0,2526250.0,0.062358451560349776,1711750.0,0.04225317346202028,0.0,1674750.0,0.041339858189290764,246250.0,1428500.0,0.035261374786327425,0.028575,0.028575,50000000,50000000,https://find-and-update.company-information.service.gov.uk/search/companies?q=Shoe+Zone+PLC,https://find-and-update.company-information.service.gov.uk/search/companies?q=Shoe+Zone+PLC,1620597880,18:04:40,20210509
2,2019-01-31,SHOE.L,GBP,2019-01-31,2019-01-31,Q1,40511750,34241250,6270500.0,0.15478225453109284,0.0,3020250.0,1538500.0,0.0,0.0,38800000,43000.0,814500.0,2526250.0,0.062358451560349776,1711750.0,0.04225317346202028,0.0,1674750.0,0.041339858189290764,246250.0,1428500.0,0.035261374786327425,0.028575,0.028575,50000000,50000000,https://find-and-update.company-information.service.gov.uk/search/companies?q=Shoe+Zone+PLC,https://find-and-update.company-information.service.gov.uk/search/companies?q=Shoe+Zone+PLC,1620597880,18:04:40,20210509
3,2018-06-30,SHOE.L,GBP,2018-06-30,2018-06-30,Q2,40153750,32521500,7632250.0,0.19007564673287053,0.0,3267500.0,1512000.0,0.0,0.0,37301000,46750.0,774250.0,3627000.0,0.09032780250910563,2852750.0,0.07104566821280703,0.0,2813750.0,0.07007440151916072,434500.0,2379250.0,0.05925349438097313,0.047575,0.047575,50000000,50000000,https://find-and-update.company-information.service.gov.uk/search/companies?q=Shoe+Zone+PLC,https://find-and-update.company-information.service.gov.uk/search/companies?q=Shoe+Zone+PLC,1620597880,18:04:40,20210509
4,2018-03-31,SHOE.L,GBP,2018-03-31,2018-03-31,Q1,40153750,32521500,7632250.0,0.19007564673287053,0.0,3267500.0,1512000.0,0.0,0.0,37301000,46750.0,774250.0,3627000.0,0.09032780250910563,2852750.0,0.07104566821280703,0.0,2813750.0,0.07007440151916072,434500.0,2379250.0,0.05925349438097313,0.047575,0.047575,50000000,50000000,https://find-and-update.company-information.service.gov.uk/search/companies?q=Shoe+Zone+PLC,https://find-and-update.company-information.service.gov.uk/search/companies?q=Shoe+Zone+PLC,1620597880,18:04:40,20210509
5,2018-01-31,SHOE.L,GBP,2018-01-31,2018-01-31,Q1,40153750,32521500,7632250.0,0.19007564673287053,0.0,3267500.0,1512000.0,0.0,0.0,37301000,46750.0,774250.0,3627000.0,0.09032780250910563,2852750.0,0.07104566821280703,0.0,2813750.0,0.07007440151916072,434500.0,2379250.0,0.05925349438097313,0.047575,0.047575,50000000,50000000,https://find-and-update.company-information.service.gov.uk/search/companies?q=Shoe+Zone+PLC,https://find-and-update.company-information.service.gov.uk/search/companies?q=Shoe+Zone+PLC,1620597880,18:04:40,20210509
6,2017-06-30,SHOE.L,GBP,2017-06-30,2017-06-30,Q2,39444250,31914250,7530000.0,0.1909023495186244,0.0,3613500.0,1468000.0,0.0,0.0,36995750,76500.0,740500.0,3189000.0,0.08084828587183177,2448500.0,0.06207495389061777,0.0,2375750.0,0.06023057860144381,405000.0,1970750.0,0.04996292235243413,0.039425,0.039425,50000000,50000000,https://find-and-update.company-information.service.gov.uk/search/companies?q=Shoe+Zone+PLC,https://find-and-update.company-information.service.gov.uk/search/companies?q=Shoe+Zone+PLC,1620597880,18:04:40,20210509
7,2017-03-31,SHOE.L,GBP,2017-03-31,2017-03-31,Q1,39444250,31914250,7530000.0,0.1909023495186244,0.0,3613500.0,1468000.0,0.0,0.0,36995750,76500.0,740500.0,3189000.0,0.08084828587183177,2448500.0,0.06207495389061777,0.0,2375750.0,0.06023057860144381,405000.0,1970750.0,0.04996292235243413,0.039425,0.039425,50000000,50000000,https://find-and-update.company-information.service.gov.uk/search/companies?q=Shoe+Zone+PLC,https://find-and-update.company-information.service.gov.uk/search/companies?q=Shoe+Zone+PLC,1620597880,18:04:40,20210509
8,2017-01-31,SHOE.L,GBP,2017-01-31,2017-01-31,Q1,39444250,31914250,7530000.0,0.1909023495186244,0.0,3613500.0,1468000.0,0.0,0.0,36995750,76500.0,740500.0,3189000.0,0.08084828587183177,2448500.0,0.06207495389061777,0.0,2375750.0,0.06023057860144381,405000.0,1970750.0,0.04996292235243413,0.039425,0.039425,50000000,50000000,https://find-and-update.company-information.service.gov.uk/search/companies?q=Shoe+Zone+PLC,https://find-and-update.company-information.service.gov.uk/search/companies?q=Shoe+Zone+PLC,1620597880,18:04:40,20210509
9,2016-06-30,SHOE.L,GBP,2016-06-30,2016-06-30,Q2,39958500,33005500,6953000.0,0.17400553073814082,0.0,2914250.0,1442250.0,0.0,0.0,37362000,47500.0,788250.0,3384750.0,0.08470663313187432,2596500.0,0.06497991666353842,0.0,2563000.0,0.06414154685486192,450250.0,2112750.0,0.052873606366605354,0.04225,0.04225,50000000,50000000,https://find-and-update.company-information.service.gov.uk/search/companies?q=Shoe+Zone+PLC,https://find-and-update.company-information.service.gov.uk/search/companies?q=Shoe+Zone+PLC,1620597880,18:04:40,20210509
10,2016-03-31,SHOE.L,GBP,2016-03-31,2016-03-31,Q1,39958500,33005500,6953000.0,0.17400553073814082,0.0,2914250.0,1442250.0,0.0,0.0,37362000,47500.0,788250.0,3384750.0,0.08470663313187432,2596500.0,0.06497991666353842,0.0,2563000.0,0.06414154685486192,450250.0,2112750.0,0.052873606366605354,0.04225,0.04225,50000000,50000000,https://find-and-update.company-information.service.gov.uk/search/companies?q=Shoe+Zone+PLC,https://find-and-update.company-information.service.gov.uk/search/companies?q=Shoe+Zone+PLC,1620597880,18:04:40,20210509
11,2016-01-31,SHOE.L,GBP,2016-01-31,2016-01-31,Q1,39958500,33005500,6953000.0,0.17400553073814082,0.0,2914250.0,1442250.0,0.0,0.0,37362000,47500.0,788250.0,3384750.0,0.08470663313187432,2596500.0,0.06497991666353842,0.0,2563000.0,0.06414154685486192,450250.0,2112750.0,0.052873606366605354,0.04225,0.04225,50000000,50000000,https://find-and-update.company-information.service.gov.uk/search/companies?q=Shoe+Zone+PLC,https://find-and-update.company-information.service.gov.uk/search/companies?q=Shoe+Zone+PLC,1620597880,18:04:40,20210509
12,2015-09-30,SHOE.L,GBP,2015-09-30,2015-09-30,Q3,41704750,34875750,6829000.0,0.16374633584903397,0.0,2734750.0,1523750.0,0.0,0.0,39134250,46500.0,928250.0,3498750.0,0.0838933215041452,2570500.0,0.061635665002188,0.0,2535000.0,0.06078444301908056,509750.0,2025250.0,0.04856161468417866,0.0405,0.0405,50000000,50000000,https://find-and-update.company-information.service.gov.uk/search/companies?q=Shoe+Zone+PLC,https://find-and-update.company-information.service.gov.uk/search/companies?q=Shoe+Zone+PLC,1620597880,18:04:40,20210509
13,2015-06-30,SHOE.L,GBP,2015-06-30,2015-06-30,Q2,41704750,34875750,6829000.0,0.16374633584903397,0.0,2734750.0,1523750.0,0.0,0.0,39134250,46500.0,928250.0,3498750.0,0.0838933215041452,2570500.0,0.061635665002188,0.0,2535000.0,0.06078444301908056,509750.0,2025250.0,0.04856161468417866,0.0405,0.0405,50000000,50000000,https://find-and-update.company-information.service.gov.uk/search/companies?q=Shoe+Zone+PLC,https://find-and-update.company-information.service.gov.uk/search/companies?q=Shoe+Zone+PLC,1620597880,18:04:40,20210509
14,2015-03-31,SHOE.L,GBP,2015-03-31,2015-03-31,Q1,41704750,34875750,6829000.0,0.16374633584903397,0.0,2734750.0,1523750.0,0.0,0.0,39134250,46500.0,928250.0,3498750.0,0.0838933215041452,2570500.0,0.061635665002188,0.0,2535000.0,0.06078444301908056,509750.0,2025250.0,0.04856161468417866,0.0405,0.0405,50000000,50000000,https://find-and-update.company-information.service.gov.uk/search/companies?q=Shoe+Zone+PLC,https://find-and-update.company-information.service.gov.uk/search/companies?q=Shoe+Zone+PLC,1620597880,18:04:40,20210509
15,2015-01-31,SHOE.L,GBP,2015-01-31,2015-01-31,Q1,41704750,34875750,6829000.0,0.16374633584903397,0.0,2734750.0,1523750.0,0.0,0.0,39134250,46500.0,928250.0,3498750.0,0.0838933215041452,2570500.0,0.061635665002188,0.0,2535000.0,0.06078444301908056,509750.0,2025250.0,0.04856161468417866,0.0405,0.0405,50000000,50000000,https://find-and-update.company-information.service.gov.uk/search/companies?q=Shoe+Zone+PLC,https://find-and-update.company-information.service.gov.uk/search/companies?q=Shoe+Zone+PLC,1620597880,18:04:40,20210509
16,2014-09-30,SHOE.L,GBP,2014-09-30,2014-09-30,Q3,43215250,36075750,7139500.0,0.16520788379102286,0.0,2953250.0,1310000.0,0.0,0.0,40339000,25750.0,1131750.0,4008000.0,0.09274503792064144,2876250.0,0.066556366097616,0.0,2624750.0,0.060736661248054796,614750.0,2010000.0,0.04651135883744743,0.0402,0.0402,50000000,50000000,https://find-and-update.company-information.service.gov.uk/search/companies?q=Shoe+Zone+PLC,https://find-and-update.company-information.service.gov.uk/search/companies?q=Shoe+Zone+PLC,1620597880,18:04:40,20210509
17,2014-06-30,SHOE.L,GBP,2014-06-30,2014-06-30,Q2,43215250,36075750,7139500.0,0.16520788379102286,0.0,2953250.0,1310000.0,0.0,0.0,40339000,25750.0,1131750.0,4008000.0,0.09274503792064144,2876250.0,0.066556366097616,0.0,2624750.0,0.060736661248054796,614750.0,2010000.0,0.04651135883744743,0.0402,0.0402,50000000,50000000,https://find-and-update.company-information.service.gov.uk/search/companies?q=Shoe+Zone+PLC,https://find-and-update.company-information.service.gov.uk/search/companies?q=Shoe+Zone+PLC,1620597880,18:04:40,20210509
18,2014-03-31,SHOE.L,GBP,2014-03-31,2014-03-31,Q1,43215250,36075750,7139500.0,0.16520788379102286,0.0,2953250.0,1310000.0,0.0,0.0,40339000,25750.0,1131750.0,4008000.0,0.09274503792064144,2876250.0,0.066556366097616,0.0,2624750.0,0.060736661248054796,614750.0,2010000.0,0.04651135883744743,0.0402,0.0402,50000000,50000000,https://find-and-update.company-information.service.gov.uk/search/companies?q=Shoe+Zone+PLC,https://find-and-update.company-information.service.gov.uk/search/companies?q=Shoe+Zone+PLC,1620597880,18:04:40,20210509
19,2014-01-31,SHOE.L,GBP,2014-01-31,2014-01-31,Q1,43215250,36075750,7139500.0,0.16520788379102286,0.0,2953250.0,1310000.0,0.0,0.0,40339000,25750.0,1131750.0,4008000.0,0.09274503792064144,2876250.0,0.066556366097616,0.0,2624750.0,0.060736661248054796,614750.0,2010000.0,0.04651135883744743,0.0402,0.0402,50000000,50000000,https://find-and-update.company-information.service.gov.uk/search/companies?q=Shoe+Zone+PLC,https://find-and-update.company-information.service.gov.uk/search/companies?q=Shoe+Zone+PLC,1620597880,18:04:40,20210509
20,2013-09-30,SHOE.L,GBP,2013-09-30,2013-09-30,Q3,48470500,41525250,6945250.0,0.14328818559742523,0.0,4027000.0,1507000.0,0.0,0.0,47059250,71250.0,1624250.0,3035500.0,0.06262572079924902,1411250.0,0.02911564766197997,0.0,1264500.0,0.026088032927244407,400250.0,864250.0,0.01783043294374929,0.017285,0.017285,50000000,50000000,https://find-and-update.company-information.service.gov.uk/search/companies?q=Shoe+Zone+PLC,https://find-and-update.company-information.service.gov.uk/search/companies?q=Shoe+Zone+PLC,1620597880,18:04:40,20210509
21,2013-06-30,SHOE.L,GBP,2013-06-30,2013-06-30,Q2,48470500,41525250,6945250.0,0.14328818559742523,0.0,4027000.0,1507000.0,0.0,0.0,47059250,71250.0,1624250.0,3035500.0,0.06262572079924902,1411250.0,0.02911564766197997,0.0,1264500.0,0.026088032927244407,400250.0,864250.0,0.01783043294374929,0.017285,0.017285,50000000,50000000,https://find-and-update.company-information.service.gov.uk/search/companies?q=Shoe+Zone+PLC,https://find-and-update.company-information.service.gov.uk/search/companies?q=Shoe+Zone+PLC,1620597880,18:04:40,20210509
22,2013-03-31,SHOE.L,GBP,2013-03-31,2013-03-31,Q1,48470500,41525250,6945250.0,0.14328818559742523,0.0,4027000.0,1507000.0,0.0,0.0,47059250,71250.0,1624250.0,3035500.0,0.06262572079924902,1411250.0,0.02911564766197997,0.0,1264500.0,0.026088032927244407,400250.0,864250.0,0.01783043294374929,0.017285,0.017285,50000000,50000000,https://find-and-update.company-information.service.gov.uk/search/companies?q=Shoe+Zone+PLC,https://find-and-update.company-information.service.gov.uk/search/companies?q=Shoe+Zone+PLC,1620597880,18:04:40,20210509
23,2013-01-31,SHOE.L,GBP,2013-01-31,2013-01-31,Q1,48470500,41525250,6945250.0,0.14328818559742523,0.0,4027000.0,1507000.0,0.0,0.0,47059250,71250.0,1624250.0,3035500.0,0.06262572079924902,1411250.0,0.02911564766197997,0.0,1264500.0,0.026088032927244407,400250.0,864250.0,0.01783043294374929,0.017285,0.017285,50000000,50000000,https://find-and-update.company-information.service.gov.uk/search/companies?q=Shoe+Zone+PLC,https://find-and-update.company-information.service.gov.uk/search/companies?q=Shoe+Zone+PLC,1620597880,18:04:40,20210509
24,2012-09-30,SHOE.L,GBP,2012-09-30,2012-09-30,Q3,55278500,49406500,5872000.0,0.10622574780430004,0.0,3098000.0,1632500.0,0.0,0.0,54137000,184250.0,2188750.0,3330250.0,0.06024494152337708,1141500.0,0.020649981457528697,0.0,881250.0,0.015942002767803033,123000.0,758250.0,0.013716906211275632,0.015165,0.015165,50000000,50000000,https://find-and-update.company-information.service.gov.uk/search/companies?q=Shoe+Zone+PLC,https://find-and-update.company-information.service.gov.uk/search/companies?q=Shoe+Zone+PLC,1620597880,18:04:40,20210509
25,2012-06-30,SHOE.L,GBP,2012-06-30,2012-06-30,Q2,55278500,49406500,5872000.0,0.10622574780430004,0.0,3098000.0,1632500.0,0.0,0.0,54137000,184250.0,2188750.0,3330250.0,0.06024494152337708,1141500.0,0.020649981457528697,0.0,881250.0,0.015942002767803033,123000.0,758250.0,0.013716906211275632,0.015165,0.015165,50000000,50000000,https://find-and-update.company-information.service.gov.uk/search/companies?q=Shoe+Zone+PLC,https://find-and-update.company-information.service.gov.uk/search/companies?q=Shoe+Zone+PLC,1620597880,18:04:40,20210509
26,2012-03-31,SHOE.L,GBP,2012-03-31,2012-03-31,Q1,55278500,49406500,5872000.0,0.10622574780430004,0.0,3098000.0,1632500.0,0.0,0.0,54137000,184250.0,2188750.0,3330250.0,0.06024494152337708,1141500.0,0.020649981457528697,0.0,881250.0,0.015942002767803033,123000.0,758250.0,0.013716906211275632,0.015165,0.015165,50000000,50000000,https://find-and-update.company-information.service.gov.uk/search/companies?q=Shoe+Zone+PLC,https://find-and-update.company-information.service.gov.uk/search/companies?q=Shoe+Zone+PLC,1620597880,18:04:40,20210509
27,2012-01-31,SHOE.L,GBP,2012-01-31,2012-01-31,Q1,55278500,49406500,5872000.0,0.10622574780430004,0.0,3098000.0,1632500.0,0.0,0.0,54137000,184250.0,2188750.0,3330250.0,0.06024494152337708,1141500.0,0.020649981457528697,0.0,881250.0,0.015942002767803033,123000.0,758250.0,0.013716906211275632,0.015165,0.015165,50000000,50000000,https://find-and-update.company-information.service.gov.uk/search/companies?q=Shoe+Zone+PLC,https://find-and-update.company-information.service.gov.uk/search/companies?q=Shoe+Zone+PLC,1620597880,18:04:40,20210509
28,2010-09-30,SHOE.L,GBP,2010-09-30,2010-09-30,Q3,59767750,52290250,7477500.0,0.12510927716034148,0.0,3291750.0,1845000.0,0.0,0.0,57427000,83250.0,1513250.0,3854000.0,0.06448293603155549,2340750.0,0.03916409769482706,0.0,2256250.0,0.037750291754332393,715750.0,1540500.0,0.02577476983824889,0.03081,0.03081,50000000,50000000,https://find-and-update.company-information.service.gov.uk/search/companies?q=Shoe+Zone+PLC,https://find-and-update.company-information.service.gov.uk/search/companies?q=Shoe+Zone+PLC,1620597880,18:04:40,20210509
29,2010-06-30,SHOE.L,GBP,2010-06-30,2010-06-30,Q2,59767750,52290250,7477500.0,0.12510927716034148,0.0,3291750.0,1845000.0,0.0,0.0,57427000,83250.0,1513250.0,3854000.0,0.06448293603155549,2340750.0,0.03916409769482706,0.0,2256250.0,0.037750291754332393,715750.0,1540500.0,0.02577476983824889,0.03081,0.03081,50000000,50000000,https://find-and-update.company-information.service.gov.uk/search/companies?q=Shoe+Zone+PLC,https://find-and-update.company-information.service.gov.uk/search/companies?q=Shoe+Zone+PLC,1620597880,18:04:40,20210509
30,2010-03-31,SHOE.L,GBP,2010-03-31,2010-03-31,Q1,59767750,52290250,7477500.0,0.12510927716034148,0.0,3291750.0,1845000.0,0.0,0.0,57427000,83250.0,1513250.0,3854000.0,0.06448293603155549,2340750.0,0.03916409769482706,0.0,2256250.0,0.037750291754332393,715750.0,1540500.0,0.02577476983824889,0.03081,0.03081,50000000,50000000,https://find-and-update.company-information.service.gov.uk/search/companies?q=Shoe+Zone+PLC,https://find-and-update.company-information.service.gov.uk/search/companies?q=Shoe+Zone+PLC,1620597880,18:04:40,20210509
31,2010-01-31,SHOE.L,GBP,2010-01-31,2010-01-31,Q1,59767750,52290250,7477500.0,0.12510927716034148,0.0,3291750.0,1845000.0,0.0,0.0,57427000,83250.0,1513250.0,3854000.0,0.06448293603155549,2340750.0,0.03916409769482706,0.0,2256250.0,0.037750291754332393,715750.0,1540500.0,0.02577476983824889,0.03081,0.03081,50000000,50000000,https://find-and-update.company-information.service.gov.uk/search/companies?q=Shoe+Zone+PLC,https://find-and-update.company-information.service.gov.uk/search/companies?q=Shoe+Zone+PLC,1620597880,18:04:40,20210509
