,date,symbol,reportedCurrency,fillingDate,acceptedDate,period,revenue,costOfRevenue,grossProfit,grossProfitRatio,researchAndDevelopmentExpenses,generalAndAdministrativeExpenses,sellingAndMarketingExpenses,otherExpenses,operatingExpenses,costAndExpenses,interestExpense,depreciationAndAmortization,ebitda,ebitdaratio,operatingIncome,operatingIncomeRatio,totalOtherIncomeExpensesNet,incomeBeforeTax,incomeBeforeTaxRatio,incomeTaxExpense,netIncome,netIncomeRatio,eps,epsdiluted,weightedAverageShsOut,weightedAverageShsOutDil,link,finalLink,timestamp,est_time,est_date
0,2020-12-31,SENX.L,USD,2020-12-31,2020-12-31,Q4,5866000.0,6967000.0,-1101000.0,-0.18769178315717694,0.0,0.0,0.0,0.0,5002000.0,11969000.0,636000.0,3785000.0,-2318000.0,-0.3951585407432663,-6103000.0,-1.040402318445278,0.0,6968000.0,1.1878622570746675,2521000.0,4447000.0,0.7580975110808046,0.018615963596937388,0.018615963596937388,238881000,238881000,https://find-and-update.company-information.service.gov.uk/search/companies?q=Serinus+Energy+PLC,https://find-and-update.company-information.service.gov.uk/search/companies?q=Serinus+Energy+PLC,1620597757,18:02:37,20210509
1,2020-09-30,SENX.L,USD,2020-09-30,2020-09-30,Q3,4881000.0,5443000.0,-562000.0,-0.11514034009424298,0.0,0.0,0.0,0.0,-1578000.0,3865000.0,708000.0,3051000.0,4067000.0,0.8332308953083385,1016000.0,0.2081540667895923,0.0,-2484000.0,-0.5089121081745543,-1207000.0,-1277000.0,-0.26162671583691866,-0.0053457579296804685,-0.0053457579296804685,238881000,238881000,https://find-and-update.company-information.service.gov.uk/search/companies?q=Serinus+Energy+PLC,https://find-and-update.company-information.service.gov.uk/search/companies?q=Serinus+Energy+PLC,1620597757,18:02:37,20210509
2,2020-06-30,SENX.L,USD,2020-06-30,2020-06-30,Q2,5367000.0,6878000.0,-1511000.0,-0.28153530836594,0.0,845000.0,0.0,0.0,-849000.0,6029000.0,818000.0,4419000.0,3757000.0,0.7000186323830818,-662000.0,-0.12334637600149059,0.0,-11353000.0,-2.1153344512763184,-649000.0,-10704000.0,-1.9944102850754613,-0.04480892159694576,-0.04480892159694576,238881000,238881000,https://find-and-update.company-information.service.gov.uk/search/companies?q=Serinus+Energy+PLC,https://find-and-update.company-information.service.gov.uk/search/companies?q=Serinus+Energy+PLC,1620597757,18:02:37,20210509
3,2020-03-31,SENX.L,USD,2020-03-31,2020-03-31,Q1,7916000.0,7577000.0,339000.0,0.04282465891864578,0.0,839000.0,0.0,0.0,882000.0,8459000.0,816000.0,4040000.0,3497000.0,0.4417635169277413,-543000.0,-0.06859525012632643,0.0,-1593000.0,-0.20123799898938857,170000.0,-1763000.0,-0.2227134916624558,-0.01,-0.01,238881000,238881000,https://find-and-update.company-information.service.gov.uk/search/companies?q=Serinus+Energy+PLC,https://find-and-update.company-information.service.gov.uk/search/companies?q=Serinus+Energy+PLC,1620597757,18:02:37,20210509
4,2019-12-31,SENX.L,USD,2019-12-31,2019-12-31,Q4,8896000.0,8354000.0,542000.0,0.06092625899280576,0.0,1214000.0,0.0,0.0,-6818000.0,1536000.0,699000.0,3411000.0,10771000.0,1.2107688848920863,7360000.0,0.8273381294964028,0.0,5154000.0,0.5793615107913669,1485000.0,3669000.0,0.41243255395683454,0.015359111859042787,0.015359111859042787,238881000,238881000,https://find-and-update.company-information.service.gov.uk/search/companies?q=Serinus+Energy+PLC,https://find-and-update.company-information.service.gov.uk/search/companies?q=Serinus+Energy+PLC,1620597757,18:02:37,20210509
5,2019-09-30,SENX.L,USD,2019-09-30,2019-09-30,Q3,9584000.0,9022000.0,562000.0,0.05863939899833055,0.0,944000.0,0.0,0.0,2113000.0,11135000.0,545000.0,4671000.0,3120000.0,0.32554257095158595,-1551000.0,-0.1618322203672788,0.0,-1856000.0,-0.19365609348914858,-453000.0,-1403000.0,-0.146389816360601,-0.005873217208568283,-0.005873217208568283,238881000,238881000,https://find-and-update.company-information.service.gov.uk/search/companies?q=Serinus+Energy+PLC,https://find-and-update.company-information.service.gov.uk/search/companies?q=Serinus+Energy+PLC,1620597757,18:02:37,20210509
6,2019-06-30,SENX.L,USD,2019-06-30,2019-06-30,Q2,4182000.0,3733000.0,449000.0,0.10736489717838354,0.0,970000.0,0.0,0.0,1251000.0,4984000.0,1333000.0,1833000.0,1031000.0,0.2465327594452415,-802000.0,-0.1917742706838833,0.0,-1602000.0,-0.3830703012912482,273000.0,-1875000.0,-0.4483500717360115,-0.007849096412021047,-0.007849096412021047,238881000,238881000,https://find-and-update.company-information.service.gov.uk/search/companies?q=Serinus+Energy+PLC,https://find-and-update.company-information.service.gov.uk/search/companies?q=Serinus+Energy+PLC,1620597757,18:02:37,20210509
7,2019-03-31,SENX.L,USD,2019-03-31,2019-03-31,Q1,1703000.0,1368000.0,335000.0,0.1967116852613036,0.0,673000.0,0.0,0.0,892000.0,2260000.0,887000.0,562000.0,5000.0,0.002935995302407516,-557000.0,-0.3270698766881973,0.0,-1984000.0,-1.1650029359953025,347000.0,-2331000.0,-1.368761009982384,-0.01,-0.01,220193000,220193000,https://find-and-update.company-information.service.gov.uk/search/companies?q=Serinus+Energy+PLC,https://find-and-update.company-information.service.gov.uk/search/companies?q=Serinus+Energy+PLC,1620597757,18:02:37,20210509
8,2018-12-31,SENX.L,USD,2018-12-31,2018-12-31,Q4,1856000.0,1723000.0,133000.0,0.07165948275862069,0.0,1197000.0,0.0,0.0,1327000.0,3050000.0,-98000.0,494000.0,-700000.0,-0.3771551724137931,-1194000.0,-0.6433189655172413,0.0,-2736000.0,-1.4741379310344827,-33000.0,-2703000.0,-1.4563577586206897,-0.011315257387569543,-0.011315257387569543,238881000,238881000,https://find-and-update.company-information.service.gov.uk/search/companies?q=Serinus+Energy+PLC,https://find-and-update.company-information.service.gov.uk/search/companies?q=Serinus+Energy+PLC,1620597757,18:02:37,20210509
9,2018-09-30,SENX.L,USD,2018-09-30,2018-09-30,Q3,2167000.0,1328000.0,839000.0,0.3871712044300877,0.0,816000.0,0.0,0.0,944000.0,2272000.0,1204000.0,419000.0,314000.0,0.14490078449469312,-105000.0,-0.048454083987078914,0.0,-73000.0,-0.03368712505768343,497000.0,-570000.0,-0.26303645592985697,-0.003,-0.003,217319000,217319000,https://find-and-update.company-information.service.gov.uk/search/companies?q=Serinus+Energy+PLC,https://find-and-update.company-information.service.gov.uk/search/companies?q=Serinus+Energy+PLC,1620597757,18:02:37,20210509
10,2018-06-30,SENX.L,USD,2018-06-30,2018-06-30,Q2,2482000.0,1254000.0,1228000.0,0.49476228847703463,0.0,711000.0,0.0,0.0,828000.0,2082000.0,1059000.0,433000.0,833000.0,0.3356164383561644,400000.0,0.16116035455278002,0.0,-1793000.0,-0.7224012892828364,826000.0,-2619000.0,-1.0551974214343272,-0.01,-0.01432,182887000,182887000,https://find-and-update.company-information.service.gov.uk/search/companies?q=Serinus+Energy+PLC,https://find-and-update.company-information.service.gov.uk/search/companies?q=Serinus+Energy+PLC,1620597757,18:02:37,20210509
11,2018-03-31,SENX.L,USD,2018-03-31,2018-03-31,Q1,2211000.0,1407000.0,804000.0,0.36363636363636365,0.0,698000.0,0.0,0.0,827000.0,2234000.0,1036000.0,455000.0,432000.0,0.19538670284938942,-23000.0,-0.010402532790592492,0.0,1455000.0,0.6580732700135685,453000.0,1002000.0,0.4531886024423338,0.01,0.006651,150652000,150659000,https://find-and-update.company-information.service.gov.uk/search/companies?q=Serinus+Energy+PLC,https://find-and-update.company-information.service.gov.uk/search/companies?q=Serinus+Energy+PLC,1620597757,18:02:37,20210509
12,2017-12-31,SENX.L,USD,2017-12-31,2017-12-31,Q4,566000.0,1126000.0,-560000.0,-0.9893992932862191,0.0,915000.0,0.0,0.0,2989000.0,4115000.0,205000.0,487000.0,-3062000.0,-5.409893992932862,-3549000.0,-6.270318021201414,0.0,-8609000.0,-15.210247349823321,1072000.0,-9681000.0,-17.104240282685513,-0.040526454594547075,-0.040526454594547075,238881000,238881000,https://find-and-update.company-information.service.gov.uk/search/companies?q=Serinus+Energy+PLC,https://find-and-update.company-information.service.gov.uk/search/companies?q=Serinus+Energy+PLC,1620597757,18:02:37,20210509
13,2017-09-30,SENX.L,USD,2017-09-30,2017-09-30,Q3,140000.0,531000.0,-391000.0,-2.7928571428571427,0.0,570000.0,0.0,0.0,810000.0,1341000.0,980000.0,149000.0,-1052000.0,-7.514285714285714,-1201000.0,-8.57857142857143,0.0,-7134000.0,-50.957142857142856,-91000.0,-7043000.0,-50.30714285714286,-0.05,-0.05,150652138,150652138,https://find-and-update.company-information.service.gov.uk/search/companies?q=Serinus+Energy+PLC,https://find-and-update.company-information.service.gov.uk/search/companies?q=Serinus+Energy+PLC,1620597757,18:02:37,20210509
14,2017-06-30,SENX.L,USD,2017-06-30,2017-06-30,Q2,3857000.0,4229000.0,-372000.0,-0.09644801659320716,0.0,746000.0,0.0,0.0,916000.0,5145000.0,862000.0,417000.0,-871000.0,-0.2258231786362458,-1288000.0,-0.3339382940108893,0.0,140000.0,0.036297640653357534,109000.0,31000.0,0.008037334716100596,0.0002,0.0002,150650674,150650674,https://find-and-update.company-information.service.gov.uk/search/companies?q=Serinus+Energy+PLC,https://find-and-update.company-information.service.gov.uk/search/companies?q=Serinus+Energy+PLC,1620597757,18:02:37,20210509
15,2017-03-31,SENX.L,USD,2017-03-31,2017-03-31,Q1,1708000.0,1612000.0,96000.0,0.05620608899297424,0.0,774000.0,0.0,0.0,820000.0,2432000.0,891000.0,813000.0,89000.0,0.052107728337236536,-724000.0,-0.4238875878220141,0.0,-1696000.0,-0.9929742388758782,403000.0,-2099000.0,-1.2289227166276346,-0.02,-0.02,106629941,106629941,https://find-and-update.company-information.service.gov.uk/search/companies?q=Serinus+Energy+PLC,https://find-and-update.company-information.service.gov.uk/search/companies?q=Serinus+Energy+PLC,1620597757,18:02:37,20210509
16,2016-12-31,SENX.L,USD,2016-12-31,2016-12-31,Q4,6823000.0,7096000.0,-273000.0,-0.04001172504763301,0.0,1361000.0,0.0,0.0,1410000.0,8506000.0,905000.0,1385000.0,-298000.0,-0.043675802432947386,-1683000.0,-0.2466656895793639,0.0,-19585000.0,-2.8704382236552837,-5166000.0,-14419000.0,-2.1132932727539204,-0.06036059795463013,-0.06036059795463013,238881000,238881000,https://find-and-update.company-information.service.gov.uk/search/companies?q=Serinus+Energy+PLC,https://find-and-update.company-information.service.gov.uk/search/companies?q=Serinus+Energy+PLC,1620597757,18:02:37,20210509
17,2016-09-30,SENX.L,USD,2016-09-30,2016-09-30,Q3,1208000.0,1304000.0,-96000.0,-0.07947019867549669,0.0,3915000.0,0.0,0.0,3936000.0,5240000.0,950000.0,1185000.0,-2847000.0,-2.3567880794701987,-4032000.0,-3.337748344370861,0.0,-5020000.0,-4.155629139072848,-49000.0,-4971000.0,-4.115066225165563,-0.06,-0.06,78629941,78629941,https://find-and-update.company-information.service.gov.uk/search/companies?q=Serinus+Energy+PLC,https://find-and-update.company-information.service.gov.uk/search/companies?q=Serinus+Energy+PLC,1620597757,18:02:37,20210509
18,2016-06-30,SENX.L,USD,2016-06-30,2016-06-30,Q2,2943000.0,3064000.0,-121000.0,-0.04111450900441726,0.0,1844000.0,0.0,0.0,1851000.0,4915000.0,907000.0,1386000.0,-586000.0,-0.19911654774040094,-1972000.0,-0.6700645599728169,0.0,-3138000.0,-1.0662589194699286,856000.0,-3994000.0,-1.3571185864763846,-0.05,-0.05,78629941,78629941,https://find-and-update.company-information.service.gov.uk/search/companies?q=Serinus+Energy+PLC,https://find-and-update.company-information.service.gov.uk/search/companies?q=Serinus+Energy+PLC,1620597757,18:02:37,20210509
19,2016-03-31,SENX.L,USD,2016-03-31,2016-03-31,Q1,3779000.0,3930000.0,-151000.0,-0.03995766075681397,0.0,1200000.0,0.0,0.0,1208000.0,5138000.0,1505000.0,1901000.0,542000.0,0.14342418629267,-1359000.0,-0.3596189468113257,0.0,-3134000.0,-0.8293199259063244,1003000.0,-35515000.0,-9.397988885948664,-0.45,-0.45,78629941,78629941,https://find-and-update.company-information.service.gov.uk/search/companies?q=Serinus+Energy+PLC,https://find-and-update.company-information.service.gov.uk/search/companies?q=Serinus+Energy+PLC,1620597757,18:02:37,20210509
20,2015-12-31,SENX.L,USD,2015-12-31,2015-12-31,Q4,-41972000.0,-28416000.0,-13556000.0,0.3229772229105118,0.0,2165000.0,0.0,0.0,-2894000.0,-31310000.0,2350000.0,-5403000.0,-16065000.0,0.3827551701134089,-10662000.0,0.2540264938530449,0.0,-20592000.0,0.4906127894787001,-1520000.0,-14604000.0,0.34794624988087297,-0.06113504213394954,-0.06113504213394954,238881000,238881000,https://find-and-update.company-information.service.gov.uk/search/companies?q=Serinus+Energy+PLC,https://find-and-update.company-information.service.gov.uk/search/companies?q=Serinus+Energy+PLC,1620597757,18:02:37,20210509
21,2015-09-30,SENX.L,USD,2015-09-30,2015-09-30,Q3,20449000.0,12163000.0,8286000.0,0.40520318841997166,0.0,1824000.0,0.0,0.0,6420000.0,18583000.0,1248000.0,4576000.0,6442000.0,0.3150276297129444,1866000.0,0.09125140593672063,0.0,-44569000.0,-2.1795197809183824,-15065000.0,-30281000.0,-1.480805907379334,-0.39,-0.39,78629941,78629941,https://find-and-update.company-information.service.gov.uk/search/companies?q=Serinus+Energy+PLC,https://find-and-update.company-information.service.gov.uk/search/companies?q=Serinus+Energy+PLC,1620597757,18:02:37,20210509
22,2015-06-30,SENX.L,USD,2015-06-30,2015-06-30,Q2,22343000.0,15543000.0,6800000.0,0.3043458801414313,0.0,1543000.0,0.0,0.0,6040000.0,21583000.0,2160000.0,4408000.0,5168000.0,0.2313028689074878,760000.0,0.03401512778051291,0.0,1369000.0,0.06127198675200286,820000.0,49000.0,0.0021930806069014905,0.0006231722849696657,0.0006231722849696657,78629941,78629941,https://find-and-update.company-information.service.gov.uk/search/companies?q=Serinus+Energy+PLC,https://find-and-update.company-information.service.gov.uk/search/companies?q=Serinus+Energy+PLC,1620597757,18:02:37,20210509
23,2015-03-31,SENX.L,USD,2015-03-31,2015-03-31,Q1,25155000.0,16665000.0,8490000.0,0.3375074537865236,0.0,1395000.0,0.0,0.0,6898000.0,23563000.0,0.0,4820000.0,6412000.0,0.2548996223414828,1592000.0,0.06328761677598888,0.0,-2128000.0,-0.0845955078513218,1995000.0,-4268000.0,-0.16966805804015106,-0.05,-0.05,78629941,78629941,https://find-and-update.company-information.service.gov.uk/search/companies?q=Serinus+Energy+PLC,https://find-and-update.company-information.service.gov.uk/search/companies?q=Serinus+Energy+PLC,1620597757,18:02:37,20210509
24,2014-12-31,SENX.L,USD,2014-12-31,2014-12-31,Q4,40422000.0,23931000.0,16491000.0,0.40797090693186877,0.0,2677000.0,0.0,0.0,8719000.0,32650000.0,0.0,5455000.0,13227000.0,0.32722279946563754,7772000.0,0.192271535302558,0.0,-50258000.0,-1.2433328385532632,-8279000.0,-41295000.0,-1.0215971500667953,-0.17286849937835155,-0.17286849937835155,238881000,238881000,https://find-and-update.company-information.service.gov.uk/search/companies?q=Serinus+Energy+PLC,https://find-and-update.company-information.service.gov.uk/search/companies?q=Serinus+Energy+PLC,1620597757,18:02:37,20210509
25,2014-09-30,SENX.L,USD,2014-09-30,2014-09-30,Q3,46407000.0,22635000.0,23772000.0,0.5122503070657444,0.0,3403000.0,0.0,0.0,12170000.0,34805000.0,0.0,8141000.0,19743000.0,0.42543150817764563,11602000.0,0.25000538711832265,0.0,10530000.0,0.22690542375072725,3979000.0,3793000.0,0.08173335919150128,0.05,0.048238,78629941,78631502,https://find-and-update.company-information.service.gov.uk/search/companies?q=Serinus+Energy+PLC,https://find-and-update.company-information.service.gov.uk/search/companies?q=Serinus+Energy+PLC,1620597757,18:02:37,20210509
26,2014-06-30,SENX.L,USD,2014-06-30,2014-06-30,Q2,41635000.0,15256000.0,26379000.0,0.633577518914375,0.0,2421000.0,0.0,0.0,11479000.0,26735000.0,0.0,7854000.0,22754000.0,0.546511348624955,14900000.0,0.3578719827068572,0.0,12584000.0,0.3022457067371202,3851000.0,5344000.0,0.12835354869700974,0.07,0.067964,78629941,78629941,https://find-and-update.company-information.service.gov.uk/search/companies?q=Serinus+Energy+PLC,https://find-and-update.company-information.service.gov.uk/search/companies?q=Serinus+Energy+PLC,1620597757,18:02:37,20210509
27,2014-03-31,SENX.L,USD,2014-03-31,2014-03-31,Q1,35863000.0,13991000.0,21872000.0,0.6098764743607618,0.0,1985000.0,0.0,0.0,12295000.0,26286000.0,0.0,8297000.0,17874000.0,0.49839667624013606,9577000.0,0.26704402866464044,0.0,4528000.0,0.12625826060284973,1794000.0,1657000.0,0.04620360817555698,0.02,0.02,78620897,78620897,https://find-and-update.company-information.service.gov.uk/search/companies?q=Serinus+Energy+PLC,https://find-and-update.company-information.service.gov.uk/search/companies?q=Serinus+Energy+PLC,1620597757,18:02:37,20210509
28,2013-12-31,SENX.L,USD,2013-12-31,2013-12-31,Q4,43700000.0,17359000.0,26341000.0,0.6027688787185355,0.0,2425000.0,0.0,0.0,14548000.0,31907000.0,0.0,8944000.0,20737000.0,0.4745308924485126,11793000.0,0.26986270022883296,0.0,-72269000.0,-1.6537528604118994,4634000.0,-79740000.0,-1.8247139588100687,-0.33380637221043113,-0.33380637221043113,238881000,238881000,https://find-and-update.company-information.service.gov.uk/search/companies?q=Serinus+Energy+PLC,https://find-and-update.company-information.service.gov.uk/search/companies?q=Serinus+Energy+PLC,1620597757,18:02:37,20210509
29,2013-09-30,SENX.L,USD,2013-09-30,2013-09-30,Q3,45394000.0,12280000.0,33114000.0,0.7294796669163326,0.0,4265000.0,0.0,0.0,14294000.0,26574000.0,0.0,8687000.0,27507000.0,0.6059611402387981,18820000.0,0.41459223685949687,0.0,17012000.0,0.3747631845618364,5050000.0,8147000.0,0.17947305811340705,0.1,0.1,78611441,78611441,https://find-and-update.company-information.service.gov.uk/search/companies?q=Serinus+Energy+PLC,https://find-and-update.company-information.service.gov.uk/search/companies?q=Serinus+Energy+PLC,1620597757,18:02:37,20210509
30,2013-06-30,SENX.L,USD,2013-06-30,2013-06-30,Q2,28929000.0,13317000.0,15612000.0,0.5396660790210516,0.0,2138000.0,0.0,0.0,9368000.0,22685000.0,1002000.0,5064000.0,11308000.0,0.3908880362266238,6244000.0,0.21583877769712054,0.0,5421000.0,0.18738981644716374,2240000.0,829000.0,0.028656365584707386,0.06,0.06,50182427,50182427,https://find-and-update.company-information.service.gov.uk/search/companies?q=Serinus+Energy+PLC,https://find-and-update.company-information.service.gov.uk/search/companies?q=Serinus+Energy+PLC,1620597757,18:02:37,20210509
31,2013-03-31,SENX.L,USD,2013-03-31,2013-03-31,Q1,28709000.0,7547000.0,21162000.0,0.7371207635236336,0.0,3239000.0,0.0,0.0,13972000.0,21519000.0,1382000.0,5087000.0,12277000.0,0.42763593298268837,7190000.0,0.2504441116026333,0.0,5692000.0,0.1982653523285381,1458000.0,2082000.0,0.07252081228882928,0.004321683305361885,0.004043288746591364,481756726,514927360,https://find-and-update.company-information.service.gov.uk/search/companies?q=Serinus+Energy+PLC,https://find-and-update.company-information.service.gov.uk/search/companies?q=Serinus+Energy+PLC,1620597757,18:02:37,20210509
32,2012-12-31,SENX.L,USD,2012-12-31,2012-12-31,Q4,41439000.0,22438000.0,19001000.0,0.458529404667101,0.0,-3323000.0,0.0,0.0,8606000.0,31044000.0,0.0,5768000.0,16163000.0,0.3900431960230701,10395000.0,0.25085064794034606,0.0,4865000.0,0.11740148169598687,3800000.0,-917000.0,-0.02212891237722918,-0.0038387314185724273,-0.0038387314185724273,238881000,238881000,https://find-and-update.company-information.service.gov.uk/search/companies?q=Serinus+Energy+PLC,https://find-and-update.company-information.service.gov.uk/search/companies?q=Serinus+Energy+PLC,1620597757,18:02:37,20210509
33,2012-09-30,SENX.L,USD,2012-09-30,2012-09-30,Q3,20686000.0,3297000.0,17389000.0,0.8406168423088078,0.0,5408000.0,0.0,0.0,14371000.0,17668000.0,755000.0,8963000.0,11981000.0,0.5791839891714203,3018000.0,0.14589577492023592,0.0,-80945000.0,-3.9130329691578845,2403000.0,-85089000.0,-4.113361693899256,-0.18,-0.18,453480006,453480006,https://find-and-update.company-information.service.gov.uk/search/companies?q=Serinus+Energy+PLC,https://find-and-update.company-information.service.gov.uk/search/companies?q=Serinus+Energy+PLC,1620597757,18:02:37,20210509
34,2012-06-30,SENX.L,USD,2012-06-30,2012-06-30,Q2,24713000.0,8681000.0,16032000.0,0.6487273904422773,0.0,1998000.0,0.0,0.0,9521000.0,18202000.0,2027000.0,5790000.0,12301000.0,0.49775421842754825,6511000.0,0.26346457330150125,0.0,3809000.0,0.15412940557601262,2534000.0,1275000.0,0.05159227936713471,0.0030266509290630245,0.002585579088579356,421257697,493119706,https://find-and-update.company-information.service.gov.uk/search/companies?q=Serinus+Energy+PLC,https://find-and-update.company-information.service.gov.uk/search/companies?q=Serinus+Energy+PLC,1620597757,18:02:37,20210509
35,2012-03-31,SENX.L,USD,2012-03-31,2012-03-31,Q1,21820000.0,4281000.0,17539000.0,0.8038038496791934,0.0,3131000.0,0.0,0.0,11063000.0,15344000.0,1693000.0,5317000.0,11793000.0,0.540467461044913,6476000.0,0.2967919340054995,0.0,4944000.0,0.22658111824014665,2918000.0,117000.0,0.005362053162236481,0.00027802248508986796,0.00027802248508986796,420829272,420829272,https://find-and-update.company-information.service.gov.uk/search/companies?q=Serinus+Energy+PLC,https://find-and-update.company-information.service.gov.uk/search/companies?q=Serinus+Energy+PLC,1620597757,18:02:37,20210509
36,2011-12-31,SENX.L,USD,2011-12-31,2011-12-31,Q4,14299000.0,-3153000.0,17452000.0,1.2205049304147144,0.0,8787000.0,0.0,47000.0,13648000.0,10495000.0,1698000.0,3908000.0,7712000.0,0.5393384152737953,3804000.0,0.26603258969158683,0.0,-7650000.0,-0.535002447723617,1632000.0,-9282000.0,-0.6491363032379887,-0.038856166878069,-0.038856166878069,238881000,238881000,https://find-and-update.company-information.service.gov.uk/search/companies?q=Serinus+Energy+PLC,https://find-and-update.company-information.service.gov.uk/search/companies?q=Serinus+Energy+PLC,1620597757,18:02:37,20210509
37,2011-09-30,SENX.L,USD,2011-09-30,2011-09-30,Q3,10871000.0,5191000.0,5680000.0,0.5224910311838837,0.0,3450000.0,0.0,-280000.0,5586000.0,10777000.0,624000.0,898000.0,992000.0,0.09125195474197406,94000.0,0.008646858614662864,0.0,-1106000.0,-0.10173857050869285,1331000.0,-2437000.0,-0.2241744089780149,-0.01,-0.01,412358238,412358238,https://find-and-update.company-information.service.gov.uk/search/companies?q=Serinus+Energy+PLC,https://find-and-update.company-information.service.gov.uk/search/companies?q=Serinus+Energy+PLC,1620597757,18:02:37,20210509
38,2011-06-30,SENX.L,USD,2011-06-30,2011-06-30,Q2,4177000.0,1654000.0,2523000.0,0.6040220253770648,0.0,2553000.0,0.0,-93000.0,4792000.0,6446000.0,879000.0,1376000.0,-893000.0,-0.21378980129279387,-2269000.0,-0.543212832176203,0.0,-3328000.0,-0.796744074694757,-20000.0,-3308000.0,-0.7919559492458702,-0.01,-0.01,383100000,383100000,https://find-and-update.company-information.service.gov.uk/search/companies?q=Serinus+Energy+PLC,https://find-and-update.company-information.service.gov.uk/search/companies?q=Serinus+Energy+PLC,1620597757,18:02:37,20210509
39,2011-03-31,SENX.L,USD,2011-03-31,2011-03-31,Q1,3849000.0,1167000.0,2682000.0,0.6968043647700701,0.0,1459000.0,0.0,-42000.0,3538000.0,4705000.0,660000.0,1414000.0,558000.0,0.1449727201870616,-856000.0,-0.22239542738373602,0.0,-1610000.0,-0.41829046505585865,279000.0,-1889000.0,-0.4907768251493895,-0.00469769506609269,-0.00469769506609269,402112094,402112094,https://find-and-update.company-information.service.gov.uk/search/companies?q=Serinus+Energy+PLC,https://find-and-update.company-information.service.gov.uk/search/companies?q=Serinus+Energy+PLC,1620597757,18:02:37,20210509
40,2010-12-31,SENX.L,USD,2010-12-31,2010-12-31,Q4,3641341.0,0.0,0.0,0.0,0.0,6370177.0,0.0,0.0,7409517.0,6637482.0,829152.0,451835.0,-2544306.0,-0.6987277489254645,-2996141.0,-0.822812529779551,0.0,-3258755.0,-0.8949326635434584,-479987.0,-2778768.0,-0.7631166649868826,-0.011632436233940748,-0.011632436233940748,238881000,238881000,https://find-and-update.company-information.service.gov.uk/search/companies?q=Serinus+Energy+PLC,https://find-and-update.company-information.service.gov.uk/search/companies?q=Serinus+Energy+PLC,1620597757,18:02:37,20210509
41,2010-09-30,SENX.L,USD,2010-09-30,2010-09-30,Q3,2827824.0,583653.0,2244171.0,0.7936034915892927,0.0,3004770.0,0.0,315339.0,5431536.0,6015189.0,565291.0,1569680.0,-1617685.0,-0.5720600009052897,-3187365.0,-1.127144051397824,0.0,-3448225.0,-1.2193916594526393,278473.0,-3726698.0,-1.317867731513701,-0.01,-0.01,400002984,400002984,https://find-and-update.company-information.service.gov.uk/search/companies?q=Serinus+Energy+PLC,https://find-and-update.company-information.service.gov.uk/search/companies?q=Serinus+Energy+PLC,1620597757,18:02:37,20210509
42,2010-06-30,SENX.L,USD,2010-06-30,2010-06-30,Q2,999862.0,0.0,0.0,0.0,0.0,2621429.0,0.0,0.0,5582300.0,5582300.0,1561470.0,685975.0,-3896463.0,-3.897000786108483,-4582438.0,-4.583070463723994,0.0,-7478589.0,-7.479621187723906,137878.0,-7616467.0,-7.617518217514017,-0.03,-0.03,276207854,276207854,https://find-and-update.company-information.service.gov.uk/search/companies?q=Serinus+Energy+PLC,https://find-and-update.company-information.service.gov.uk/search/companies?q=Serinus+Energy+PLC,1620597757,18:02:37,20210509
43,2010-03-31,SENX.L,USD,2010-03-31,2010-03-31,Q1,0.0,0.0,0.0,0.0,0.0,1506528.0,0.0,0.0,2803011.0,2803011.0,0.0,34140.0,-2768871.0,0.0,-2803011.0,0.0,0.0,-4328196.0,0.0,0.0,-4135090.0,0.0,-0.02,-0.02,200491549,200491549,https://find-and-update.company-information.service.gov.uk/search/companies?q=Serinus+Energy+PLC,https://find-and-update.company-information.service.gov.uk/search/companies?q=Serinus+Energy+PLC,1620597757,18:02:37,20210509
44,2009-12-31,SENX.L,USD,2009-12-31,2009-12-31,Q4,37935.0,0.0,0.0,0.0,0.0,554897.0,0.0,0.0,9339352.0,9339352.0,0.0,42771.0,-9258646.0,-244.06606036641625,-9301417.0,-245.1935415842889,0.0,0.0,0.0,0.0,-8569421.0,-225.8974825359167,-0.0358731795329055,-0.0358731795329055,238881000,238881000,https://find-and-update.company-information.service.gov.uk/search/companies?q=Serinus+Energy+PLC,https://find-and-update.company-information.service.gov.uk/search/companies?q=Serinus+Energy+PLC,1620597757,18:02:37,20210509
45,2009-09-30,SENX.L,USD,2009-09-30,2009-09-30,Q3,0.0,0.0,0.0,0.0,0.0,2126714.0,0.0,0.0,2203427.0,2203427.0,145512.0,49161.0,-2154266.0,0.0,-2203427.0,0.0,0.0,-4804082.0,0.0,-930504.0,-3873578.0,0.0,-0.03,-0.03,137664617,137664617,https://find-and-update.company-information.service.gov.uk/search/companies?q=Serinus+Energy+PLC,https://find-and-update.company-information.service.gov.uk/search/companies?q=Serinus+Energy+PLC,1620597757,18:02:37,20210509
46,2009-06-30,SENX.L,USD,2009-06-30,2009-06-30,Q2,0.0,0.0,0.0,0.0,0.0,704319.0,0.0,0.0,918748.0,918748.0,203.0,10685.0,-908063.0,0.0,-918748.0,0.0,0.0,-912044.0,0.0,0.0,-912044.0,0.0,-0.01,-0.01,125425605,125425605,https://find-and-update.company-information.service.gov.uk/search/companies?q=Serinus+Energy+PLC,https://find-and-update.company-information.service.gov.uk/search/companies?q=Serinus+Energy+PLC,1620597757,18:02:37,20210509
47,2009-03-31,SENX.L,USD,2009-03-31,2009-03-31,Q1,0.0,0.0,0.0,0.0,0.0,1077802.0,0.0,0.0,1117844.0,1117844.0,0.0,15049.0,-1102795.0,0.0,-1117844.0,0.0,0.0,-914401.0,0.0,0.0,-914401.0,0.0,-0.01,-0.01,125425605,125425605,https://find-and-update.company-information.service.gov.uk/search/companies?q=Serinus+Energy+PLC,https://find-and-update.company-information.service.gov.uk/search/companies?q=Serinus+Energy+PLC,1620597757,18:02:37,20210509
