,date,symbol,reportedCurrency,fillingDate,acceptedDate,period,revenue,costOfRevenue,grossProfit,grossProfitRatio,researchAndDevelopmentExpenses,generalAndAdministrativeExpenses,sellingAndMarketingExpenses,otherExpenses,operatingExpenses,costAndExpenses,interestExpense,depreciationAndAmortization,ebitda,ebitdaratio,operatingIncome,operatingIncomeRatio,totalOtherIncomeExpensesNet,incomeBeforeTax,incomeBeforeTaxRatio,incomeTaxExpense,netIncome,netIncomeRatio,eps,epsdiluted,weightedAverageShsOut,weightedAverageShsOutDil,link,finalLink,timestamp,est_time,est_date
0,2020-12-31,CLSN,USD,2021-03-19,2021-03-19 09:11:25,Q4,125000.0,0.0,0.0,0.0,2810213.0,2108647.0,0.0,1397291.0,4918860.0,4918860.0,161639.0,169459.0,-4624401.0,-36.995208,-4793860.0,-38.35088,97000.0,-4857975.0,-38.8638,0.0,-3012152.0,-24.097216,-0.08830117177246628,-0.08830117177246628,34112254.0,34112254.0,https://www.sec.gov/Archives/edgar/data/749647/000149315221006382/0001493152-21-006382-index.htm,https://www.sec.gov/Archives/edgar/data/749647/000149315221006382/form10-k.htm,1620590394,15:59:54,20210509
1,2020-09-30,CLSN,USD,2020-11-16,2020-11-16 08:57:43,Q3,125000.0,0.0,125000.0,1.0,2491696.0,1792904.0,0.0,-1101121.0,4284600.0,4284600.0,450732.0,193075.0,-3966525.0,-31.7322,-4159600.0,-33.2768,-3464121.0,-8071596.0,-64.572768,0.0,-8071596.0,-64.572768,-0.24,-0.24,34112254.0,34112254.0,https://www.sec.gov/Archives/edgar/data/749647/000149315220021447/0001493152-20-021447-index.htm,https://www.sec.gov/Archives/edgar/data/749647/000149315220021447/form10q.htm,1620590394,15:59:54,20210509
2,2020-06-30,CLSN,USD,2020-08-14,2020-08-14 08:44:07,Q2,125000.0,0.0,0.0,0.0,2990861.0,1901136.0,0.0,-256296.0,4891997.0,4891997.0,340602.0,190661.0,-4576336.0,-36.610688,-4766997.0,-38.135976,-253431.0,-5342935.0,-42.74348,0.0,-5342935.0,-42.74348,-0.18,-0.18,29887329.0,29887329.0,https://www.sec.gov/Archives/edgar/data/749647/000149315220015690/0001493152-20-015690-index.htm,https://www.sec.gov/Archives/edgar/data/749647/000149315220015690/form10-q.htm,1620590394,15:59:54,20210509
3,2020-03-31,CLSN,USD,2020-05-15,2020-05-15 08:44:28,Q1,125000.0,0.0,0.0,0.0,3052049.0,1838906.0,0.0,-39867.0,4890955.0,4890955.0,339365.0,188329.0,-4577626.0,-36.621008,-4765955.0,-38.12764,3365.0,-5056878.0,-40.455024,0.0,-5056878.0,-40.455024,-0.2,-0.2,25804349.0,25804349.0,https://www.sec.gov/Archives/edgar/data/749647/000149315220008927/0001493152-20-008927-index.htm,https://www.sec.gov/Archives/edgar/data/749647/000149315220004717/form10-k.htm,1620590394,15:59:54,20210509
4,2019-12-31,CLSN,USD,2020-03-25,2020-03-25 16:52:12,Q4,125000.0,0.0,0.0,0.0,3065337.0,1807329.0,0.0,-3085969.0,4872666.0,4872666.0,343603.0,184454.0,-4563212.0,-36.505696,-4747666.0,-37.981328,93463.0,-4919233.0,-39.353864,0.0,-3102759.0,-24.822072,-0.12024170809346905,-0.12024170809346905,25804349.0,25804349.0,https://www.sec.gov/Archives/edgar/data/749647/000149315220004717/0001493152-20-004717-index.htm,https://www.sec.gov/Archives/edgar/data/749647/000149315220004717/form10-k.htm,1620590394,15:59:54,20210509
5,2019-09-30,CLSN,USD,2019-11-14,2019-11-14 16:23:30,Q3,125000.0,0.0,0.0,0.0,3674239.0,1838287.0,0.0,85882.0,5512526.0,5512526.0,349602.0,175184.0,-5212342.0,-41.698736,-5387526.0,-43.100208,143950.0,-5476807.0,-43.814456,0.0,-5476807.0,-43.814456,-0.25,-0.25,21662824.0,21662824.0,https://www.sec.gov/Archives/edgar/data/749647/000149315219017489/0001493152-19-017489-index.htm,https://www.sec.gov/Archives/edgar/data/749647/000149315219017489/form10-q.htm,1620590394,15:59:54,20210509
6,2019-06-30,CLSN,USD,2019-08-14,2019-08-14 17:00:49,Q2,125000.0,0.0,0.0,0.0,3558074.0,2136684.0,0.0,-129911.0,5694758.0,5694758.0,349448.0,173221.0,-5396537.0,-43.172296,-5569758.0,-44.558064,-128942.0,-5904515.0,-47.23612,0.0,-5904515.0,-47.23612,-0.29,-0.29,20605762.0,20605762.0,https://www.sec.gov/Archives/edgar/data/749647/000149315219012615/0001493152-19-012615-index.htm,https://www.sec.gov/Archives/edgar/data/749647/000149315219012615/form10-q.htm,1620590394,15:59:54,20210509
7,2019-03-31,CLSN,USD,2019-05-15,2019-05-15 08:51:13,Q1,125000.0,0.0,0.0,0.0,2767659.0,2217864.0,0.0,27.0,4985523.0,4985523.0,350747.0,188806.0,-4671717.0,-37.373736,-4860523.0,-38.884184,2739408.0,-2367452.0,-18.939616,0.0,-2367452.0,-18.939616,-0.12,-0.12,19104785.0,19104785.0,https://www.sec.gov/Archives/edgar/data/749647/000149315219007214/0001493152-19-007214-index.htm,https://www.sec.gov/Archives/edgar/data/749647/000149315219004184/form10-k.htm,1620590394,15:59:54,20210509
8,2018-12-31,CLSN,USD,2019-03-29,2019-03-29 08:53:02,Q4,125000.0,0.0,0.0,0.0,2343586.0,2531781.0,0.0,-26.0,4875367.0,4875367.0,351266.0,95346.0,-4655021.0,-37.240168,-4750367.0,-38.002936,73941.0,-4938537.0,-39.508296,0.0,5480578.0,43.844624,0.2868693890038543,0.2868693890038543,19104785.0,19104785.0,https://www.sec.gov/Archives/edgar/data/749647/000149315219004184/0001493152-19-004184-index.htm,https://www.sec.gov/Archives/edgar/data/749647/000149315219004184/form10-k.htm,1620590394,15:59:54,20210509
9,2018-09-30,CLSN,USD,2018-11-14,2018-11-14 16:55:30,Q3,125000.0,0.0,0.0,0.0,2187317.0,1959903.0,0.0,2.0,4147220.0,4147220.0,345728.0,87171.0,-3935049.0,-31.480392,-4022220.0,-32.17776,-392215.0,-4656386.0,-37.251088,0.0,-4656386.0,-37.251088,-0.26,-0.26,17801230.0,17801230.0,https://www.sec.gov/Archives/edgar/data/749647/000149315218016176/0001493152-18-016176-index.htm,https://www.sec.gov/Archives/edgar/data/749647/000149315218016176/form10-q.htm,1620590394,15:59:54,20210509
10,2018-06-30,CLSN,USD,2018-08-14,2018-08-14 09:06:39,Q2,125000.0,0.0,0.0,0.0,4593544.0,3542809.0,0.0,-504.0,8136353.0,8136353.0,15031.0,87171.0,-7924182.0,-63.393456,-8011353.0,-64.090824,-273731.0,-8230556.0,-65.844448,0.0,-8230556.0,-65.844448,-0.46,-0.46,17743229.0,17743229.0,https://www.sec.gov/Archives/edgar/data/749647/000149315218011631/0001493152-18-011631-index.htm,https://www.sec.gov/Archives/edgar/data/749647/000149315218011631/form10-q.htm,1620590394,15:59:54,20210509
11,2018-03-31,CLSN,USD,2018-05-11,2018-05-11 08:46:16,Q1,125000.0,0.0,0.0,0.0,2741076.0,1665028.0,0.0,580.0,4406104.0,4406104.0,0.0,87171.0,-4193933.0,-33.551464,-4281104.0,-34.248832,-265180.0,-4476995.0,-35.81596,0.0,-4476995.0,-35.81596,-0.25,-0.25,17683847.0,17683847.0,https://www.sec.gov/Archives/edgar/data/749647/000143774918009535/0001437749-18-009535-index.htm,https://www.sec.gov/Archives/edgar/data/749647/000143774918005539/clsn20171231_10k.htm,1620590394,15:59:54,20210509
12,2017-12-31,CLSN,USD,2018-03-27,2018-03-27 09:13:58,Q4,125000.0,0.0,0.0,0.0,3207956.0,1598240.0,0.0,-1275.0,4806196.0,4806196.0,0.0,41423.0,-4639773.0,-37.118184,-4681196.0,-37.449568,-25687.0,-4680842.0,-37.446736,0.0,-4680842.0,-37.446736,-0.264695911472204,-0.264695911472204,17683847.0,17683847.0,https://www.sec.gov/Archives/edgar/data/749647/000143774918005539/0001437749-18-005539-index.htm,https://www.sec.gov/Archives/edgar/data/749647/000143774918005539/clsn20171231_10k.htm,1620590394,15:59:54,20210509
13,2017-09-30,CLSN,USD,2017-11-14,2017-11-14 08:42:29,Q3,125000.0,0.0,0.0,0.0,3348847.0,1174250.0,0.0,93.0,4523097.0,4523097.0,0.0,170529.0,-4227568.0,-33.820544,-4398097.0,-35.184776,-1273232.0,-5671329.0,-45.370632,0.0,-5671329.0,-45.370632,-0.7,-0.7,8054658.0,8054658.0,https://www.sec.gov/Archives/edgar/data/749647/000143774917019215/0001437749-17-019215-index.htm,https://www.sec.gov/Archives/edgar/data/749647/000143774917019215/clsn20170930_10q.htm,1620590394,15:59:54,20210509
14,2017-06-30,CLSN,USD,2017-08-14,2017-08-14 16:37:29,Q2,125000.0,0.0,0.0,0.0,3046631.0,1649110.0,0.0,1090.0,4695741.0,4695741.0,29416.0,170529.0,-4400212.0,-35.201696,-4570741.0,-36.565928,-289712.0,-4889869.0,-39.118952,0.0,-4889869.0,-39.118952,-0.79,-0.79,6628778.0,6628778.0,https://www.sec.gov/Archives/edgar/data/749647/000143774917014732/0001437749-17-014732-index.htm,https://www.sec.gov/Archives/edgar/data/749647/000143774917014732/clsn20170630_10q.htm,1620590394,15:59:54,20210509
15,2017-03-31,CLSN,USD,2017-05-12,2017-05-12 08:52:35,Q1,125000.0,0.0,0.0,0.0,3475276.0,1468122.0,0.0,2362.0,4943398.0,4943398.0,62340.0,170529.0,-4647869.0,-37.182952,-4818398.0,-38.547184,-281389.0,-5160136.0,-41.281088,0.0,-5160136.0,-41.281088,-1.67999,-1.67999,3030372.0,3030372.0,https://www.sec.gov/Archives/edgar/data/749647/000143774917008847/0001437749-17-008847-index.htm,https://www.sec.gov/Archives/edgar/data/749647/000143774917005235/clsn20161231_10k.htm,1620590394,15:59:54,20210509
16,2016-12-31,CLSN,USD,2017-03-24,2017-03-24 16:33:24,Q4,125000.0,0.0,0.0,0.0,3620393.0,1638451.0,0.0,1037.0,5258844.0,5258844.0,114417.0,657204.0,-4476640.0,-35.81312,-5133844.0,-41.070752,-148112.0,-5396589.0,-43.172712,0.0,-5396589.0,-43.172712,-1.780833838221842,-1.780833838221842,3030372.0,3030372.0,https://www.sec.gov/Archives/edgar/data/749647/000143774917005235/0001437749-17-005235-index.htm,https://www.sec.gov/Archives/edgar/data/749647/000143774917005235/clsn20161231_10k.htm,1620590394,15:59:54,20210509
17,2016-09-30,CLSN,USD,2016-11-10,2016-11-10 08:35:11,Q3,125000.0,0.0,0.0,0.0,4225132.0,1496471.0,0.0,2218.0,5721603.0,5721603.0,161025.0,121875.0,-5474728.0,-43.797824,-5596603.0,-44.772824,-660192.0,-6409687.0,-51.277496,0.0,-6409687.0,-51.277496,-3.219981,-3.219981,1993244.0,1993244.0,https://www.sec.gov/Archives/edgar/data/749647/000143774916041670/0001437749-16-041670-index.htm,https://www.sec.gov/Archives/edgar/data/749647/000143774916041670/clsn20160901_10q.htm,1620590394,15:59:54,20210509
18,2016-06-30,CLSN,USD,2016-08-15,2016-08-15 10:19:25,Q2,125000.0,0.0,0.0,0.0,3336372.0,1529305.0,0.0,5.0,4865677.0,4865677.0,203353.0,121875.0,-4618802.0,-36.950416,-4740677.0,-37.925416,408689.0,-4530983.0,-36.247864,0.0,-4530983.0,-36.247864,-2.659984,-2.659984,1723156.0,1723156.0,https://www.sec.gov/Archives/edgar/data/749647/000143774916037387/0001437749-16-037387-index.htm,https://www.sec.gov/Archives/edgar/data/749647/000143774916037387/clsn20160630_10q.htm,1620590394,15:59:54,20210509
19,2016-03-31,CLSN,USD,2016-05-16,2016-05-16 08:31:12,Q1,125000.0,0.0,0.0,0.0,3441171.0,1862525.0,0.0,-258.0,5303696.0,5303696.0,244198.0,121875.0,-5056821.0,-40.454568,-5178696.0,-41.429568,-312560.0,-5716467.0,-45.731736,0.0,-5716467.0,-45.731736,-3.35998,-3.35998,1670646.0,1670646.0,https://www.sec.gov/Archives/edgar/data/749647/000143774916031908/0001437749-16-031908-index.htm,https://www.sec.gov/Archives/edgar/data/749647/000143774916028601/clsn20151231_10k.htm,1620590394,15:59:54,20210509
20,2015-12-31,CLSN,USD,2016-03-30,2016-03-30 08:48:27,Q4,125000.0,0.0,0.0,0.0,3702381.0,1369508.0,0.0,-764.0,5071889.0,5071889.0,281924.0,95341.0,-4851548.0,-38.812384,-4946889.0,-39.575112,-309783.0,-5513858.0,-44.110864,0.0,-5513858.0,-44.110864,-3.3004346821528916,-3.3004346821528916,1670646.0,1670646.0,https://www.sec.gov/Archives/edgar/data/749647/000143774916028601/0001437749-16-028601-index.htm,https://www.sec.gov/Archives/edgar/data/749647/000143774916028601/clsn20151231_10k.htm,1620590394,15:59:54,20210509
21,2015-09-30,CLSN,USD,2015-11-05,2015-11-05 08:51:48,Q3,125000.0,0.0,0.0,0.0,2883453.0,1483661.0,0.0,-1053.0,4367114.0,4367114.0,322696.0,109875.0,-4132239.0,-33.057912,-4242114.0,-33.936912,267787.0,-4267413.0,-34.139304,0.0,-4267413.0,-34.139304,-2.659984,-2.659984,1644538.0,1644538.0,https://www.sec.gov/Archives/edgar/data/749647/000143774915019699/0001437749-15-019699-index.htm,https://www.sec.gov/Archives/edgar/data/749647/000143774915019699/clsn20150930_10q.htm,1620590394,15:59:54,20210509
22,2015-06-30,CLSN,USD,2015-08-10,2015-08-10 09:33:35,Q2,125000.0,0.0,0.0,0.0,3567699.0,1801843.0,0.0,601.0,5369542.0,5369542.0,360259.0,109875.0,-5134667.0,-41.077336,-5244542.0,-41.956336,-108717.0,-5674746.0,-45.397968,0.0,-5674745.0,-45.39796,-3.779977,-3.779977,1497853.0,1497853.0,https://www.sec.gov/Archives/edgar/data/749647/000143774915015343/0001437749-15-015343-index.htm,https://www.sec.gov/Archives/edgar/data/749647/000143774915015343/clsn20150630_10q.htm,1620590394,15:59:54,20210509
23,2015-03-31,CLSN,USD,2015-05-11,2015-05-11 16:51:24,Q1,125000.0,0.0,0.0,0.0,4506408.0,2031840.0,0.0,-533.0,6538248.0,6538248.0,392303.0,109875.0,-6303373.0,-50.426984,-6413248.0,-51.305984,-292692.0,-7005068.0,-56.040544,0.0,-7005068.0,-56.040544,-4.899971,-4.899971,1427881.0,1427881.0,https://www.sec.gov/Archives/edgar/data/749647/000143774915009725/0001437749-15-009725-index.htm,https://www.sec.gov/Archives/edgar/data/749647/000143774915004805/clsn20141231_10k.htm,1620590394,15:59:54,20210509
24,2014-12-31,CLSN,USD,2015-03-12,2015-03-12 09:05:15,Q4,125000.0,0.0,0.0,0.0,4281113.0,2077321.0,0.0,32618.0,6358434.0,6358434.0,413899.0,107202.0,-6126232.0,-49.009856,-6233434.0,-49.867472,-823653.0,-6455804.0,-51.646432,0.0,-6455804.0,-51.646432,-4.52124791911931,-4.52124791911931,1427881.0,1427881.0,https://www.sec.gov/Archives/edgar/data/749647/000143774915004805/0001437749-15-004805-index.htm,https://www.sec.gov/Archives/edgar/data/749647/000143774915004805/clsn20141231_10k.htm,1620590394,15:59:54,20210509
25,2014-09-30,CLSN,USD,2014-11-10,2014-11-10 16:49:07,Q3,125000.0,0.0,0.0,0.0,4629628.0,2044163.0,0.0,21807.0,6673791.0,6673791.0,418711.0,87375.0,-6461416.0,-51.691328,-6548791.0,-52.390328,25156.0,-6942346.0,-55.538768,0.0,-6942346.0,-55.538768,-4.899971,-4.899971,1426036.0,1426036.0,https://www.sec.gov/Archives/edgar/data/749647/000143774914020271/0001437749-14-020271-index.htm,https://www.sec.gov/Archives/edgar/data/749647/000143774914020271/clsn20140930_10q.htm,1620590394,15:59:54,20210509
26,2014-06-30,CLSN,USD,2014-08-07,2014-08-07 08:53:04,Q2,125000.0,0.0,0.0,0.0,3165473.0,2305208.0,0.0,-2488.0,5470681.0,5470681.0,263115.0,87375.0,-5258306.0,-42.066448,-5345681.0,-42.765448,-1064634.0,-6673430.0,-53.38744,0.0,-6673430.0,-53.38744,-5.319968,-5.319968,1251902.0,1251902.0,https://www.sec.gov/Archives/edgar/data/749647/000143774914014489/0001437749-14-014489-index.htm,https://www.sec.gov/Archives/edgar/data/749647/000143774914014489/clsn20140630_10q.htm,1620590394,15:59:54,20210509
27,2014-03-31,CLSN,USD,2014-05-08,2014-05-08 08:53:12,Q1,125000.0,0.0,0.0,0.0,2893168.0,2433857.0,0.0,0.0,5327025.0,5327025.0,230713.0,87375.0,-5114650.0,-40.9172,-5202025.0,-41.6162,10045.0,-5422693.0,-43.381544,0.0,-5422693.0,-43.381544,-4.619972,-4.619972,1169371.0,1169371.0,https://www.sec.gov/Archives/edgar/data/749647/000143774914008268/0001437749-14-008268-index.htm,https://www.sec.gov/Archives/edgar/data/749647/000143774914004012/clsn20131231_10k.htm,1620590394,15:59:54,20210509
28,2013-12-31,CLSN,USD,2014-03-13,2014-03-13 08:37:05,Q4,125000.0,0.0,125000.0,1.0,1869247.0,1518269.0,0.0,0.0,3387516.0,3387516.0,395322.0,108604.0,-3153912.0,-25.231296,-3262516.0,-26.100128,-1040855.0,-3949746.0,-31.597968,0.0,-3949747.0,-31.597976,-3.3776679941609635,-3.3776679941609635,1169371.0,1169371.0,https://www.sec.gov/Archives/edgar/data/749647/000143774914004012/0001437749-14-004012-index.htm,https://www.sec.gov/Archives/edgar/data/749647/000143774914004012/clsn20131231_10k.htm,1620590394,15:59:54,20210509
29,2013-09-30,CLSN,USD,2013-11-12,2013-11-12 09:40:51,Q3,125000.0,0.0,0.0,0.0,2269228.0,1389539.0,0.0,-669.0,3658767.0,3658767.0,162774.0,76875.0,-3456892.0,-27.655136,-3533767.0,-28.270136,-374980.0,-4071521.0,-32.572168,0.0,-4071521.0,-32.572168,-4.199937,-4.199937,971571.0,971571.0,https://www.sec.gov/Archives/edgar/data/749647/000143774913014406/0001437749-13-014406-index.htm,https://www.sec.gov/Archives/edgar/data/749647/000143774913014406/clsn20130930_10q.htm,1620590394,15:59:54,20210509
30,2013-06-30,CLSN,USD,2013-08-08,2013-08-08 09:41:24,Q2,125000.0,0.0,0.0,0.0,2022576.0,1950720.0,0.0,-1861.0,3973296.0,3973296.0,176211.0,76875.0,-3771421.0,-30.171368,-3848296.0,-30.786368,4445391.0,420884.0,3.367072,0.0,420884.0,3.367072,0.629997,0.432697,863361.0,972699.0,https://www.sec.gov/Archives/edgar/data/749647/000143774913010173/0001437749-13-010173-index.htm,https://www.sec.gov/Archives/edgar/data/749647/000143774913010173/clsn20130726_10q.htm,1620590394,15:59:54,20210509
31,2013-03-31,CLSN,USD,2013-05-09,2013-05-09 09:05:06,Q1,125000.0,0.0,0.0,0.0,3203177.0,1688729.0,0.0,0.0,4891906.0,4891906.0,180928.0,76875.0,-4690031.0,-37.520248,-4766906.0,-38.135248,4296860.0,-650974.0,-5.207792,0.0,-650974.0,-5.207792,-7.559962,-7.559962,682479.0,682479.0,https://www.sec.gov/Archives/edgar/data/749647/000143774913005568/0001437749-13-005568-index.htm,https://www.sec.gov/Archives/edgar/data/749647/000143774913003088/celsion_10k-123112.htm,1620590394,15:59:54,20210509
32,2012-12-31,CLSN,USD,2013-03-18,2013-03-18 08:56:53,Q4,0.0,0.0,0.0,0.0,3425607.0,1786546.0,0.0,0.0,5212153.0,5212153.0,171418.0,119624.0,-5092529.0,0.0,-5212153.0,0.0,-2876190.0,-8259761.0,0.0,0.0,-8259761.0,0.0,-12.102586306684895,-12.102586306684895,682479.0,682479.0,https://www.sec.gov/Archives/edgar/data/749647/000143774913003088/0001437749-13-003088-index.htm,https://www.sec.gov/Archives/edgar/data/749647/000143774913003088/celsion_10k-123112.htm,1620590394,15:59:54,20210509
33,2012-09-30,CLSN,USD,2012-11-09,2012-11-09 17:13:21,Q3,0.0,0.0,0.0,0.0,3539309.0,1420258.0,0.0,0.0,4959567.0,4959567.0,171720.0,53955.0,-4905612.0,0.0,-4959567.0,0.0,-886708.0,-6017995.0,0.0,0.0,-6017995.0,0.0,-11.339943,-11.339943,533999.0,533999.0,https://www.sec.gov/Archives/edgar/data/749647/000143774912011445/0001437749-12-011445-index.htm,https://www.sec.gov/Archives/edgar/data/749647/000143774912011445/celsion_10q-093012.htm,1620590394,15:59:54,20210509
34,2012-06-30,CLSN,USD,2012-08-14,2012-08-14 08:50:01,Q2,0.0,0.0,0.0,0.0,4112243.0,1595281.0,0.0,0.0,5707524.0,5707524.0,10574.0,53955.0,-5653569.0,0.0,-5707524.0,0.0,-448363.0,0.0,0.0,0.0,-6104385.0,0.0,-11.339943,-11.339943,527559.0,527559.0,https://www.sec.gov/Archives/edgar/data/749647/000143774912008356/0001437749-12-008356-index.htm,https://www.sec.gov/Archives/edgar/data/749647/000143774912008356/clsn_10q-063012.htm,1620590394,15:59:54,20210509
35,2012-03-31,CLSN,USD,2012-05-15,2012-05-15 09:16:26,Q1,0.0,0.0,0.0,0.0,4693007.0,1570466.0,0.0,0.0,6263473.0,6263473.0,5701.0,53955.0,-6209518.0,0.0,-6263473.0,0.0,77600.0,0.0,0.0,0.0,-6186241.0,0.0,-11.96994,-11.96994,526942.0,526942.0,https://www.sec.gov/Archives/edgar/data/749647/000114036112025128/0001140361-12-025128-index.htm,https://www.sec.gov/Archives/edgar/data/749647/000114036112015662/form10k.htm,1620590394,15:59:54,20210509
36,2011-12-31,CLSN,USD,2012-03-15,2012-03-15 09:17:42,Q4,0.0,0.0,0.0,0.0,5136894.0,1248838.0,0.0,0.0,6385732.0,6385732.0,7058.0,47123.0,-6338609.0,0.0,-6385732.0,0.0,124219.0,0.0,0.0,0.0,-6121418.0,0.0,-11.616872445164743,-11.616872445164743,526942.0,526942.0,https://www.sec.gov/Archives/edgar/data/749647/000114036112015662/0001140361-12-015662-index.htm,https://www.sec.gov/Archives/edgar/data/749647/000114036112015662/form10k.htm,1620590394,15:59:54,20210509
37,2011-09-30,CLSN,USD,2011-11-10,2011-11-10 09:34:23,Q3,0.0,0.0,0.0,0.0,5414284.0,1408828.0,0.0,0.0,6823112.0,6823112.0,13710.0,43245.0,-6779867.0,0.0,-6823112.0,0.0,417523.0,0.0,0.0,0.0,-6392952.0,0.0,-15.749921,-15.749921,399209.0,399209.0,https://www.sec.gov/Archives/edgar/data/749647/000074964711000142/0000749647-11-000142-index.htm,https://www.sec.gov/Archives/edgar/data/749647/000074964711000142/form10q.htm,1620590394,15:59:54,20210509
38,2011-06-30,CLSN,USD,2011-08-09,2011-08-09 10:27:52,Q2,0.0,0.0,0.0,0.0,4964022.0,1281984.0,0.0,0.0,6246006.0,6246006.0,111945.0,43245.0,-6202761.0,0.0,-6246006.0,0.0,-586171.0,-6944025.0,0.0,0.0,-6944025.0,0.0,-26.459868,-26.459868,259785.0,259785.0,https://www.sec.gov/Archives/edgar/data/749647/000074964711000113/0000749647-11-000113-index.htm,https://www.sec.gov/Archives/edgar/data/749647/000074964711000113/form_10q.htm,1620590394,15:59:54,20210509
39,2011-03-31,CLSN,USD,2011-05-12,2011-05-12 16:37:51,Q1,2000000.0,0.0,2000000.0,1.0,4348636.0,1215283.0,0.0,0.0,5563919.0,5563919.0,369142.0,43245.0,-3520674.0,-1.760337,-3563919.0,-1.7819595,168311.0,0.0,0.0,0.0,-3764283.0,-1.8821415,-17.639912,-17.639912,213539.0,213539.0,https://www.sec.gov/Archives/edgar/data/749647/000074964711000058/0000749647-11-000058-index.htm,https://www.sec.gov/Archives/edgar/data/749647/000089016311000043/s22-10312_10k.htm,1620590394,15:59:54,20210509
40,2011-03-28,CLSN,USD,2011-03-28,2011-05-12 16:37:51,Q4,0.0,0.0,0.0,0.0,14714460000.0,4922967000.0,0.0,0.0,19637427000.0,19637427000.0,31517000.0,41370000.0,-19596057000.0,0.0,-19637427000.0,0.0,244460000.0,-18818435000.0,0.0,0.0,-18818435000.0,0.0,-1520.63222,-1520.63222,12375402.0,12375402.0,https://www.sec.gov/Archives/edgar/data/749647/000089016311000043/0000890163-11-000043-index.htm,https://www.sec.gov/Archives/edgar/data/749647/000089016311000043/s22-10312_10k.htm,1620590394,15:59:54,20210509
41,2010-12-31,CLSN,USD,2010-12-31,2010-12-31,Q4,0.0,0.0,0.0,0.0,4048615.0,1378366.0,0.0,0.0,5426981.0,5426981.0,6538.0,43245.0,-5383736.0,0.0,-5426981.0,0.0,106236.0,0.0,0.0,0.0,-5325734.0,0.0,-0.4303483636329551,-0.4303483636329551,12375402.0,12375402.0,,,1620590394,15:59:54,20210509
42,2010-09-30,CLSN,USD,2010-11-15,2010-11-15 14:16:48,Q3,0.0,0.0,0.0,0.0,3951248.0,1220114.0,0.0,0.0,5171362.0,5171362.0,7451.0,46988.0,-5124374.0,0.0,-5171362.0,0.0,453078.0,0.0,0.0,0.0,-4717145.0,0.0,-23.93988,-23.93988,195881.0,195881.0,https://www.sec.gov/Archives/edgar/data/749647/000074964710000055/0000749647-10-000055-index.htm,https://www.sec.gov/Archives/edgar/data/749647/000074964710000055/form_10q.htm,1620590394,15:59:54,20210509
43,2010-06-30,CLSN,USD,2010-08-03,2010-08-03 08:17:57,Q2,0.0,0.0,0.0,0.0,3439302.0,1025369.0,0.0,0.0,4464671.0,4464671.0,8336.0,41377.0,-4423294.0,0.0,-4464671.0,0.0,1828539.0,0.0,0.0,0.0,-2630515.0,0.0,-13.859931,-13.859931,194153.0,194153.0,https://www.sec.gov/Archives/edgar/data/749647/000074964710000045/0000749647-10-000045-index.htm,https://www.sec.gov/Archives/edgar/data/749647/000074964710000045/secondq2010.htm,1620590394,15:59:54,20210509
44,2010-03-31,CLSN,USD,2010-05-04,2010-05-04 08:09:58,Q1,0.0,0.0,0.0,0.0,3275295.0,1299118.0,0.0,0.0,4574413.0,4574413.0,9192.0,41370.0,-4533043.0,0.0,-4574413.0,0.0,-1569633.0,-6145041.0,0.0,0.0,-6145041.0,0.0,-31.499843,-31.499843,193422.0,193422.0,https://www.sec.gov/Archives/edgar/data/749647/000074964710000021/0000749647-10-000021-index.htm,https://www.sec.gov/Archives/edgar/data/749647/000104746910002344/a2197314z10-k.htm,1620590394,15:59:54,20210509
45,2009-12-31,CLSN,USD,2010-03-17,2010-03-17 08:59:35,Q4,0.0,0.0,0.0,0.0,3005433.0,812259.0,0.0,0.0,3817692.0,3817692.0,0.0,37952.0,-3779740.0,0.0,-3817692.0,0.0,731356.0,-3076665.0,0.0,-806255.0,-2270410.0,0.0,-11.738116656843586,-11.738116656843586,193422.0,193422.0,https://www.sec.gov/Archives/edgar/data/749647/000104746910002344/0001047469-10-002344-index.htm,https://www.sec.gov/Archives/edgar/data/749647/000104746910002344/a2197314z10-k.htm,1620590394,15:59:54,20210509
46,2009-09-30,CLSN,USD,2009-11-10,2009-11-10 08:08:32,Q3,0.0,0.0,0.0,0.0,3503064.0,1223709.0,0.0,0.0,4726773.0,4726773.0,0.0,27651.0,-4699122.0,0.0,-4726773.0,0.0,-100.0,-4717254.0,0.0,0.0,-4717254.0,0.0,-29.609852,-29.609852,160600.0,160600.0,https://www.sec.gov/Archives/edgar/data/749647/000074964709000011/0000749647-09-000011-index.htm,https://www.sec.gov/Archives/edgar/data/749647/000074964709000011/form_10q-3rdq.htm,1620590394,15:59:54,20210509
47,2009-06-30,CLSN,USD,2009-08-05,2009-08-05 08:28:42,Q2,0.0,0.0,0.0,0.0,4229715.0,602433.0,0.0,0.0,4832148.0,4832148.0,88098.0,22024.0,-4810124.0,0.0,-4832148.0,0.0,322950.0,-4591423.0,0.0,0.0,-4591423.0,0.0,-28.349858,-28.349858,161846.0,161846.0,https://www.sec.gov/Archives/edgar/data/749647/000074964709000007/0000749647-09-000007-index.htm,https://www.sec.gov/Archives/edgar/data/749647/000074964709000007/form10q_0609.htm,1620590394,15:59:54,20210509
48,2009-03-31,CLSN,USD,2009-05-12,2009-05-12 08:00:34,Q1,0.0,0.0,0.0,0.0,2942727.0,688209.0,0.0,0.0,3630936.0,3630936.0,6822.0,22027.0,-3608909.0,0.0,-3630936.0,0.0,-7.0,-3616767.0,0.0,0.0,-3616767.0,0.0,-22.04989,-22.04989,161754.0,161754.0,https://www.sec.gov/Archives/edgar/data/749647/000110465909031725/0001104659-09-031725-index.htm,https://www.sec.gov/Archives/edgar/data/749647/000104746909003319/a2191931z10-k.htm,1620590394,15:59:54,20210509
49,2008-12-31,CLSN,USD,2009-03-27,2009-03-27 17:19:30,Q4,0.0,0.0,0.0,0.0,3584075.0,456871.0,0.0,0.0,4040946.0,4040946.0,0.0,-26195.0,-1567141.0,0.0,-1540946.0,0.0,0.0,-934138.0,0.0,0.0,-934138.0,0.0,-5.77505347626643,-5.77505347626643,161754.0,161754.0,https://www.sec.gov/Archives/edgar/data/749647/000104746909003319/0001047469-09-003319-index.htm,https://www.sec.gov/Archives/edgar/data/749647/000104746909003319/a2191931z10-k.htm,1620590394,15:59:54,20210509
50,2008-09-30,CLSN,USD,2008-11-14,2008-11-14 16:05:11,Q3,0.0,0.0,0.0,0.0,3839951.0,509794.0,0.0,0.0,4349745.0,4349745.0,0.0,29218.0,-4320527.0,0.0,-4349745.0,0.0,-57287.0,-4340070.0,0.0,0.0,-4340070.0,0.0,-27.089865,-27.089865,161096.0,161096.0,https://www.sec.gov/Archives/edgar/data/749647/000110465908071004/0001104659-08-071004-index.htm,https://www.sec.gov/Archives/edgar/data/749647/000110465908071004/a08-25745_110q.htm,1620590394,15:59:54,20210509
51,2008-06-30,CLSN,USD,2008-08-14,2008-08-14 15:05:03,Q2,0.0,0.0,0.0,0.0,1615082.0,580910.0,0.0,0.0,2195992.0,2195992.0,0.0,32752.0,-2163240.0,0.0,-2195992.0,0.0,-158825.0,0.0,0.0,0.0,-2430166.0,0.0,-15.119924,-15.119924,161055.0,161055.0,https://www.sec.gov/Archives/edgar/data/749647/000110465908052980/0001104659-08-052980-index.htm,https://www.sec.gov/Archives/edgar/data/749647/000110465908052980/a08-19086_110q.htm,1620590394,15:59:54,20210509
52,2008-03-31,CLSN,USD,2008-05-09,2008-05-09 17:21:28,Q1,0.0,0.0,0.0,0.0,2967111.0,1175977.0,0.0,0.0,4143088.0,4143088.0,0.0,33693.0,-4109395.0,0.0,-4143088.0,0.0,94.0,-4081842.0,0.0,0.0,-4081842.0,0.0,-25.199874,-25.199874,161007.0,161007.0,https://www.sec.gov/Archives/edgar/data/749647/000110465908031992/0001104659-08-031992-index.htm,https://www.sec.gov/Archives/edgar/data/749647/000104746908003658/a2184136z10-k.htm,1620590394,15:59:54,20210509
53,2007-12-31,CLSN,USD,2008-03-28,2008-03-28 16:20:21,Q4,0.0,0.0,0.0,0.0,2152368.0,528417.0,0.0,0.0,2680785.0,2680785.0,0.0,34541.0,-2646244.0,0.0,-2680785.0,0.0,-18159.0,-2552657.0,0.0,0.0,-2890186.0,0.0,-17.950685373927843,-17.950685373927843,161007.0,161007.0,https://www.sec.gov/Archives/edgar/data/749647/000104746908003658/0001047469-08-003658-index.htm,https://www.sec.gov/Archives/edgar/data/749647/000104746908003658/a2184136z10-k.htm,1620590394,15:59:54,20210509
54,2007-09-30,CLSN,USD,2007-11-14,2007-11-14 11:18:06,Q3,0.0,0.0,0.0,0.0,1958671.0,1860531.0,0.0,0.0,3819202.0,3819202.0,0.0,35269.0,-3783933.0,0.0,-3819202.0,0.0,-23754.0,-3650712.0,0.0,0.0,-3617208.0,0.0,-21.419893,-21.419893,171024.0,171024.0,https://www.sec.gov/Archives/edgar/data/749647/000110465907082852/0001104659-07-082852-index.htm,https://www.sec.gov/Archives/edgar/data/749647/000110465907082852/a07-29071_110q.htm,1620590394,15:59:54,20210509
55,2007-06-30,CLSN,USD,2007-08-09,2007-08-09 14:51:03,Q2,0.0,0.0,0.0,0.0,2349036.0,1671388.0,0.0,0.0,4020424.0,4020424.0,0.0,-43581.0,-4064005.0,0.0,-4020424.0,0.0,-415457.0,-4632790.0,0.0,0.0,44214572.0,0.0,258.298709,239.398803,171001.0,184579.0,https://www.sec.gov/Archives/edgar/data/749647/000119312507177272/0001193125-07-177272-index.htm,https://www.sec.gov/Archives/edgar/data/749647/000119312507177272/d10q.htm,1620590394,15:59:54,20210509
56,2007-03-31,CLSN,USD,2007-05-10,2007-05-10 15:03:39,Q1,2922965.0,1536399.0,1386566.0,0.47436968968153914,2425440.0,1294169.0,0.0,0.0,3719609.0,5256008.0,0.0,-65334.0,-2398377.0,-0.8205288123532098,-2333043.0,-0.7981768512452253,0.0,-2357670.0,-0.8066022001631905,0.0,-2357670.0,-0.8066022001631905,-13.859931,-13.859931,170586.0,170586.0,https://www.sec.gov/Archives/edgar/data/749647/000119312507110035/0001193125-07-110035-index.htm,https://www.sec.gov/Archives/edgar/data/749647/000119312507065594/d10k.htm,1620590394,15:59:54,20210509
57,2006-12-31,CLSN,USD,2007-03-27,2007-03-27 16:34:59,Q4,4475700.0,2359556.0,2116144.0,0.47280738208548384,2438493.0,780136.0,0.0,0.0,4230552.0,6590108.0,0.0,-85774.0,-2200182.0,-0.49158388631945843,-2114408.0,-0.47241950979735015,43156.0,-1086762.0,-0.24281386151886855,0.0,-1086762.0,-0.24281386151886855,-6.37075727199184,-6.37075727199184,170586.0,170586.0,https://www.sec.gov/Archives/edgar/data/749647/000119312507065594/0001193125-07-065594-index.htm,https://www.sec.gov/Archives/edgar/data/749647/000119312507065594/d10k.htm,1620590394,15:59:54,20210509
58,2006-09-30,CLSN,USD,2006-11-08,2006-11-08 17:09:17,Q3,4122908.0,1903144.0,2219764.0,0.5383976552472187,2337269.0,849745.0,0.0,0.0,3187014.0,5090158.0,0.0,-84020.0,-1051270.0,-0.25498264816968996,-967250.0,-0.23460382817176614,677.0,-991148.0,-0.24040022236731937,0.0,-991148.0,-0.24040022236731937,-5.669972,-5.669972,170432.0,170432.0,https://www.sec.gov/Archives/edgar/data/749647/000119312506228529/0001193125-06-228529-index.htm,https://www.sec.gov/Archives/edgar/data/749647/000119312506228529/d10q.htm,1620590394,15:59:54,20210509
59,2006-06-30,CLSN,USD,2006-08-09,2006-08-09 16:18:07,Q2,305790.0,651873.0,-346083.0,-1.1317668988521534,2087125.0,1020080.0,0.0,0.0,3107205.0,3759078.0,0.0,-83444.0,-3536732.0,-11.565885084535138,-3453288.0,-11.293005003433729,-328432.0,-3722767.0,-12.174260113149547,0.0,-3722767.0,-12.174260113149547,-22.04989,-22.04989,170368.0,170368.0,https://www.sec.gov/Archives/edgar/data/749647/000119312506167754/0001193125-06-167754-index.htm,https://www.sec.gov/Archives/edgar/data/749647/000119312506167754/d10q.htm,1620590394,15:59:54,20210509
60,2006-03-31,CLSN,USD,2006-05-11,2006-05-11 09:15:04,Q1,2346419.0,1754503.0,591916.0,0.2522635556565132,2482494.0,1127496.0,0.0,0.0,3609990.0,5364493.0,0.0,-88054.0,-3106128.0,-1.323773801695264,-3018074.0,-1.2862468297435368,1137117.0,-1783555.0,-0.7601178647121422,0.0,-1783555.0,-0.7601178647121422,-10.709946,-10.709946,170356.0,170356.0,https://www.sec.gov/Archives/edgar/data/749647/000119312506108472/0001193125-06-108472-index.htm,https://www.sec.gov/Archives/edgar/data/749647/000119312506058322/d10k.htm,1620590394,15:59:54,20210509
61,2005-12-31,CLSN,USD,2006-03-20,2006-03-17 19:47:09,Q4,4347809.0,2727564.0,1620245.0,0.3726578145452112,3084003.0,757162.0,0.0,0.0,3841165.0,6568729.0,0.0,-65329.0,-2286249.0,-0.5258393365485926,-2220920.0,-0.5108136074974775,-458861.0,0.0,0.0,0.0,-2124164.0,-0.48855964003938535,-12.468970861020452,-12.468970861020452,170356.0,170356.0,https://www.sec.gov/Archives/edgar/data/749647/000119312506058322/0001193125-06-058322-index.htm,https://www.sec.gov/Archives/edgar/data/749647/000119312506058322/d10k.htm,1620590394,15:59:54,20210509
62,2005-09-30,CLSN,USD,2005-11-08,2005-11-08 17:17:03,Q3,3205829.0,2186640.0,1019189.0,0.317917455984084,2293562.0,810244.0,0.0,0.0,3103806.0,5290446.0,0.0,-85725.0,-2170342.0,-0.6769986795927044,-2084617.0,-0.6502583263174674,120525.0,-1953865.0,-0.6094726200305756,0.0,-1953865.0,-0.6094726200305756,-9.449906,-9.449906,170267.0,170267.0,https://www.sec.gov/Archives/edgar/data/749647/000119312505219931/0001193125-05-219931-index.htm,https://www.sec.gov/Archives/edgar/data/749647/000119312505219931/d10q.htm,1620590394,15:59:54,20210509
63,2005-06-30,CLSN,USD,2005-08-09,2005-08-09 16:37:27,Q2,2896350.0,1926707.0,969643.0,0.3347810174875274,2485328.0,1071703.0,0.0,0.0,3557031.0,5483738.0,0.0,-85352.0,-2672740.0,-0.9227959328119875,-2587388.0,-0.8933271186148083,119604.0,-2403925.0,-0.8299842905726172,0.0,-2403925.0,-0.8299842905726172,-9.449906,-9.449906,170264.0,170264.0,https://www.sec.gov/Archives/edgar/data/749647/000119312505162683/0001193125-05-162683-index.htm,https://www.sec.gov/Archives/edgar/data/749647/000119312505162683/d10q.htm,1620590394,15:59:54,20210509
64,2005-03-31,CLSN,USD,2005-05-10,2005-05-10 16:43:10,Q1,1870153.0,1271849.0,598304.0,0.31992248762534403,2218590.0,766300.0,0.0,0.0,2984890.0,4256739.0,0.0,-84986.0,-2471572.0,-1.321588126746849,-2386586.0,-1.276144786014834,-21016.0,-2203365.0,-1.1781736574494173,0.0,-2203365.0,-1.1781736574494173,-9.449906,-9.449906,170162.0,170162.0,https://www.sec.gov/Archives/edgar/data/749647/000119312505102888/0001193125-05-102888-index.htm,https://www.sec.gov/Archives/edgar/data/749647/000119312505052402/d10k.htm,1620590394,15:59:54,20210509
65,2004-12-31,CLSN,USD,2005-03-16,2005-03-16 13:31:04,Q4,1423734.0,1290084.0,133650.0,0.09387287232025084,2587557.0,846618.0,0.0,0.0,3434175.0,4724259.0,0.0,-84842.0,-3385367.0,-2.377808635601875,-3300525.0,-2.318217447922154,-377335.0,-3137199.0,-2.203500794389963,0.0,-3137199.0,-2.203500794389963,-18.436542823897227,-18.436542823897227,170162.0,170162.0,https://www.sec.gov/Archives/edgar/data/749647/000119312505052402/0001193125-05-052402-index.htm,https://www.sec.gov/Archives/edgar/data/749647/000119312505052402/d10k.htm,1620590394,15:59:54,20210509
66,2004-09-30,CLSN,USD,2004-11-15,2004-11-12 17:35:20,Q3,539549.0,436100.0,103449.0,0.1917323542440075,2973522.0,638703.0,0.0,0.0,3612225.0,4048325.0,0.0,-86447.0,-3595223.0,-6.663385531249247,-3508776.0,-6.503164680130999,132363.0,-3310583.0,-6.135833816761777,0.0,-3310583.0,-6.135833816761777,-18.899811,-18.899811,169990.0,169990.0,https://www.sec.gov/Archives/edgar/data/749647/000119312504195591/0001193125-04-195591-index.htm,https://www.sec.gov/Archives/edgar/data/749647/000119312504195591/d10q.htm,1620590394,15:59:54,20210509
67,2004-06-30,CLSN,USD,2004-06-30,2004-06-30,Q2,442945.0,307638.0,135307.0,0.30547133391278825,1386258.0,408439.0,0.0,0.0,1794697.0,2102335.0,0.0,-92945.0,-1752335.0,-3.956100644549549,-1659390.0,-3.746266466491325,129185.0,-1471586.0,-3.3222770321371726,0.0,-1471586.0,-3.3222770321371726,-9.449906,-9.449906,169633.0,169633.0,,,1620590394,15:59:54,20210509
68,2004-03-31,CLSN,USD,2004-03-31,2004-03-31,Q1,100000.0,67066.0,32934.0,0.32934,4586084.0,1577109.0,0.0,0.0,6163193.0,6230259.0,0.0,-11442.0,-6141701.0,-61.41701,-6130259.0,-61.30259,23584.0,0.0,0.0,0.0,-6065680.0,-60.6568,-37.799622,-37.799622,162140.0,162140.0,,,1620590394,15:59:54,20210509
69,2003-12-31,CLSN,USD,2003-12-31,2003-12-31,Q4,0.0,0.0,0.0,0.0,2109795.0,856968.0,0.0,0.0,2966763.0,2966763.0,0.0,31149.0,-2935614.0,0.0,-2966763.0,0.0,-5791.0,-2953834.0,0.0,0.0,-2953834.0,0.0,-18.899811,-18.899811,152544.0,152544.0,,,1620590394,15:59:54,20210509
70,2003-09-30,CLSN,USD,2003-09-30,2003-09-30,Q3,0.0,0.0,0.0,0.0,1499257.0,2219425.0,0.0,0.0,3718682.0,3718682.0,0.0,26533.0,-3692149.0,0.0,-3718682.0,0.0,0.0,0.0,0.0,0.0,-3702767.0,0.0,-24.273435861128593,-24.273435861128593,152544.0,152544.0,,,1620590394,15:59:54,20210509
71,2003-06-30,CLSN,USD,2003-06-30,2003-06-30,Q2,0.0,0.0,0.0,0.0,1929435.0,925279.0,0.0,0.0,2854714.0,2854714.0,0.0,24430.0,-2830284.0,0.0,-2854714.0,0.0,0.0,-2849466.0,0.0,0.0,-2849466.0,0.0,-28.349717,-28.349717,121282.0,121282.0,,,1620590394,15:59:54,20210509
72,2003-03-31,CLSN,USD,2003-05-15,2003-05-15,Q1,0.0,0.0,0.0,0.0,3652560.0,1141021.0,0.0,0.0,4793581.0,4793581.0,0.0,24694.0,-4768887.0,0.0,-4793581.0,0.0,0.0,-4787017.0,0.0,0.0,-4787017.0,0.0,-37.799622,-37.799622,115055.0,115055.0,https://www.sec.gov/Archives/edgar/data/749647/000100515003000937/0001005150-03-000937-index.htm,https://www.sec.gov/Archives/edgar/data/749647/000100515003000937/form10q.txt,1620590394,15:59:54,20210509
73,2002-12-31,CLSN,USD,2002-12-31,2002-12-31,Q4,0.0,0.0,0.0,0.0,1097428.0,840044.0,0.0,0.0,1937472.0,1937472.0,0.0,24875.0,-1912597.0,0.0,-1937472.0,0.0,0.0,-1934821.0,0.0,0.0,-1934821.0,0.0,-18.899811,-18.899811,100666.0,100666.0,,,1620590394,15:59:54,20210509
74,2002-09-30,CLSN,USD,2002-09-30,2002-09-30,Q3,0.0,0.0,0.0,0.0,474981.0,1306046.0,0.0,0.0,1781027.0,1781027.0,0.0,22141.0,-1758886.0,0.0,-1781027.0,0.0,40114.0,0.0,0.0,0.0,-1733554.0,0.0,-17.220849144696324,-17.220849144696324,100666.0,100666.0,,,1620590394,15:59:54,20210509
75,2002-06-30,CLSN,USD,2002-08-13 00:00:00,2002-08-13 11:53:32,Q2,0.0,0.0,0.0,0.0,1646710.0,987306.0,0.0,0.0,2634016.0,2634016.0,0.0,21205.0,-2612811.0,0.0,-2634016.0,0.0,0.0,-2622862.0,0.0,0.0,-2622862.0,0.0,-28.349717,-28.349717,95274.0,95274.0,https://www.sec.gov/Archives/edgar/data/749647/000093173102000277/0000931731-02-000277-index.html,https://www.sec.gov/Archives/edgar/data/749647/000093173102000277/celsion10q.txt,1620590394,15:59:54,20210509
76,2002-03-31,CLSN,USD,2002-05-14 00:00:00,2002-05-14 11:49:12,Q1,0.0,0.0,0.0,0.0,1759775.0,1998406.0,0.0,0.0,3758181.0,3758181.0,0.0,20550.0,-3737631.0,0.0,-3758181.0,0.0,-1825.0,-3741257.0,0.0,0.0,-3741257.0,0.0,-37.799622,-37.799622,94489.0,94489.0,https://www.sec.gov/Archives/edgar/data/749647/000093173102000179/0000931731-02-000179-index.html,https://www.sec.gov/Archives/edgar/data/749647/000093173102000179/celsion10q.txt,1620590394,15:59:54,20210509
77,2001-12-31,CLSN,USD,2001-12-31,2001-12-31,Q4,0.0,0.0,0.0,0.0,1123221.0,541247.0,0.0,0.0,1664468.0,1664468.0,0.0,18541.0,-1645927.0,0.0,-1664468.0,0.0,0.0,-1653408.0,0.0,0.0,-1653408.0,0.0,-18.899811,-18.899811,82968.0,82968.0,,,1620590394,15:59:54,20210509
78,2001-09-30,CLSN,USD,2001-12-28 00:00:00,2001-12-28 00:00:00,Q3,0.0,0.0,0.0,0.0,2273994.0,170090.0,0.0,0.0,2444084.0,2444084.0,0.0,20728.0,-2426676.0,0.0,-2447404.0,0.0,-224288.0,0.0,0.0,0.0,-2353601.0,0.0,-28.367575450776204,-28.367575450776204,82968.0,82968.0,https://www.sec.gov/Archives/edgar/data/749647/000095013301503708/0000950133-01-503708-index.html,https://www.sec.gov/Archives/edgar/data/749647/000095013301503708/w56048e10-k.txt,1620590394,15:59:54,20210509
79,2001-06-30,CLSN,USD,2001-08-14 00:00:00,2001-08-14 00:00:00,Q2,1462.0,0.0,0.0,0.0,552934.0,1127585.0,0.0,0.0,1680519.0,1680519.0,0.0,17619.0,-1661438.0,-1136.4145006839944,-1679057.0,-1148.4658002735978,62438.0,-1616619.0,-1105.7585499316006,0.0,-1616619.0,-1105.7585499316006,-18.899811,-18.899811,80969.0,80969.0,https://www.sec.gov/Archives/edgar/data/749647/000093173101500280/0000931731-01-500280-index.html,https://www.sec.gov/Archives/edgar/data/749647/000093173101500280/celsion10q.txt,1620590394,15:59:54,20210509
80,2001-03-31,CLSN,USD,2001-05-14 00:00:00,2001-05-14 00:00:00,Q1,1858.0,-15228.0,17086.0,9.195909580193756,669820.0,982792.0,0.0,0.0,1652612.0,1637384.0,0.0,15228.0,-1620298.0,-872.0656620021529,-1635526.0,-880.2615715823466,94883.0,0.0,0.0,0.0,-1555871.0,-837.3902045209903,-18.899811,-18.899811,75249.0,75249.0,https://www.sec.gov/Archives/edgar/data/749647/000093173101500134/0000931731-01-500134-index.html,https://www.sec.gov/Archives/edgar/data/749647/000093173101500134/celsion10q.txt,1620590394,15:59:54,20210509
81,2000-12-31,CLSN,USD,2001-02-07 00:00:00,2001-02-07 00:00:00,Q4,1.0,-15270.0,15271.0,15271.0,556375.0,930600.0,0.0,0.0,1502245.0,1486975.0,0.0,15270.0,-1471704.0,-1471704.0,-1486974.0,-1486974.0,0.0,0.0,0.0,0.0,-1374452.0,-1374452.0,-19.844802,-19.844802,68192.0,68192.0,https://www.sec.gov/Archives/edgar/data/749647/000093173101000037/0000931731-01-000037-index.html,https://www.sec.gov/Archives/edgar/data/749647/000093173101000037/0000931731-01-000037-0001.txt,1620590394,15:59:54,20210509
82,2000-09-30,CLSN,USD,2000-12-28 00:00:00,2000-12-28 00:00:00,Q3,-45.0,-10674.0,10629.0,-236.2,361349.0,1445331.0,0.0,0.0,1817600.0,1806926.0,0.0,10920.0,-1796051.0,39912.24444444444,-1806971.0,40154.91111111111,0.0,0.0,0.0,0.0,-1667717.0,37060.37777777778,-24.456197207883623,-24.456197207883623,68192.0,68192.0,https://www.sec.gov/Archives/edgar/data/749647/000093173100000574/0000931731-00-000574-index.html,https://www.sec.gov/Archives/edgar/data/749647/000093173100000574/0000931731-00-000574-0001.txt,1620590394,15:59:54,20210509
83,2000-06-30,CLSN,USD,2000-08-14 00:00:00,2000-08-14 00:00:00,Q2,1.0,-11476.0,11477.0,11477.0,644106.0,460233.0,0.0,0.0,1115815.0,1104339.0,0.0,11476.0,-1092862.0,-1092862.0,-1104338.0,-1104338.0,0.0,0.0,0.0,0.0,-962299.0,-962299.0,-18.899811,-18.899811,66721.0,66721.0,https://www.sec.gov/Archives/edgar/data/749647/000093173100000402/0000931731-00-000402-index.html,https://www.sec.gov/Archives/edgar/data/749647/000093173100000402/0000931731-00-000402-0001.txt,1620590394,15:59:54,20210509
84,2000-03-31,CLSN,USD,2000-05-05 00:00:00,2000-05-05 00:00:00,Q1,3464.0,-17802.0,21266.0,6.1391454965357966,355774.0,732837.0,0.0,0.0,1106413.0,1088611.0,0.0,0.0,-1135792.0,-327.8845265588915,-1085147.0,-313.2641454965358,68447.0,0.0,0.0,0.0,-1017199.0,-293.64867205542726,-18.899906,-18.899906,58329.0,58329.0,https://www.sec.gov/Archives/edgar/data/749647/000093173100000217/0000931731-00-000217-index.html,https://www.sec.gov/Archives/edgar/data/749647/0000931731-00-000217.txt,1620590394,15:59:54,20210509
85,1999-12-31,CLSN,USD,1999-12-31,1999-12-31,Q4,1.0,0.0,0.0,0.0,400000.0,500000.0,0.0,0.0,900000.0,900000.0,0.0,0.0,-899999.0,-899999.0,-899999.0,-899999.0,0.0,0.0,0.0,0.0,-900000.0,-900000.0,-15.119849,-15.119849,56967.0,56967.0,,,1620590394,15:59:54,20210509
86,1999-09-30,CLSN,USD,1999-09-30,1999-09-30,Q3,100000.0,0.0,0.0,0.0,316396.0,546530.0,0.0,0.0,862926.0,862926.0,0.0,0.0,-762926.0,-7.62926,-762926.0,-7.62926,0.0,0.0,0.0,0.0,-811535.0,-8.11535,-14.245703652992082,-14.245703652992082,56967.0,56967.0,,,1620590394,15:59:54,20210509
87,1999-06-30,CLSN,USD,1999-06-30,1999-06-30,Q2,0.0,0.0,0.0,0.0,219976.0,207168.0,0.0,0.0,427144.0,427144.0,0.0,10000.0,-417144.0,0.0,-427144.0,0.0,0.0,-427571.0,0.0,0.0,-427571.0,0.0,-9.449906,-9.449906,49645.0,49645.0,,,1620590394,15:59:54,20210509
88,1999-03-31,CLSN,USD,1999-03-31,1999-03-31,Q1,0.0,0.0,0.0,0.0,300000.0,290000.0,0.0,0.0,590000.0,590000.0,-30000.0,0.0,-640000.0,0.0,-590000.0,0.0,0.0,-610000.0,0.0,0.0,-610000.0,0.0,-12.2,-12.2,50000.0,50000.0,,,1620590394,15:59:54,20210509
89,1998-12-31,CLSN,USD,1999-02-12 00:00:00,1999-02-12 00:00:00,Q4,0.0,0.0,0.0,0.0,170000.0,360000.0,0.0,0.0,530000.0,530000.0,-20000.0,10000.0,-520000.0,0.0,-530000.0,0.0,0.0,-550000.0,0.0,0.0,-550000.0,0.0,-13.75,-13.75,40000.0,40000.0,https://www.sec.gov/Archives/edgar/data/749647/000093173199000078/0000931731-99-000078-index.html,https://www.sec.gov/Archives/edgar/data/749647/0000931731-99-000078.txt,1620590394,15:59:54,20210509
90,1998-09-30,CLSN,USD,1998-09-30,1998-09-30,Q3,60000.0,90000.0,-30000.0,-0.5,280000.0,240000.0,0.0,0.0,520000.0,610000.0,-140000.0,0.0,-820000.0,-13.666667,-540000.0,-9.0,10000.0,-680000.0,-11.333333333333334,0.0,-680000.0,-11.333333333333334,-17.0,-17.0,40000.0,40000.0,,,1620590394,15:59:54,20210509
91,1998-06-30,CLSN,USD,1998-08-17 00:00:00,1998-08-17 00:00:00,Q2,0.0,0.0,0.0,0.0,700000.0,900000.0,0.0,0.0,1600000.0,1600000.0,-10000.0,10000.0,-1590000.0,0.0,-1600000.0,0.0,0.0,-1610000.0,0.0,0.0,-1610000.0,0.0,-40.25,-40.25,40000.0,40000.0,https://www.sec.gov/Archives/edgar/data/749647/000093173198000248/0000931731-98-000248-index.html,https://www.sec.gov/Archives/edgar/data/749647/0000931731-98-000248.txt,1620590394,15:59:54,20210509
92,1998-03-31,CLSN,USD,1998-05-15 00:00:00,1998-05-15 00:00:00,Q1,110000.0,50000.0,60000.0,0.5454545454545454,460000.0,660000.0,0.0,0.0,1110000.0,1160000.0,-10000.0,10000.0,-1040000.0,-9.454545454545455,-1050000.0,-9.545454545454545,0.0,-1060000.0,-9.636363636363637,0.0,-1060000.0,-9.636363636363637,-26.5,-26.5,40000.0,40000.0,https://www.sec.gov/Archives/edgar/data/749647/000093173198000156/0000931731-98-000156-index.html,https://www.sec.gov/Archives/edgar/data/749647/0000931731-98-000156.txt,1620590394,15:59:54,20210509
93,1997-12-31,CLSN,USD,1997-12-31,1997-12-31,Q4,0.0,0.0,0.0,0.0,100000.0,730000.0,0.0,0.0,830000.0,830000.0,-40000.0,0.0,-900000.0,0.0,-830000.0,0.0,10000.0,-860000.0,0.0,0.0,-860000.0,0.0,-28.66667,-28.66667,30000.0,30000.0,,,1620590394,15:59:54,20210509
94,1997-09-30,CLSN,USD,1997-12-29 00:00:00,1997-12-29 00:00:00,Q3,0.0,0.0,0.0,0.0,40000.0,580000.0,0.0,0.0,620000.0,620000.0,-70000.0,0.0,-1210000.0,0.0,-610000.0,0.0,-470000.0,-1140000.0,0.0,0.0,-1140000.0,0.0,-28.5,-28.5,40000.0,40000.0,https://www.sec.gov/Archives/edgar/data/749647/000093173197000292/0000931731-97-000292-index.html,https://www.sec.gov/Archives/edgar/data/749647/0000931731-97-000292.txt,1620590394,15:59:54,20210509
95,1997-06-30,CLSN,USD,1997-08-19 00:00:00,1997-08-19 00:00:00,Q2,0.0,0.0,0.0,0.0,100000.0,730000.0,0.0,0.0,840000.0,840000.0,-40000.0,10000.0,-820000.0,0.0,-830000.0,0.0,10000.0,-870000.0,0.0,0.0,-870000.0,0.0,-29.0,-29.0,30000.0,30000.0,https://www.sec.gov/Archives/edgar/data/749647/000074964797000012/0000749647-97-000012-index.html,https://www.sec.gov/Archives/edgar/data/749647/0000749647-97-000012.txt,1620590394,15:59:54,20210509
96,1997-03-31,CLSN,USD,1997-05-19 00:00:00,1997-05-19 00:00:00,Q1,20000.0,10000.0,10000.0,0.5,0.0,580000.0,0.0,0.0,580000.0,590000.0,-40000.0,10000.0,-560000.0,-28.0,-570000.0,-28.5,10000.0,-600000.0,-30.0,0.0,-600000.0,-30.0,-20.0,-20.0,30000.0,30000.0,https://www.sec.gov/Archives/edgar/data/749647/000074964797000009/0000749647-97-000009-index.html,https://www.sec.gov/Archives/edgar/data/749647/0000749647-97-000009.txt,1620590394,15:59:54,20210509
97,1996-12-31,CLSN,USD,1996-12-31,1996-12-31,Q4,90000.0,30000.0,60000.0,0.6666666666666666,40000.0,400000.0,0.0,0.0,439999.99999999994,469999.99999999994,-40000.0,0.0,-480000.0,-5.333333,-380000.0,-4.222222222222222,-20000.0,-440000.0,-4.888888888888889,0.0,-440000.0,-4.888888888888889,-14.66667,-14.66667,30000.0,30000.0,,,1620590394,15:59:54,20210509
98,1996-09-30,CLSN,USD,1996-12-12 00:00:00,1996-12-12 00:00:00,Q3,0.0,40000.0,-40000.0,0.0,90000.0,560000.0,0.0,0.0,640000.0,680000.0,-20000.0,10000.0,-670000.0,0.0,-680000.0,0.0,-450000.0,-1150000.0,0.0,0.0,-1150000.0,0.0,-19.16667,-19.16667,60000.0,60000.0,https://www.sec.gov/Archives/edgar/data/749647/000093173196000366/0000931731-96-000366-index.html,https://www.sec.gov/Archives/edgar/data/749647/0000931731-96-000366.txt,1620590394,15:59:54,20210509
