,date,symbol,reportedCurrency,fillingDate,acceptedDate,period,revenue,costOfRevenue,grossProfit,grossProfitRatio,researchAndDevelopmentExpenses,generalAndAdministrativeExpenses,sellingAndMarketingExpenses,otherExpenses,operatingExpenses,costAndExpenses,interestExpense,depreciationAndAmortization,ebitda,ebitdaratio,operatingIncome,operatingIncomeRatio,totalOtherIncomeExpensesNet,incomeBeforeTax,incomeBeforeTaxRatio,incomeTaxExpense,netIncome,netIncomeRatio,eps,epsdiluted,weightedAverageShsOut,weightedAverageShsOutDil,link,finalLink,timestamp,est_time,est_date
0,2018-06-30,CPLA,USD,2018-08-01 00:00:00,2018-08-01 07:27:51,Q2,111563000,49350000.0,62213000.0,0.5576490413488343,0.0,18522000.0,27739000.0,695000.0,46261000.0,95611000.0,0.0,4793000.0,20745000.0,0.1859487464481952,15952000.0,0.1429864740102005,-178000.0,15774000.0,0.14139096295366743,3984000.0,11790000.0,0.10568019863216299,1.01,0.99,11703000.0,11963000,https://www.sec.gov/Archives/edgar/data/1104349/000110434918000016/0001104349-18-000016-index.html,https://www.sec.gov/Archives/edgar/data/1104349/000110434918000016/cpla_63018x10-q.htm,1620590617,16:03:37,20210509
1,2018-03-31,CPLA,USD,2018-05-02 00:00:00,2018-05-02 07:05:39,Q1,111967000,48432000.0,63535000.0,0.5674439790295355,0.0,9879000.0,35208000.0,496000.0,45087000.0,93519000.0,0.0,4845000.0,23293000.0,0.20803451016817456,18448000.0,0.1647628319058294,-26000.0,18422000.0,0.16453062062929255,4575000.0,13847000.0,0.12367036716175302,1.19,1.16,11645000.0,11950000,https://www.sec.gov/Archives/edgar/data/1104349/000110434918000012/0001104349-18-000012-index.html,https://www.sec.gov/Archives/edgar/data/1104349/000110434918000012/cpla_33118x10-q.htm,1620590617,16:03:37,20210509
2,2017-12-31,CPLA,USD,2018-03-01 00:00:00,2018-03-01 16:13:06,Q4,112032000,48679000.0,63353000.0,0.565490217080834,0.0,17127000.0,27901000.0,0.0,45028000.0,93707000.0,0.0,4782000.0,23107000.0,0.20625357040845474,18325000.0,0.1635693373321908,-19564000.0,-1239000.0,-0.011059340188517567,6031000.0,-7270000.0,-0.06489217366466724,-0.63,-0.63,11628000.0,11628000,https://www.sec.gov/Archives/edgar/data/1104349/000110434918000006/0001104349-18-000006-index.html,https://www.sec.gov/Archives/edgar/data/1104349/000110434918000006/form10-k2017.htm,1620590617,16:03:37,20210509
3,2017-09-30,CPLA,USD,2017-10-30 00:00:00,2017-10-30 06:28:30,Q3,107007000,49621000.0,57386000.0,0.5362826730961526,0.0,16964000.0,26660000.0,0.0,43624000.0,93245000.0,0.0,4824000.0,18586000.0,0.17368957171026195,13762000.0,0.12860840879568627,229000.0,13991000.0,0.13074845570850505,5237000.0,8754000.0,0.08180773220443523,0.75,0.73,11659000.0,11936000,https://www.sec.gov/Archives/edgar/data/1104349/000110434917000035/0001104349-17-000035-index.html,https://www.sec.gov/Archives/edgar/data/1104349/000110434917000035/cpla_93017x10-q.htm,1620590617,16:03:37,20210509
4,2017-06-30,CPLA,USD,2017-07-25 00:00:00,2017-07-25 07:53:10,Q2,109584000,48369000.0,61215000.0,0.5586125711782742,0.0,18536000.0,27308000.0,0.0,45844000.0,94213000.0,0.0,4986000.0,20357000.0,0.1857661702438312,15371000.0,0.1402668272740546,56000.0,15427000.0,0.14077785078113594,4672000.0,10755000.0,0.09814388961892247,0.92,0.9,11644000.0,11992000,https://www.sec.gov/Archives/edgar/data/1104349/000110434917000029/0001104349-17-000029-index.html,https://www.sec.gov/Archives/edgar/data/1104349/000110434917000029/cpla_63017x10-q.htm,1620590617,16:03:37,20210509
5,2017-03-31,CPLA,USD,2017-04-25 00:00:00,2017-04-25 07:32:57,Q1,111788000,48412000.0,63376000.0,0.5669302608508964,0.0,18250000.0,27525000.0,0.0,45775000.0,94187000.0,0.0,5126000.0,22727000.0,0.20330446917379325,17601000.0,0.15744981572261782,107000.0,17708000.0,0.15840698464951516,6537000.0,11266000.0,0.10078004794790138,0.97,0.94,11559000.0,11936000,https://www.sec.gov/Archives/edgar/data/1104349/000110434917000015/0001104349-17-000015-index.html,https://www.sec.gov/Archives/edgar/data/1104349/000110434917000015/cpla_33117x10-q.htm,1620590617,16:03:37,20210509
6,2016-12-31,CPLA,USD,2017-02-22 00:00:00,2017-02-22 16:14:43,Q4,111308000,47526000.0,63782000.0,0.5730226039458081,0.0,18203000.0,27319000.0,0.0,45522000.0,93048000.0,0.0,5592000.0,23852000.0,0.21428828116577425,18260000.0,0.16404930463219175,98000.0,18358000.0,0.16492974449275882,6891000.0,11426000.0,0.10265210047795306,0.99,0.97,11517000.0,11812000,https://www.sec.gov/Archives/edgar/data/1104349/000110434917000008/0001104349-17-000008-index.html,https://www.sec.gov/Archives/edgar/data/1104349/000110434917000008/form10-k2016.htm,1620590617,16:03:37,20210509
7,2016-09-30,CPLA,USD,2016-10-25 00:00:00,2016-10-25 07:43:59,Q3,105909000,47656000.0,58253000.0,0.5500287983079813,0.0,17567000.0,25338000.0,0.0,42905000.0,90561000.0,0.0,5402000.0,20750000.0,0.1959229149552918,15348000.0,0.1449168625895816,46000.0,15394000.0,0.14535119772634997,5807000.0,12550000.0,0.11849795579223674,1.09,1.06,11538000.0,11790000,https://www.sec.gov/Archives/edgar/data/1104349/000110434916000066/0001104349-16-000066-index.html,https://www.sec.gov/Archives/edgar/data/1104349/000110434916000066/cpla_93016x10-q.htm,1620590617,16:03:37,20210509
8,2016-06-30,CPLA,USD,2016-07-26 00:00:00,2016-07-26 07:12:03,Q2,106725000,45502000.0,61223000.0,0.5736519091122043,0.0,18229000.0,24922000.0,0.0,43151000.0,88653000.0,0.0,5140000.0,23212000.0,0.2174935582103537,18072000.0,0.16933239634574843,42000.0,18114000.0,0.16972593113141252,7040000.0,9695000.0,0.09084094635746076,0.83,0.82,11648000.0,11872000,https://www.sec.gov/Archives/edgar/data/1104349/000110434916000058/0001104349-16-000058-index.html,https://www.sec.gov/Archives/edgar/data/1104349/000110434916000058/cpla_63016x10-q.htm,1620590617,16:03:37,20210509
9,2016-03-31,CPLA,USD,2016-04-26 00:00:00,2016-04-26 07:14:54,Q1,105448000,45311000.0,60137000.0,0.5703000531067446,0.0,17731000.0,25879000.0,0.0,43610000.0,88921000.0,0.0,5209000.0,21736000.0,0.20613003565738564,16527000.0,0.15673127987254382,-9000.0,16518000.0,0.15664592974736363,6242000.0,9298000.0,0.0881761626583719,0.79,0.78,11755000.0,11953000,https://www.sec.gov/Archives/edgar/data/1104349/000110434916000049/0001104349-16-000049-index.html,https://www.sec.gov/Archives/edgar/data/1104349/000110434916000049/cpla_33116x10-q.htm,1620590617,16:03:37,20210509
10,2015-12-31,CPLA,USD,2016-02-18 00:00:00,2016-02-18 16:34:11,Q4,109475000,47201000.0,62274000.0,0.5688422014158484,0.0,17349000.0,25255000.0,0.0,42604000.0,89805000.0,0.0,5647000.0,25317000.0,0.23125827814569536,19670000.0,0.1796757250513816,-150000.0,19520000.0,0.1783055492121489,7872000.0,11648000.0,0.10639872116921671,0.98,0.96,11881000.0,12087000,https://www.sec.gov/Archives/edgar/data/1104349/000110434916000042/0001104349-16-000042-index.html,https://www.sec.gov/Archives/edgar/data/1104349/000110434916000042/form10-k2015.htm,1620590617,16:03:37,20210509
11,2015-09-30,CPLA,USD,2015-10-27 00:00:00,2015-10-27 07:31:29,Q3,103711000,48221000.0,55490000.0,0.5350444986549161,0.0,16162000.0,25860000.0,0.0,42022000.0,90243000.0,0.0,5793000.0,19261000.0,0.18571800484037373,13468000.0,0.12986086336068497,24000.0,13492000.0,0.13009227565060602,5320000.0,8172000.0,0.0787958847181109,0.68,0.67,12027000.0,12237000,https://www.sec.gov/Archives/edgar/data/1104349/000110434915000035/0001104349-15-000035-index.html,https://www.sec.gov/Archives/edgar/data/1104349/000110434915000035/cpla_93015x10-q.htm,1620590617,16:03:37,20210509
12,2015-06-30,CPLA,USD,2015-07-28 00:00:00,2015-07-28 07:28:40,Q2,108007000,47369000.0,60638000.0,0.5614265742035238,0.0,17725000.0,25798000.0,0.0,43523000.0,90892000.0,0.0,5731000.0,22846000.0,0.2115233271917561,17115000.0,0.15846195154017795,54000.0,17169000.0,0.1589619191348709,6838000.0,10331000.0,0.09565120779208755,0.85,0.83,12187000.0,12400000,https://www.sec.gov/Archives/edgar/data/1104349/000110434915000028/0001104349-15-000028-index.html,https://www.sec.gov/Archives/edgar/data/1104349/000110434915000028/cpla_63015x10-q.htm,1620590617,16:03:37,20210509
13,2015-03-31,CPLA,USD,2015-04-28 00:00:00,2015-04-28 07:17:09,Q1,109074000,47061000.0,62013000.0,0.5685406237966885,0.0,17733000.0,27500000.0,0.0,45233000.0,92294000.0,0.0,5502000.0,22282000.0,0.204283330582907,16780000.0,0.1538405119460183,-146000.0,16634000.0,0.15250197113885985,6597000.0,10037000.0,0.09202009644828282,0.82,0.8,12228000.0,12485000,https://www.sec.gov/Archives/edgar/data/1104349/000110434915000017/0001104349-15-000017-index.html,https://www.sec.gov/Archives/edgar/data/1104349/000110434915000017/cpla_033115x10-q.htm,1620590617,16:03:37,20210509
14,2014-12-31,CPLA,USD,2015-02-19,2015-02-19 16:26:03,Q4,108442000,45530000.0,62912000.0,0.5801442245624389,0.0,17193000.0,25407000.0,0.0,42600000.0,88130000.0,0.0,5782000.0,26094000.0,0.24062632559340477,20312000.0,0.18730750078382916,-166000.0,20146000.0,0.18577672857379982,7821000.0,12325000.0,0.11365522583500857,1.01,0.99,12242000.0,12508000,https://www.sec.gov/Archives/edgar/data/1104349/000110434915000009/0001104349-15-000009-index.htm,https://www.sec.gov/Archives/edgar/data/1104349/000110434915000009/form10-k2014.htm,1620590617,16:03:37,20210509
15,2014-09-30,CPLA,USD,2014-10-28 00:00:00,2014-10-28 07:18:18,Q3,103097000,47143000.0,55954000.0,0.5427316022774669,0.0,17269000.0,25509000.0,0.0,42778000.0,89921000.0,0.0,5960000.0,19136000.0,0.18561160848521296,13176000.0,0.12780197289930842,-46000.0,13130000.0,0.12735579114814205,5373000.0,7757000.0,0.07523982269125193,0.63,0.62,12268000.0,12505000,https://www.sec.gov/Archives/edgar/data/1104349/000110434914000052/0001104349-14-000052-index.html,https://www.sec.gov/Archives/edgar/data/1104349/000110434914000052/cpla_093014x10-q.htm,1620590617,16:03:37,20210509
16,2014-06-30,CPLA,USD,2014-07-29 00:00:00,2014-07-29 07:04:52,Q2,104832000,45530000.0,59302000.0,0.5656860500610501,0.0,20725000.0,23113000.0,0.0,43838000.0,89368000.0,0.0,5888000.0,21352000.0,0.20367826617826618,15464000.0,0.14751221001221002,-171000.0,15293000.0,0.1458810286935287,6249000.0,9044000.0,0.08627136752136752,0.74,0.72,12293000.0,12518000,https://www.sec.gov/Archives/edgar/data/1104349/000110434914000037/0001104349-14-000037-index.html,https://www.sec.gov/Archives/edgar/data/1104349/000110434914000037/cpla_063014x10-q.htm,1620590617,16:03:37,20210509
17,2014-03-31,CPLA,USD,2014-04-29 00:00:00,2014-04-29 07:13:53,Q1,105596000,47300000.0,58296000.0,0.552066366150233,0.0,17392000.0,25761000.0,0.0,43153000.0,90453000.0,0.0,6168000.0,21311000.0,0.20181635668017728,15143000.0,0.14340505322171293,-342000.0,14801000.0,0.14016629417780976,5984000.0,8817000.0,0.08349748096518808,0.71,0.7,12342000.0,12612000,https://www.sec.gov/Archives/edgar/data/1104349/000110434914000024/0001104349-14-000024-index.html,https://www.sec.gov/Archives/edgar/data/1104349/000110434914000024/cpla_33114x10-q.htm,1620590617,16:03:37,20210509
18,2013-12-31,CPLA,USD,2014-02-20,2014-02-20 16:54:58,Q4,105985000,45906000.0,60079000.0,0.5668632353634948,0.0,17245000.0,26107000.0,0.0,43352000.0,89258000.0,0.0,6160000.0,22887000.0,0.21594565268670096,16727000.0,0.15782422040854838,284000.0,17011000.0,0.16050384488370995,6995000.0,10016000.0,0.09450393923668443,0.81,0.79,12383000.0,12697000,https://www.sec.gov/Archives/edgar/data/1104349/000110434914000011/0001104349-14-000011-index.htm,https://www.sec.gov/Archives/edgar/data/1104349/000110434914000011/form10-k2013.htm,1620590617,16:03:37,20210509
19,2013-09-30,CPLA,USD,2013-10-22 00:00:00,2013-10-22 07:11:43,Q3,100703000,45984000.0,54719000.0,0.5433701081397774,0.0,17720000.0,26489000.0,0.0,44209000.0,90193000.0,0.0,6121000.0,16631000.0,0.16514900251233827,10510000.0,0.10436630487671668,-238000.0,10272000.0,0.10200291947608313,4262000.0,6010000.0,0.059680446461376525,0.4849120542197838,0.47732507346517355,12394000.0,12591000,https://www.sec.gov/Archives/edgar/data/1104349/000110434913000033/0001104349-13-000033-index.html,https://www.sec.gov/Archives/edgar/data/1104349/000110434913000033/cpla_93013x10-q.htm,1620590617,16:03:37,20210509
20,2013-06-30,CPLA,USD,2013-07-23 00:00:00,2013-07-23 07:04:42,Q2,103693000,44900000.0,58793000.0,0.5669910215732981,0.0,17227000.0,24101000.0,0.0,41328000.0,86228000.0,0.0,6466000.0,23931000.0,0.23078703480466375,17465000.0,0.1684298843702082,-25000.0,17440000.0,0.16818878805705303,7018000.0,10422000.0,0.10050823102813111,0.84,0.83,12394000.0,12498000,https://www.sec.gov/Archives/edgar/data/1104349/000110434913000026/0001104349-13-000026-index.html,https://www.sec.gov/Archives/edgar/data/1104349/000110434913000026/cpla_63013x10-q.htm,1620590617,16:03:37,20210509
21,2013-03-31,CPLA,USD,2013-04-23 00:00:00,2013-04-23 07:13:04,Q1,105242000,46967000.0,58275000.0,0.5537237984834952,0.0,17599000.0,25501000.0,0.0,43100000.0,90067000.0,0.0,7130000.0,22305000.0,0.21194009996009197,15175000.0,0.14419148248798008,-200000.0,14975000.0,0.14229110051120275,6220000.0,8755000.0,0.08318922103342771,0.71,0.7,12393000.0,12478000,https://www.sec.gov/Archives/edgar/data/1104349/000110434913000020/0001104349-13-000020-index.html,https://www.sec.gov/Archives/edgar/data/1104349/000110434913000020/cpla_33113x10-q.htm,1620590617,16:03:37,20210509
22,2012-12-31,CPLA,USD,2013-02-21 00:00:00,2013-02-21 16:05:31,Q4,107001000,49388000.0,57613000.0,0.5384342202409323,0.0,18230000.0,24276000.0,0.0,42506000.0,91894000.0,0.0,7534000.0,22641000.0,0.21159615330697845,15107000.0,0.14118559639629535,-41000.0,15066000.0,0.14080242240726723,6417000.0,8649000.0,0.08083102027083859,0.69,0.68,12575000.0,12645000,https://www.sec.gov/Archives/edgar/data/1104349/000110434913000012/0001104349-13-000012-index.html,https://www.sec.gov/Archives/edgar/data/1104349/000110434913000012/form10-k2012.htm,1620590617,16:03:37,20210509
23,2012-09-30,CPLA,USD,2012-10-23 00:00:00,2012-10-23 07:09:59,Q3,99309000,44398000.0,54911000.0,0.5529307514928153,0.0,13664000.0,32964000.0,0.0,46628000.0,91026000.0,0.0,7318000.0,15601000.0,0.1570955301130814,8283000.0,0.08340633779415763,-21000.0,8262000.0,0.08319487659728725,3139000.0,5123000.0,0.05158646245556797,0.3948666563897025,0.39307910688252895,12974000.0,13033000,https://www.sec.gov/Archives/edgar/data/1104349/000110434912000023/0001104349-12-000023-index.html,https://www.sec.gov/Archives/edgar/data/1104349/000110434912000023/cpla_9302012x10-q.htm,1620590617,16:03:37,20210509
24,2012-06-30,CPLA,USD,2012-07-24 00:00:00,2012-07-24 07:04:25,Q2,106180000,45022000.0,61158000.0,0.5759841778112639,0.0,10399000.0,32703000.0,0.0,43102000.0,88124000.0,0.0,7182000.0,25238000.0,0.237690713882087,18056000.0,0.1700508570352232,60000.0,18116000.0,0.17061593520436993,6704000.0,11412000.0,0.10747786777170842,0.8536165756601092,0.8500558659217877,13369000.0,13425000,https://www.sec.gov/Archives/edgar/data/1104349/000110434912000013/0001104349-12-000013-index.html,https://www.sec.gov/Archives/edgar/data/1104349/000110434912000013/cpla_6302012x10-q.htm,1620590617,16:03:37,20210509
25,2012-03-31,CPLA,USD,2012-04-24,2012-04-24 07:16:11,Q1,109400000,46770000.0,62630000.0,0.5724862888482632,0.0,11823000.0,32870000.0,0.0,44693000.0,91463000.0,0.0,7221000.0,25158000.0,0.229963436928702,17937000.0,0.16395795246800732,-43000.0,17894000.0,0.16356489945155392,6787000.0,11293000.0,0.10322669104204753,0.8234650721890039,0.8193426685046796,13714000.0,13783000,https://www.sec.gov/Archives/edgar/data/1104349/000144530512001143/0001445305-12-001143-index.htm,https://www.sec.gov/Archives/edgar/data/1104349/000144530512001143/cpla_3312012x10-q.htm,1620590617,16:03:37,20210509
26,2011-12-31,CPLA,USD,2012-02-23 00:00:00,2012-02-23 17:29:15,Q4,109982000,44281000.0,65701000.0,0.5973795712025605,0.0,14607000.0,32220000.0,0.0,46827000.0,91108000.0,0.0,6796000.0,25670000.0,0.23340182939026385,18874000.0,0.17160989980178576,337000.0,19211000.0,0.17467403756978414,7333000.0,12056000.0,0.10961793748067866,0.879101647950999,0.879101647950999,13714000.0,13714000,https://www.sec.gov/Archives/edgar/data/1104349/000119312512075664/0001193125-12-075664-index.html,https://www.sec.gov/Archives/edgar/data/1104349/000119312512075664/d265155d10k.htm,1620590617,16:03:37,20210509
27,2011-09-30,CPLA,USD,2011-10-25 00:00:00,2011-10-25 07:23:20,Q3,102306000,42523000.0,59783000.0,0.5843547788008523,0.0,11253000.0,33673000.0,0.0,44926000.0,87449000.0,0.0,6319000.0,21176000.0,0.20698688248978556,14857000.0,0.14522119914765508,477000.0,15334000.0,0.14988368228647392,5549000.0,9934000.0,0.09710085429984557,0.6620018659202985,0.6595405656619306,15006000.0,15062000,https://www.sec.gov/Archives/edgar/data/1104349/000119312511279434/0001193125-11-279434-index.html,https://www.sec.gov/Archives/edgar/data/1104349/000119312511279434/d236498d10q.htm,1620590617,16:03:37,20210509
28,2011-06-30,CPLA,USD,2011-07-26 00:00:00,2011-07-26 07:18:23,Q2,106400000,42506000.0,63894000.0,0.6005075187969925,0.0,9173000.0,30818000.0,0.0,39991000.0,82497000.0,0.0,5723000.0,29626000.0,0.27843984962406015,23903000.0,0.22465225563909774,472000.0,24375000.0,0.22908834586466165,8996000.0,15515000.0,0.14581766917293232,1.0,0.99,15589000.0,15666000,https://www.sec.gov/Archives/edgar/data/1104349/000119312511196756/0001193125-11-196756-index.html,https://www.sec.gov/Archives/edgar/data/1104349/000119312511196756/d10q.htm,1620590617,16:03:37,20210509
29,2011-03-31,CPLA,USD,2011-04-26 00:00:00,2011-04-26 07:13:42,Q1,111354000,42499000.0,68855000.0,0.6183433015428274,0.0,9205000.0,35321000.0,0.0,46388000.0,88887000.0,0.0,5327000.0,27794000.0,0.2496003735833468,22467000.0,0.2017619483808395,525000.0,22992000.0,0.20647664206045585,8492000.0,14609000.0,0.13119420945812454,0.9027932270423927,0.8968078575813383,16182000.0,16290000,https://www.sec.gov/Archives/edgar/data/1104349/000119312511108568/0001193125-11-108568-index.html,https://www.sec.gov/Archives/edgar/data/1104349/000119312511108568/d10q.htm,1620590617,16:03:37,20210509
30,2010-12-31,CPLA,USD,2011-02-25,2011-02-25 15:31:12,Q4,114723000,42035000.0,72688000.0,0.6335957044359021,0.0,12103000.0,32288000.0,0.0,44391000.0,86426000.0,0.0,5010000.0,33307000.0,0.29032539246707284,28297000.0,0.246654986358446,508000.0,28805000.0,0.25108304350478977,10840000.0,18056000.0,0.1573877949495742,1.1158076875540723,1.1158076875540723,16182000.0,16182000,https://www.sec.gov/Archives/edgar/data/1104349/000119312511047299/0001193125-11-047299-index.htm,https://www.sec.gov/Archives/edgar/data/1104349/000119312511047299/d10k.htm,1620590617,16:03:37,20210509
31,2010-09-30,CPLA,USD,2010-10-26 00:00:00,2010-10-26 07:14:50,Q3,105010000,43035000.0,61975000.0,0.5901818874392915,0.0,11384000.0,29584000.0,0.0,40968000.0,84003000.0,0.0,4855000.0,25862000.0,0.24628130654223407,21007000.0,0.20004761451290354,504000.0,21511000.0,0.20484715741357967,8033000.0,13478000.0,0.12834968098276356,0.81,0.8,16634000.0,16807000,https://www.sec.gov/Archives/edgar/data/1104349/000119312510236124/0001193125-10-236124-index.html,https://www.sec.gov/Archives/edgar/data/1104349/000119312510236124/d10q.htm,1620590617,16:03:37,20210509
32,2010-06-30,CPLA,USD,2010-07-27 00:00:00,2010-07-27 07:11:39,Q2,105157000,41286000.0,63871000.0,0.6073870498397634,0.0,12803000.0,28586000.0,0.0,41389000.0,82675000.0,0.0,4649000.0,27131000.0,0.25800469773766843,22482000.0,0.21379461186606694,528000.0,23010000.0,0.21881567560885154,8436000.0,14574000.0,0.13859277080936125,0.87,0.86,16771000.0,17010000,https://www.sec.gov/Archives/edgar/data/1104349/000119312510166683/0001193125-10-166683-index.html,https://www.sec.gov/Archives/edgar/data/1104349/000119312510166683/d10q.htm,1620590617,16:03:37,20210509
33,2010-03-31,CPLA,USD,2010-04-27 00:00:00,2010-04-27 07:20:43,Q1,101233000,37875000.0,63358000.0,0.6258631078798416,0.0,10174000.0,29969000.0,0.0,40143000.0,78018000.0,0.0,3998000.0,27213000.0,0.26881550482550154,23215000.0,0.22932245414044827,498000.0,23713000.0,0.23424179862297867,8551000.0,15162000.0,0.14977329526932917,0.9,0.89,16781000.0,17046000,https://www.sec.gov/Archives/edgar/data/1104349/000119312510094052/0001193125-10-094052-index.html,https://www.sec.gov/Archives/edgar/data/1104349/000119312510094052/d10q.htm,1620590617,16:03:37,20210509
34,2009-12-31,CPLA,USD,2010-02-24 00:00:00,2010-02-24 13:27:38,Q4,94543000,35835000.0,58708000.0,0.6209661212358398,0.0,9472000.0,26300000.0,0.0,35772000.0,71607000.0,0.0,3892000.0,26828000.0,0.28376505928519297,22936000.0,0.24259860592534613,467000.0,23403000.0,0.24753815724062067,8393000.0,15010000.0,0.15876373713548333,0.8944639771169776,0.8944639771169776,16781000.0,16781000,https://www.sec.gov/Archives/edgar/data/1104349/000119312510038604/0001193125-10-038604-index.html,https://www.sec.gov/Archives/edgar/data/1104349/000119312510038604/d10k.htm,1620590617,16:03:37,20210509
35,2009-09-30,CPLA,USD,2009-10-27 00:00:00,2009-10-27 07:08:28,Q3,83569000,34819000.0,48750000.0,0.5833502853929089,0.0,9279000.0,24927000.0,0.0,34206000.0,69025000.0,0.0,3785000.0,18329000.0,0.21932774114803336,14544000.0,0.1740358266821429,529000.0,15073000.0,0.18036592516363723,5290000.0,9783000.0,0.1170649403486939,0.59,0.57,16718000.0,17022000,https://www.sec.gov/Archives/edgar/data/1104349/000119312509214324/0001193125-09-214324-index.html,https://www.sec.gov/Archives/edgar/data/1104349/000119312509214324/d10q.htm,1620590617,16:03:37,20210509
36,2009-06-30,CPLA,USD,2009-07-28 00:00:00,2009-07-28 07:14:25,Q2,80096000,33550000.0,46546000.0,0.5811276468238115,0.0,8719000.0,23573000.0,0.0,32292000.0,65842000.0,0.0,3545000.0,17799000.0,0.2222208349980024,14254000.0,0.17796144626448263,702000.0,14956000.0,0.1867259288853376,5416000.0,9540000.0,0.11910707151418298,0.57,0.56,16708000.0,17045000,https://www.sec.gov/Archives/edgar/data/1104349/000119312509156372/0001193125-09-156372-index.html,https://www.sec.gov/Archives/edgar/data/1104349/000119312509156372/d10q.htm,1620590617,16:03:37,20210509
37,2009-03-31,CPLA,USD,2009-04-30 00:00:00,2009-04-30 07:13:32,Q1,76435000,31082000.0,45353000.0,0.5933538300516779,0.0,8333000.0,24832000.0,0.0,33165000.0,64247000.0,0.0,3311000.0,15499000.0,0.20277359848237064,12188000.0,0.1594557467128933,686000.0,12874000.0,0.16843069274547,4538000.0,8336000.0,0.10905998560868713,0.5,0.49,16694000.0,17046000,https://www.sec.gov/Archives/edgar/data/1104349/000119312509092984/0001193125-09-092984-index.html,https://www.sec.gov/Archives/edgar/data/1104349/000119312509092984/d10q.htm,1620590617,16:03:37,20210509
38,2008-12-31,CPLA,USD,2009-02-25 00:00:00,2009-02-25 13:46:14,Q4,75756000,30919000.0,44837000.0,0.5918607107027826,0.0,28447000.0,0.0,0.0,28447000.0,59366000.0,0.0,1816000.0,18206000.0,0.24032419874333386,16390000.0,0.21635250013200275,825000.0,17215000.0,0.22724272664871428,6049000.0,11166000.0,0.14739426580072865,0.6688630645740985,0.6688630645740985,16694000.0,16694000,https://www.sec.gov/Archives/edgar/data/1104349/000119312509037219/0001193125-09-037219-index.html,https://www.sec.gov/Archives/edgar/data/1104349/000119312509037219/d10k.htm,1620590617,16:03:37,20210509
39,2008-09-30,CPLA,USD,2008-11-06 00:00:00,2008-11-06 07:19:44,Q3,65239000,29568000.0,35671000.0,0.5467741688253959,0.0,27735000.0,0.0,0.0,27735000.0,57303000.0,0.0,3631000.0,11567000.0,0.17730192063029782,7936000.0,0.12164502828062969,839000.0,8775000.0,0.13450543386624564,2999000.0,5776000.0,0.08853599840586153,0.35,0.34,16626000.0,17077000,https://www.sec.gov/Archives/edgar/data/1104349/000119312508226891/0001193125-08-226891-index.html,https://www.sec.gov/Archives/edgar/data/1104349/000119312508226891/d10q.htm,1620590617,16:03:37,20210509
40,2008-06-30,CPLA,USD,2008-07-31 00:00:00,2008-07-31 07:34:06,Q2,66049000,30844000.0,35205000.0,0.5330133688625112,0.0,26541000.0,0.0,0.0,26541000.0,57385000.0,0.0,3588000.0,12252000.0,0.18549864494541932,8664000.0,0.1311753395206589,1008000.0,9672000.0,0.14643673636239762,3314000.0,6358000.0,0.09626186619025269,0.38,0.37,16740000.0,17303000,https://www.sec.gov/Archives/edgar/data/1104349/000119312508162035/0001193125-08-162035-index.html,https://www.sec.gov/Archives/edgar/data/1104349/000119312508162035/d10q.htm,1620590617,16:03:37,20210509
41,2008-03-31,CPLA,USD,2008-05-01 00:00:00,2008-05-01 07:26:54,Q1,65251000,29016000.0,36235000.0,0.5553171598902699,0.0,29123000.0,0.0,0.0,29123000.0,58139000.0,0.0,3211000.0,10323000.0,0.1582044719621155,7112000.0,0.10899449816861044,1389000.0,8501000.0,0.13028152825244058,3013000.0,5488000.0,0.08410599071278602,0.32,0.31,17316000.0,17894000,https://www.sec.gov/Archives/edgar/data/1104349/000119312508098128/0001193125-08-098128-index.html,https://www.sec.gov/Archives/edgar/data/1104349/000119312508098128/d10q.htm,1620590617,16:03:37,20210509
42,2007-12-31,CPLA,USD,2008-03-05,2008-03-05 17:13:04,Q4,63964000,27260000.0,36704000.0,0.5738227753111125,0.0,24040000.0,0.0,0.0,24040000.0,51300000.0,0.0,2700000.0,15364000.0,0.24019761115627541,12664000.0,0.19798636733162403,1426000.0,14090000.0,0.2202801575886436,4995000.0,9095000.0,0.14218935651303857,0.5252367752367753,0.5252367752367753,17316000.0,17316000,https://www.sec.gov/Archives/edgar/data/1104349/000119312508047961/0001193125-08-047961-index.htm,https://www.sec.gov/Archives/edgar/data/1104349/000119312508047961/d10k.htm,1620590617,16:03:37,20210509
43,2007-09-30,CPLA,USD,2007-11-01 00:00:00,2007-11-01 07:20:43,Q3,55530000,24759000.0,30771000.0,0.5541329011345218,0.0,24448000.0,0.0,0.0,24448000.0,49207000.0,0.0,2651000.0,8974000.0,0.16160633891590132,6323000.0,0.11386637853412569,1253000.0,7576000.0,0.13643075814874842,2514000.0,5062000.0,0.09115793264901854,0.3,0.29,16810000.0,17611000,https://www.sec.gov/Archives/edgar/data/1104349/000119312507231803/0001193125-07-231803-index.html,https://www.sec.gov/Archives/edgar/data/1104349/000119312507231803/d10q.htm,1620590617,16:03:37,20210509
44,2007-06-30,CPLA,USD,2007-08-02 00:00:00,2007-08-02 07:20:13,Q2,53918000,24587000.0,29331000.0,0.5439927297006566,0.0,23368000.0,0.0,0.0,23368000.0,47955000.0,0.0,2420000.0,8383000.0,0.15547683519418376,5963000.0,0.11059386475759486,1132000.0,7095000.0,0.13158870877999926,2312000.0,4783000.0,0.08870877999925814,0.29,0.28,16401000.0,17213000,https://www.sec.gov/Archives/edgar/data/1104349/000119312507168805/0001193125-07-168805-index.html,https://www.sec.gov/Archives/edgar/data/1104349/000119312507168805/d10q.htm,1620590617,16:03:37,20210509
45,2007-03-31,CPLA,USD,2007-05-07 00:00:00,2007-05-07 07:45:35,Q1,52824000,23523000.0,29301000.0,0.5546910495229441,0.0,24301000.0,0.0,0.0,24301000.0,47824000.0,0.0,2345000.0,7345000.0,0.13904664546418294,5000000.0,0.09465394517643495,1092000.0,6092000.0,0.11532636680296834,2248000.0,3844000.0,0.07276995305164319,0.24,0.23,16015000.0,16700000,https://www.sec.gov/Archives/edgar/data/1104349/000095013407010397/0000950134-07-010397-index.html,https://www.sec.gov/Archives/edgar/data/1104349/000095013407010397/c14896e10vq.htm,1620590617,16:03:37,20210509
46,2006-12-31,CPLA,USD,2006-12-31,2006-12-31,Q4,50603000,22154000.0,28449000.0,0.5621998695729502,0.0,0.0,0.0,0.0,20756000.0,42910000.0,0.0,2022000.0,9715000.0,0.1919846649408138,7693000.0,0.15202655969013695,1378000.0,9071000.0,0.17925814675019267,3398000.0,5673000.0,0.11210797778787819,0.485245060302797,0.485245060302797,11691000.0,11691000,,,1620590617,16:03:37,20210509
47,2006-09-30,CPLA,USD,2006-09-30,2006-09-30,Q3,43902000,20131000.0,23771000.0,0.5414559701152567,0.0,19708000.0,0.0,0.0,19708000.0,39839000.0,0.0,1801000.0,5864000.0,0.1335702245911348,4063000.0,0.09254703658147692,1123000.0,5186000.0,0.11812673682292378,2145000.0,3041000.0,0.06926791490137124,0.26011461808228553,0.25297396223275936,11691000.0,12021000,,,1620590617,16:03:37,20210509
48,2006-06-30,CPLA,USD,2006-06-30,2006-06-30,Q1,42688000,20671000.0,22017000.0,0.5157655547226386,0.0,18974000.0,0.0,0.0,18973000.0,39644000.0,0.0,0.0,2058000.0,0.04821026986506747,3044000.0,0.07130809595202399,986000.0,4029000.0,0.09438249625187406,1681000.0,2349000.0,0.05502717391304348,0.20126810041984405,0.19573368885926173,11671000.0,12001000,,,1620590617,16:03:37,20210509
49,2006-03-31,CPLA,USD,2006-03-31,2006-03-31,Q1,42688000,0.0,0.0,0.0,0.0,0.0,0.0,0.0,0.0,0.0,0.0,0.0,42688000.0,1.0,42688000.0,1.0,0.0,0.0,0.0,0.0,2349000.0,0.05502717391304348,0.152872,0.152872,15365770.0,15365770,,,1620590617,16:03:37,20210509
50,2005-12-31,CPLA,USD,2005-12-31,2005-12-31,Q4,41919000,0.0,0.0,0.0,0.0,0.0,0.0,0.0,0.0,0.0,0.0,0.0,-92448000.0,-2.2053961210906747,-92448000.0,-2.2053961210906747,0.0,0.0,0.0,0.0,2985000.0,0.07120875975094826,0.26541196605180895,0.26541196605180895,11246667.0,11246667,,,1620590617,16:03:37,20210509
51,2005-09-30,CPLA,USD,2005-09-30,2005-09-30,Q3,37303000,0.0,0.0,0.0,0.0,0.0,0.0,0.0,0.0,0.0,0.0,0.0,37303000.0,1.0,37303000.0,1.0,0.0,0.0,0.0,0.0,2204000.0,0.059083719808058335,0.19596917024394872,0.18725944192438135,11246667.0,11769767,,,1620590617,16:03:37,20210509
52,2005-06-30,CPLA,USD,2005-06-30,2005-06-30,Q1,35408000,0.0,0.0,0.0,0.0,0.0,0.0,0.0,0.0,0.0,0.0,0.0,35408000.0,1.0,35408000.0,1.0,0.0,0.0,0.0,0.0,2357000.0,0.06656687754179846,1.1266730401529637,0.19898691430983537,2092000.0,11845000,,,1620590617,16:03:37,20210509
53,2005-03-31,CPLA,USD,2005-03-31,2005-03-31,Q1,34610000,16247000.0,18363000.0,0.5305691996532794,0.0,14218000.0,0.0,0.0,14218000.0,30465000.0,0.0,1515000.0,5660000.0,0.16353655013002022,4145000.0,0.11976307425599537,372000.0,4517000.0,0.130511412886449,1813000.0,2704000.0,0.07812770875469517,1.29,0.23,2092000.0,11845000,,,1620590617,16:03:37,20210509
54,2004-12-31,CPLA,USD,2004-12-31,2004-12-31,Q4,16581000,0.0,0.0,0.0,0.0,0.0,0.0,0.0,0.0,0.0,0.0,0.0,-91243000.0,-5.50286472468488,-91243000.0,-5.50286472468488,0.0,0.0,0.0,0.0,12194000.0,0.7354200591037935,0.7935820983914246,0.7935820983914246,15365770.0,15365770,,,1620590617,16:03:37,20210509
55,2004-09-30,CPLA,USD,2004-09-30,2004-09-30,Q3,48132000,0.0,0.0,0.0,0.0,0.0,0.0,0.0,0.0,0.0,0.0,0.0,48132000.0,1.0,48132000.0,1.0,0.0,0.0,0.0,0.0,3659000.0,0.0760201113604255,0.238127,0.238127,15365770.0,15365770,,,1620590617,16:03:37,20210509
56,2004-06-30,CPLA,USD,2004-06-30,2004-06-30,Q1,26488000,0.0,0.0,0.0,0.0,0.0,0.0,0.0,0.0,0.0,0.0,0.0,26488000.0,1.0,26488000.0,1.0,0.0,0.0,0.0,0.0,1466000.0,0.05534581697372395,0.095407,0.095407,15365770.0,15365770,,,1620590617,16:03:37,20210509
57,2004-03-31,CPLA,USD,2004-03-31,2004-03-31,Q1,26488000,0.0,0.0,0.0,0.0,0.0,0.0,0.0,0.0,0.0,0.0,0.0,26488000.0,1.0,26488000.0,1.0,0.0,0.0,0.0,0.0,1466000.0,0.05534581697372395,0.77,0.13,15365770.0,15365770,,,1620590617,16:03:37,20210509
