,date,symbol,reportedCurrency,fillingDate,acceptedDate,period,revenue,costOfRevenue,grossProfit,grossProfitRatio,researchAndDevelopmentExpenses,generalAndAdministrativeExpenses,sellingAndMarketingExpenses,otherExpenses,operatingExpenses,costAndExpenses,interestExpense,depreciationAndAmortization,ebitda,ebitdaratio,operatingIncome,operatingIncomeRatio,totalOtherIncomeExpensesNet,incomeBeforeTax,incomeBeforeTaxRatio,incomeTaxExpense,netIncome,netIncomeRatio,eps,epsdiluted,weightedAverageShsOut,weightedAverageShsOutDil,link,finalLink,timestamp,est_time,est_date
0,2019-06-30,CGI.TO,CAD,2019-06-30,2019-06-30,Q2,0.0,0.0,0.0,0.0,0.0,0.0,0.0,0.0,0.0,0.0,0.0,0.0,0.0,0.0,0.0,0.0,0.0,0.0,0.0,0.0,0.0,0.0,0.0,0.0,20558901,20558901,https://www.sedar.com/ModifyCompanyDocumentSearchForm.do?lang=EN&company_search=Canadian General Investments Ltd&document_selection=0&industry_group=A&FromDate=13&FromMonth=05&FromYear=2000&ToDate=13&ToMonth=11&ToYear=2020&Variable=Issuer,https://www.sedar.com/ModifyCompanyDocumentSearchForm.do?lang=EN&company_search=Canadian General Investments Ltd&document_selection=0&industry_group=A&FromDate=13&FromMonth=05&FromYear=2000&ToDate=13&ToMonth=11&ToYear=2020&Variable=Issuer,1620590194,15:56:34,20210509
1,2018-06-30,CGI.TO,CAD,2018-06-30,2018-06-30,Q2,0.0,0.0,0.0,0.0,0.0,0.0,0.0,0.0,0.0,0.0,0.0,0.0,0.0,0.0,0.0,0.0,0.0,0.0,0.0,0.0,0.0,0.0,0.0,0.0,20558901,20558901,https://www.sedar.com/ModifyCompanyDocumentSearchForm.do?lang=EN&company_search=Canadian General Investments Ltd&document_selection=0&industry_group=A&FromDate=13&FromMonth=05&FromYear=2000&ToDate=13&ToMonth=11&ToYear=2020&Variable=Issuer,https://www.sedar.com/ModifyCompanyDocumentSearchForm.do?lang=EN&company_search=Canadian General Investments Ltd&document_selection=0&industry_group=A&FromDate=13&FromMonth=05&FromYear=2000&ToDate=13&ToMonth=11&ToYear=2020&Variable=Issuer,1620590194,15:56:34,20210509
2,2017-06-30,CGI.TO,CAD,2017-06-30,2017-06-30,Q2,0.0,0.0,0.0,0.0,0.0,0.0,0.0,0.0,0.0,0.0,0.0,0.0,0.0,0.0,0.0,0.0,0.0,0.0,0.0,0.0,0.0,0.0,0.0,0.0,20558901,20558901,https://www.sedar.com/ModifyCompanyDocumentSearchForm.do?lang=EN&company_search=Canadian General Investments Ltd&document_selection=0&industry_group=A&FromDate=13&FromMonth=05&FromYear=2000&ToDate=13&ToMonth=11&ToYear=2020&Variable=Issuer,https://www.sedar.com/ModifyCompanyDocumentSearchForm.do?lang=EN&company_search=Canadian General Investments Ltd&document_selection=0&industry_group=A&FromDate=13&FromMonth=05&FromYear=2000&ToDate=13&ToMonth=11&ToYear=2020&Variable=Issuer,1620590194,15:56:34,20210509
3,2016-06-30,CGI.TO,CAD,2016-06-30,2016-06-30,Q2,0.0,0.0,0.0,0.0,0.0,0.0,0.0,0.0,0.0,0.0,0.0,0.0,0.0,0.0,0.0,0.0,0.0,0.0,0.0,0.0,0.0,0.0,0.0,0.0,20558901,20558901,https://www.sedar.com/ModifyCompanyDocumentSearchForm.do?lang=EN&company_search=Canadian General Investments Ltd&document_selection=0&industry_group=A&FromDate=13&FromMonth=05&FromYear=2000&ToDate=13&ToMonth=11&ToYear=2020&Variable=Issuer,https://www.sedar.com/ModifyCompanyDocumentSearchForm.do?lang=EN&company_search=Canadian General Investments Ltd&document_selection=0&industry_group=A&FromDate=13&FromMonth=05&FromYear=2000&ToDate=13&ToMonth=11&ToYear=2020&Variable=Issuer,1620590194,15:56:34,20210509
4,2015-06-30,CGI.TO,CAD,2015-06-30,2015-06-30,Q2,0.0,0.0,0.0,0.0,0.0,0.0,0.0,0.0,0.0,0.0,0.0,0.0,0.0,0.0,0.0,0.0,0.0,0.0,0.0,0.0,0.0,0.0,0.0,0.0,20558901,20558901,https://www.sedar.com/ModifyCompanyDocumentSearchForm.do?lang=EN&company_search=Canadian General Investments Ltd&document_selection=0&industry_group=A&FromDate=13&FromMonth=05&FromYear=2000&ToDate=13&ToMonth=11&ToYear=2020&Variable=Issuer,https://www.sedar.com/ModifyCompanyDocumentSearchForm.do?lang=EN&company_search=Canadian General Investments Ltd&document_selection=0&industry_group=A&FromDate=13&FromMonth=05&FromYear=2000&ToDate=13&ToMonth=11&ToYear=2020&Variable=Issuer,1620590194,15:56:34,20210509
5,2014-06-30,CGI.TO,CAD,2014-06-30,2014-06-30,Q2,0.0,0.0,0.0,0.0,0.0,0.0,0.0,0.0,0.0,0.0,0.0,0.0,0.0,0.0,0.0,0.0,0.0,0.0,0.0,0.0,0.0,0.0,0.0,0.0,20558901,20558901,https://www.sedar.com/ModifyCompanyDocumentSearchForm.do?lang=EN&company_search=Canadian General Investments Ltd&document_selection=0&industry_group=A&FromDate=13&FromMonth=05&FromYear=2000&ToDate=13&ToMonth=11&ToYear=2020&Variable=Issuer,https://www.sedar.com/ModifyCompanyDocumentSearchForm.do?lang=EN&company_search=Canadian General Investments Ltd&document_selection=0&industry_group=A&FromDate=13&FromMonth=05&FromYear=2000&ToDate=13&ToMonth=11&ToYear=2020&Variable=Issuer,1620590194,15:56:34,20210509
6,2013-06-30,CGI.TO,CAD,2013-06-30,2013-06-30,Q2,0.0,0.0,0.0,0.0,0.0,0.0,0.0,0.0,0.0,0.0,0.0,0.0,0.0,0.0,0.0,0.0,0.0,0.0,0.0,0.0,0.0,0.0,0.0,0.0,20558901,20558901,https://www.sedar.com/ModifyCompanyDocumentSearchForm.do?lang=EN&company_search=Canadian General Investments Ltd&document_selection=0&industry_group=A&FromDate=13&FromMonth=05&FromYear=2000&ToDate=13&ToMonth=11&ToYear=2020&Variable=Issuer,https://www.sedar.com/ModifyCompanyDocumentSearchForm.do?lang=EN&company_search=Canadian General Investments Ltd&document_selection=0&industry_group=A&FromDate=13&FromMonth=05&FromYear=2000&ToDate=13&ToMonth=11&ToYear=2020&Variable=Issuer,1620590194,15:56:34,20210509
7,2012-06-30,CGI.TO,CAD,2012-06-30,2012-06-30,Q2,0.0,0.0,0.0,0.0,0.0,0.0,0.0,0.0,0.0,0.0,0.0,0.0,0.0,0.0,0.0,0.0,0.0,0.0,0.0,0.0,0.0,0.0,0.0,0.0,20558901,20558901,https://www.sedar.com/ModifyCompanyDocumentSearchForm.do?lang=EN&company_search=Canadian General Investments Ltd&document_selection=0&industry_group=A&FromDate=13&FromMonth=05&FromYear=2000&ToDate=13&ToMonth=11&ToYear=2020&Variable=Issuer,https://www.sedar.com/ModifyCompanyDocumentSearchForm.do?lang=EN&company_search=Canadian General Investments Ltd&document_selection=0&industry_group=A&FromDate=13&FromMonth=05&FromYear=2000&ToDate=13&ToMonth=11&ToYear=2020&Variable=Issuer,1620590194,15:56:34,20210509
8,2011-06-30,CGI.TO,CAD,2011-06-30,2011-06-30,Q2,0.0,0.0,0.0,0.0,0.0,0.0,0.0,0.0,0.0,0.0,0.0,0.0,0.0,0.0,0.0,0.0,0.0,0.0,0.0,0.0,0.0,0.0,0.0,0.0,20558901,20558901,https://www.sedar.com/ModifyCompanyDocumentSearchForm.do?lang=EN&company_search=Canadian General Investments Ltd&document_selection=0&industry_group=A&FromDate=13&FromMonth=05&FromYear=2000&ToDate=13&ToMonth=11&ToYear=2020&Variable=Issuer,https://www.sedar.com/ModifyCompanyDocumentSearchForm.do?lang=EN&company_search=Canadian General Investments Ltd&document_selection=0&industry_group=A&FromDate=13&FromMonth=05&FromYear=2000&ToDate=13&ToMonth=11&ToYear=2020&Variable=Issuer,1620590194,15:56:34,20210509
9,2010-06-30,CGI.TO,CAD,2010-06-30,2010-06-30,Q2,0.0,0.0,0.0,0.0,0.0,0.0,0.0,0.0,0.0,0.0,0.0,0.0,0.0,0.0,0.0,0.0,0.0,0.0,0.0,0.0,0.0,0.0,0.0,0.0,20558901,20558901,https://www.sedar.com/ModifyCompanyDocumentSearchForm.do?lang=EN&company_search=Canadian General Investments Ltd&document_selection=0&industry_group=A&FromDate=13&FromMonth=05&FromYear=2000&ToDate=13&ToMonth=11&ToYear=2020&Variable=Issuer,https://www.sedar.com/ModifyCompanyDocumentSearchForm.do?lang=EN&company_search=Canadian General Investments Ltd&document_selection=0&industry_group=A&FromDate=13&FromMonth=05&FromYear=2000&ToDate=13&ToMonth=11&ToYear=2020&Variable=Issuer,1620590194,15:56:34,20210509
10,2009-06-30,CGI.TO,CAD,2009-06-30,2009-06-30,Q2,0.0,0.0,0.0,0.0,0.0,0.0,0.0,0.0,0.0,0.0,0.0,0.0,0.0,0.0,0.0,0.0,0.0,0.0,0.0,0.0,0.0,0.0,0.0,0.0,20558901,20558901,https://www.sedar.com/ModifyCompanyDocumentSearchForm.do?lang=EN&company_search=Canadian General Investments Ltd&document_selection=0&industry_group=A&FromDate=13&FromMonth=05&FromYear=2000&ToDate=13&ToMonth=11&ToYear=2020&Variable=Issuer,https://www.sedar.com/ModifyCompanyDocumentSearchForm.do?lang=EN&company_search=Canadian General Investments Ltd&document_selection=0&industry_group=A&FromDate=13&FromMonth=05&FromYear=2000&ToDate=13&ToMonth=11&ToYear=2020&Variable=Issuer,1620590194,15:56:34,20210509
11,2008-06-30,CGI.TO,CAD,2008-06-30,2008-06-30,Q2,0.0,0.0,0.0,0.0,0.0,0.0,0.0,0.0,0.0,0.0,0.0,0.0,0.0,0.0,0.0,0.0,0.0,0.0,0.0,0.0,0.0,0.0,0.0,0.0,20558901,20558901,https://www.sedar.com/ModifyCompanyDocumentSearchForm.do?lang=EN&company_search=Canadian General Investments Ltd&document_selection=0&industry_group=A&FromDate=13&FromMonth=05&FromYear=2000&ToDate=13&ToMonth=11&ToYear=2020&Variable=Issuer,https://www.sedar.com/ModifyCompanyDocumentSearchForm.do?lang=EN&company_search=Canadian General Investments Ltd&document_selection=0&industry_group=A&FromDate=13&FromMonth=05&FromYear=2000&ToDate=13&ToMonth=11&ToYear=2020&Variable=Issuer,1620590194,15:56:34,20210509
12,2007-06-30,CGI.TO,CAD,2007-06-30,2007-06-30,Q2,0.0,0.0,0.0,0.0,0.0,0.0,0.0,0.0,0.0,0.0,0.0,0.0,0.0,0.0,0.0,0.0,0.0,0.0,0.0,0.0,0.0,0.0,0.0,0.0,20558901,20558901,https://www.sedar.com/ModifyCompanyDocumentSearchForm.do?lang=EN&company_search=Canadian General Investments Ltd&document_selection=0&industry_group=A&FromDate=13&FromMonth=05&FromYear=2000&ToDate=13&ToMonth=11&ToYear=2020&Variable=Issuer,https://www.sedar.com/ModifyCompanyDocumentSearchForm.do?lang=EN&company_search=Canadian General Investments Ltd&document_selection=0&industry_group=A&FromDate=13&FromMonth=05&FromYear=2000&ToDate=13&ToMonth=11&ToYear=2020&Variable=Issuer,1620590194,15:56:34,20210509
13,2006-06-30,CGI.TO,CAD,2006-06-30,2006-06-30,Q2,0.0,0.0,0.0,0.0,0.0,0.0,0.0,0.0,0.0,0.0,0.0,0.0,0.0,0.0,0.0,0.0,0.0,0.0,0.0,0.0,0.0,0.0,0.0,0.0,20558901,20558901,https://www.sedar.com/ModifyCompanyDocumentSearchForm.do?lang=EN&company_search=Canadian General Investments Ltd&document_selection=0&industry_group=A&FromDate=13&FromMonth=05&FromYear=2000&ToDate=13&ToMonth=11&ToYear=2020&Variable=Issuer,https://www.sedar.com/ModifyCompanyDocumentSearchForm.do?lang=EN&company_search=Canadian General Investments Ltd&document_selection=0&industry_group=A&FromDate=13&FromMonth=05&FromYear=2000&ToDate=13&ToMonth=11&ToYear=2020&Variable=Issuer,1620590194,15:56:34,20210509
14,2005-12-31,CGI.TO,CAD,2005-12-31,2005-12-31,Q4,3676000.0,0.0,0.0,0.0,0.0,0.0,0.0,0.0,4173000.0,4173000.0,0.0,0.0,0.0,0.0,-497000.0,-0.13520130576713818,21714000.0,0.0,0.0,0.0,21217000.0,5.771762785636562,1.032010417288356,1.032010417288356,20558901,20558901,https://www.sedar.com/ModifyCompanyDocumentSearchForm.do?lang=EN&company_search=Canadian General Investments Ltd&document_selection=0&industry_group=A&FromDate=13&FromMonth=05&FromYear=2000&ToDate=13&ToMonth=11&ToYear=2020&Variable=Issuer,https://www.sedar.com/ModifyCompanyDocumentSearchForm.do?lang=EN&company_search=Canadian General Investments Ltd&document_selection=0&industry_group=A&FromDate=13&FromMonth=05&FromYear=2000&ToDate=13&ToMonth=11&ToYear=2020&Variable=Issuer,1620590194,15:56:34,20210509
15,2005-09-30,CGI.TO,CAD,2005-09-30,2005-09-30,Q3,3756000.0,0.0,0.0,0.0,0.0,0.0,0.0,0.0,3753000.0,3753000.0,0.0,0.0,0.0,0.0,3000.0,0.0007987220447284345,78532000.0,0.0,0.0,0.0,78535000.0,20.909211927582536,3.82,3.41,20558901,23030792,https://www.sedar.com/ModifyCompanyDocumentSearchForm.do?lang=EN&company_search=Canadian General Investments Ltd&document_selection=0&industry_group=A&FromDate=13&FromMonth=05&FromYear=2000&ToDate=13&ToMonth=11&ToYear=2020&Variable=Issuer,https://www.sedar.com/ModifyCompanyDocumentSearchForm.do?lang=EN&company_search=Canadian General Investments Ltd&document_selection=0&industry_group=A&FromDate=13&FromMonth=05&FromYear=2000&ToDate=13&ToMonth=11&ToYear=2020&Variable=Issuer,1620590194,15:56:34,20210509
16,2005-06-30,CGI.TO,CAD,2005-06-30,2005-06-30,Q2,4028000.0,0.0,0.0,0.0,0.0,0.0,0.0,0.0,3713000.0,3713000.0,0.0,0.0,0.0,0.0,315000.0,0.0782025819265144,12533000.0,0.0,0.0,0.0,12848000.0,3.189672293942403,0.63,0.56,20393651,22942857,https://www.sedar.com/ModifyCompanyDocumentSearchForm.do?lang=EN&company_search=Canadian General Investments Ltd&document_selection=0&industry_group=A&FromDate=13&FromMonth=05&FromYear=2000&ToDate=13&ToMonth=11&ToYear=2020&Variable=Issuer,https://www.sedar.com/ModifyCompanyDocumentSearchForm.do?lang=EN&company_search=Canadian General Investments Ltd&document_selection=0&industry_group=A&FromDate=13&FromMonth=05&FromYear=2000&ToDate=13&ToMonth=11&ToYear=2020&Variable=Issuer,1620590194,15:56:34,20210509
17,2005-03-31,CGI.TO,CAD,2005-03-31,2005-03-31,Q1,3845000.0,0.0,0.0,0.0,0.0,0.0,0.0,0.0,3666000.0,3666000.0,0.0,0.0,0.0,0.0,179000.0,0.04655396618985696,34583000.0,0.0,0.0,0.0,34762000.0,9.040832249674903,1.7,1.52,20448235,22869737,https://www.sedar.com/ModifyCompanyDocumentSearchForm.do?lang=EN&company_search=Canadian General Investments Ltd&document_selection=0&industry_group=A&FromDate=13&FromMonth=05&FromYear=2000&ToDate=13&ToMonth=11&ToYear=2020&Variable=Issuer,https://www.sedar.com/ModifyCompanyDocumentSearchForm.do?lang=EN&company_search=Canadian General Investments Ltd&document_selection=0&industry_group=A&FromDate=13&FromMonth=05&FromYear=2000&ToDate=13&ToMonth=11&ToYear=2020&Variable=Issuer,1620590194,15:56:34,20210509
18,2004-12-31,CGI.TO,CAD,2004-12-31,2004-12-31,Q4,3488000.0,0.0,0.0,0.0,0.0,0.0,0.0,0.0,3529000.0,3529000.0,0.0,0.0,0.0,0.0,-41000.0,-0.011754587155963303,68540000.0,0.0,0.0,0.0,68499000.0,19.6384747706422,3.331841522073578,3.331841522073578,20558901,20558901,https://www.sedar.com/ModifyCompanyDocumentSearchForm.do?lang=EN&company_search=Canadian General Investments Ltd&document_selection=0&industry_group=A&FromDate=13&FromMonth=05&FromYear=2000&ToDate=13&ToMonth=11&ToYear=2020&Variable=Issuer,https://www.sedar.com/ModifyCompanyDocumentSearchForm.do?lang=EN&company_search=Canadian General Investments Ltd&document_selection=0&industry_group=A&FromDate=13&FromMonth=05&FromYear=2000&ToDate=13&ToMonth=11&ToYear=2020&Variable=Issuer,1620590194,15:56:34,20210509
19,2004-09-30,CGI.TO,CAD,2004-09-30,2004-09-30,Q3,3325000.0,0.0,0.0,0.0,0.0,0.0,0.0,0.0,3406000.0,3406000.0,0.0,0.0,0.0,0.0,-81000.0,-0.024360902255639097,13872000.0,0.0,0.0,0.0,13791000.0,4.147669172932331,0.67,0.62,20583582,22243548,https://www.sedar.com/ModifyCompanyDocumentSearchForm.do?lang=EN&company_search=Canadian General Investments Ltd&document_selection=0&industry_group=A&FromDate=13&FromMonth=05&FromYear=2000&ToDate=13&ToMonth=11&ToYear=2020&Variable=Issuer,https://www.sedar.com/ModifyCompanyDocumentSearchForm.do?lang=EN&company_search=Canadian General Investments Ltd&document_selection=0&industry_group=A&FromDate=13&FromMonth=05&FromYear=2000&ToDate=13&ToMonth=11&ToYear=2020&Variable=Issuer,1620590194,15:56:34,20210509
20,2004-06-30,CGI.TO,CAD,2004-06-30,2004-06-30,Q2,3681000.0,0.0,0.0,0.0,0.0,0.0,0.0,0.0,3479000.0,3479000.0,0.0,0.0,0.0,0.0,202000.0,0.05487639228470524,-10192000.0,0.0,0.0,0.0,-9990000.0,-2.7139364303178484,-0.49000000245245245,-0.45,20387755,22200000,https://www.sedar.com/ModifyCompanyDocumentSearchForm.do?lang=EN&company_search=Canadian General Investments Ltd&document_selection=0&industry_group=A&FromDate=13&FromMonth=05&FromYear=2000&ToDate=13&ToMonth=11&ToYear=2020&Variable=Issuer,https://www.sedar.com/ModifyCompanyDocumentSearchForm.do?lang=EN&company_search=Canadian General Investments Ltd&document_selection=0&industry_group=A&FromDate=13&FromMonth=05&FromYear=2000&ToDate=13&ToMonth=11&ToYear=2020&Variable=Issuer,1620590194,15:56:34,20210509
21,2004-03-31,CGI.TO,CAD,2004-03-31,2004-03-31,Q1,5795000.0,0.0,0.0,0.0,0.0,0.0,0.0,0.0,3389000.0,3389000.0,0.0,0.0,0.0,0.0,2406000.0,0.4151855047454702,35517000.0,0.0,0.0,0.0,37923000.0,6.544089732528041,1.85,1.68,20498919,22573214,https://www.sedar.com/ModifyCompanyDocumentSearchForm.do?lang=EN&company_search=Canadian General Investments Ltd&document_selection=0&industry_group=A&FromDate=13&FromMonth=05&FromYear=2000&ToDate=13&ToMonth=11&ToYear=2020&Variable=Issuer,https://www.sedar.com/ModifyCompanyDocumentSearchForm.do?lang=EN&company_search=Canadian General Investments Ltd&document_selection=0&industry_group=A&FromDate=13&FromMonth=05&FromYear=2000&ToDate=13&ToMonth=11&ToYear=2020&Variable=Issuer,1620590194,15:56:34,20210509
