,date,symbol,reportedCurrency,fillingDate,acceptedDate,period,revenue,costOfRevenue,grossProfit,grossProfitRatio,researchAndDevelopmentExpenses,generalAndAdministrativeExpenses,sellingAndMarketingExpenses,otherExpenses,operatingExpenses,costAndExpenses,interestExpense,depreciationAndAmortization,ebitda,ebitdaratio,operatingIncome,operatingIncomeRatio,totalOtherIncomeExpensesNet,incomeBeforeTax,incomeBeforeTaxRatio,incomeTaxExpense,netIncome,netIncomeRatio,eps,epsdiluted,weightedAverageShsOut,weightedAverageShsOutDil,link,finalLink,timestamp,est_time,est_date
0,2019-09-30,0079.HK,HKD,2019-09-30,2019-09-30,Q3,7755750.0,2385250.0,5370500.0,0.6924539857525062,0.0,9868750.0,0.0,277500.0,0.0,12254000.0,1704000.0,1463000.0,-3035250.0,-0.3913548012764723,-4498250.0,-0.5799890403893885,0.0,-5218250.0,-0.6728233890984109,226750.0,-5308500.0,-0.6844599168358959,-0.016575,-0.016575,320112000,320112000,https://www1.hkexnews.hk/search/titlesearch.xhtml,https://www1.hkexnews.hk/search/titlesearch.xhtml,1620584511,14:21:51,20210509
1,2019-06-30,0079.HK,HKD,2019-06-30,2019-06-30,Q2,7755750.0,2385250.0,5370500.0,0.6924539857525062,0.0,9868750.0,0.0,277500.0,0.0,12254000.0,1704000.0,1463000.0,-3035250.0,-0.3913548012764723,-4498250.0,-0.5799890403893885,0.0,-5218250.0,-0.6728233890984109,226750.0,-5308500.0,-0.6844599168358959,-0.016575,-0.016575,320112000,320112000,https://www1.hkexnews.hk/search/titlesearch.xhtml,https://www1.hkexnews.hk/search/titlesearch.xhtml,1620584511,14:21:51,20210509
2,2019-03-31,0079.HK,HKD,2019-03-31,2019-03-31,Q1,7755750.0,2385250.0,5370500.0,0.6924539857525062,0.0,9868750.0,0.0,277500.0,0.0,12254000.0,1704000.0,1463000.0,-3035250.0,-0.3913548012764723,-4498250.0,-0.5799890403893885,0.0,-5218250.0,-0.6728233890984109,226750.0,-5308500.0,-0.6844599168358959,-0.016575,-0.016575,320112000,320112000,https://www1.hkexnews.hk/search/titlesearch.xhtml,https://www1.hkexnews.hk/search/titlesearch.xhtml,1620584511,14:21:51,20210509
3,2019-01-31,0079.HK,HKD,2019-01-31,2019-01-31,Q1,7755750.0,2385250.0,5370500.0,0.6924539857525062,0.0,9868750.0,0.0,277500.0,0.0,12254000.0,1704000.0,1463000.0,-3035250.0,-0.3913548012764723,-4498250.0,-0.5799890403893885,0.0,-5218250.0,-0.6728233890984109,226750.0,-5308500.0,-0.6844599168358959,-0.016575,-0.016575,320112000,320112000,https://www1.hkexnews.hk/search/titlesearch.xhtml,https://www1.hkexnews.hk/search/titlesearch.xhtml,1620584511,14:21:51,20210509
4,2018-09-30,0079.HK,HKD,2018-09-30,2018-09-30,Q3,6524750.0,2204000.0,4320750.0,0.662209280049044,0.0,11385000.0,0.0,255750.0,0.0,13589000.0,1456000.0,166250.0,-6898000.0,-1.0572052569063948,-7064250.0,-1.0826851603509713,0.0,-3097750.0,-0.4747691482432277,100500.0,-3218250.0,-0.49323728878501094,-0.0104,-0.0104,309706000,309706000,https://www1.hkexnews.hk/search/titlesearch.xhtml,https://www1.hkexnews.hk/search/titlesearch.xhtml,1620584511,14:21:51,20210509
5,2018-06-30,0079.HK,HKD,2018-06-30,2018-06-30,Q2,6524750.0,2204000.0,4320750.0,0.662209280049044,0.0,11385000.0,0.0,255750.0,0.0,13589000.0,1456000.0,166250.0,-6898000.0,-1.0572052569063948,-7064250.0,-1.0826851603509713,0.0,-3097750.0,-0.4747691482432277,100500.0,-3218250.0,-0.49323728878501094,-0.0104,-0.0104,309706000,309706000,https://www1.hkexnews.hk/search/titlesearch.xhtml,https://www1.hkexnews.hk/search/titlesearch.xhtml,1620584511,14:21:51,20210509
6,2018-03-31,0079.HK,HKD,2018-03-31,2018-03-31,Q1,6524750.0,2204000.0,4320750.0,0.662209280049044,0.0,11385000.0,0.0,255750.0,0.0,13589000.0,1456000.0,166250.0,-6898000.0,-1.0572052569063948,-7064250.0,-1.0826851603509713,0.0,-3097750.0,-0.4747691482432277,100500.0,-3218250.0,-0.49323728878501094,-0.0104,-0.0104,309706000,309706000,https://www1.hkexnews.hk/search/titlesearch.xhtml,https://www1.hkexnews.hk/search/titlesearch.xhtml,1620584511,14:21:51,20210509
7,2018-01-31,0079.HK,HKD,2018-01-31,2018-01-31,Q1,6524750.0,2204000.0,4320750.0,0.662209280049044,0.0,11385000.0,0.0,255750.0,0.0,13589000.0,1456000.0,166250.0,-6898000.0,-1.0572052569063948,-7064250.0,-1.0826851603509713,0.0,-3097750.0,-0.4747691482432277,100500.0,-3218250.0,-0.49323728878501094,-0.0104,-0.0104,309706000,309706000,https://www1.hkexnews.hk/search/titlesearch.xhtml,https://www1.hkexnews.hk/search/titlesearch.xhtml,1620584511,14:21:51,20210509
8,2017-09-30,0079.HK,HKD,2017-09-30,2017-09-30,Q3,7097500.0,2296750.0,4800750.0,0.6764001408946813,0.0,9349500.0,0.0,256750.0,0.0,11646250.0,1241000.0,200500.0,-4348250.0,-0.6126452976400141,-4548750.0,-0.6408946812257837,0.0,2888750.0,0.40700951039098276,132750.0,2698250.0,0.38016907361747093,0.0087,0.00845,309706000,319319527,https://www1.hkexnews.hk/search/titlesearch.xhtml,https://www1.hkexnews.hk/search/titlesearch.xhtml,1620584511,14:21:51,20210509
9,2017-06-30,0079.HK,HKD,2017-06-30,2017-06-30,Q2,7097500.0,2296750.0,4800750.0,0.6764001408946813,0.0,9349500.0,0.0,256750.0,0.0,11646250.0,1241000.0,200500.0,-4348250.0,-0.6126452976400141,-4548750.0,-0.6408946812257837,0.0,2888750.0,0.40700951039098276,132750.0,2698250.0,0.38016907361747093,0.0087,0.00845,309706000,319319527,https://www1.hkexnews.hk/search/titlesearch.xhtml,https://www1.hkexnews.hk/search/titlesearch.xhtml,1620584511,14:21:51,20210509
10,2017-03-31,0079.HK,HKD,2017-03-31,2017-03-31,Q1,7097500.0,2296750.0,4800750.0,0.6764001408946813,0.0,9349500.0,0.0,256750.0,0.0,11646250.0,1241000.0,200500.0,-4348250.0,-0.6126452976400141,-4548750.0,-0.6408946812257837,0.0,2888750.0,0.40700951039098276,132750.0,2698250.0,0.38016907361747093,0.0087,0.00845,309706000,319319527,https://www1.hkexnews.hk/search/titlesearch.xhtml,https://www1.hkexnews.hk/search/titlesearch.xhtml,1620584511,14:21:51,20210509
11,2017-01-31,0079.HK,HKD,2017-01-31,2017-01-31,Q1,7097500.0,2296750.0,4800750.0,0.6764001408946813,0.0,9349500.0,0.0,256750.0,0.0,11646250.0,1241000.0,200500.0,-4348250.0,-0.6126452976400141,-4548750.0,-0.6408946812257837,0.0,2888750.0,0.40700951039098276,132750.0,2698250.0,0.38016907361747093,0.0087,0.00845,309706000,319319527,https://www1.hkexnews.hk/search/titlesearch.xhtml,https://www1.hkexnews.hk/search/titlesearch.xhtml,1620584511,14:21:51,20210509
12,2016-09-30,0079.HK,HKD,2016-09-30,2016-09-30,Q3,7019750.0,2282750.0,4737000.0,0.6748103564941771,0.0,12993000.0,0.0,0.0,0.0,15242000.0,1235750.0,147500.0,-8074750.0,-1.1502902525018697,-8222250.0,-1.1713023968090033,0.0,-6492750.0,-0.9249261013568859,-184500.0,-4904250.0,-0.6986359913102318,-0.015825,-0.015825,309706000,309706000,https://www1.hkexnews.hk/search/titlesearch.xhtml,https://www1.hkexnews.hk/search/titlesearch.xhtml,1620584511,14:21:51,20210509
13,2016-06-30,0079.HK,HKD,2016-06-30,2016-06-30,Q2,7019750.0,2282750.0,4737000.0,0.6748103564941771,0.0,12993000.0,0.0,0.0,0.0,15242000.0,1235750.0,147500.0,-8074750.0,-1.1502902525018697,-8222250.0,-1.1713023968090033,0.0,-6492750.0,-0.9249261013568859,-184500.0,-4904250.0,-0.6986359913102318,-0.015825,-0.015825,309706000,309706000,https://www1.hkexnews.hk/search/titlesearch.xhtml,https://www1.hkexnews.hk/search/titlesearch.xhtml,1620584511,14:21:51,20210509
14,2016-03-31,0079.HK,HKD,2016-03-31,2016-03-31,Q1,7019750.0,2282750.0,4737000.0,0.6748103564941771,0.0,12993000.0,0.0,0.0,0.0,15242000.0,1235750.0,147500.0,-8074750.0,-1.1502902525018697,-8222250.0,-1.1713023968090033,0.0,-6492750.0,-0.9249261013568859,-184500.0,-4904250.0,-0.6986359913102318,-0.015825,-0.015825,309706000,309706000,https://www1.hkexnews.hk/search/titlesearch.xhtml,https://www1.hkexnews.hk/search/titlesearch.xhtml,1620584511,14:21:51,20210509
15,2016-01-31,0079.HK,HKD,2016-01-31,2016-01-31,Q1,7019750.0,2282750.0,4737000.0,0.6748103564941771,0.0,12993000.0,0.0,0.0,0.0,15242000.0,1235750.0,147500.0,-8074750.0,-1.1502902525018697,-8222250.0,-1.1713023968090033,0.0,-6492750.0,-0.9249261013568859,-184500.0,-4904250.0,-0.6986359913102318,-0.015825,-0.015825,309706000,309706000,https://www1.hkexnews.hk/search/titlesearch.xhtml,https://www1.hkexnews.hk/search/titlesearch.xhtml,1620584511,14:21:51,20210509
16,2015-09-30,0079.HK,HKD,2015-09-30,2015-09-30,Q3,8516250.0,2525750.0,5990500.0,0.7034199324820196,0.0,12483750.0,0.0,0.0,0.0,14700500.0,1231250.0,209250.0,-5975000.0,-0.7015998825774256,-6184250.0,-0.7261705562894466,0.0,-4509500.0,-0.5295170996624101,101250.0,-4783000.0,-0.5616321737854102,-0.015575,-0.015575,307078000,307078000,https://www1.hkexnews.hk/search/titlesearch.xhtml,https://www1.hkexnews.hk/search/titlesearch.xhtml,1620584511,14:21:51,20210509
17,2015-06-30,0079.HK,HKD,2015-06-30,2015-06-30,Q2,8516250.0,2525750.0,5990500.0,0.7034199324820196,0.0,12483750.0,0.0,0.0,0.0,14700500.0,1231250.0,209250.0,-5975000.0,-0.7015998825774256,-6184250.0,-0.7261705562894466,0.0,-4509500.0,-0.5295170996624101,101250.0,-4783000.0,-0.5616321737854102,-0.015575,-0.015575,307078000,307078000,https://www1.hkexnews.hk/search/titlesearch.xhtml,https://www1.hkexnews.hk/search/titlesearch.xhtml,1620584511,14:21:51,20210509
18,2015-03-31,0079.HK,HKD,2015-03-31,2015-03-31,Q1,8516250.0,2525750.0,5990500.0,0.7034199324820196,0.0,12483750.0,0.0,0.0,0.0,14700500.0,1231250.0,209250.0,-5975000.0,-0.7015998825774256,-6184250.0,-0.7261705562894466,0.0,-4509500.0,-0.5295170996624101,101250.0,-4783000.0,-0.5616321737854102,-0.015575,-0.015575,307078000,307078000,https://www1.hkexnews.hk/search/titlesearch.xhtml,https://www1.hkexnews.hk/search/titlesearch.xhtml,1620584511,14:21:51,20210509
19,2015-01-31,0079.HK,HKD,2015-01-31,2015-01-31,Q1,8516250.0,2525750.0,5990500.0,0.7034199324820196,0.0,12483750.0,0.0,0.0,0.0,14700500.0,1231250.0,209250.0,-5975000.0,-0.7015998825774256,-6184250.0,-0.7261705562894466,0.0,-4509500.0,-0.5295170996624101,101250.0,-4783000.0,-0.5616321737854102,-0.015575,-0.015575,307078000,307078000,https://www1.hkexnews.hk/search/titlesearch.xhtml,https://www1.hkexnews.hk/search/titlesearch.xhtml,1620584511,14:21:51,20210509
20,2014-09-30,0079.HK,HKD,2014-09-30,2014-09-30,Q3,8028750.0,2327500.0,5701250.0,0.7101043126264985,0.0,10280000.0,0.0,0.0,0.0,12584250.0,1216750.0,243500.0,-4312000.0,-0.5370699050288027,-4555500.0,-0.5673984119570294,0.0,3840250.0,0.4783123151175463,63000.0,3622250.0,0.45115989413046864,0.011925,0.0117,303626000,303626000,https://www1.hkexnews.hk/search/titlesearch.xhtml,https://www1.hkexnews.hk/search/titlesearch.xhtml,1620584511,14:21:51,20210509
21,2014-06-30,0079.HK,HKD,2014-06-30,2014-06-30,Q2,8028750.0,2327500.0,5701250.0,0.7101043126264985,0.0,10280000.0,0.0,0.0,0.0,12584250.0,1216750.0,243500.0,-4312000.0,-0.5370699050288027,-4555500.0,-0.5673984119570294,0.0,3840250.0,0.4783123151175463,63000.0,3622250.0,0.45115989413046864,0.011925,0.0117,303626000,303626000,https://www1.hkexnews.hk/search/titlesearch.xhtml,https://www1.hkexnews.hk/search/titlesearch.xhtml,1620584511,14:21:51,20210509
22,2014-03-31,0079.HK,HKD,2014-03-31,2014-03-31,Q1,8028750.0,2327500.0,5701250.0,0.7101043126264985,0.0,10280000.0,0.0,0.0,0.0,12584250.0,1216750.0,243500.0,-4312000.0,-0.5370699050288027,-4555500.0,-0.5673984119570294,0.0,3840250.0,0.4783123151175463,63000.0,3622250.0,0.45115989413046864,0.011925,0.0117,303626000,303626000,https://www1.hkexnews.hk/search/titlesearch.xhtml,https://www1.hkexnews.hk/search/titlesearch.xhtml,1620584511,14:21:51,20210509
23,2014-01-31,0079.HK,HKD,2014-01-31,2014-01-31,Q1,8028750.0,2327500.0,5701250.0,0.7101043126264985,0.0,10280000.0,0.0,0.0,0.0,12584250.0,1216750.0,243500.0,-4312000.0,-0.5370699050288027,-4555500.0,-0.5673984119570294,0.0,3840250.0,0.4783123151175463,63000.0,3622250.0,0.45115989413046864,0.011925,0.0117,303626000,303626000,https://www1.hkexnews.hk/search/titlesearch.xhtml,https://www1.hkexnews.hk/search/titlesearch.xhtml,1620584511,14:21:51,20210509
24,2013-09-30,0079.HK,HKD,2013-09-30,2013-09-30,Q3,7680250.0,2125000.0,5555250.0,0.7233162982975815,0.0,7497000.0,0.0,0.0,0.0,9622000.0,573000.0,270000.0,-1671750.0,-0.21766869568047914,-1941750.0,-0.25282380130855114,0.0,4402500.0,0.5732235278799518,168000.0,4099500.0,0.5337716871195599,0.01375,0.013625,297897000,300880734,https://www1.hkexnews.hk/search/titlesearch.xhtml,https://www1.hkexnews.hk/search/titlesearch.xhtml,1620584511,14:21:51,20210509
25,2013-06-30,0079.HK,HKD,2013-06-30,2013-06-30,Q2,7680250.0,2125000.0,5555250.0,0.7233162982975815,0.0,7497000.0,0.0,0.0,0.0,9622000.0,573000.0,270000.0,-1671750.0,-0.21766869568047914,-1941750.0,-0.25282380130855114,0.0,4402500.0,0.5732235278799518,168000.0,4099500.0,0.5337716871195599,0.01375,0.013625,297897000,300880734,https://www1.hkexnews.hk/search/titlesearch.xhtml,https://www1.hkexnews.hk/search/titlesearch.xhtml,1620584511,14:21:51,20210509
26,2013-03-31,0079.HK,HKD,2013-03-31,2013-03-31,Q1,7680250.0,2125000.0,5555250.0,0.7233162982975815,0.0,7497000.0,0.0,0.0,0.0,9622000.0,573000.0,270000.0,-1671750.0,-0.21766869568047914,-1941750.0,-0.25282380130855114,0.0,4402500.0,0.5732235278799518,168000.0,4099500.0,0.5337716871195599,0.01375,0.013625,297897000,300880734,https://www1.hkexnews.hk/search/titlesearch.xhtml,https://www1.hkexnews.hk/search/titlesearch.xhtml,1620584511,14:21:51,20210509
27,2013-01-31,0079.HK,HKD,2013-01-31,2013-01-31,Q1,7680250.0,2125000.0,5555250.0,0.7233162982975815,0.0,7497000.0,0.0,0.0,0.0,9622000.0,573000.0,270000.0,-1671750.0,-0.21766869568047914,-1941750.0,-0.25282380130855114,0.0,4402500.0,0.5732235278799518,168000.0,4099500.0,0.5337716871195599,0.01375,0.013625,297897000,300880734,https://www1.hkexnews.hk/search/titlesearch.xhtml,https://www1.hkexnews.hk/search/titlesearch.xhtml,1620584511,14:21:51,20210509
28,2012-09-30,0079.HK,HKD,2012-09-30,2012-09-30,Q3,7161750.0,2144500.0,5017250.0,0.7005620134743603,0.0,7658750.0,0.0,348750.0,0.0,9598250.0,316500.0,186250.0,-2250250.0,-0.3142039306035536,-2436500.0,-0.34021014416867384,0.0,2944500.0,0.41114252801340456,-2750.0,2802250.0,0.39128006423011136,0.009413948332045554,0.009413315865497665,297670000,297690000,https://www1.hkexnews.hk/search/titlesearch.xhtml,https://www1.hkexnews.hk/search/titlesearch.xhtml,1620584511,14:21:51,20210509
29,2012-06-30,0079.HK,HKD,2012-06-30,2012-06-30,Q2,7161750.0,2144500.0,5017250.0,0.7005620134743603,0.0,7658750.0,0.0,348750.0,0.0,9598250.0,316500.0,186250.0,-2250250.0,-0.3142039306035536,-2436500.0,-0.34021014416867384,0.0,2944500.0,0.41114252801340456,-2750.0,2802250.0,0.39128006423011136,0.009413948332045554,0.009413315865497665,297670000,297690000,https://www1.hkexnews.hk/search/titlesearch.xhtml,https://www1.hkexnews.hk/search/titlesearch.xhtml,1620584511,14:21:51,20210509
30,2012-03-31,0079.HK,HKD,2012-03-31,2012-03-31,Q1,7161750.0,2144500.0,5017250.0,0.7005620134743603,0.0,7658750.0,0.0,348750.0,0.0,9598250.0,316500.0,186250.0,-2250250.0,-0.3142039306035536,-2436500.0,-0.34021014416867384,0.0,2944500.0,0.41114252801340456,-2750.0,2802250.0,0.39128006423011136,0.009413948332045554,0.009413315865497665,297670000,297690000,https://www1.hkexnews.hk/search/titlesearch.xhtml,https://www1.hkexnews.hk/search/titlesearch.xhtml,1620584511,14:21:51,20210509
31,2012-01-31,0079.HK,HKD,2012-01-31,2012-01-31,Q1,7161750.0,2144500.0,5017250.0,0.7005620134743603,0.0,7658750.0,0.0,348750.0,0.0,9598250.0,316500.0,186250.0,-2250250.0,-0.3142039306035536,-2436500.0,-0.34021014416867384,0.0,2944500.0,0.41114252801340456,-2750.0,2802250.0,0.39128006423011136,0.009413948332045554,0.009413315865497665,297670000,297690000,https://www1.hkexnews.hk/search/titlesearch.xhtml,https://www1.hkexnews.hk/search/titlesearch.xhtml,1620584511,14:21:51,20210509
32,2011-09-30,0079.HK,HKD,2011-09-30,2011-09-30,Q3,6864000.0,2160750.0,4703250.0,0.6852054195804196,0.0,7052250.0,0.0,0.0,0.0,9181500.0,334000.0,197500.0,-2120000.0,-0.30885780885780884,-2317500.0,-0.3376311188811189,0.0,2834000.0,0.4128787878787879,699000.0,1965500.0,0.2863490675990676,0.0066,0.006525,297670000,301147000,https://www1.hkexnews.hk/search/titlesearch.xhtml,https://www1.hkexnews.hk/search/titlesearch.xhtml,1620584511,14:21:51,20210509
33,2011-06-30,0079.HK,HKD,2011-06-30,2011-06-30,Q2,6864000.0,2160750.0,4703250.0,0.6852054195804196,0.0,7052250.0,0.0,0.0,0.0,9181500.0,334000.0,197500.0,-2120000.0,-0.30885780885780884,-2317500.0,-0.3376311188811189,0.0,2834000.0,0.4128787878787879,699000.0,1965500.0,0.2863490675990676,0.0066,0.006525,297670000,301147000,https://www1.hkexnews.hk/search/titlesearch.xhtml,https://www1.hkexnews.hk/search/titlesearch.xhtml,1620584511,14:21:51,20210509
34,2011-03-31,0079.HK,HKD,2011-03-31,2011-03-31,Q1,6864000.0,2160750.0,4703250.0,0.6852054195804196,0.0,7052250.0,0.0,0.0,0.0,9181500.0,334000.0,197500.0,-2120000.0,-0.30885780885780884,-2317500.0,-0.3376311188811189,0.0,2834000.0,0.4128787878787879,699000.0,1965500.0,0.2863490675990676,0.0066,0.006525,297670000,301147000,https://www1.hkexnews.hk/search/titlesearch.xhtml,https://www1.hkexnews.hk/search/titlesearch.xhtml,1620584511,14:21:51,20210509
35,2011-01-31,0079.HK,HKD,2011-01-31,2011-01-31,Q1,6864000.0,2160750.0,4703250.0,0.6852054195804196,0.0,7052250.0,0.0,0.0,0.0,9181500.0,334000.0,197500.0,-2120000.0,-0.30885780885780884,-2317500.0,-0.3376311188811189,0.0,2834000.0,0.4128787878787879,699000.0,1965500.0,0.2863490675990676,0.0066,0.006525,297670000,301147000,https://www1.hkexnews.hk/search/titlesearch.xhtml,https://www1.hkexnews.hk/search/titlesearch.xhtml,1620584511,14:21:51,20210509
36,2010-09-30,0079.HK,HKD,2010-09-30,2010-09-30,Q3,6784000.0,2255750.0,4528250.0,0.6674896816037735,0.0,6821000.0,0.0,0.0,0.0,8920750.0,426750.0,302000.0,-1834750.0,-0.27045253537735847,-2136750.0,-0.31496904481132076,0.0,10706500.0,1.5781987028301887,2064500.0,8465500.0,1.2478626179245282,0.02845,0.0277,297670000,305570000,https://www1.hkexnews.hk/search/titlesearch.xhtml,https://www1.hkexnews.hk/search/titlesearch.xhtml,1620584511,14:21:51,20210509
37,2010-06-30,0079.HK,HKD,2010-06-30,2010-06-30,Q2,6784000.0,2255750.0,4528250.0,0.6674896816037735,0.0,6821000.0,0.0,0.0,0.0,8920750.0,426750.0,302000.0,-1834750.0,-0.27045253537735847,-2136750.0,-0.31496904481132076,0.0,10706500.0,1.5781987028301887,2064500.0,8465500.0,1.2478626179245282,0.02845,0.0277,297670000,305570000,https://www1.hkexnews.hk/search/titlesearch.xhtml,https://www1.hkexnews.hk/search/titlesearch.xhtml,1620584511,14:21:51,20210509
38,2010-03-31,0079.HK,HKD,2010-03-31,2010-03-31,Q1,6784000.0,2255750.0,4528250.0,0.6674896816037735,0.0,6821000.0,0.0,0.0,0.0,8920750.0,426750.0,302000.0,-1834750.0,-0.27045253537735847,-2136750.0,-0.31496904481132076,0.0,10706500.0,1.5781987028301887,2064500.0,8465500.0,1.2478626179245282,0.02845,0.0277,297670000,305570000,https://www1.hkexnews.hk/search/titlesearch.xhtml,https://www1.hkexnews.hk/search/titlesearch.xhtml,1620584511,14:21:51,20210509
39,2010-01-31,0079.HK,HKD,2010-01-31,2010-01-31,Q1,6784000.0,2255750.0,4528250.0,0.6674896816037735,0.0,6821000.0,0.0,0.0,0.0,8920750.0,426750.0,302000.0,-1834750.0,-0.27045253537735847,-2136750.0,-0.31496904481132076,0.0,10706500.0,1.5781987028301887,2064500.0,8465500.0,1.2478626179245282,0.02845,0.0277,297670000,305570000,https://www1.hkexnews.hk/search/titlesearch.xhtml,https://www1.hkexnews.hk/search/titlesearch.xhtml,1620584511,14:21:51,20210509
40,2009-09-30,0079.HK,HKD,2009-09-30,2009-09-30,Q3,5687000.0,2199250.0,3487750.0,0.6132846843678565,0.0,7621500.0,0.0,68750.0,0.0,9596500.0,208250.0,409000.0,-3500500.0,-0.6155266397045894,-3909500.0,-0.6874450501142958,0.0,-1662750.0,-0.29237735185510816,259500.0,-1922250.0,-0.3380077369439072,-0.00645,-0.00645,297670000,297670000,https://www1.hkexnews.hk/search/titlesearch.xhtml,https://www1.hkexnews.hk/search/titlesearch.xhtml,1620584511,14:21:51,20210509
41,2009-06-30,0079.HK,HKD,2009-06-30,2009-06-30,Q2,5687000.0,2199250.0,3487750.0,0.6132846843678565,0.0,7621500.0,0.0,68750.0,0.0,9596500.0,208250.0,409000.0,-3500500.0,-0.6155266397045894,-3909500.0,-0.6874450501142958,0.0,-1662750.0,-0.29237735185510816,259500.0,-1922250.0,-0.3380077369439072,-0.00645,-0.00645,297670000,297670000,https://www1.hkexnews.hk/search/titlesearch.xhtml,https://www1.hkexnews.hk/search/titlesearch.xhtml,1620584511,14:21:51,20210509
42,2009-03-31,0079.HK,HKD,2009-03-31,2009-03-31,Q1,5687000.0,2199250.0,3487750.0,0.6132846843678565,0.0,7621500.0,0.0,68750.0,0.0,9596500.0,208250.0,409000.0,-3500500.0,-0.6155266397045894,-3909500.0,-0.6874450501142958,0.0,-1662750.0,-0.29237735185510816,259500.0,-1922250.0,-0.3380077369439072,-0.00645,-0.00645,297670000,297670000,https://www1.hkexnews.hk/search/titlesearch.xhtml,https://www1.hkexnews.hk/search/titlesearch.xhtml,1620584511,14:21:51,20210509
43,2009-01-31,0079.HK,HKD,2009-01-31,2009-01-31,Q1,5687000.0,2199250.0,3487750.0,0.6132846843678565,0.0,7621500.0,0.0,68750.0,0.0,9596500.0,208250.0,409000.0,-3500500.0,-0.6155266397045894,-3909500.0,-0.6874450501142958,0.0,-1662750.0,-0.29237735185510816,259500.0,-1922250.0,-0.3380077369439072,-0.00645,-0.00645,297670000,297670000,https://www1.hkexnews.hk/search/titlesearch.xhtml,https://www1.hkexnews.hk/search/titlesearch.xhtml,1620584511,14:21:51,20210509
44,2008-09-30,0079.HK,HKD,2008-09-30,2008-09-30,Q3,5883000.0,3434000.0,2449000.0,0.4162842087370389,0.0,12742750.0,0.0,-46000.0,0.0,16009750.0,17000.0,367750.0,-9759000.0,-1.658847526772055,-10126750.0,-1.7213581506034337,0.0,22934250.0,3.8983936766955636,0.0,22934250.0,3.8983936766955636,0.077,0.077,297670000,297670000,https://www1.hkexnews.hk/search/titlesearch.xhtml,https://www1.hkexnews.hk/search/titlesearch.xhtml,1620584511,14:21:51,20210509
45,2008-06-30,0079.HK,HKD,2008-06-30,2008-06-30,Q2,5883000.0,3434000.0,2449000.0,0.4162842087370389,0.0,12742750.0,0.0,-46000.0,0.0,16009750.0,17000.0,367750.0,-9759000.0,-1.658847526772055,-10126750.0,-1.7213581506034337,0.0,22934250.0,3.8983936766955636,0.0,22934250.0,3.8983936766955636,0.077,0.077,297670000,297670000,https://www1.hkexnews.hk/search/titlesearch.xhtml,https://www1.hkexnews.hk/search/titlesearch.xhtml,1620584511,14:21:51,20210509
46,2008-03-31,0079.HK,HKD,2008-03-31,2008-03-31,Q1,5883000.0,3434000.0,2449000.0,0.4162842087370389,0.0,12742750.0,0.0,-46000.0,0.0,16009750.0,17000.0,367750.0,-9759000.0,-1.658847526772055,-10126750.0,-1.7213581506034337,0.0,22934250.0,3.8983936766955636,0.0,22934250.0,3.8983936766955636,0.077,0.077,297670000,297670000,https://www1.hkexnews.hk/search/titlesearch.xhtml,https://www1.hkexnews.hk/search/titlesearch.xhtml,1620584511,14:21:51,20210509
47,2008-01-31,0079.HK,HKD,2008-01-31,2008-01-31,Q1,5883000.0,3434000.0,2449000.0,0.4162842087370389,0.0,12742750.0,0.0,-46000.0,0.0,16009750.0,17000.0,367750.0,-9759000.0,-1.658847526772055,-10126750.0,-1.7213581506034337,0.0,22934250.0,3.8983936766955636,0.0,22934250.0,3.8983936766955636,0.077,0.077,297670000,297670000,https://www1.hkexnews.hk/search/titlesearch.xhtml,https://www1.hkexnews.hk/search/titlesearch.xhtml,1620584511,14:21:51,20210509
48,2007-09-30,0079.HK,HKD,2007-09-30,2007-09-30,Q3,17425750.0,14287750.0,3138000.0,0.18007833235298337,0.0,6793250.0,0.0,94250.0,0.0,20834500.0,1500.0,391500.0,-3017250.0,-0.17314893189676198,-3408750.0,-0.19561568368649843,0.0,1499500.0,0.08605081560334563,0.0,1499500.0,0.08605081560334563,0.006,0.006,249764000,249764000,https://www1.hkexnews.hk/search/titlesearch.xhtml,https://www1.hkexnews.hk/search/titlesearch.xhtml,1620584511,14:21:51,20210509
49,2007-06-30,0079.HK,HKD,2007-06-30,2007-06-30,Q2,17425750.0,14287750.0,3138000.0,0.18007833235298337,0.0,6793250.0,0.0,94250.0,0.0,20834500.0,1500.0,391500.0,-3017250.0,-0.17314893189676198,-3408750.0,-0.19561568368649843,0.0,1499500.0,0.08605081560334563,0.0,1499500.0,0.08605081560334563,0.006,0.006,249764000,249764000,https://www1.hkexnews.hk/search/titlesearch.xhtml,https://www1.hkexnews.hk/search/titlesearch.xhtml,1620584511,14:21:51,20210509
50,2007-03-31,0079.HK,HKD,2007-03-31,2007-03-31,Q1,17425750.0,14287750.0,3138000.0,0.18007833235298337,0.0,6793250.0,0.0,94250.0,0.0,20834500.0,1500.0,391500.0,-3017250.0,-0.17314893189676198,-3408750.0,-0.19561568368649843,0.0,1499500.0,0.08605081560334563,0.0,1499500.0,0.08605081560334563,0.006,0.006,249764000,249764000,https://www1.hkexnews.hk/search/titlesearch.xhtml,https://www1.hkexnews.hk/search/titlesearch.xhtml,1620584511,14:21:51,20210509
51,2007-01-31,0079.HK,HKD,2007-01-31,2007-01-31,Q1,17425750.0,14287750.0,3138000.0,0.18007833235298337,0.0,6793250.0,0.0,94250.0,0.0,20834500.0,1500.0,391500.0,-3017250.0,-0.17314893189676198,-3408750.0,-0.19561568368649843,0.0,1499500.0,0.08605081560334563,0.0,1499500.0,0.08605081560334563,0.006,0.006,249764000,249764000,https://www1.hkexnews.hk/search/titlesearch.xhtml,https://www1.hkexnews.hk/search/titlesearch.xhtml,1620584511,14:21:51,20210509
52,2006-09-30,0079.HK,HKD,2006-09-30,2006-09-30,Q3,133854750.0,129896250.0,3958500.0,0.02957310069310204,0.0,7190500.0,0.0,26750.0,0.0,136222000.0,0.0,474750.0,-1892500.0,-0.014138459785700545,-2367250.0,-0.017685214757040747,0.0,-212500.0,-0.0015875417196625447,0.0,-212500.0,-0.0015875417196625447,-0.001375,-0.001375,153356000,153356000,https://www1.hkexnews.hk/search/titlesearch.xhtml,https://www1.hkexnews.hk/search/titlesearch.xhtml,1620584511,14:21:51,20210509
53,2006-06-30,0079.HK,HKD,2006-06-30,2006-06-30,Q2,133854750.0,129896250.0,3958500.0,0.02957310069310204,0.0,7190500.0,0.0,26750.0,0.0,136222000.0,0.0,474750.0,-1892500.0,-0.014138459785700545,-2367250.0,-0.017685214757040747,0.0,-212500.0,-0.0015875417196625447,0.0,-212500.0,-0.0015875417196625447,-0.001375,-0.001375,153356000,153356000,https://www1.hkexnews.hk/search/titlesearch.xhtml,https://www1.hkexnews.hk/search/titlesearch.xhtml,1620584511,14:21:51,20210509
54,2006-03-31,0079.HK,HKD,2006-03-31,2006-03-31,Q1,133854750.0,129896250.0,3958500.0,0.02957310069310204,0.0,7190500.0,0.0,26750.0,0.0,136222000.0,0.0,474750.0,-1892500.0,-0.014138459785700545,-2367250.0,-0.017685214757040747,0.0,-212500.0,-0.0015875417196625447,0.0,-212500.0,-0.0015875417196625447,-0.001375,-0.001375,153356000,153356000,https://www1.hkexnews.hk/search/titlesearch.xhtml,https://www1.hkexnews.hk/search/titlesearch.xhtml,1620584511,14:21:51,20210509
55,2006-01-31,0079.HK,HKD,2006-01-31,2006-01-31,Q1,133854750.0,129896250.0,3958500.0,0.02957310069310204,0.0,7190500.0,0.0,26750.0,0.0,136222000.0,0.0,474750.0,-1892500.0,-0.014138459785700545,-2367250.0,-0.017685214757040747,0.0,-212500.0,-0.0015875417196625447,0.0,-212500.0,-0.0015875417196625447,-0.001375,-0.001375,153356000,153356000,https://www1.hkexnews.hk/search/titlesearch.xhtml,https://www1.hkexnews.hk/search/titlesearch.xhtml,1620584511,14:21:51,20210509
56,2005-09-30,0079.HK,HKD,2005-09-30,2005-09-30,Q3,13738000.0,9517000.0,4221000.0,0.3072499636046004,0.0,8327250.0,0.0,88500.0,0.0,16767500.0,12000.0,524750.0,-2504750.0,-0.18232275440384335,-3029500.0,-0.22051972630659486,0.0,-3079000.0,-0.22412287086912214,0.0,-3079000.0,-0.22412287086912214,-0.00135,-0.00135,2274643000,2274643000,https://www1.hkexnews.hk/search/titlesearch.xhtml,https://www1.hkexnews.hk/search/titlesearch.xhtml,1620584511,14:21:51,20210509
57,2005-06-30,0079.HK,HKD,2005-06-30,2005-06-30,Q2,13738000.0,9517000.0,4221000.0,0.3072499636046004,0.0,8327250.0,0.0,88500.0,0.0,16767500.0,12000.0,524750.0,-2504750.0,-0.18232275440384335,-3029500.0,-0.22051972630659486,0.0,-3079000.0,-0.22412287086912214,0.0,-3079000.0,-0.22412287086912214,-0.00135,-0.00135,2274643000,2274643000,https://www1.hkexnews.hk/search/titlesearch.xhtml,https://www1.hkexnews.hk/search/titlesearch.xhtml,1620584511,14:21:51,20210509
58,2005-03-31,0079.HK,HKD,2005-03-31,2005-03-31,Q1,13738000.0,9517000.0,4221000.0,0.3072499636046004,0.0,8327250.0,0.0,88500.0,0.0,16767500.0,12000.0,524750.0,-2504750.0,-0.18232275440384335,-3029500.0,-0.22051972630659486,0.0,-3079000.0,-0.22412287086912214,0.0,-3079000.0,-0.22412287086912214,-0.00135,-0.00135,2274643000,2274643000,https://www1.hkexnews.hk/search/titlesearch.xhtml,https://www1.hkexnews.hk/search/titlesearch.xhtml,1620584511,14:21:51,20210509
59,2005-01-31,0079.HK,HKD,2005-01-31,2005-01-31,Q1,13738000.0,9517000.0,4221000.0,0.3072499636046004,0.0,8327250.0,0.0,88500.0,0.0,16767500.0,12000.0,524750.0,-2504750.0,-0.18232275440384335,-3029500.0,-0.22051972630659486,0.0,-3079000.0,-0.22412287086912214,0.0,-3079000.0,-0.22412287086912214,-0.00135,-0.00135,2274643000,2274643000,https://www1.hkexnews.hk/search/titlesearch.xhtml,https://www1.hkexnews.hk/search/titlesearch.xhtml,1620584511,14:21:51,20210509
60,2004-09-30,0079.HK,HKD,2004-09-30,2004-09-30,Q3,27147750.0,22403500.0,4744250.0,0.17475665570811577,0.0,8211500.0,0.0,0.0,0.0,31266000.0,0.0,798000.0,-3320250.0,-0.12230295328342128,-4118250.0,-0.1516976545017543,0.0,-64000.0,-0.002357469771896382,0.0,630000.0,0.02320634306710501,0.0003,0.0003,2100000000,2100000000,https://www1.hkexnews.hk/search/titlesearch.xhtml,https://www1.hkexnews.hk/search/titlesearch.xhtml,1620584511,14:21:51,20210509
61,2004-06-30,0079.HK,HKD,2004-06-30,2004-06-30,Q2,27147750.0,22403500.0,4744250.0,0.17475665570811577,0.0,8211500.0,0.0,0.0,0.0,31266000.0,0.0,798000.0,-3320250.0,-0.12230295328342128,-4118250.0,-0.1516976545017543,0.0,-64000.0,-0.002357469771896382,0.0,630000.0,0.02320634306710501,0.0003,0.0003,2100000000,2100000000,https://www1.hkexnews.hk/search/titlesearch.xhtml,https://www1.hkexnews.hk/search/titlesearch.xhtml,1620584511,14:21:51,20210509
62,2004-03-31,0079.HK,HKD,2004-03-31,2004-03-31,Q1,27147750.0,22403500.0,4744250.0,0.17475665570811577,0.0,8211500.0,0.0,0.0,0.0,31266000.0,0.0,798000.0,-3320250.0,-0.12230295328342128,-4118250.0,-0.1516976545017543,0.0,-64000.0,-0.002357469771896382,0.0,630000.0,0.02320634306710501,0.0003,0.0003,2100000000,2100000000,https://www1.hkexnews.hk/search/titlesearch.xhtml,https://www1.hkexnews.hk/search/titlesearch.xhtml,1620584511,14:21:51,20210509
63,2004-01-31,0079.HK,HKD,2004-01-31,2004-01-31,Q1,27147750.0,22403500.0,4744250.0,0.17475665570811577,0.0,8211500.0,0.0,0.0,0.0,31266000.0,0.0,798000.0,-3320250.0,-0.12230295328342128,-4118250.0,-0.1516976545017543,0.0,-64000.0,-0.002357469771896382,0.0,630000.0,0.02320634306710501,0.0003,0.0003,2100000000,2100000000,https://www1.hkexnews.hk/search/titlesearch.xhtml,https://www1.hkexnews.hk/search/titlesearch.xhtml,1620584511,14:21:51,20210509
64,2003-09-30,0079.HK,HKD,2003-09-30,2003-09-30,Q3,15039250.0,8625250.0,6414000.0,0.42648403344581676,0.0,10167750.0,0.0,0.0,0.0,19614000.0,0.0,0.0,-4574750.0,-3.2874474014973494,-4574750.0,-0.3041873763651778,0.0,-1556250.0,-0.10347922934986785,0.0,-1357250.0,-0.09024718652858355,-0.00065,-0.00065,2088076923,2088076923,https://www1.hkexnews.hk/search/titlesearch.xhtml,https://www1.hkexnews.hk/search/titlesearch.xhtml,1620584511,14:21:51,20210509
65,2003-06-30,0079.HK,HKD,2003-06-30,2003-06-30,Q2,15039250.0,8625250.0,6414000.0,0.42648403344581676,0.0,10167750.0,0.0,0.0,0.0,19614000.0,0.0,0.0,-4574750.0,-3.2874474014973494,-4574750.0,-0.3041873763651778,0.0,-1556250.0,-0.10347922934986785,0.0,-1357250.0,-0.09024718652858355,-0.00065,-0.00065,2088076923,2088076923,https://www1.hkexnews.hk/search/titlesearch.xhtml,https://www1.hkexnews.hk/search/titlesearch.xhtml,1620584511,14:21:51,20210509
66,2003-03-31,0079.HK,HKD,2003-03-31,2003-03-31,Q1,15039250.0,8625250.0,6414000.0,0.42648403344581676,0.0,10167750.0,0.0,0.0,0.0,19614000.0,0.0,0.0,-4574750.0,-3.2874474014973494,-4574750.0,-0.3041873763651778,0.0,-1556250.0,-0.10347922934986785,0.0,-1357250.0,-0.09024718652858355,-0.00065,-0.00065,2088076923,2088076923,https://www1.hkexnews.hk/search/titlesearch.xhtml,https://www1.hkexnews.hk/search/titlesearch.xhtml,1620584511,14:21:51,20210509
67,2003-01-31,0079.HK,HKD,2003-01-31,2003-01-31,Q1,15039250.0,8625250.0,6414000.0,0.42648403344581676,0.0,10167750.0,0.0,0.0,0.0,19614000.0,0.0,0.0,-4574750.0,-3.2874474014973494,-4574750.0,-0.3041873763651778,0.0,-1556250.0,-0.10347922934986785,0.0,-1357250.0,-0.09024718652858355,-0.00065,-0.00065,2088076923,2088076923,https://www1.hkexnews.hk/search/titlesearch.xhtml,https://www1.hkexnews.hk/search/titlesearch.xhtml,1620584511,14:21:51,20210509
68,2002-09-30,0079.HK,HKD,2002-09-30,2002-09-30,Q3,14289000.0,6939000.0,7350000.0,0.5143816922107916,0.0,10929750.0,0.0,0.0,0.0,19928250.0,0.0,0.0,-5639250.0,-2.533847586115175,-5639250.0,-0.39465672895234094,0.0,-5295500.0,-0.3705997620547274,0.0,-5190500.0,-0.3632514521660018,-0.00295,-0.00295,1759491525,1759491525,https://www1.hkexnews.hk/search/titlesearch.xhtml,https://www1.hkexnews.hk/search/titlesearch.xhtml,1620584511,14:21:51,20210509
69,2002-06-30,0079.HK,HKD,2002-06-30,2002-06-30,Q2,14289000.0,6939000.0,7350000.0,0.5143816922107916,0.0,10929750.0,0.0,0.0,0.0,19928250.0,0.0,0.0,-5639250.0,-2.533847586115175,-5639250.0,-0.39465672895234094,0.0,-5295500.0,-0.3705997620547274,0.0,-5190500.0,-0.3632514521660018,-0.00295,-0.00295,1759491525,1759491525,https://www1.hkexnews.hk/search/titlesearch.xhtml,https://www1.hkexnews.hk/search/titlesearch.xhtml,1620584511,14:21:51,20210509
70,2002-03-31,0079.HK,HKD,2002-03-31,2002-03-31,Q1,14289000.0,6939000.0,7350000.0,0.5143816922107916,0.0,10929750.0,0.0,0.0,0.0,19928250.0,0.0,0.0,-5639250.0,-2.533847586115175,-5639250.0,-0.39465672895234094,0.0,-5295500.0,-0.3705997620547274,0.0,-5190500.0,-0.3632514521660018,-0.00295,-0.00295,1759491525,1759491525,https://www1.hkexnews.hk/search/titlesearch.xhtml,https://www1.hkexnews.hk/search/titlesearch.xhtml,1620584511,14:21:51,20210509
71,2002-01-31,0079.HK,HKD,2002-01-31,2002-01-31,Q1,14289000.0,6939000.0,7350000.0,0.5143816922107916,0.0,10929750.0,0.0,0.0,0.0,19928250.0,0.0,0.0,-5639250.0,-2.533847586115175,-5639250.0,-0.39465672895234094,0.0,-5295500.0,-0.3705997620547274,0.0,-5190500.0,-0.3632514521660018,-0.00295,-0.00295,1759491525,1759491525,https://www1.hkexnews.hk/search/titlesearch.xhtml,https://www1.hkexnews.hk/search/titlesearch.xhtml,1620584511,14:21:51,20210509
72,2001-09-30,0079.HK,HKD,2001-09-30,2001-09-30,Q3,5332500.0,2078250.0,3254250.0,0.610267229254571,0.0,5680250.0,0.0,0.0,0.0,9629750.0,0.0,0.0,-4297250.0,-1.2409098842282855,-4297250.0,-0.8058602906704172,0.0,-6202500.0,-1.1631504922644162,-15000.0,-6187500.0,-1.160337552742616,0.00515,0.00515,1759491525,1759491525,https://www1.hkexnews.hk/search/titlesearch.xhtml,https://www1.hkexnews.hk/search/titlesearch.xhtml,1620584511,14:21:51,20210509
73,2001-06-30,0079.HK,HKD,2001-06-30,2001-06-30,Q2,5332500.0,2078250.0,3254250.0,0.610267229254571,0.0,5680250.0,0.0,0.0,0.0,9629750.0,0.0,0.0,-4297250.0,-1.2409098842282855,-4297250.0,-0.8058602906704172,0.0,-6202500.0,-1.1631504922644162,-15000.0,-6187500.0,-1.160337552742616,0.00515,0.00515,1759491525,1759491525,https://www1.hkexnews.hk/search/titlesearch.xhtml,https://www1.hkexnews.hk/search/titlesearch.xhtml,1620584511,14:21:51,20210509
74,2001-03-31,0079.HK,HKD,2001-03-31,2001-03-31,Q1,5332500.0,2078250.0,3254250.0,0.610267229254571,0.0,5680250.0,0.0,0.0,0.0,9629750.0,0.0,0.0,-4297250.0,-1.2409098842282855,-4297250.0,-0.8058602906704172,0.0,-6202500.0,-1.1631504922644162,-15000.0,-6187500.0,-1.160337552742616,0.00515,0.00515,1759491525,1759491525,https://www1.hkexnews.hk/search/titlesearch.xhtml,https://www1.hkexnews.hk/search/titlesearch.xhtml,1620584511,14:21:51,20210509
75,2001-01-31,0079.HK,HKD,2001-01-31,2001-01-31,Q1,5332500.0,2078250.0,3254250.0,0.610267229254571,0.0,5680250.0,0.0,0.0,0.0,9629750.0,0.0,0.0,-4297250.0,-1.2409098842282855,-4297250.0,-0.8058602906704172,0.0,-6202500.0,-1.1631504922644162,-15000.0,-6187500.0,-1.160337552742616,0.00515,0.00515,1759491525,1759491525,https://www1.hkexnews.hk/search/titlesearch.xhtml,https://www1.hkexnews.hk/search/titlesearch.xhtml,1620584511,14:21:51,20210509
76,2000-09-30,0079.HK,HKD,2000-09-30,2000-09-30,Q3,840500.0,68750.0,771750.0,0.9182034503271862,0.0,2456750.0,0.0,0.0,0.0,603250.0,0.0,0.0,237250.0,3.542676501580611,237250.0,0.2822724568709102,0.0,-2058500.0,-2.4491374182034504,0.0,-2058500.0,-2.4491374182034504,0.003025,0.003025,1759491525,1759491525,https://www1.hkexnews.hk/search/titlesearch.xhtml,https://www1.hkexnews.hk/search/titlesearch.xhtml,1620584511,14:21:51,20210509
77,2000-06-30,0079.HK,HKD,2000-06-30,2000-06-30,Q2,840500.0,68750.0,771750.0,0.9182034503271862,0.0,2456750.0,0.0,0.0,0.0,603250.0,0.0,0.0,237250.0,3.542676501580611,237250.0,0.2822724568709102,0.0,-2058500.0,-2.4491374182034504,0.0,-2058500.0,-2.4491374182034504,0.003025,0.003025,1759491525,1759491525,https://www1.hkexnews.hk/search/titlesearch.xhtml,https://www1.hkexnews.hk/search/titlesearch.xhtml,1620584511,14:21:51,20210509
78,2000-03-31,0079.HK,HKD,2000-03-31,2000-03-31,Q1,840500.0,68750.0,771750.0,0.9182034503271862,0.0,2456750.0,0.0,0.0,0.0,603250.0,0.0,0.0,237250.0,3.542676501580611,237250.0,0.2822724568709102,0.0,-2058500.0,-2.4491374182034504,0.0,-2058500.0,-2.4491374182034504,0.003025,0.003025,1759491525,1759491525,https://www1.hkexnews.hk/search/titlesearch.xhtml,https://www1.hkexnews.hk/search/titlesearch.xhtml,1620584511,14:21:51,20210509
79,2000-01-31,0079.HK,HKD,2000-01-31,2000-01-31,Q1,840500.0,68750.0,771750.0,0.9182034503271862,0.0,2456750.0,0.0,0.0,0.0,603250.0,0.0,0.0,237250.0,3.542676501580611,237250.0,0.2822724568709102,0.0,-2058500.0,-2.4491374182034504,0.0,-2058500.0,-2.4491374182034504,0.003025,0.003025,1759491525,1759491525,https://www1.hkexnews.hk/search/titlesearch.xhtml,https://www1.hkexnews.hk/search/titlesearch.xhtml,1620584511,14:21:51,20210509
