,date,symbol,reportedCurrency,fillingDate,acceptedDate,period,revenue,costOfRevenue,grossProfit,grossProfitRatio,researchAndDevelopmentExpenses,generalAndAdministrativeExpenses,sellingAndMarketingExpenses,otherExpenses,operatingExpenses,costAndExpenses,interestExpense,depreciationAndAmortization,ebitda,ebitdaratio,operatingIncome,operatingIncomeRatio,totalOtherIncomeExpensesNet,incomeBeforeTax,incomeBeforeTaxRatio,incomeTaxExpense,netIncome,netIncomeRatio,eps,epsdiluted,weightedAverageShsOut,weightedAverageShsOutDil,link,finalLink,timestamp,est_time,est_date
0,2020-12-31,OPC.DE,USD,2020-12-31,2020-12-31,Q4,4160000000,3519000000,641000000,0.15408653846153847,0,0,0,0,1058000000,4577000000,409000000,0,1554000000,0.3735576923076923,-417000000,-0.10024038461538462,-629000000,-1425000000,-0.3425480769230769,-276000000,-1112000000,-0.2673076923076923,-1.41,-1.41,933000000,933000000,https://www.bundesanzeiger.de/pub/de/suche;wwwsid=627BFD7A56A5CB624C47FDDEAB2FC509.web07-pub?0,https://www.bundesanzeiger.de/pub/de/suche;wwwsid=627BFD7A56A5CB624C47FDDEAB2FC509.web07-pub?0,1620596146,17:35:46,20210509
1,2020-09-30,OPC.DE,USD,2020-09-30,2020-09-30,Q3,4108000000,3522000000,586000000,0.14264849074975658,0,0,0,0,949000000,4471000000,353000000,0,1696000000,0.41285296981499514,-363000000,-0.08836416747809153,-3363000000,-4058000000,-0.9878286270691334,-403000000,-3575000000,-0.870253164556962,-4.07,-4.07,929300000,929300000,https://www.bundesanzeiger.de/pub/de/suche;wwwsid=627BFD7A56A5CB624C47FDDEAB2FC509.web07-pub?0,https://www.bundesanzeiger.de/pub/de/suche;wwwsid=627BFD7A56A5CB624C47FDDEAB2FC509.web07-pub?0,1620596146,17:35:46,20210509
2,2020-06-30,OPC.DE,USD,2020-06-30,2020-06-30,Q2,2928000000,3541000000,-613000000,-0.20935792349726776,0,0,0,0,807000000,4348000000,310000000,0,992000000,0.33879781420765026,-1420000000,-0.4849726775956284,-6487000000,-8184000000,-2.7950819672131146,-1468000000,-8131000000,-2.7769808743169397,-9.12,-9.12,915500000,915500000,https://www.bundesanzeiger.de/pub/de/suche;wwwsid=627BFD7A56A5CB624C47FDDEAB2FC509.web07-pub?0,https://www.bundesanzeiger.de/pub/de/suche;wwwsid=627BFD7A56A5CB624C47FDDEAB2FC509.web07-pub?0,1620596146,17:35:46,20210509
3,2020-03-31,OPC.DE,USD,2020-03-31,2020-03-31,Q1,6410000000,4293000000,2117000000,0.33026521060842434,0,0,0,0,1232000000,5525000000,352000000,0,3028000000,0.472386895475819,885000000,0.13806552262090482,-2662000000,-2095000000,-0.32683307332293293,-82000000,-2013000000,-0.3140405616224649,-2.49,-2.49,896700000,896700000,https://www.bundesanzeiger.de/pub/de/suche;wwwsid=627BFD7A56A5CB624C47FDDEAB2FC509.web07-pub?0,https://www.bundesanzeiger.de/pub/de/suche;wwwsid=627BFD7A56A5CB624C47FDDEAB2FC509.web07-pub?0,1620596146,17:35:46,20210509
4,2019-12-31,OPC.DE,USD,2019-12-31,2019-12-31,Q4,6282000000,4380000000,1902000000,0.3027698185291309,0,0,0,0,1628000000,6008000000,434000000,0,2686000000,0.42757083731295764,274000000,0.04361668258516396,-872000000,-990000000,-0.15759312320916904,46000000,-1139000000,-0.18131168417701368,-1.5,-1.5,894900000,894900000,https://www.bundesanzeiger.de/pub/de/suche;wwwsid=627BFD7A56A5CB624C47FDDEAB2FC509.web07-pub?0,https://www.bundesanzeiger.de/pub/de/suche;wwwsid=627BFD7A56A5CB624C47FDDEAB2FC509.web07-pub?0,1620596146,17:35:46,20210509
5,2019-09-30,OPC.DE,USD,2019-09-30,2019-09-30,Q3,5687000000,3850000000,1837000000,0.3230174081237911,0,0,0,0,1083000000,4933000000,381000000,0,2620000000,0.46069984174432915,754000000,0.13258308422718482,-1050000000,-621000000,-0.10919641287146123,116000000,-794000000,-0.13961666959732724,-1.08,-1.08,845700000,845700000,https://www.bundesanzeiger.de/pub/de/suche;wwwsid=627BFD7A56A5CB624C47FDDEAB2FC509.web07-pub?0,https://www.bundesanzeiger.de/pub/de/suche;wwwsid=627BFD7A56A5CB624C47FDDEAB2FC509.web07-pub?0,1620596146,17:35:46,20210509
6,2019-06-30,OPC.DE,USD,2019-06-30,2019-06-30,Q2,4420000000,2848000000,1572000000,0.3556561085972851,0,0,0,0,581000000,3429000000,153000000,0,2063000000,0.4667420814479638,991000000,0.2242081447963801,-35000000,844000000,0.19095022624434388,306000000,635000000,0.1436651583710407,0.8485901376453294,0.8472314876584389,748300000,749500000,https://www.bundesanzeiger.de/pub/de/suche;wwwsid=627BFD7A56A5CB624C47FDDEAB2FC509.web07-pub?0,https://www.bundesanzeiger.de/pub/de/suche;wwwsid=627BFD7A56A5CB624C47FDDEAB2FC509.web07-pub?0,1620596146,17:35:46,20210509
7,2019-03-31,OPC.DE,USD,2019-03-31,2019-03-31,Q1,4004000000,2683000000,1321000000,0.32992007992007993,0,0,0,0,525000000,3208000000,98000000,0,1847000000,0.4612887112887113,796000000,0.19880119880119881,7000000,783000000,0.19555444555444557,225000000,631000000,0.15759240759240759,0.8425691013486447,0.8407728181212525,748900000,750500000,https://www.bundesanzeiger.de/pub/de/suche;wwwsid=627BFD7A56A5CB624C47FDDEAB2FC509.web07-pub?0,https://www.bundesanzeiger.de/pub/de/suche;wwwsid=627BFD7A56A5CB624C47FDDEAB2FC509.web07-pub?0,1620596146,17:35:46,20210509
8,2018-12-31,OPC.DE,USD,2018-12-31,2018-12-31,Q4,4762000000,3040000000,1722000000,0.3616127677446451,0,0,0,0,629000000,3669000000,99000000,0,2214000000,0.46493070138597226,1093000000,0.22952540949181016,-300000000,729000000,0.15308693826123476,126000000,706000000,0.1482570348593028,0.9365879543645529,0.9346041832141911,753800000,755400000,https://www.bundesanzeiger.de/pub/de/suche;wwwsid=627BFD7A56A5CB624C47FDDEAB2FC509.web07-pub?0,https://www.bundesanzeiger.de/pub/de/suche;wwwsid=627BFD7A56A5CB624C47FDDEAB2FC509.web07-pub?0,1620596146,17:35:46,20210509
9,2018-09-30,OPC.DE,USD,2018-09-30,2018-09-30,Q3,5216000000,2809000000,2407000000,0.4614647239263804,0,0,0,0,565000000,3374000000,96000000,0,2899000000,0.5557898773006135,1842000000,0.3531441717791411,712000000,2492000000,0.47776073619631904,710000000,1869000000,0.3583205521472393,2.453721937770776,2.448578540547622,761700000,763300000,https://www.bundesanzeiger.de/pub/de/suche;wwwsid=627BFD7A56A5CB624C47FDDEAB2FC509.web07-pub?0,https://www.bundesanzeiger.de/pub/de/suche;wwwsid=627BFD7A56A5CB624C47FDDEAB2FC509.web07-pub?0,1620596146,17:35:46,20210509
10,2018-06-30,OPC.DE,USD,2018-06-30,2018-06-30,Q2,4083000000,2412000000,1671000000,0.40925789860396766,0,0,0,0,538000000,2950000000,97000000,0,2118000000,0.5187362233651727,1133000000,0.2774920401665442,-2000000,1072000000,0.26255204506490326,302000000,848000000,0.2076904237080578,1.107483348569936,1.1050299713317697,765700000,767400000,https://www.bundesanzeiger.de/pub/de/suche;wwwsid=627BFD7A56A5CB624C47FDDEAB2FC509.web07-pub?0,https://www.bundesanzeiger.de/pub/de/suche;wwwsid=627BFD7A56A5CB624C47FDDEAB2FC509.web07-pub?0,1620596146,17:35:46,20210509
11,2018-03-31,OPC.DE,USD,2018-03-31,2018-03-31,Q1,3763000000,2284000000,1479000000,0.3930374701036407,0,0,0,0,430000000,2714000000,97000000,0,1999000000,0.5312250863672602,1049000000,0.2787669412702631,3000000,984000000,0.26149348923731064,339000000,708000000,0.18814775445123572,0.9247648902821317,0.9230769230769231,765600000,767000000,https://www.bundesanzeiger.de/pub/de/suche;wwwsid=627BFD7A56A5CB624C47FDDEAB2FC509.web07-pub?0,https://www.bundesanzeiger.de/pub/de/suche;wwwsid=627BFD7A56A5CB624C47FDDEAB2FC509.web07-pub?0,1620596146,17:35:46,20210509
12,2017-12-31,OPC.DE,USD,2017-12-31,2017-12-31,Q4,3492000000,2401000000,1091000000,0.31242840778923253,0,0,0,0,593000000,2994000000,87000000,0,1601000000,0.45847651775486825,498000000,0.14261168384879724,-452000000,-14000000,-0.004009163802978236,-431000000,497000000,0.14232531500572737,0.6492488569562378,0.6484864300626305,765500000,766400000,https://www.bundesanzeiger.de/pub/de/suche;wwwsid=627BFD7A56A5CB624C47FDDEAB2FC509.web07-pub?0,https://www.bundesanzeiger.de/pub/de/suche;wwwsid=627BFD7A56A5CB624C47FDDEAB2FC509.web07-pub?0,1620596146,17:35:46,20210509
13,2017-09-30,OPC.DE,USD,2017-09-30,2017-09-30,Q3,2999000000,2352000000,647000000,0.21573857952650882,0,0,0,0,436000000,2788000000,91000000,0,1226000000,0.40880293431143716,211000000,0.0703567855951984,75000000,215000000,0.07169056352117373,85000000,190000000,0.06335445148382794,0.248203788373612,0.24791231732776617,765500000,766400000,https://www.bundesanzeiger.de/pub/de/suche;wwwsid=627BFD7A56A5CB624C47FDDEAB2FC509.web07-pub?0,https://www.bundesanzeiger.de/pub/de/suche;wwwsid=627BFD7A56A5CB624C47FDDEAB2FC509.web07-pub?0,1620596146,17:35:46,20210509
14,2017-06-30,OPC.DE,USD,2017-06-30,2017-06-30,Q2,3060000000,2475000000,585000000,0.19117647058823528,0,0,0,0,437000000,2912000000,86000000,0,1168000000,0.38169934640522873,148000000,0.048366013071895426,512000000,605000000,0.1977124183006536,285000000,507000000,0.16568627450980392,0.6628317427114655,0.6619663141402272,764900000,765900000,https://www.bundesanzeiger.de/pub/de/suche;wwwsid=627BFD7A56A5CB624C47FDDEAB2FC509.web07-pub?0,https://www.bundesanzeiger.de/pub/de/suche;wwwsid=627BFD7A56A5CB624C47FDDEAB2FC509.web07-pub?0,1620596146,17:35:46,20210509
15,2017-03-31,OPC.DE,USD,2017-03-31,2017-03-31,Q1,2957000000,2368000000,589000000,0.19918836658775788,0,0,0,0,351000000,2719000000,81000000,0,1201000000,0.4061548867095029,238000000,0.08048698004734528,-13000000,165000000,0.05579979709164694,78000000,117000000,0.039567128846804196,0.15306122448979592,0.15290120230005227,764400000,765200000,https://www.bundesanzeiger.de/pub/de/suche;wwwsid=627BFD7A56A5CB624C47FDDEAB2FC509.web07-pub?0,https://www.bundesanzeiger.de/pub/de/suche;wwwsid=627BFD7A56A5CB624C47FDDEAB2FC509.web07-pub?0,1620596146,17:35:46,20210509
16,2016-12-31,OPC.DE,USD,2016-12-31,2016-12-31,Q4,2788000000,2376000000,412000000,0.14777618364418937,0,0,0,0,488000000,2864000000,76000000,0,1008000000,0.3615494978479197,-76000000,-0.027259684361549498,-522000000,-640000000,-0.22955523672883787,-333000000,-272000000,-0.0975609756097561,-0.36,-0.36,764100000,764100000,https://www.bundesanzeiger.de/pub/de/suche;wwwsid=627BFD7A56A5CB624C47FDDEAB2FC509.web07-pub?0,https://www.bundesanzeiger.de/pub/de/suche;wwwsid=627BFD7A56A5CB624C47FDDEAB2FC509.web07-pub?0,1620596146,17:35:46,20210509
17,2016-09-30,OPC.DE,USD,2016-09-30,2016-09-30,Q3,2648000000,2384000000,264000000,0.09969788519637462,0,0,0,0,386000000,2770000000,68000000,0,949000000,0.35838368580060426,-122000000,-0.04607250755287009,-161000000,-326000000,-0.12311178247734139,-30000000,-241000000,-0.09101208459214502,-0.32,-0.32,764000000,764000000,https://www.bundesanzeiger.de/pub/de/suche;wwwsid=627BFD7A56A5CB624C47FDDEAB2FC509.web07-pub?0,https://www.bundesanzeiger.de/pub/de/suche;wwwsid=627BFD7A56A5CB624C47FDDEAB2FC509.web07-pub?0,1620596146,17:35:46,20210509
18,2016-06-30,OPC.DE,USD,2016-06-30,2016-06-30,Q2,2531000000,2314000000,217000000,0.08573686290003951,0,0,0,0,439000000,2753000000,88000000,0,875000000,0.34571315685499804,-222000000,-0.08771236665349665,0,-283000000,-0.11181351244567364,-96000000,-139000000,-0.05491900434610826,-0.18,-0.18,763600000,763600000,https://www.bundesanzeiger.de/pub/de/suche;wwwsid=627BFD7A56A5CB624C47FDDEAB2FC509.web07-pub?0,https://www.bundesanzeiger.de/pub/de/suche;wwwsid=627BFD7A56A5CB624C47FDDEAB2FC509.web07-pub?0,1620596146,17:35:46,20210509
19,2016-03-31,OPC.DE,USD,2016-03-31,2016-03-31,Q1,2123000000,2383000000,-260000000,-0.12246820536975978,0,0,0,0,356000000,2739000000,60000000,0,506000000,0.23834196891191708,-616000000,-0.29015544041450775,60000000,-596000000,-0.28073480923221855,-203000000,78000000,0.036740461610927935,0.1,0.1,763400000,763400000,https://www.bundesanzeiger.de/pub/de/suche;wwwsid=627BFD7A56A5CB624C47FDDEAB2FC509.web07-pub?0,https://www.bundesanzeiger.de/pub/de/suche;wwwsid=627BFD7A56A5CB624C47FDDEAB2FC509.web07-pub?0,1620596146,17:35:46,20210509
20,2015-12-31,OPC.DE,USD,2015-12-31,2015-12-31,Q4,2806000000,2630000000,176000000,0.06272273699215966,0,0,0,0,383000000,3013000000,61000000,0,1099000000,0.39166072701354243,-207000000,-0.07377049180327869,-6511000000,-6749000000,-2.4052031361368496,-1190000000,-5178000000,-1.8453314326443335,-6.78,-6.78,763200000,763200000,https://www.bundesanzeiger.de/pub/de/suche;wwwsid=627BFD7A56A5CB624C47FDDEAB2FC509.web07-pub?0,https://www.bundesanzeiger.de/pub/de/suche;wwwsid=627BFD7A56A5CB624C47FDDEAB2FC509.web07-pub?0,1620596146,17:35:46,20210509
21,2015-09-30,OPC.DE,USD,2015-09-30,2015-09-30,Q3,3116000000,2536000000,580000000,0.18613607188703465,0,0,0,0,376000000,2912000000,48000000,0,1358000000,0.43581514762516044,204000000,0.06546854942233633,-3298000000,-3111000000,-0.998395378690629,-445000000,-2609000000,-0.8372913992297818,-3.42,-3.42,763300000,763300000,https://www.bundesanzeiger.de/pub/de/suche;wwwsid=627BFD7A56A5CB624C47FDDEAB2FC509.web07-pub?0,https://www.bundesanzeiger.de/pub/de/suche;wwwsid=627BFD7A56A5CB624C47FDDEAB2FC509.web07-pub?0,1620596146,17:35:46,20210509
22,2015-06-30,OPC.DE,USD,2015-06-30,2015-06-30,Q2,3469000000,2596000000,873000000,0.2516575381954454,0,0,0,0,464000000,3060000000,8000000,0,1551000000,0.44710291150187376,409000000,0.11790141251081003,19000000,446000000,0.12856731046411068,324000000,176000000,0.05073508215624099,0.22964509394572025,0.2295851813201148,766400000,766600000,https://www.bundesanzeiger.de/pub/de/suche;wwwsid=627BFD7A56A5CB624C47FDDEAB2FC509.web07-pub?0,https://www.bundesanzeiger.de/pub/de/suche;wwwsid=627BFD7A56A5CB624C47FDDEAB2FC509.web07-pub?0,1620596146,17:35:46,20210509
23,2015-03-31,OPC.DE,USD,2015-03-31,2015-03-31,Q1,3089000000,2586000000,503000000,0.16283586921333765,0,0,0,0,426000000,3012000000,30000000,0,1137000000,0.3680802848818388,77000000,0.02492716089349304,-348000000,-270000000,-0.08740692780835221,-19000000,-218000000,-0.07057300097118809,-0.28,-0.28,769600000,769600000,https://www.bundesanzeiger.de/pub/de/suche;wwwsid=627BFD7A56A5CB624C47FDDEAB2FC509.web07-pub?0,https://www.bundesanzeiger.de/pub/de/suche;wwwsid=627BFD7A56A5CB624C47FDDEAB2FC509.web07-pub?0,1620596146,17:35:46,20210509
24,2014-12-31,OPC.DE,USD,2014-12-31,2014-12-31,Q4,953000000,1184000000,-231000000,-0.24239244491080797,0,0,0,0,121000000,1305000000,25000000,0,-11000000,-0.011542497376705142,-352000000,-0.36935991605456453,-4923000000,-5277000000,-5.537250786988458,-1021000000,-3413000000,-3.5813221406086044,-3.672656838480577,-3.672656838480577,929300000,929300000,https://www.bundesanzeiger.de/pub/de/suche;wwwsid=627BFD7A56A5CB624C47FDDEAB2FC509.web07-pub?0,https://www.bundesanzeiger.de/pub/de/suche;wwwsid=627BFD7A56A5CB624C47FDDEAB2FC509.web07-pub?0,1620596146,17:35:46,20210509
25,2014-09-30,OPC.DE,USD,2014-09-30,2014-09-30,Q3,5996000000,3385000000,2611000000,0.43545697131420946,0,0,0,0,685000000,4070000000,14000000,0,3317000000,0.5532021347565044,1926000000,0.32121414276184124,-5000000,1938000000,0.3232154769846564,817000000,1208000000,0.20146764509673115,1.5538976074093132,1.5532981869615532,777400000,777700000,https://www.bundesanzeiger.de/pub/de/suche;wwwsid=627BFD7A56A5CB624C47FDDEAB2FC509.web07-pub?0,https://www.bundesanzeiger.de/pub/de/suche;wwwsid=627BFD7A56A5CB624C47FDDEAB2FC509.web07-pub?0,1620596146,17:35:46,20210509
26,2014-06-30,OPC.DE,USD,2014-06-30,2014-06-30,Q2,6275000000,3297000000,2978000000,0.4745816733067729,0,0,0,0,751000000,4048000000,18000000,0,3590000000,0.5721115537848606,2227000000,0.3549003984063745,54000000,2309000000,0.3679681274900398,957000000,1431000000,0.22804780876494024,1.83,1.82,782600000,782900000,https://www.bundesanzeiger.de/pub/de/suche;wwwsid=627BFD7A56A5CB624C47FDDEAB2FC509.web07-pub?0,https://www.bundesanzeiger.de/pub/de/suche;wwwsid=627BFD7A56A5CB624C47FDDEAB2FC509.web07-pub?0,1620596146,17:35:46,20210509
27,2014-03-31,OPC.DE,USD,2014-03-31,2014-03-31,Q1,6088000000,3198000000,2890000000,0.4747043363994744,0,0,0,0,646000000,3844000000,20000000,0,3540000000,0.5814717477003942,2244000000,0.36859395532194483,0,2254000000,0.3702365308804205,932000000,1390000000,0.22831800262812088,1.756603058258562,1.755715548818997,791300000,791700000,https://www.bundesanzeiger.de/pub/de/suche;wwwsid=627BFD7A56A5CB624C47FDDEAB2FC509.web07-pub?0,https://www.bundesanzeiger.de/pub/de/suche;wwwsid=627BFD7A56A5CB624C47FDDEAB2FC509.web07-pub?0,1620596146,17:35:46,20210509
28,2013-12-31,OPC.DE,USD,2013-12-31,2013-12-31,Q4,6172000000,3378000000,2794000000,0.4526895657809462,0,0,0,-93000000,695000000,4073000000,25000000,0,3567000000,0.5779325988334414,2099000000,0.3400842514581983,423000000,2514000000,0.4073233959818535,973000000,1643000000,0.26620220349967594,2.0493950355494572,2.0483730208203466,801700000,802100000,https://www.bundesanzeiger.de/pub/de/suche;wwwsid=627BFD7A56A5CB624C47FDDEAB2FC509.web07-pub?0,https://www.bundesanzeiger.de/pub/de/suche;wwwsid=627BFD7A56A5CB624C47FDDEAB2FC509.web07-pub?0,1620596146,17:35:46,20210509
29,2013-09-30,OPC.DE,USD,2013-09-30,2013-09-30,Q3,6449000000,3214000000,3235000000,0.5016281594045588,0,0,0,0,713000000,3927000000,29000000,0,3882000000,0.6019537912854707,2522000000,0.39106838269499145,0,2519000000,0.39060319429368895,1037000000,1583000000,0.24546441308730035,1.9662153769718047,1.9647511480700013,805100000,805700000,https://www.bundesanzeiger.de/pub/de/suche;wwwsid=627BFD7A56A5CB624C47FDDEAB2FC509.web07-pub?0,https://www.bundesanzeiger.de/pub/de/suche;wwwsid=627BFD7A56A5CB624C47FDDEAB2FC509.web07-pub?0,1620596146,17:35:46,20210509
30,2013-06-30,OPC.DE,USD,2013-06-30,2013-06-30,Q2,5962000000,3180000000,2782000000,0.4666219389466622,0,0,0,0,769000000,3949000000,30000000,0,3344000000,0.5608856088560885,2013000000,0.3376383763837638,131000000,2142000000,0.3592754109359275,901000000,1322000000,0.22173767192217378,1.6424400546651758,1.6414204122175318,804900000,805400000,https://www.bundesanzeiger.de/pub/de/suche;wwwsid=627BFD7A56A5CB624C47FDDEAB2FC509.web07-pub?0,https://www.bundesanzeiger.de/pub/de/suche;wwwsid=627BFD7A56A5CB624C47FDDEAB2FC509.web07-pub?0,1620596146,17:35:46,20210509
31,2013-03-31,OPC.DE,USD,2013-03-31,2013-03-31,Q1,5872000000,3137000000,2735000000,0.4657697547683924,0,0,0,0,629000000,3766000000,34000000,0,3400000000,0.5790190735694822,2106000000,0.35865122615803813,0,2107000000,0.3588215258855586,844000000,1355000000,0.23075613079019072,1.6838573381384367,1.6828117237953304,804700000,805200000,https://www.bundesanzeiger.de/pub/de/suche;wwwsid=627BFD7A56A5CB624C47FDDEAB2FC509.web07-pub?0,https://www.bundesanzeiger.de/pub/de/suche;wwwsid=627BFD7A56A5CB624C47FDDEAB2FC509.web07-pub?0,1620596146,17:35:46,20210509
32,2012-12-31,OPC.DE,USD,2012-12-31,2012-12-31,Q4,6171000000,3169000000,3002000000,0.48646896775239024,0,0,0,0,688000000,3857000000,36000000,0,1770000000,0.2868254739912494,2314000000,0.3749797439637012,-1752000000,543000000,0.08799222168206125,249000000,336000000,0.05444822557122023,0.4163052905464007,0.41599603813297015,807100000,807700000,https://www.bundesanzeiger.de/pub/de/suche;wwwsid=627BFD7A56A5CB624C47FDDEAB2FC509.web07-pub?0,https://www.bundesanzeiger.de/pub/de/suche;wwwsid=627BFD7A56A5CB624C47FDDEAB2FC509.web07-pub?0,1620596146,17:35:46,20210509
33,2012-09-30,OPC.DE,USD,2012-09-30,2012-09-30,Q3,5965000000,3176000000,2789000000,0.46756077116512995,0,0,0,0,635000000,3811000000,36000000,0,3328000000,0.557921207041073,2154000000,0.3611064543168483,-76000000,2144000000,0.35943000838222966,855000000,1375000000,0.23051131601005867,1.6981598122761516,1.6966929911154984,809700000,810400000,https://www.bundesanzeiger.de/pub/de/suche;wwwsid=627BFD7A56A5CB624C47FDDEAB2FC509.web07-pub?0,https://www.bundesanzeiger.de/pub/de/suche;wwwsid=627BFD7A56A5CB624C47FDDEAB2FC509.web07-pub?0,1620596146,17:35:46,20210509
34,2012-06-30,OPC.DE,USD,2012-06-30,2012-06-30,Q2,5768000000,3060000000,2708000000,0.4694868238557559,0,0,0,0,598000000,3658000000,28000000,0,3221000000,0.5584257975034674,2110000000,0.3658113730929265,0,2106000000,0.36511789181692095,875000000,1328000000,0.2302357836338419,1.6388991731457485,1.6374845869297163,810300000,811000000,https://www.bundesanzeiger.de/pub/de/suche;wwwsid=627BFD7A56A5CB624C47FDDEAB2FC509.web07-pub?0,https://www.bundesanzeiger.de/pub/de/suche;wwwsid=627BFD7A56A5CB624C47FDDEAB2FC509.web07-pub?0,1620596146,17:35:46,20210509
35,2012-03-31,OPC.DE,USD,2012-03-31,2012-03-31,Q1,6268000000,2950000000,3318000000,0.5293554562858966,0,0,0,0,706000000,3656000000,30000000,0,3712000000,0.5922144224633057,2612000000,0.41671984684109764,1000000,2597000000,0.4143267389917039,1139000000,1559000000,0.24872367581365667,1.9235040098704503,1.9216072969308517,810500000,811300000,https://www.bundesanzeiger.de/pub/de/suche;wwwsid=627BFD7A56A5CB624C47FDDEAB2FC509.web07-pub?0,https://www.bundesanzeiger.de/pub/de/suche;wwwsid=627BFD7A56A5CB624C47FDDEAB2FC509.web07-pub?0,1620596146,17:35:46,20210509
36,2011-12-31,OPC.DE,USD,2011-12-31,2011-12-31,Q4,6049000000,-740000000,6789000000,1.1223342701272938,0,0,0,0,4256000000,3516000000,31000000,0,3478000000,0.5749710695982807,2533000000,0.4187469003141015,0,2509000000,0.4147793023640271,949000000,1634000000,0.2701272937675649,1.7583127084902614,1.7583127084902614,929300000,929300000,https://www.bundesanzeiger.de/pub/de/suche;wwwsid=627BFD7A56A5CB624C47FDDEAB2FC509.web07-pub?0,https://www.bundesanzeiger.de/pub/de/suche;wwwsid=627BFD7A56A5CB624C47FDDEAB2FC509.web07-pub?0,1620596146,17:35:46,20210509
37,2011-09-30,OPC.DE,USD,2011-09-30,2011-09-30,Q3,6006000000,2879000000,3127000000,0.5206460206460206,0,0,0,0,433000000,3312000000,25000000,0,3688000000,0.614052614052614,2694000000,0.4485514485514486,0,2739000000,0.45604395604395603,1087000000,1771000000,0.2948717948717949,2.179692307692308,2.177816035415642,812500000,813200000,https://www.bundesanzeiger.de/pub/de/suche;wwwsid=627BFD7A56A5CB624C47FDDEAB2FC509.web07-pub?0,https://www.bundesanzeiger.de/pub/de/suche;wwwsid=627BFD7A56A5CB624C47FDDEAB2FC509.web07-pub?0,1620596146,17:35:46,20210509
38,2011-06-30,OPC.DE,USD,2011-06-30,2011-06-30,Q2,6173000000,2720000000,3453000000,0.5593714563421351,0,0,0,0,612000000,3332000000,27000000,0,3715000000,0.6018143528268265,2841000000,0.4602300340191155,0,2849000000,0.4615260003239916,1111000000,1817000000,0.29434634699497814,2.236307692307692,2.2341079552440672,812500000,813300000,https://www.bundesanzeiger.de/pub/de/suche;wwwsid=627BFD7A56A5CB624C47FDDEAB2FC509.web07-pub?0,https://www.bundesanzeiger.de/pub/de/suche;wwwsid=627BFD7A56A5CB624C47FDDEAB2FC509.web07-pub?0,1620596146,17:35:46,20210509
39,2011-03-31,OPC.DE,USD,2011-03-31,2011-03-31,Q1,5726000000,2526000000,3200000000,0.5588543485854,0,0,0,0,676000000,3202000000,215000000,0,3467000000,0.6054837582954943,2524000000,0.44079636744673417,21000000,2362000000,0.41250436604959834,1054000000,1549000000,0.27052043311212015,1.9062269259168103,1.9043521022866978,812600000,813400000,https://www.bundesanzeiger.de/pub/de/suche;wwwsid=627BFD7A56A5CB624C47FDDEAB2FC509.web07-pub?0,https://www.bundesanzeiger.de/pub/de/suche;wwwsid=627BFD7A56A5CB624C47FDDEAB2FC509.web07-pub?0,1620596146,17:35:46,20210509
40,2010-12-31,OPC.DE,USD,2010-12-31,2010-12-31,Q4,4728000000,-1156000000,5884000000,1.2445008460236886,0,0,0,0,3688000000,2532000000,20000000,0,2378000000,0.5029610829103215,2196000000,0.46446700507614214,0,1813000000,0.38346023688663283,650000000,1212000000,0.2563451776649746,1.3042074679866567,1.3042074679866567,929300000,929300000,https://www.bundesanzeiger.de/pub/de/suche;wwwsid=627BFD7A56A5CB624C47FDDEAB2FC509.web07-pub?0,https://www.bundesanzeiger.de/pub/de/suche;wwwsid=627BFD7A56A5CB624C47FDDEAB2FC509.web07-pub?0,1620596146,17:35:46,20210509
41,2010-09-30,OPC.DE,USD,2010-09-30,2010-09-30,Q3,4902000000,2527000000,2375000000,0.4844961240310077,0,0,0,0,411000000,2938000000,26000000,0,2849000000,0.5811913504691962,1964000000,0.40065279477764176,0,1965000000,0.4008567931456548,816000000,1191000000,0.24296205630354958,1.4654854189737911,1.4633247327681533,812700000,813900000,https://www.bundesanzeiger.de/pub/de/suche;wwwsid=627BFD7A56A5CB624C47FDDEAB2FC509.web07-pub?0,https://www.bundesanzeiger.de/pub/de/suche;wwwsid=627BFD7A56A5CB624C47FDDEAB2FC509.web07-pub?0,1620596146,17:35:46,20210509
42,2010-06-30,OPC.DE,USD,2010-06-30,2010-06-30,Q2,4795000000,2505000000,2290000000,0.47758081334723673,0,0,0,0,436000000,2941000000,32000000,0,2730000000,0.5693430656934306,1854000000,0.38665276329509907,0,1822000000,0.3799791449426486,800000000,1063000000,0.22168925964546402,1.3081466896381984,1.3062177439174245,812600000,813800000,https://www.bundesanzeiger.de/pub/de/suche;wwwsid=627BFD7A56A5CB624C47FDDEAB2FC509.web07-pub?0,https://www.bundesanzeiger.de/pub/de/suche;wwwsid=627BFD7A56A5CB624C47FDDEAB2FC509.web07-pub?0,1620596146,17:35:46,20210509
43,2010-03-31,OPC.DE,USD,2010-03-31,2010-03-31,Q1,4793000000,2498000000,2295000000,0.47882328395576884,0,0,0,0,498000000,2996000000,38000000,0,2671000000,0.5572710202378469,1797000000,0.3749217609013144,65000000,1759000000,0.36699353223450865,729000000,1064000000,0.22199040267056125,1.3101834749415098,1.3079287031346036,812100000,813500000,https://www.bundesanzeiger.de/pub/de/suche;wwwsid=627BFD7A56A5CB624C47FDDEAB2FC509.web07-pub?0,https://www.bundesanzeiger.de/pub/de/suche;wwwsid=627BFD7A56A5CB624C47FDDEAB2FC509.web07-pub?0,1620596146,17:35:46,20210509
44,2009-12-31,OPC.DE,USD,2009-12-31,2009-12-31,Q4,4580000000,-794000000,5374000000,1.1733624454148472,0,0,0,0,3604000000,2810000000,41000000,0,2420000000,0.5283842794759825,1770000000,0.3864628820960699,0,1559000000,0.3403930131004367,673000000,938000000,0.20480349344978166,1.0093618852900033,1.0093618852900033,929300000,929300000,https://www.bundesanzeiger.de/pub/de/suche;wwwsid=627BFD7A56A5CB624C47FDDEAB2FC509.web07-pub?0,https://www.bundesanzeiger.de/pub/de/suche;wwwsid=627BFD7A56A5CB624C47FDDEAB2FC509.web07-pub?0,1620596146,17:35:46,20210509
45,2009-09-30,OPC.DE,USD,2009-09-30,2009-09-30,Q3,4126000000,2186000000,1940000000,0.4701890450799806,0,10000000,0,0,474000000,2660000000,40000000,0,2235000000,0.5416868637905963,1466000000,0.3553078041686864,40000000,1426000000,0.3456131846825012,549000000,927000000,0.22467280659234126,1.1419068736141906,1.1382612966601178,811800000,814400000,https://www.bundesanzeiger.de/pub/de/suche;wwwsid=627BFD7A56A5CB624C47FDDEAB2FC509.web07-pub?0,https://www.bundesanzeiger.de/pub/de/suche;wwwsid=627BFD7A56A5CB624C47FDDEAB2FC509.web07-pub?0,1620596146,17:35:46,20210509
46,2009-06-30,OPC.DE,USD,2009-06-30,2009-06-30,Q2,3722000000,2113000000,1609000000,0.4322944653412144,0,0,0,0,472000000,2585000000,32000000,0,1879000000,0.5048361096184847,1137000000,0.30548092423428264,-99000000,1105000000,0.2968833960236432,455000000,682000000,0.1832348199892531,0.840937114673243,0.8378378378378378,811000000,814000000,https://www.bundesanzeiger.de/pub/de/suche;wwwsid=627BFD7A56A5CB624C47FDDEAB2FC509.web07-pub?0,https://www.bundesanzeiger.de/pub/de/suche;wwwsid=627BFD7A56A5CB624C47FDDEAB2FC509.web07-pub?0,1620596146,17:35:46,20210509
47,2009-03-31,OPC.DE,USD,2009-03-31,2009-03-31,Q1,3103000000,2122000000,981000000,0.3161456654850145,0,0,0,0,375000000,2497000000,27000000,0,1392000000,0.4485981308411215,606000000,0.19529487592652273,0,579000000,0.18659361907831132,241000000,368000000,0.11859490815339993,0.4533136240453314,0.4518664047151277,811800000,814400000,https://www.bundesanzeiger.de/pub/de/suche;wwwsid=627BFD7A56A5CB624C47FDDEAB2FC509.web07-pub?0,https://www.bundesanzeiger.de/pub/de/suche;wwwsid=627BFD7A56A5CB624C47FDDEAB2FC509.web07-pub?0,1620596146,17:35:46,20210509
48,2008-12-31,OPC.DE,USD,2008-12-31,2008-12-31,Q4,4284000000,-430000000,4714000000,1.100373482726424,0,0,0,0,3385000000,2955000000,0,0,2107000000,0.4918300653594771,1329000000,0.31022408963585435,-840000000,533000000,0.12441643323996265,118000000,443000000,0.10340802987861811,0.47670289465188853,0.47670289465188853,929300000,929300000,https://www.bundesanzeiger.de/pub/de/suche;wwwsid=627BFD7A56A5CB624C47FDDEAB2FC509.web07-pub?0,https://www.bundesanzeiger.de/pub/de/suche;wwwsid=627BFD7A56A5CB624C47FDDEAB2FC509.web07-pub?0,1620596146,17:35:46,20210509
49,2008-09-30,OPC.DE,USD,2008-09-30,2008-09-30,Q3,7060000000,2905000000,4155000000,0.5885269121813032,0,0,0,0,391000000,3296000000,0,683000000,4447000000,0.6298866855524079,3764000000,0.5331444759206799,57000000,3799000000,0.5381019830028329,1546000000,2271000000,0.321671388101983,2.79,2.78,815300000,817700000,https://www.bundesanzeiger.de/pub/de/suche;wwwsid=627BFD7A56A5CB624C47FDDEAB2FC509.web07-pub?0,https://www.bundesanzeiger.de/pub/de/suche;wwwsid=627BFD7A56A5CB624C47FDDEAB2FC509.web07-pub?0,1620596146,17:35:46,20210509
50,2008-06-30,OPC.DE,USD,2008-06-30,2008-06-30,Q2,7116000000,2739000000,4377000000,0.6150927487352446,0,0,0,0,506000000,3245000000,0,621000000,4492000000,0.6312535132096684,3871000000,0.5439853850477796,96000000,3943000000,0.5541034288926363,1671000000,2297000000,0.3227937043282743,2.8,2.78,821300000,825500000,https://www.bundesanzeiger.de/pub/de/suche;wwwsid=627BFD7A56A5CB624C47FDDEAB2FC509.web07-pub?0,https://www.bundesanzeiger.de/pub/de/suche;wwwsid=627BFD7A56A5CB624C47FDDEAB2FC509.web07-pub?0,1620596146,17:35:46,20210509
51,2008-03-31,OPC.DE,USD,2008-03-31,2008-03-31,Q1,6020000000,2536000000,3484000000,0.5787375415282392,0,0,0,0,404000000,2940000000,0,653000000,3733000000,0.6200996677740864,3080000000,0.5116279069767442,40000000,3096000000,0.5142857142857142,1294000000,1846000000,0.3066445182724252,2.24,2.23,823600000,828200000,https://www.bundesanzeiger.de/pub/de/suche;wwwsid=627BFD7A56A5CB624C47FDDEAB2FC509.web07-pub?0,https://www.bundesanzeiger.de/pub/de/suche;wwwsid=627BFD7A56A5CB624C47FDDEAB2FC509.web07-pub?0,1620596146,17:35:46,20210509
52,2007-12-31,OPC.DE,USD,2007-12-31,2007-12-31,Q4,6746000000,175000000,6571000000,0.9740587014527127,0,0,0,0,2847000000,3022000000,0,639000000,4363000000,0.6467536317817966,3724000000,0.5520308330862733,26000000,2507000000,0.37162763118885267,1057000000,1452000000,0.21523865994663505,1.5624663725384698,1.5624663725384698,929300000,929300000,https://www.bundesanzeiger.de/pub/de/suche;wwwsid=627BFD7A56A5CB624C47FDDEAB2FC509.web07-pub?0,https://www.bundesanzeiger.de/pub/de/suche;wwwsid=627BFD7A56A5CB624C47FDDEAB2FC509.web07-pub?0,1620596146,17:35:46,20210509
53,2007-09-30,OPC.DE,USD,2007-09-30,2007-09-30,Q3,4841000000,2423000000,2418000000,0.49948357777318736,0,0,0,0,415000000,2838000000,0,602000000,2605000000,0.538111960338773,2003000000,0.4137574881222888,182000000,2169000000,0.4480479239826482,862000000,1324000000,0.27349721131997523,1.59,1.58,833100000,837000000,https://www.bundesanzeiger.de/pub/de/suche;wwwsid=627BFD7A56A5CB624C47FDDEAB2FC509.web07-pub?0,https://www.bundesanzeiger.de/pub/de/suche;wwwsid=627BFD7A56A5CB624C47FDDEAB2FC509.web07-pub?0,1620596146,17:35:46,20210509
54,2007-06-30,OPC.DE,USD,2007-06-30,2007-06-30,Q2,4411000000,2298000000,2113000000,0.4790296984810701,0,0,0,0,394000000,2692000000,0,550000000,2269000000,0.5143958286102924,1719000000,0.38970754930854684,326000000,2052000000,0.46520063477669465,904000000,1412000000,0.3201088188619361,1.6855676256416379,1.6773580422903303,837700000,841800000,https://www.bundesanzeiger.de/pub/de/suche;wwwsid=627BFD7A56A5CB624C47FDDEAB2FC509.web07-pub?0,https://www.bundesanzeiger.de/pub/de/suche;wwwsid=627BFD7A56A5CB624C47FDDEAB2FC509.web07-pub?0,1620596146,17:35:46,20210509
55,2007-03-31,OPC.DE,USD,2007-03-31,2007-03-31,Q1,4108000000,2180000000,1928000000,0.46932814021421615,0,0,0,0,395000000,2575000000,0,588000000,2121000000,0.5163096397273612,1533000000,0.37317429406037,422000000,1912000000,0.46543330087633883,703000000,1212000000,0.29503407984420643,1.44,1.43,841000000,846500000,https://www.bundesanzeiger.de/pub/de/suche;wwwsid=627BFD7A56A5CB624C47FDDEAB2FC509.web07-pub?0,https://www.bundesanzeiger.de/pub/de/suche;wwwsid=627BFD7A56A5CB624C47FDDEAB2FC509.web07-pub?0,1620596146,17:35:46,20210509
56,2006-12-31,OPC.DE,USD,2006-12-31,2006-12-31,Q4,4415000000,213000000,4202000000,0.9517553793884485,0,0,0,0,2397000000,2610000000,0,565000000,2370000000,0.5368063420158551,1805000000,0.4088335220838052,108000000,1716000000,0.3886749716874292,794000000,928000000,0.2101925254813137,0.9986010976003443,0.9986010976003443,929300000,929300000,https://www.bundesanzeiger.de/pub/de/suche;wwwsid=627BFD7A56A5CB624C47FDDEAB2FC509.web07-pub?0,https://www.bundesanzeiger.de/pub/de/suche;wwwsid=627BFD7A56A5CB624C47FDDEAB2FC509.web07-pub?0,1620596146,17:35:46,20210509
57,2006-09-30,OPC.DE,USD,2006-09-30,2006-09-30,Q3,4603000000,2172000000,2431000000,0.5281338257658049,0,0,0,0,356000000,2528000000,0,524000000,2599000000,0.5646317618944167,2075000000,0.45079296111231804,62000000,2013000000,0.4373234846839018,886000000,1168000000,0.2537475559417771,1.37,1.36,852800000,860300000,https://www.bundesanzeiger.de/pub/de/suche;wwwsid=627BFD7A56A5CB624C47FDDEAB2FC509.web07-pub?0,https://www.bundesanzeiger.de/pub/de/suche;wwwsid=627BFD7A56A5CB624C47FDDEAB2FC509.web07-pub?0,1620596146,17:35:46,20210509
58,2006-06-30,OPC.DE,USD,2006-06-30,2006-06-30,Q2,4689000000,2184000000,2505000000,0.5342290467050543,0,0,0,0,356000000,2540000000,0,473000000,2622000000,0.5591810620601407,2149000000,0.4583066751972702,58000000,2077000000,0.44295158882490937,881000000,857000000,0.18276818084879506,0.995,0.985,860200000,867800000,https://www.bundesanzeiger.de/pub/de/suche;wwwsid=627BFD7A56A5CB624C47FDDEAB2FC509.web07-pub?0,https://www.bundesanzeiger.de/pub/de/suche;wwwsid=627BFD7A56A5CB624C47FDDEAB2FC509.web07-pub?0,1620596146,17:35:46,20210509
59,2006-03-31,OPC.DE,USD,2006-03-31,2006-03-31,Q1,4627000000,2060000000,2567000000,0.5547871190836395,0,0,0,0,383000000,2443000000,0,480000000,2664000000,0.5757510265830992,2184000000,0.4720121028744327,72000000,2116000000,0.45731575534903823,932000000,1229000000,0.2656148692457316,1.45,1.43,848400000,861000000,https://www.bundesanzeiger.de/pub/de/suche;wwwsid=627BFD7A56A5CB624C47FDDEAB2FC509.web07-pub?0,https://www.bundesanzeiger.de/pub/de/suche;wwwsid=627BFD7A56A5CB624C47FDDEAB2FC509.web07-pub?0,1620596146,17:35:46,20210509
60,2005-12-31,OPC.DE,USD,2005-12-31,2005-12-31,Q4,4391000000,878000000,3513000000,0.8000455477112275,0,0,0,0,1790000000,2668000000,0,409000000,2132000000,0.4855386016852653,1723000000,0.39239353222500567,66000000,1875000000,0.4270097927579139,764000000,1152000000,0.2623548166704623,1.2396427418487033,1.2396427418487033,929300000,929300000,https://www.bundesanzeiger.de/pub/de/suche;wwwsid=627BFD7A56A5CB624C47FDDEAB2FC509.web07-pub?0,https://www.bundesanzeiger.de/pub/de/suche;wwwsid=627BFD7A56A5CB624C47FDDEAB2FC509.web07-pub?0,1620596146,17:35:46,20210509
61,2005-09-30,OPC.DE,USD,2005-09-30,2005-09-30,Q3,4834000000,1833000000,3001000000,0.6208109226313612,0,0,0,0,553000000,2386000000,0,376000000,2824000000,0.5841952834091849,2448000000,0.506412908564336,773000000,2297000000,0.47517583781547373,611000000,1747000000,0.36139842780306164,2.16,2.125,808600000,822400000,https://www.bundesanzeiger.de/pub/de/suche;wwwsid=627BFD7A56A5CB624C47FDDEAB2FC509.web07-pub?0,https://www.bundesanzeiger.de/pub/de/suche;wwwsid=627BFD7A56A5CB624C47FDDEAB2FC509.web07-pub?0,1620596146,17:35:46,20210509
62,2005-06-30,OPC.DE,USD,2005-06-30,2005-06-30,Q2,3694000000,1739000000,1955000000,0.5292365998917163,0,0,0,0,324000000,2063000000,0,356000000,1987000000,0.5378992961559286,1631000000,0.4415268002165674,311000000,1560000000,0.4223064428803465,44000000,1536000000,0.41580942068218735,1.91,1.89,803800000,814600000,https://www.bundesanzeiger.de/pub/de/suche;wwwsid=627BFD7A56A5CB624C47FDDEAB2FC509.web07-pub?0,https://www.bundesanzeiger.de/pub/de/suche;wwwsid=627BFD7A56A5CB624C47FDDEAB2FC509.web07-pub?0,1620596146,17:35:46,20210509
63,2005-03-31,OPC.DE,USD,2005-03-31,2005-03-31,Q1,3340000000,1579000000,1761000000,0.5272455089820359,0,0,0,0,285000000,1864000000,0,344000000,1820000000,0.5449101796407185,1476000000,0.4419161676646707,71000000,1401000000,0.41946107784431136,601000000,846000000,0.25329341317365267,1.055,1.04,800800000,812600000,https://www.bundesanzeiger.de/pub/de/suche;wwwsid=627BFD7A56A5CB624C47FDDEAB2FC509.web07-pub?0,https://www.bundesanzeiger.de/pub/de/suche;wwwsid=627BFD7A56A5CB624C47FDDEAB2FC509.web07-pub?0,1620596146,17:35:46,20210509
64,2004-12-31,OPC.DE,USD,2004-12-31,2004-12-31,Q4,2929000000,234000000,2695000000,0.9201092523045408,0,0,0,0,1662000000,1896000000,0,350000000,1383000000,0.4721748036872653,1033000000,0.35268009559576646,271000000,1116000000,0.3810174120860362,470000000,742000000,0.25332878115397744,0.7984504465726892,0.7984504465726892,929300000,929300000,https://www.bundesanzeiger.de/pub/de/suche;wwwsid=627BFD7A56A5CB624C47FDDEAB2FC509.web07-pub?0,https://www.bundesanzeiger.de/pub/de/suche;wwwsid=627BFD7A56A5CB624C47FDDEAB2FC509.web07-pub?0,1620596146,17:35:46,20210509
65,2004-09-30,OPC.DE,USD,2004-09-30,2004-09-30,Q3,3067000000,1527000000,1540000000,0.5021193348549071,0,0,0,0,243000000,1770000000,0,322000000,1619000000,0.5278774046299315,1297000000,0.4228888164329964,43000000,1232000000,0.4016954678839257,494000000,758000000,0.24714704923377895,0.955,0.94,792600000,806600000,https://www.bundesanzeiger.de/pub/de/suche;wwwsid=627BFD7A56A5CB624C47FDDEAB2FC509.web07-pub?0,https://www.bundesanzeiger.de/pub/de/suche;wwwsid=627BFD7A56A5CB624C47FDDEAB2FC509.web07-pub?0,1620596146,17:35:46,20210509
66,2004-06-30,OPC.DE,USD,2004-06-30,2004-06-30,Q2,2750000000,1507000000,1243000000,0.452,0,0,0,0,239000000,1746000000,0,325000000,1329000000,0.4832727272727273,1004000000,0.3650909090909091,26000000,961000000,0.34945454545454546,383000000,581000000,0.21127272727272728,0.74,0.73,787800000,797800000,https://www.bundesanzeiger.de/pub/de/suche;wwwsid=627BFD7A56A5CB624C47FDDEAB2FC509.web07-pub?0,https://www.bundesanzeiger.de/pub/de/suche;wwwsid=627BFD7A56A5CB624C47FDDEAB2FC509.web07-pub?0,1620596146,17:35:46,20210509
67,2004-03-31,OPC.DE,USD,2004-03-31,2004-03-31,Q1,2603000000,1460000000,1143000000,0.4391087207068767,0,0,0,0,226000000,1686000000,0,325000000,1242000000,0.4771417595082597,917000000,0.352285824049174,16000000,846000000,0.32500960430272763,361000000,487000000,0.18709181713407608,0.62,0.615,783000000,794400000,https://www.bundesanzeiger.de/pub/de/suche;wwwsid=627BFD7A56A5CB624C47FDDEAB2FC509.web07-pub?0,https://www.bundesanzeiger.de/pub/de/suche;wwwsid=627BFD7A56A5CB624C47FDDEAB2FC509.web07-pub?0,1620596146,17:35:46,20210509
68,2003-12-31,OPC.DE,USD,2003-12-31,2003-12-31,Q4,2267000000,189000000,2078000000,0.9166299073665637,0,0,0,0,1429000000,1618000000,0,315000000,964000000,0.42523158359064844,649000000,0.286281429201588,0,757000000,0.33392148213498013,304000000,382000000,0.16850463167181298,0.41106208974496933,0.41106208974496933,929300000,929300000,https://www.bundesanzeiger.de/pub/de/suche;wwwsid=627BFD7A56A5CB624C47FDDEAB2FC509.web07-pub?0,https://www.bundesanzeiger.de/pub/de/suche;wwwsid=627BFD7A56A5CB624C47FDDEAB2FC509.web07-pub?0,1620596146,17:35:46,20210509
69,2003-09-30,OPC.DE,USD,2003-09-30,2003-09-30,Q3,2349000000,1319000000,1030000000,0.4384844614729672,0,0,0,0,216000000,1535000000,0,297000000,1111000000,0.4729672200936569,814000000,0.34653043848446147,24000000,746000000,0.3175819497658578,300000000,446000000,0.18986802894848873,0.58,0.57,771000000,782200000,https://www.bundesanzeiger.de/pub/de/suche;wwwsid=627BFD7A56A5CB624C47FDDEAB2FC509.web07-pub?0,https://www.bundesanzeiger.de/pub/de/suche;wwwsid=627BFD7A56A5CB624C47FDDEAB2FC509.web07-pub?0,1620596146,17:35:46,20210509
70,2003-06-30,OPC.DE,USD,2003-06-30,2003-06-30,Q2,2305000000,1293000000,1012000000,0.4390455531453362,0,0,0,0,263000000,1556000000,0,286000000,1035000000,0.4490238611713666,749000000,0.3249457700650759,15000000,664000000,0.2880694143167028,290000000,374000000,0.16225596529284164,0.49,0.485,765200000,773400000,https://www.bundesanzeiger.de/pub/de/suche;wwwsid=627BFD7A56A5CB624C47FDDEAB2FC509.web07-pub?0,https://www.bundesanzeiger.de/pub/de/suche;wwwsid=627BFD7A56A5CB624C47FDDEAB2FC509.web07-pub?0,1620596146,17:35:46,20210509
71,2003-03-31,OPC.DE,USD,2003-03-31,2003-03-31,Q1,2405000000,1326000000,1079000000,0.4486486486486487,0,0,0,0,187000000,1513000000,0,285000000,1177000000,0.4893970893970894,892000000,0.3708939708939709,-16000000,761000000,0.31642411642411644,333000000,325000000,0.13513513513513514,0.43,0.425,758200000,766400000,https://www.bundesanzeiger.de/pub/de/suche;wwwsid=627BFD7A56A5CB624C47FDDEAB2FC509.web07-pub?0,https://www.bundesanzeiger.de/pub/de/suche;wwwsid=627BFD7A56A5CB624C47FDDEAB2FC509.web07-pub?0,1620596146,17:35:46,20210509
72,2002-12-31,OPC.DE,USD,2002-12-31,2002-12-31,Q4,1985000000,209000000,1776000000,0.8947103274559194,0,0,0,0,1193000000,1402000000,0,260000000,843000000,0.42468513853904283,583000000,0.29370277078085644,-2000000,566000000,0.28513853904282116,243000000,322000000,0.16221662468513853,0.34649736360701605,0.34649736360701605,929300000,929300000,https://www.bundesanzeiger.de/pub/de/suche;wwwsid=627BFD7A56A5CB624C47FDDEAB2FC509.web07-pub?0,https://www.bundesanzeiger.de/pub/de/suche;wwwsid=627BFD7A56A5CB624C47FDDEAB2FC509.web07-pub?0,1620596146,17:35:46,20210509
73,2002-09-30,OPC.DE,USD,2002-09-30,2002-09-30,Q3,1963000000,1154000000,809000000,0.4121242995415181,0,207000000,0,0,207000000,1361000000,0,244000000,846000000,0.43097300050942433,602000000,0.3066734589913398,-222000000,308000000,0.15690269994905756,-168000000,402000000,0.20478858889454915,0.535,0.53,754200000,760800000,https://www.bundesanzeiger.de/pub/de/suche;wwwsid=627BFD7A56A5CB624C47FDDEAB2FC509.web07-pub?0,https://www.bundesanzeiger.de/pub/de/suche;wwwsid=627BFD7A56A5CB624C47FDDEAB2FC509.web07-pub?0,1620596146,17:35:46,20210509
74,2002-06-30,OPC.DE,USD,2002-06-30,2002-06-30,Q2,3175000000,2398000000,777000000,0.2447244094488189,0,222000000,0,0,222000000,2620000000,0,254000000,809000000,0.25480314960629924,555000000,0.17480314960629922,8000000,461000000,0.14519685039370078,221000000,240000000,0.07559055118110236,0.32,0.315,751600000,763000000,https://www.bundesanzeiger.de/pub/de/suche;wwwsid=627BFD7A56A5CB624C47FDDEAB2FC509.web07-pub?0,https://www.bundesanzeiger.de/pub/de/suche;wwwsid=627BFD7A56A5CB624C47FDDEAB2FC509.web07-pub?0,1620596146,17:35:46,20210509
75,2002-03-31,OPC.DE,USD,2002-03-31,2002-03-31,Q1,2525000000,2017000000,508000000,0.2011881188118812,0,154000000,0,0,154000000,2171000000,0,261000000,615000000,0.24356435643564356,354000000,0.1401980198019802,-35000000,245000000,0.09702970297029703,125000000,25000000,0.009900990099009901,0.03337783711615487,0.03319171534784918,749000000,753200000,https://www.bundesanzeiger.de/pub/de/suche;wwwsid=627BFD7A56A5CB624C47FDDEAB2FC509.web07-pub?0,https://www.bundesanzeiger.de/pub/de/suche;wwwsid=627BFD7A56A5CB624C47FDDEAB2FC509.web07-pub?0,1620596146,17:35:46,20210509
76,2001-12-31,OPC.DE,USD,2001-12-31,2001-12-31,Q4,2240000000,1086000000,1154000000,0.5151785714285714,0,140000000,0,0,1111000000,2197000000,0,250000000,293000000,0.13080357142857144,43000000,0.019196428571428573,-977000000,-396000000,-0.1767857142857143,-154000000,-247000000,-0.11026785714285714,-0.2657914559345744,-0.2657914559345744,929300000,929300000,https://www.bundesanzeiger.de/pub/de/suche;wwwsid=627BFD7A56A5CB624C47FDDEAB2FC509.web07-pub?0,https://www.bundesanzeiger.de/pub/de/suche;wwwsid=627BFD7A56A5CB624C47FDDEAB2FC509.web07-pub?0,1620596146,17:35:46,20210509
77,2001-09-30,OPC.DE,USD,2001-09-30,2001-09-30,Q3,3313000000,2508000000,805000000,0.24298219136734078,0,159000000,0,0,159000000,2667000000,0,244000000,890000000,0.26863869604587987,646000000,0.19498943555689707,-33000000,514000000,0.15514639299728342,70000000,444000000,0.1340175067914277,0.595,0.59,747000000,752542373,https://www.bundesanzeiger.de/pub/de/suche;wwwsid=627BFD7A56A5CB624C47FDDEAB2FC509.web07-pub?0,https://www.bundesanzeiger.de/pub/de/suche;wwwsid=627BFD7A56A5CB624C47FDDEAB2FC509.web07-pub?0,1620596146,17:35:46,20210509
78,2001-06-30,OPC.DE,USD,2001-06-30,2001-06-30,Q2,3908000000,2768000000,1140000000,0.2917093142272262,0,178000000,0,0,178000000,2946000000,0,237000000,1199000000,0.30680655066530194,962000000,0.24616171954964175,10000000,812000000,0.20777891504605936,339000000,473000000,0.12103377686796316,0.635,0.63,744000000,750793651,https://www.bundesanzeiger.de/pub/de/suche;wwwsid=627BFD7A56A5CB624C47FDDEAB2FC509.web07-pub?0,https://www.bundesanzeiger.de/pub/de/suche;wwwsid=627BFD7A56A5CB624C47FDDEAB2FC509.web07-pub?0,1620596146,17:35:46,20210509
79,2001-03-31,OPC.DE,USD,2001-03-31,2001-03-31,Q1,4524000000,3310000000,1214000000,0.26834659593280286,0,247000000,0,0,247000000,3557000000,0,245000000,1212000000,0.26790450928381965,967000000,0.21374889478337755,-32000000,819000000,0.1810344827586207,308000000,484000000,0.10698496905393456,0.655,0.65,740400000,744615385,https://www.bundesanzeiger.de/pub/de/suche;wwwsid=627BFD7A56A5CB624C47FDDEAB2FC509.web07-pub?0,https://www.bundesanzeiger.de/pub/de/suche;wwwsid=627BFD7A56A5CB624C47FDDEAB2FC509.web07-pub?0,1620596146,17:35:46,20210509
80,2000-12-31,OPC.DE,USD,2000-12-31,2000-12-31,Q4,4133000000,3013000000,1120000000,0.27098959593515604,0,-16000000,0,0,198000000,3211000000,0,221000000,1143000000,0.27655456085168156,922000000,0.2230825066537624,-383000000,639000000,0.15460924268086135,306000000,333000000,0.08057101379143479,0.3583342300656408,0.3583342300656408,929300000,929300000,https://www.bundesanzeiger.de/pub/de/suche;wwwsid=627BFD7A56A5CB624C47FDDEAB2FC509.web07-pub?0,https://www.bundesanzeiger.de/pub/de/suche;wwwsid=627BFD7A56A5CB624C47FDDEAB2FC509.web07-pub?0,1620596146,17:35:46,20210509
81,2000-09-30,OPC.DE,USD,2000-09-30,2000-09-30,Q3,3805000000,2545000000,1260000000,0.3311432325886991,0,262000000,0,0,530000000,3075000000,0,268000000,998000000,0.2622864651773982,730000000,0.19185282522996058,149000000,752000000,0.19763469119579502,351000000,402000000,0.10565045992115638,0.545,0.545,738400000,738400000,https://www.bundesanzeiger.de/pub/de/suche;wwwsid=627BFD7A56A5CB624C47FDDEAB2FC509.web07-pub?0,https://www.bundesanzeiger.de/pub/de/suche;wwwsid=627BFD7A56A5CB624C47FDDEAB2FC509.web07-pub?0,1620596146,17:35:46,20210509
82,2000-06-30,OPC.DE,USD,2000-06-30,2000-06-30,Q2,3128000000,1957000000,1171000000,0.3743606138107417,0,291000000,0,0,525000000,2482000000,0,234000000,880000000,0.2813299232736573,646000000,0.20652173913043478,543000000,1053000000,0.3366368286445013,489000000,564000000,0.18030690537084398,0.765,0.765,737600000,737600000,https://www.bundesanzeiger.de/pub/de/suche;wwwsid=627BFD7A56A5CB624C47FDDEAB2FC509.web07-pub?0,https://www.bundesanzeiger.de/pub/de/suche;wwwsid=627BFD7A56A5CB624C47FDDEAB2FC509.web07-pub?0,1620596146,17:35:46,20210509
83,2000-03-31,OPC.DE,USD,2000-03-31,2000-03-31,Q1,2508000000,1542000000,966000000,0.38516746411483255,0,154000000,0,0,339000000,1881000000,0,185000000,812000000,0.3237639553429027,627000000,0.25,37000000,567000000,0.22607655502392343,296000000,271000000,0.10805422647527911,0.37,0.37,736200000,736200000,https://www.bundesanzeiger.de/pub/de/suche;wwwsid=627BFD7A56A5CB624C47FDDEAB2FC509.web07-pub?0,https://www.bundesanzeiger.de/pub/de/suche;wwwsid=627BFD7A56A5CB624C47FDDEAB2FC509.web07-pub?0,1620596146,17:35:46,20210509
84,1999-12-31,OPC.DE,USD,1999-12-31,1999-12-31,Q4,2506000000,1690000000,816000000,0.32561851556264965,0,157000000,0,0,376000000,2066000000,0,219000000,659000000,0.2629688747007183,440000000,0.17557861133280128,-419000000,888000000,0.35434956105347165,401000000,383000000,0.15283320031923384,0.4121381685139352,0.4121381685139352,929300000,929300000,https://www.bundesanzeiger.de/pub/de/suche;wwwsid=627BFD7A56A5CB624C47FDDEAB2FC509.web07-pub?0,https://www.bundesanzeiger.de/pub/de/suche;wwwsid=627BFD7A56A5CB624C47FDDEAB2FC509.web07-pub?0,1620596146,17:35:46,20210509
85,1999-09-30,OPC.DE,USD,1999-09-30,1999-09-30,Q3,2113000000,1413000000,700000000,0.3312825366777094,0,168000000,0,0,366000000,1779000000,0,198000000,532000000,0.25177472787505917,334000000,0.15806909607193564,34000000,259000000,0.12257453857075248,133000000,126000000,0.05963085660198769,0.175,0.175,720000000,720000000,https://www.bundesanzeiger.de/pub/de/suche;wwwsid=627BFD7A56A5CB624C47FDDEAB2FC509.web07-pub?0,https://www.bundesanzeiger.de/pub/de/suche;wwwsid=627BFD7A56A5CB624C47FDDEAB2FC509.web07-pub?0,1620596146,17:35:46,20210509
86,1999-06-30,OPC.DE,USD,1999-06-30,1999-06-30,Q2,1647000000,1113000000,534000000,0.3242258652094718,0,160000000,0,0,363000000,1476000000,0,203000000,374000000,0.2270795385549484,171000000,0.10382513661202186,16000000,68000000,0.041287188828172436,56000000,9000000,0.00546448087431694,0.01,0.01,600000000,600000000,https://www.bundesanzeiger.de/pub/de/suche;wwwsid=627BFD7A56A5CB624C47FDDEAB2FC509.web07-pub?0,https://www.bundesanzeiger.de/pub/de/suche;wwwsid=627BFD7A56A5CB624C47FDDEAB2FC509.web07-pub?0,1620596146,17:35:46,20210509
87,1999-03-31,OPC.DE,USD,1999-03-31,1999-03-31,Q1,1344000000,894000000,450000000,0.33482142857142855,0,172000000,0,0,369000000,1263000000,0,197000000,278000000,0.20684523809523808,81000000,0.060267857142857144,41000000,-16000000,-0.011904761904761904,41000000,-70000000,-0.052083333333333336,-0.105,-0.105,704761905,704761905,https://www.bundesanzeiger.de/pub/de/suche;wwwsid=627BFD7A56A5CB624C47FDDEAB2FC509.web07-pub?0,https://www.bundesanzeiger.de/pub/de/suche;wwwsid=627BFD7A56A5CB624C47FDDEAB2FC509.web07-pub?0,1620596146,17:35:46,20210509
88,1998-12-31,OPC.DE,USD,1998-12-31,1998-12-31,Q4,1692000000,1304000000,388000000,0.2293144208037825,0,137000000,0,0,341000000,1645000000,0,204000000,251000000,0.1483451536643026,47000000,0.027777777777777776,42000000,-58000000,-0.034278959810874705,-20000000,-38000000,-0.022458628841607566,-0.040890993220703754,-0.040890993220703754,929300000,929300000,https://www.bundesanzeiger.de/pub/de/suche;wwwsid=627BFD7A56A5CB624C47FDDEAB2FC509.web07-pub?0,https://www.bundesanzeiger.de/pub/de/suche;wwwsid=627BFD7A56A5CB624C47FDDEAB2FC509.web07-pub?0,1620596146,17:35:46,20210509
89,1998-09-30,OPC.DE,USD,1998-09-30,1998-09-30,Q3,1661000000,1198000000,463000000,0.27874774232390126,0,181000000,0,0,383000000,1581000000,0,202000000,282000000,0.16977724262492475,80000000,0.048163756773028296,174000000,118000000,0.07104154124021674,80000000,38000000,0.022877784467188442,0.025,0.025,691842000,691842000,https://www.bundesanzeiger.de/pub/de/suche;wwwsid=627BFD7A56A5CB624C47FDDEAB2FC509.web07-pub?0,https://www.bundesanzeiger.de/pub/de/suche;wwwsid=627BFD7A56A5CB624C47FDDEAB2FC509.web07-pub?0,1620596146,17:35:46,20210509
90,1998-06-30,OPC.DE,USD,1998-06-30,1998-06-30,Q2,1543000000,979000000,564000000,0.36552171095268954,0,242000000,0,0,463000000,1442000000,0,221000000,322000000,0.20868438107582632,101000000,0.06545690213869086,377000000,333000000,0.21581335061568374,147000000,186000000,0.12054439403758911,0.1275,0.1225,706068000,706068000,https://www.bundesanzeiger.de/pub/de/suche;wwwsid=627BFD7A56A5CB624C47FDDEAB2FC509.web07-pub?0,https://www.bundesanzeiger.de/pub/de/suche;wwwsid=627BFD7A56A5CB624C47FDDEAB2FC509.web07-pub?0,1620596146,17:35:46,20210509
91,1998-03-31,OPC.DE,USD,1998-03-31,1998-03-31,Q1,1700000000,1058000000,642000000,0.3776470588235294,0,178000000,0,0,408000000,1466000000,0,230000000,464000000,0.27294117647058824,234000000,0.1376470588235294,299000000,295000000,0.17352941176470588,156000000,177000000,0.10411764705882352,0.125,0.1225,697999184,697999184,https://www.bundesanzeiger.de/pub/de/suche;wwwsid=627BFD7A56A5CB624C47FDDEAB2FC509.web07-pub?0,https://www.bundesanzeiger.de/pub/de/suche;wwwsid=627BFD7A56A5CB624C47FDDEAB2FC509.web07-pub?0,1620596146,17:35:46,20210509
92,1997-12-31,OPC.DE,USD,1997-12-31,1997-12-31,Q4,-106000000,-326000000,220000000,-2.0754716981132075,0,362000000,0,0,481000000,155000000,0,119000000,-142000000,1.3396226415094339,-261000000,2.4622641509433962,-16000000,-386000000,3.641509433962264,-109000000,-884100000,8.340566037735849,-0.9513612396427419,-0.9513612396427419,929300000,929300000,https://www.bundesanzeiger.de/pub/de/suche;wwwsid=627BFD7A56A5CB624C47FDDEAB2FC509.web07-pub?0,https://www.bundesanzeiger.de/pub/de/suche;wwwsid=627BFD7A56A5CB624C47FDDEAB2FC509.web07-pub?0,1620596146,17:35:46,20210509
93,1997-09-30,OPC.DE,USD,1997-09-30,1997-09-30,Q3,2644000000,1797000000,847000000,0.3203479576399395,0,294000000,0,0,520000000,2317000000,0,226000000,553000000,0.20915279878971255,327000000,0.12367624810892587,28000000,248000000,0.09379727685325265,91000000,157000000,0.05937972768532526,0.2,0.19,680000000,715789474,https://www.bundesanzeiger.de/pub/de/suche;wwwsid=627BFD7A56A5CB624C47FDDEAB2FC509.web07-pub?0,https://www.bundesanzeiger.de/pub/de/suche;wwwsid=627BFD7A56A5CB624C47FDDEAB2FC509.web07-pub?0,1620596146,17:35:46,20210509
94,1997-06-30,OPC.DE,USD,1997-06-30,1997-06-30,Q2,2717000000,1864000000,853000000,0.3139492086860508,0,237000000,0,0,483000000,2347000000,0,246000000,616000000,0.22672064777327935,370000000,0.13617960986382038,34000000,295000000,0.10857563489142437,137000000,158000000,0.05815237394184763,0.205,0.195,658536585,692307692,https://www.bundesanzeiger.de/pub/de/suche;wwwsid=627BFD7A56A5CB624C47FDDEAB2FC509.web07-pub?0,https://www.bundesanzeiger.de/pub/de/suche;wwwsid=627BFD7A56A5CB624C47FDDEAB2FC509.web07-pub?0,1620596146,17:35:46,20210509
95,1997-03-31,OPC.DE,USD,1997-03-31,1997-03-31,Q1,2761000000,1833000000,928000000,0.3361101050344078,0,245000000,0,0,487000000,2320000000,0,242000000,683000000,0.2473741398044187,441000000,0.15972473741398044,39000000,371000000,0.1343716044911264,192000000,179000000,0.06483158275986961,0.24,0.23,650000000,678260870,https://www.bundesanzeiger.de/pub/de/suche;wwwsid=627BFD7A56A5CB624C47FDDEAB2FC509.web07-pub?0,https://www.bundesanzeiger.de/pub/de/suche;wwwsid=627BFD7A56A5CB624C47FDDEAB2FC509.web07-pub?0,1620596146,17:35:46,20210509
96,1996-12-31,OPC.DE,USD,1996-12-31,1996-12-31,Q4,2792000000,1847000000,945000000,0.33846704871060174,0,353000000,0,0,594000000,2441000000,0,241000000,592000000,0.21203438395415472,351000000,0.1257163323782235,39000000,281000000,0.10064469914040114,122000000,159000000,0.056948424068767906,0.17109652426557623,0.17109652426557623,929300000,929300000,https://www.bundesanzeiger.de/pub/de/suche;wwwsid=627BFD7A56A5CB624C47FDDEAB2FC509.web07-pub?0,https://www.bundesanzeiger.de/pub/de/suche;wwwsid=627BFD7A56A5CB624C47FDDEAB2FC509.web07-pub?0,1620596146,17:35:46,20210509
97,1996-09-30,OPC.DE,USD,1996-09-30,1996-09-30,Q3,2786000000,1926000000,860000000,0.30868628858578606,0,359000000,0,0,595000000,2521000000,0,236000000,501000000,0.17982770997846376,265000000,0.09511844938980617,85000000,235000000,0.08435032304379038,41000000,194000000,0.06963388370423547,0.22,0.21,777272727,814285714,https://www.bundesanzeiger.de/pub/de/suche;wwwsid=627BFD7A56A5CB624C47FDDEAB2FC509.web07-pub?0,https://www.bundesanzeiger.de/pub/de/suche;wwwsid=627BFD7A56A5CB624C47FDDEAB2FC509.web07-pub?0,1620596146,17:35:46,20210509
98,1996-06-30,OPC.DE,USD,1996-06-30,1996-06-30,Q2,2457000000,1638000000,819000000,0.3333333333333333,0,311000000,0,0,538000000,2176000000,0,227000000,508000000,0.20675620675620676,281000000,0.11436711436711437,167000000,328000000,0.13349613349613348,147000000,181000000,0.07366707366707367,0.195,0.195,810256410,810256410,https://www.bundesanzeiger.de/pub/de/suche;wwwsid=627BFD7A56A5CB624C47FDDEAB2FC509.web07-pub?0,https://www.bundesanzeiger.de/pub/de/suche;wwwsid=627BFD7A56A5CB624C47FDDEAB2FC509.web07-pub?0,1620596146,17:35:46,20210509
99,1996-03-31,OPC.DE,USD,1996-03-31,1996-03-31,Q1,2524000000,1650000000,874000000,0.3462757527733756,0,250000000,0,0,474000000,2124000000,0,224000000,624000000,0.24722662440570523,400000000,0.15847860538827258,48000000,308000000,0.12202852614896989,144000000,134000000,0.05309033280507131,0.055,0.055,638708000,638708000,https://www.bundesanzeiger.de/pub/de/suche;wwwsid=627BFD7A56A5CB624C47FDDEAB2FC509.web07-pub?0,https://www.bundesanzeiger.de/pub/de/suche;wwwsid=627BFD7A56A5CB624C47FDDEAB2FC509.web07-pub?0,1620596146,17:35:46,20210509
100,1995-12-31,OPC.DE,USD,1995-12-31,1995-12-31,Q4,2473000000,1818000000,655000000,0.26486049332794176,0,292000000,0,0,537000000,2355000000,0,245000000,363000000,0.14678528103517993,118000000,0.04771532551556813,62000000,37000000,0.014961585119288313,30000000,7000000,0.0028305701577031944,0.007532551382761218,0.007532551382761218,929300000,929300000,https://www.bundesanzeiger.de/pub/de/suche;wwwsid=627BFD7A56A5CB624C47FDDEAB2FC509.web07-pub?0,https://www.bundesanzeiger.de/pub/de/suche;wwwsid=627BFD7A56A5CB624C47FDDEAB2FC509.web07-pub?0,1620596146,17:35:46,20210509
101,1995-09-30,OPC.DE,USD,1995-09-30,1995-09-30,Q3,2557000000,1728000000,829000000,0.3242080563159953,0,254000000,0,0,489000000,2217000000,0,235000000,575000000,0.2248728979272585,340000000,0.13296832225263983,58000000,251000000,0.09816190848650763,112000000,139000000,0.0543605788032851,0.18,0.18,638888889,638888889,https://www.bundesanzeiger.de/pub/de/suche;wwwsid=627BFD7A56A5CB624C47FDDEAB2FC509.web07-pub?0,https://www.bundesanzeiger.de/pub/de/suche;wwwsid=627BFD7A56A5CB624C47FDDEAB2FC509.web07-pub?0,1620596146,17:35:46,20210509
102,1995-06-30,OPC.DE,USD,1995-06-30,1995-06-30,Q2,2679000000,1752000000,927000000,0.3460246360582307,0,353000000,0,0,588000000,2340000000,0,235000000,574000000,0.21425905188503172,339000000,0.1265397536394177,94000000,293000000,0.10936916759985069,106000000,187000000,0.06980216498693542,0.255,0.245,643137255,669387755,https://www.bundesanzeiger.de/pub/de/suche;wwwsid=627BFD7A56A5CB624C47FDDEAB2FC509.web07-pub?0,https://www.bundesanzeiger.de/pub/de/suche;wwwsid=627BFD7A56A5CB624C47FDDEAB2FC509.web07-pub?0,1620596146,17:35:46,20210509
103,1995-03-31,OPC.DE,USD,1995-03-31,1995-03-31,Q1,2714000000,1807000000,907000000,0.3341930729550479,0,245000000,0,0,483000000,2290000000,0,238000000,662000000,0.24392041267501843,424000000,0.15622697126013266,57000000,332000000,0.12232866617538689,154000000,178000000,0.0655858511422255,0.245,0.245,632653061,632653061,https://www.bundesanzeiger.de/pub/de/suche;wwwsid=627BFD7A56A5CB624C47FDDEAB2FC509.web07-pub?0,https://www.bundesanzeiger.de/pub/de/suche;wwwsid=627BFD7A56A5CB624C47FDDEAB2FC509.web07-pub?0,1620596146,17:35:46,20210509
104,1994-12-31,OPC.DE,USD,1994-12-31,1994-12-31,Q4,2564000000,1864000000,700000000,0.27301092043681746,0,313000000,0,0,550000000,2414000000,0,237000000,387000000,0.15093603744149767,150000000,0.05850234009360374,54000000,54000000,0.02106084243369735,54000000,0,0.0,0.0,0.0,929300000,929300000,https://www.bundesanzeiger.de/pub/de/suche;wwwsid=627BFD7A56A5CB624C47FDDEAB2FC509.web07-pub?0,https://www.bundesanzeiger.de/pub/de/suche;wwwsid=627BFD7A56A5CB624C47FDDEAB2FC509.web07-pub?0,1620596146,17:35:46,20210509
105,1994-09-30,OPC.DE,USD,1994-09-30,1994-09-30,Q3,2404000000,1730000000,674000000,0.28036605657237934,0,252000000,0,0,481000000,2211000000,0,229000000,422000000,0.17554076539101499,193000000,0.0802828618968386,54000000,105000000,0.04367720465890183,82000000,23000000,0.00956738768718802,0.005,0.005,600000000,600000000,https://www.bundesanzeiger.de/pub/de/suche;wwwsid=627BFD7A56A5CB624C47FDDEAB2FC509.web07-pub?0,https://www.bundesanzeiger.de/pub/de/suche;wwwsid=627BFD7A56A5CB624C47FDDEAB2FC509.web07-pub?0,1620596146,17:35:46,20210509
106,1994-06-30,OPC.DE,USD,1994-06-30,1994-06-30,Q2,2162000000,1612000000,550000000,0.2543940795559667,0,219000000,0,0,443000000,2055000000,0,224000000,331000000,0.15309898242368178,107000000,0.04949121184088807,33000000,-8000000,-0.0037002775208140612,11000000,-19000000,-0.008788159111933395,-0.06,-0.06,633333333,633333333,https://www.bundesanzeiger.de/pub/de/suche;wwwsid=627BFD7A56A5CB624C47FDDEAB2FC509.web07-pub?0,https://www.bundesanzeiger.de/pub/de/suche;wwwsid=627BFD7A56A5CB624C47FDDEAB2FC509.web07-pub?0,1620596146,17:35:46,20210509
107,1994-03-31,OPC.DE,USD,1994-03-31,1994-03-31,Q1,2106000000,1632000000,474000000,0.22507122507122507,0,204000000,0,0,411000000,2043000000,0,207000000,270000000,0.1282051282051282,63000000,0.029914529914529916,39000000,-44000000,-0.020892687559354226,-4000000,-40000000,-0.01899335232668566,-0.095,-0.095,600000000,600000000,https://www.bundesanzeiger.de/pub/de/suche;wwwsid=627BFD7A56A5CB624C47FDDEAB2FC509.web07-pub?0,https://www.bundesanzeiger.de/pub/de/suche;wwwsid=627BFD7A56A5CB624C47FDDEAB2FC509.web07-pub?0,1620596146,17:35:46,20210509
108,1993-12-31,OPC.DE,USD,1993-12-31,1993-12-31,Q4,2020000000,1562000000,458000000,0.22673267326732674,0,187000000,0,0,423000000,1985000000,0,236000000,271000000,0.13415841584158417,35000000,0.017326732673267328,21000000,-94000000,-0.046534653465346534,-111000000,57000000,0.02821782178217822,0.061336489831055635,0.061336489831055635,929300000,929300000,https://www.bundesanzeiger.de/pub/de/suche;wwwsid=627BFD7A56A5CB624C47FDDEAB2FC509.web07-pub?0,https://www.bundesanzeiger.de/pub/de/suche;wwwsid=627BFD7A56A5CB624C47FDDEAB2FC509.web07-pub?0,1620596146,17:35:46,20210509
109,1993-09-30,OPC.DE,USD,1993-09-30,1993-09-30,Q3,1916000000,1420000000,496000000,0.2588726513569937,0,219000000,0,0,447000000,1867000000,0,228000000,277000000,0.14457202505219208,49000000,0.0255741127348643,49000000,-40000000,-0.020876826722338204,61000000,71000000,0.037056367432150315,0.1,0.1,590000000,590000000,https://www.bundesanzeiger.de/pub/de/suche;wwwsid=627BFD7A56A5CB624C47FDDEAB2FC509.web07-pub?0,https://www.bundesanzeiger.de/pub/de/suche;wwwsid=627BFD7A56A5CB624C47FDDEAB2FC509.web07-pub?0,1620596146,17:35:46,20210509
110,1993-06-30,OPC.DE,USD,1993-06-30,1993-06-30,Q2,2011000000,1477000000,534000000,0.26553953257086027,0,190000000,0,0,412000000,1889000000,0,222000000,344000000,0.17105917454002983,122000000,0.06066633515663849,120000000,106000000,0.05271009448035803,31000000,75000000,0.037294878170064646,0.105,0.105,609523810,609523810,https://www.bundesanzeiger.de/pub/de/suche;wwwsid=627BFD7A56A5CB624C47FDDEAB2FC509.web07-pub?0,https://www.bundesanzeiger.de/pub/de/suche;wwwsid=627BFD7A56A5CB624C47FDDEAB2FC509.web07-pub?0,1620596146,17:35:46,20210509
111,1993-03-31,OPC.DE,USD,1993-03-31,1993-03-31,Q1,2169000000,1599000000,570000000,0.2627939142461964,0,185000000,0,0,406000000,2005000000,0,221000000,385000000,0.17750115260488705,164000000,0.0756108805901337,238000000,245000000,0.11295527893038267,162000000,80000000,0.036883356385431075,0.125,0.125,600000000,600000000,https://www.bundesanzeiger.de/pub/de/suche;wwwsid=627BFD7A56A5CB624C47FDDEAB2FC509.web07-pub?0,https://www.bundesanzeiger.de/pub/de/suche;wwwsid=627BFD7A56A5CB624C47FDDEAB2FC509.web07-pub?0,1620596146,17:35:46,20210509
112,1992-12-31,OPC.DE,USD,1992-12-31,1992-12-31,Q4,1896000000,1389000000,507000000,0.2674050632911392,0,297000000,0,0,578000000,1967000000,0,281000000,210000000,0.11075949367088607,-71000000,-0.037447257383966245,209000000,-18000000,-0.00949367088607595,-11000000,-825000000,-0.435126582278481,-0.8877649843968578,-0.8877649843968578,929300000,929300000,https://www.bundesanzeiger.de/pub/de/suche;wwwsid=627BFD7A56A5CB624C47FDDEAB2FC509.web07-pub?0,https://www.bundesanzeiger.de/pub/de/suche;wwwsid=627BFD7A56A5CB624C47FDDEAB2FC509.web07-pub?0,1620596146,17:35:46,20210509
113,1992-09-30,OPC.DE,USD,1992-09-30,1992-09-30,Q3,2268000000,1727000000,541000000,0.23853615520282187,0,217000000,0,0,424000000,2151000000,0,206000000,323000000,0.1424162257495591,117000000,0.051587301587301584,89000000,41000000,0.018077601410934743,-28000000,61000000,0.026895943562610228,0.1,0.1,600000000,600000000,https://www.bundesanzeiger.de/pub/de/suche;wwwsid=627BFD7A56A5CB624C47FDDEAB2FC509.web07-pub?0,https://www.bundesanzeiger.de/pub/de/suche;wwwsid=627BFD7A56A5CB624C47FDDEAB2FC509.web07-pub?0,1620596146,17:35:46,20210509
114,1992-06-30,OPC.DE,USD,1992-06-30,1992-06-30,Q2,2176000000,1670000000,506000000,0.23253676470588236,0,224000000,0,0,425000000,2095000000,0,201000000,282000000,0.12959558823529413,81000000,0.03722426470588235,170000000,90000000,0.04136029411764706,47000000,75000000,0.034466911764705885,0.125,0.125,592000000,592000000,https://www.bundesanzeiger.de/pub/de/suche;wwwsid=627BFD7A56A5CB624C47FDDEAB2FC509.web07-pub?0,https://www.bundesanzeiger.de/pub/de/suche;wwwsid=627BFD7A56A5CB624C47FDDEAB2FC509.web07-pub?0,1620596146,17:35:46,20210509
115,1992-03-31,OPC.DE,USD,1992-03-31,1992-03-31,Q1,2154000000,1608000000,546000000,0.25348189415041783,0,192000000,0,0,391000000,1999000000,0,199000000,354000000,0.16434540389972144,155000000,0.07195914577530177,215000000,208000000,0.09656453110492108,187000000,98000000,0.04549675023212628,0.195,0.195,497435897,497435897,https://www.bundesanzeiger.de/pub/de/suche;wwwsid=627BFD7A56A5CB624C47FDDEAB2FC509.web07-pub?0,https://www.bundesanzeiger.de/pub/de/suche;wwwsid=627BFD7A56A5CB624C47FDDEAB2FC509.web07-pub?0,1620596146,17:35:46,20210509
116,1991-12-31,OPC.DE,USD,1991-12-31,1991-12-31,Q4,2609000000,1976000000,633000000,0.24262169413568416,0,155000000,0,0,463000000,2439000000,0,308000000,478000000,0.18321195860482944,170000000,0.06515906477577615,30000000,25000000,0.009582215408202376,22000000,132000000,0.050594097355308544,0.14204239750349726,0.14204239750349726,929300000,929300000,https://www.bundesanzeiger.de/pub/de/suche;wwwsid=627BFD7A56A5CB624C47FDDEAB2FC509.web07-pub?0,https://www.bundesanzeiger.de/pub/de/suche;wwwsid=627BFD7A56A5CB624C47FDDEAB2FC509.web07-pub?0,1620596146,17:35:46,20210509
117,1991-09-30,OPC.DE,USD,1991-09-30,1991-09-30,Q3,2330000000,1809000000,521000000,0.22360515021459226,0,365000000,0,0,540000000,2349000000,0,175000000,156000000,0.06695278969957082,-19000000,-0.00815450643776824,790000000,512000000,0.21974248927038625,364000000,171000000,0.07339055793991417,0.28,0.28,603571429,603571429,https://www.bundesanzeiger.de/pub/de/suche;wwwsid=627BFD7A56A5CB624C47FDDEAB2FC509.web07-pub?0,https://www.bundesanzeiger.de/pub/de/suche;wwwsid=627BFD7A56A5CB624C47FDDEAB2FC509.web07-pub?0,1620596146,17:35:46,20210509
118,1991-06-30,OPC.DE,USD,1991-06-30,1991-06-30,Q2,5056000000,4393000000,663000000,0.13113132911392406,0,229000000,0,0,468000000,4861000000,0,239000000,434000000,0.08583860759493671,195000000,0.03856803797468354,253000000,216000000,0.04272151898734177,81000000,147000000,0.029074367088607594,0.245,0.245,591836735,591836735,https://www.bundesanzeiger.de/pub/de/suche;wwwsid=627BFD7A56A5CB624C47FDDEAB2FC509.web07-pub?0,https://www.bundesanzeiger.de/pub/de/suche;wwwsid=627BFD7A56A5CB624C47FDDEAB2FC509.web07-pub?0,1620596146,17:35:46,20210509
119,1991-03-31,OPC.DE,USD,1991-03-31,1991-03-31,Q1,5303000000,4464000000,839000000,0.15821233264190082,0,241000000,0,0,474000000,4938000000,0,233000000,598000000,0.11276635866490665,365000000,0.06882896473694135,70000000,205000000,0.038657363756364325,122000000,83000000,0.015651518008674335,0.135,0.135,600000000,600000000,https://www.bundesanzeiger.de/pub/de/suche;wwwsid=627BFD7A56A5CB624C47FDDEAB2FC509.web07-pub?0,https://www.bundesanzeiger.de/pub/de/suche;wwwsid=627BFD7A56A5CB624C47FDDEAB2FC509.web07-pub?0,1620596146,17:35:46,20210509
120,1990-12-31,OPC.DE,USD,1990-12-31,1990-12-31,Q4,6063000000,5036000000,1027000000,0.169388091703777,0,410000000,0,0,750000000,5786000000,0,340000000,617000000,0.10176480290285338,277000000,0.045686953653306946,-2101000000,-2083000000,-0.34355929407883884,-105000000,-1978000000,-0.3262411347517731,-2.128483805014527,-2.128483805014527,929300000,929300000,https://www.bundesanzeiger.de/pub/de/suche;wwwsid=627BFD7A56A5CB624C47FDDEAB2FC509.web07-pub?0,https://www.bundesanzeiger.de/pub/de/suche;wwwsid=627BFD7A56A5CB624C47FDDEAB2FC509.web07-pub?0,1620596146,17:35:46,20210509
121,1990-09-30,OPC.DE,USD,1990-09-30,1990-09-30,Q3,5350000000,4523000000,827000000,0.15457943925233644,0,256000000,0,0,514000000,5037000000,0,258000000,571000000,0.10672897196261683,313000000,0.05850467289719626,110000000,176000000,0.03289719626168224,65000000,111000000,0.020747663551401868,0.185,0.185,589189189,589189189,https://www.bundesanzeiger.de/pub/de/suche;wwwsid=627BFD7A56A5CB624C47FDDEAB2FC509.web07-pub?0,https://www.bundesanzeiger.de/pub/de/suche;wwwsid=627BFD7A56A5CB624C47FDDEAB2FC509.web07-pub?0,1620596146,17:35:46,20210509
122,1990-06-30,OPC.DE,USD,1990-06-30,1990-06-30,Q2,5122000000,4377000000,745000000,0.1454509957048028,0,268000000,0,0,523000000,4900000000,0,255000000,477000000,0.09312768449824288,222000000,0.04334244435767278,100000000,79000000,0.01542366263178446,10000000,69000000,0.01347130027333073,0.115,0.115,582608696,582608696,https://www.bundesanzeiger.de/pub/de/suche;wwwsid=627BFD7A56A5CB624C47FDDEAB2FC509.web07-pub?0,https://www.bundesanzeiger.de/pub/de/suche;wwwsid=627BFD7A56A5CB624C47FDDEAB2FC509.web07-pub?0,1620596146,17:35:46,20210509
123,1990-03-31,OPC.DE,USD,1990-03-31,1990-03-31,Q1,5159000000,4288000000,871000000,0.16883116883116883,0,261000000,0,0,514000000,4802000000,0,253000000,610000000,0.11823996898623765,357000000,0.06919945725915876,88000000,205000000,0.039736383019965106,95000000,110000000,0.021321961620469083,0.19,0.19,568421053,568421053,https://www.bundesanzeiger.de/pub/de/suche;wwwsid=627BFD7A56A5CB624C47FDDEAB2FC509.web07-pub?0,https://www.bundesanzeiger.de/pub/de/suche;wwwsid=627BFD7A56A5CB624C47FDDEAB2FC509.web07-pub?0,1620596146,17:35:46,20210509
124,1989-12-31,OPC.DE,USD,1989-12-31,1989-12-31,Q4,5049000000,4159000000,890000000,0.17627252921370568,0,292000000,0,0,661000000,4820000000,0,369000000,598000000,0.11843929490988314,229000000,0.045355515943751236,55000000,33000000,0.006535947712418301,3000000,30000000,0.0059417706476530005,0.03228236306897665,0.03228236306897665,929300000,929300000,https://www.bundesanzeiger.de/pub/de/suche;wwwsid=627BFD7A56A5CB624C47FDDEAB2FC509.web07-pub?0,https://www.bundesanzeiger.de/pub/de/suche;wwwsid=627BFD7A56A5CB624C47FDDEAB2FC509.web07-pub?0,1620596146,17:35:46,20210509
125,1989-09-30,OPC.DE,USD,1989-09-30,1989-09-30,Q3,4826000000,3944000000,882000000,0.1827600497306258,0,389000000,0,0,649000000,4593000000,0,0,354000000,0.07335267302113552,233000000,0.04828014919187733,139000000,122000000,0.025279734769995857,56000000,66000000,0.013675922088686282,0.12,0.12,533333333,533333333,https://www.bundesanzeiger.de/pub/de/suche;wwwsid=627BFD7A56A5CB624C47FDDEAB2FC509.web07-pub?0,https://www.bundesanzeiger.de/pub/de/suche;wwwsid=627BFD7A56A5CB624C47FDDEAB2FC509.web07-pub?0,1620596146,17:35:46,20210509
126,1989-06-30,OPC.DE,USD,1989-06-30,1989-06-30,Q2,5050000000,0,0,0.0,0,0,0,0,0,0,0,0,5050000000,1.0,5050000000,1.0,0,0,0.0,0,0,0.0,0.155,0.155,538290000,538290000,https://www.bundesanzeiger.de/pub/de/suche;wwwsid=627BFD7A56A5CB624C47FDDEAB2FC509.web07-pub?0,https://www.bundesanzeiger.de/pub/de/suche;wwwsid=627BFD7A56A5CB624C47FDDEAB2FC509.web07-pub?0,1620596146,17:35:46,20210509
127,1989-03-31,OPC.DE,USD,1989-03-31,1989-03-31,Q1,5143000000,0,0,0.0,0,0,0,0,0,0,0,0,5143000000,1.0,5143000000,1.0,0,0,0.0,0,0,0.0,0.135,0.135,534492000,534492000,https://www.bundesanzeiger.de/pub/de/suche;wwwsid=627BFD7A56A5CB624C47FDDEAB2FC509.web07-pub?0,https://www.bundesanzeiger.de/pub/de/suche;wwwsid=627BFD7A56A5CB624C47FDDEAB2FC509.web07-pub?0,1620596146,17:35:46,20210509
128,1988-12-31,OPC.DE,USD,1988-12-31,1988-12-31,Q4,5284000000,0,0,0.0,0,0,0,0,0,0,0,0,-13092000000,-2.477668433005299,-13092000000,-2.477668433005299,0,0,0.0,0,0,0.0,0.0,0.0,929300000,929300000,https://www.bundesanzeiger.de/pub/de/suche;wwwsid=627BFD7A56A5CB624C47FDDEAB2FC509.web07-pub?0,https://www.bundesanzeiger.de/pub/de/suche;wwwsid=627BFD7A56A5CB624C47FDDEAB2FC509.web07-pub?0,1620596146,17:35:46,20210509
129,1988-09-30,OPC.DE,USD,1988-09-30,1988-09-30,Q3,4913000000,0,0,0.0,0,0,0,0,0,0,0,0,4913000000,1.0,4913000000,1.0,0,0,0.0,0,0,0.0,0.195,0.195,533406000,533406000,https://www.bundesanzeiger.de/pub/de/suche;wwwsid=627BFD7A56A5CB624C47FDDEAB2FC509.web07-pub?0,https://www.bundesanzeiger.de/pub/de/suche;wwwsid=627BFD7A56A5CB624C47FDDEAB2FC509.web07-pub?0,1620596146,17:35:46,20210509
130,1988-06-30,OPC.DE,USD,1988-06-30,1988-06-30,Q2,4744000000,0,0,0.0,0,0,0,0,0,0,0,0,4744000000,1.0,4744000000,1.0,0,0,0.0,0,0,0.0,0.195,0.195,533190000,533190000,https://www.bundesanzeiger.de/pub/de/suche;wwwsid=627BFD7A56A5CB624C47FDDEAB2FC509.web07-pub?0,https://www.bundesanzeiger.de/pub/de/suche;wwwsid=627BFD7A56A5CB624C47FDDEAB2FC509.web07-pub?0,1620596146,17:35:46,20210509
131,1988-03-31,OPC.DE,USD,1988-03-31,1988-03-31,Q1,4476000000,0,0,0.0,0,0,0,0,0,0,0,0,4476000000,1.0,4476000000,1.0,0,0,0.0,0,0,0.0,0.255,0.255,425552000,425552000,https://www.bundesanzeiger.de/pub/de/suche;wwwsid=627BFD7A56A5CB624C47FDDEAB2FC509.web07-pub?0,https://www.bundesanzeiger.de/pub/de/suche;wwwsid=627BFD7A56A5CB624C47FDDEAB2FC509.web07-pub?0,1620596146,17:35:46,20210509
132,1987-12-31,OPC.DE,USD,1987-12-31,1987-12-31,Q4,4389000000,0,0,0.0,0,0,0,0,0,0,0,0,-11678000000,-2.660742766005924,-11678000000,-2.660742766005924,0,0,0.0,0,0,0.0,0.0,0.0,929300000,929300000,https://www.bundesanzeiger.de/pub/de/suche;wwwsid=627BFD7A56A5CB624C47FDDEAB2FC509.web07-pub?0,https://www.bundesanzeiger.de/pub/de/suche;wwwsid=627BFD7A56A5CB624C47FDDEAB2FC509.web07-pub?0,1620596146,17:35:46,20210509
133,1987-09-30,OPC.DE,USD,1987-09-30,1987-09-30,Q3,4222000000,0,0,0.0,0,0,0,0,0,0,0,0,4222000000,1.0,4222000000,1.0,0,0,0.0,0,0,0.0,0.1,0.1,408624000,408624000,https://www.bundesanzeiger.de/pub/de/suche;wwwsid=627BFD7A56A5CB624C47FDDEAB2FC509.web07-pub?0,https://www.bundesanzeiger.de/pub/de/suche;wwwsid=627BFD7A56A5CB624C47FDDEAB2FC509.web07-pub?0,1620596146,17:35:46,20210509
134,1987-06-30,OPC.DE,USD,1987-06-30,1987-06-30,Q2,4328000000,0,0,0.0,0,0,0,0,0,0,0,0,4328000000,1.0,4328000000,1.0,0,0,0.0,0,0,0.0,0.115,0.115,396426000,396426000,https://www.bundesanzeiger.de/pub/de/suche;wwwsid=627BFD7A56A5CB624C47FDDEAB2FC509.web07-pub?0,https://www.bundesanzeiger.de/pub/de/suche;wwwsid=627BFD7A56A5CB624C47FDDEAB2FC509.web07-pub?0,1620596146,17:35:46,20210509
135,1987-03-31,OPC.DE,USD,1987-03-31,1987-03-31,Q1,4157000000,0,0,0.0,0,0,0,0,0,0,0,0,4157000000,1.0,4157000000,1.0,0,0,0.0,0,0,0.0,0.19,0.19,396426000,396426000,https://www.bundesanzeiger.de/pub/de/suche;wwwsid=627BFD7A56A5CB624C47FDDEAB2FC509.web07-pub?0,https://www.bundesanzeiger.de/pub/de/suche;wwwsid=627BFD7A56A5CB624C47FDDEAB2FC509.web07-pub?0,1620596146,17:35:46,20210509
136,1986-12-31,OPC.DE,USD,1986-12-31,1986-12-31,Q4,4168900000,0,0,0.0,0,0,0,0,0,0,0,0,-10361300000,-2.4853798364076853,-10361300000,-2.4853798364076853,0,0,0.0,0,0,0.0,0.0,0.0,929300000,929300000,https://www.bundesanzeiger.de/pub/de/suche;wwwsid=627BFD7A56A5CB624C47FDDEAB2FC509.web07-pub?0,https://www.bundesanzeiger.de/pub/de/suche;wwwsid=627BFD7A56A5CB624C47FDDEAB2FC509.web07-pub?0,1620596146,17:35:46,20210509
137,1986-09-30,OPC.DE,USD,1986-09-30,1986-09-30,Q3,3717200000,0,0,0.0,0,0,0,0,0,0,0,0,3717200000,1.0,3717200000,1.0,0,0,0.0,0,0,0.0,0.06,0.06,316700000,316700000,https://www.bundesanzeiger.de/pub/de/suche;wwwsid=627BFD7A56A5CB624C47FDDEAB2FC509.web07-pub?0,https://www.bundesanzeiger.de/pub/de/suche;wwwsid=627BFD7A56A5CB624C47FDDEAB2FC509.web07-pub?0,1620596146,17:35:46,20210509
138,1986-06-30,OPC.DE,USD,1986-06-30,1986-06-30,Q2,3827200000,0,0,0.0,0,0,0,0,0,0,0,0,3827200000,1.0,3827200000,1.0,0,0,0.0,0,0,0.0,0.06,0.06,316700000,316700000,https://www.bundesanzeiger.de/pub/de/suche;wwwsid=627BFD7A56A5CB624C47FDDEAB2FC509.web07-pub?0,https://www.bundesanzeiger.de/pub/de/suche;wwwsid=627BFD7A56A5CB624C47FDDEAB2FC509.web07-pub?0,1620596146,17:35:46,20210509
139,1986-03-31,OPC.DE,USD,1986-03-31,1986-03-31,Q1,3630800000,0,0,0.0,0,0,0,0,0,0,0,0,3630800000,1.0,3630800000,1.0,0,0,0.0,0,0,0.0,0.23,0.23,219524000,219524000,https://www.bundesanzeiger.de/pub/de/suche;wwwsid=627BFD7A56A5CB624C47FDDEAB2FC509.web07-pub?0,https://www.bundesanzeiger.de/pub/de/suche;wwwsid=627BFD7A56A5CB624C47FDDEAB2FC509.web07-pub?0,1620596146,17:35:46,20210509
140,1985-12-31,OPC.DE,USD,1985-12-31,1985-12-31,Q4,3775900000,0,0,0.0,0,0,0,0,0,0,0,0,-9720400000,-2.5743266505998568,-9720400000,-2.5743266505998568,0,0,0.0,0,0,0.0,0.0,0.0,929300000,929300000,https://www.bundesanzeiger.de/pub/de/suche;wwwsid=627BFD7A56A5CB624C47FDDEAB2FC509.web07-pub?0,https://www.bundesanzeiger.de/pub/de/suche;wwwsid=627BFD7A56A5CB624C47FDDEAB2FC509.web07-pub?0,1620596146,17:35:46,20210509
141,1985-09-30,OPC.DE,USD,1985-09-30,1985-09-30,Q3,3383100000,0,0,0.0,0,0,0,0,0,0,0,0,3383100000,1.0,3383100000,1.0,0,0,0.0,0,0,0.0,0.66,0.66,217060000,217060000,https://www.bundesanzeiger.de/pub/de/suche;wwwsid=627BFD7A56A5CB624C47FDDEAB2FC509.web07-pub?0,https://www.bundesanzeiger.de/pub/de/suche;wwwsid=627BFD7A56A5CB624C47FDDEAB2FC509.web07-pub?0,1620596146,17:35:46,20210509
