,date,symbol,reportedCurrency,fillingDate,acceptedDate,period,revenue,costOfRevenue,grossProfit,grossProfitRatio,researchAndDevelopmentExpenses,generalAndAdministrativeExpenses,sellingAndMarketingExpenses,otherExpenses,operatingExpenses,costAndExpenses,interestExpense,depreciationAndAmortization,ebitda,ebitdaratio,operatingIncome,operatingIncomeRatio,totalOtherIncomeExpensesNet,incomeBeforeTax,incomeBeforeTaxRatio,incomeTaxExpense,netIncome,netIncomeRatio,eps,epsdiluted,weightedAverageShsOut,weightedAverageShsOutDil,link,finalLink,timestamp,est_time,est_date
0,2020-12-31,8221.HK,HKD,2020-12-31,2020-12-31,Q4,3843000.0,3701000.0,142000.0,0.036950299245381214,0.0,0.0,0.0,717000.0,4760000.0,8461000.0,27000.0,1342000.0,-3276000.0,-0.8524590163934426,-4618000.0,-1.2016653655997918,0.0,-3928000.0,-1.0221181368722352,0.0,-3928000.0,-1.0221181368722352,-0.002,-0.002,2000000000,2000000000,https://www1.hkexnews.hk/search/titlesearch.xhtml,https://www1.hkexnews.hk/search/titlesearch.xhtml,1620585847,14:44:07,20210509
1,2020-09-30,8221.HK,HKD,2020-09-30,2020-09-30,Q3,5825000.0,3178000.0,2647000.0,0.4544206008583691,0.0,0.0,0.0,470000.0,3288000.0,6466000.0,38000.0,1237000.0,596000.0,0.1023175965665236,-641000.0,-0.11004291845493562,0.0,-145000.0,-0.024892703862660945,0.0,-145000.0,-0.024892703862660945,-0.0001,-0.0001,2000000000,2000000000,https://www1.hkexnews.hk/search/titlesearch.xhtml,https://www1.hkexnews.hk/search/titlesearch.xhtml,1620585847,14:44:07,20210509
2,2020-06-30,8221.HK,HKD,2020-06-30,2020-06-30,Q2,5109000.0,8601000.0,-3492000.0,-0.6834997064004698,0.0,0.0,0.0,335000.0,3608000.0,12209000.0,49000.0,1236000.0,-5864000.0,-1.1477784302211782,-7100000.0,-1.3897044431395575,0.0,-6480000.0,-1.268349970640047,0.0,-6480000.0,-1.268349970640047,-0.0032,-0.0032,2000000000,2000000000,https://www1.hkexnews.hk/search/titlesearch.xhtml,https://www1.hkexnews.hk/search/titlesearch.xhtml,1620585847,14:44:07,20210509
3,2020-03-31,8221.HK,HKD,2020-03-31,2020-03-31,Q1,6236000.0,3356000.0,2880000.0,0.46183450930083386,0.0,0.0,0.0,-1290000.0,3498000.0,6854000.0,65000.0,1256000.0,638000.0,0.10230917254650417,-618000.0,-0.09910198845413727,0.0,-1847000.0,-0.2961834509300834,0.0,-1847000.0,-0.2961834509300834,-0.0009235,-0.0009235,2000000000,2000000000,https://www1.hkexnews.hk/search/titlesearch.xhtml,https://www1.hkexnews.hk/search/titlesearch.xhtml,1620585847,14:44:07,20210509
4,2019-12-31,8221.HK,HKD,2019-12-31,2019-12-31,Q4,5403000.0,7619000.0,-2216000.0,-0.41014251341847124,0.0,0.0,0.0,1798000.0,3630000.0,11249000.0,75000.0,1239000.0,-4607000.0,-0.852674440125856,-5846000.0,-1.081991486211364,0.0,-4055000.0,-0.7505089764945401,-76000.0,-3979000.0,-0.736442717009069,-0.002,-0.002,2000000000,2000000000,https://www1.hkexnews.hk/search/titlesearch.xhtml,https://www1.hkexnews.hk/search/titlesearch.xhtml,1620585847,14:44:07,20210509
5,2019-09-30,8221.HK,HKD,2019-09-30,2019-09-30,Q3,13962000.0,9831000.0,4131000.0,0.2958745165449076,0.0,0.0,0.0,130000.0,3905000.0,13736000.0,93000.0,1234000.0,1460000.0,0.10456954591032804,226000.0,0.016186792723105574,0.0,365000.0,0.02614238647758201,76000.0,289000.0,0.020699040252112878,0.0001,0.0001,2000000000,2000000000,https://www1.hkexnews.hk/search/titlesearch.xhtml,https://www1.hkexnews.hk/search/titlesearch.xhtml,1620585847,14:44:07,20210509
6,2019-06-30,8221.HK,HKD,2019-06-30,2019-06-30,Q2,5304000.0,2934000.0,2370000.0,0.4468325791855204,0.0,0.0,0.0,101000.0,3159000.0,6093000.0,41000.0,67000.0,-722000.0,-0.1361236802413273,-789000.0,-0.14875565610859728,0.0,-679000.0,-0.12801659125188536,0.0,-679000.0,-0.12801659125188536,-0.0003,-0.0003,2000000000,2000000000,https://www1.hkexnews.hk/search/titlesearch.xhtml,https://www1.hkexnews.hk/search/titlesearch.xhtml,1620585847,14:44:07,20210509
7,2019-03-31,8221.HK,HKD,2019-03-31,2019-03-31,Q1,20750000.0,11493000.0,9257000.0,0.44612048192771087,0.0,0.0,0.0,92000.0,3259000.0,14752000.0,0.0,79000.0,6077000.0,0.29286746987951806,5998000.0,0.2890602409638554,0.0,6112000.0,0.29455421686746985,832000.0,5280000.0,0.2544578313253012,0.00264,0.00264,2000000000,2000000000,https://www1.hkexnews.hk/search/titlesearch.xhtml,https://www1.hkexnews.hk/search/titlesearch.xhtml,1620585847,14:44:07,20210509
8,2018-12-31,8221.HK,HKD,2018-12-31,2018-12-31,Q4,15138000.0,5864000.0,9274000.0,0.6126304663760074,0.0,0.0,0.0,138000.0,3152000.0,9016000.0,0.0,64000.0,6186000.0,0.40864050733254065,6122000.0,0.4044127361606553,0.0,6294000.0,0.4157748711850971,1114000.0,5180000.0,0.3421852292244682,0.0026,0.0026,2000000000,2000000000,https://www1.hkexnews.hk/search/titlesearch.xhtml,https://www1.hkexnews.hk/search/titlesearch.xhtml,1620585847,14:44:07,20210509
9,2018-09-30,8221.HK,HKD,2018-09-30,2018-09-30,Q3,13884000.0,3082000.0,10802000.0,0.7780178622875252,0.0,0.0,0.0,261000.0,5023000.0,8105000.0,0.0,63000.0,5842000.0,0.4207721117833477,5779000.0,0.4162345145491213,0.0,6045000.0,0.4353932584269663,1205000.0,4840000.0,0.34860270815326994,0.0024,0.0024,2000000000,2000000000,https://www1.hkexnews.hk/search/titlesearch.xhtml,https://www1.hkexnews.hk/search/titlesearch.xhtml,1620585847,14:44:07,20210509
10,2018-06-30,8221.HK,HKD,2018-06-30,2018-06-30,Q2,17824000.0,6018000.0,11806000.0,0.6623653500897666,0.0,0.0,0.0,226000.0,3948000.0,9966000.0,0.0,64000.0,7922000.0,0.44445691202872534,7858000.0,0.44086624775583483,0.0,8088000.0,0.453770197486535,1360000.0,6728000.0,0.3774685816876122,0.0034,0.0034,2000000000,2000000000,https://www1.hkexnews.hk/search/titlesearch.xhtml,https://www1.hkexnews.hk/search/titlesearch.xhtml,1620585847,14:44:07,20210509
11,2018-03-31,8221.HK,HKD,2018-03-31,2018-03-31,Q1,12448000.0,12846000.0,-398000.0,-0.03197300771208226,0.0,0.0,0.0,912000.0,4639000.0,17485000.0,0.0,101000.0,-4936000.0,-0.39652956298200515,-5037000.0,-0.40464331619537275,0.0,-4129000.0,-0.3316998714652956,-771000.0,-3358000.0,-0.26976221079691515,-0.001679,-0.001679,2000000000,2000000000,https://www1.hkexnews.hk/search/titlesearch.xhtml,https://www1.hkexnews.hk/search/titlesearch.xhtml,1620585847,14:44:07,20210509
12,2017-12-31,8221.HK,HKD,2017-12-31,2017-12-31,Q4,34742000.0,8479000.0,26263000.0,0.7559438144033158,0.0,0.0,0.0,200000.0,3748000.0,12227000.0,0.0,65000.0,22580000.0,0.6499337977088251,22515000.0,0.6480628633930113,0.0,22723000.0,0.6540498532036152,3825000.0,18898000.0,0.543952564619193,0.0094,0.0094,2000000000,2000000000,https://www1.hkexnews.hk/search/titlesearch.xhtml,https://www1.hkexnews.hk/search/titlesearch.xhtml,1620585847,14:44:07,20210509
13,2017-09-30,8221.HK,HKD,2017-09-30,2017-09-30,Q3,19098000.0,3212000.0,15886000.0,0.831814849722484,0.0,0.0,0.0,268000.0,3828000.0,7040000.0,0.0,46000.0,12104000.0,0.6337836422662059,12058000.0,0.6313750130903759,0.0,12331000.0,0.6456697036338883,2109000.0,10222000.0,0.5352392920724683,0.0051,0.0051,2000000000,2000000000,https://www1.hkexnews.hk/search/titlesearch.xhtml,https://www1.hkexnews.hk/search/titlesearch.xhtml,1620585847,14:44:07,20210509
14,2017-06-30,8221.HK,HKD,2017-06-30,2017-06-30,Q2,16757000.0,2631000.0,14126000.0,0.8429909888404846,0.0,0.0,0.0,364000.0,3189000.0,5820000.0,0.0,42000.0,10979000.0,0.6551888762905055,10937000.0,0.6526824610610491,0.0,11314000.0,0.675180521573074,1970000.0,9344000.0,0.5576177120009548,0.0047,0.0047,2000000000,2000000000,https://www1.hkexnews.hk/search/titlesearch.xhtml,https://www1.hkexnews.hk/search/titlesearch.xhtml,1620585847,14:44:07,20210509
15,2017-03-31,8221.HK,HKD,2017-03-31,2017-03-31,Q1,24497000.0,11684000.0,12813000.0,0.5230436379964893,0.0,73000.0,0.0,36000.0,4556000.0,16240000.0,0.0,40000.0,8297000.0,0.33869453402457445,8257000.0,0.337061681022166,0.0,8296000.0,0.3386537126995142,1616000.0,6680000.0,0.27268645140221254,0.00334,0.00334,2000000000,2000000000,https://www1.hkexnews.hk/search/titlesearch.xhtml,https://www1.hkexnews.hk/search/titlesearch.xhtml,1620585847,14:44:07,20210509
16,2016-12-31,8221.HK,HKD,2016-12-31,2016-12-31,Q4,9703000.0,2454000.0,7249000.0,0.7470885293208286,0.0,3196000.0,0.0,319000.0,6271000.0,8725000.0,5000.0,35000.0,1013000.0,0.10440070081418118,978000.0,0.10079356899927858,0.0,1296000.0,0.1335669380603937,741000.0,555000.0,0.05719880449345563,0.000278,0.000278,2000000000,2000000000,https://www1.hkexnews.hk/search/titlesearch.xhtml,https://www1.hkexnews.hk/search/titlesearch.xhtml,1620585847,14:44:07,20210509
17,2016-09-30,8221.HK,HKD,2016-09-30,2016-09-30,Q3,18560000.0,3710000.0,14850000.0,0.8001077586206896,0.0,2378000.0,0.0,290000.0,4733000.0,8443000.0,71000.0,28000.0,10145000.0,0.5466056034482759,10117000.0,0.5450969827586207,0.0,10339000.0,0.5570581896551724,2099000.0,8240000.0,0.44396551724137934,0.00412,0.00412,2000000000,2000000000,https://www1.hkexnews.hk/search/titlesearch.xhtml,https://www1.hkexnews.hk/search/titlesearch.xhtml,1620585847,14:44:07,20210509
18,2016-06-30,8221.HK,HKD,2016-06-30,2016-06-30,Q2,18502000.0,2303000.0,16199000.0,0.8755269700572911,0.0,1319000.0,0.0,-100000.0,3682000.0,5985000.0,63000.0,42000.0,12559000.0,0.6787914820019457,12517000.0,0.6765214571397686,0.0,12355000.0,0.6677656469570857,2257000.0,10098000.0,0.5457788347205708,0.005049,0.005049,2000000000,2000000000,https://www1.hkexnews.hk/search/titlesearch.xhtml,https://www1.hkexnews.hk/search/titlesearch.xhtml,1620585847,14:44:07,20210509
19,2016-03-31,8221.HK,HKD,2016-03-31,2016-03-31,Q1,12210000.0,4623000.0,7587000.0,0.6213759213759213,0.0,319000.0,0.0,-131000.0,3193000.0,7816000.0,67000.0,62000.0,4456000.0,0.3649467649467649,4394000.0,0.3598689598689599,0.0,4198000.0,0.3438165438165438,829000.0,3387000.0,0.2773955773955774,0.0016935,0.0016935,2000000000,2000000000,https://www1.hkexnews.hk/search/titlesearch.xhtml,https://www1.hkexnews.hk/search/titlesearch.xhtml,1620585847,14:44:07,20210509
20,2015-12-31,8221.HK,HKD,2015-12-31,2015-12-31,Q4,3447000.0,2583000.0,864000.0,0.2506527415143603,0.0,3367000.0,0.0,138000.0,6073000.0,8656000.0,68000.0,60000.0,-5149000.0,-1.4937626921961125,-5209000.0,-1.5111691325790542,0.0,-5137000.0,-1.4902814041195243,-307000.0,-4810000.0,-1.395416304032492,-0.002405,-0.002405,2000000000,2000000000,https://www1.hkexnews.hk/search/titlesearch.xhtml,https://www1.hkexnews.hk/search/titlesearch.xhtml,1620585847,14:44:07,20210509
