,date,symbol,reportedCurrency,fillingDate,acceptedDate,period,revenue,costOfRevenue,grossProfit,grossProfitRatio,researchAndDevelopmentExpenses,generalAndAdministrativeExpenses,sellingAndMarketingExpenses,otherExpenses,operatingExpenses,costAndExpenses,interestExpense,depreciationAndAmortization,ebitda,ebitdaratio,operatingIncome,operatingIncomeRatio,totalOtherIncomeExpensesNet,incomeBeforeTax,incomeBeforeTaxRatio,incomeTaxExpense,netIncome,netIncomeRatio,eps,epsdiluted,weightedAverageShsOut,weightedAverageShsOutDil,link,finalLink,timestamp,est_time,est_date
0,2021-03-31,ACGL,USD,2021-05-06,2021-05-06 14:43:28,Q1,2214171000.0,0.0,0.0,0.0,0.0,25384000.0,0.0,0.0,0.0,1775060000.0,38346000.0,14402000.0,0.0,0.0,0.0,0.19831846772448922,4369000.0,439111000.0,0.19831846772448922,38860000.0,438156000.0,0.19788715505712973,1.07,1.05,400807895,409223253,https://www.sec.gov/Archives/edgar/data/947484/000094748421000051/0000947484-21-000051-index.htm,https://www.sec.gov/Archives/edgar/data/947484/000094748421000051/acgl-20210331.htm,1620586114,14:48:34,20210509
1,2020-12-31,ACGL,USD,2021-02-26,2021-02-26,Q4,2441225000.0,0.0,8525275.0,0.0034922119018115905,0.0,-56653000.0,0.0,875176.0,-4203824000.0,-4264698000.0,-248493000.0,-49835000.0,-42184901.0,-0.017280218333009044,7650099.0,0.003133713197267765,1525000.0,633373000.0,0.259448842282051,34059.0,603734000.0,0.2473078065315569,1.4986552641236115,1.4754200468458218,402850485,409194657,https://www.sec.gov/Archives/edgar/data/947484/000094748421000028/0000947484-21-000028-index.htm,https://www.sec.gov/Archives/edgar/data/947484/000094748421000028/acgl-20201231.htm,1620586114,14:48:34,20210509
2,2020-09-30,ACGL,USD,2020-11-05,2020-11-05,Q3,2139867000.0,0.0,0.0,0.0,0.0,17937000.0,0.0,0.0,1715000000.0,1627478000.0,41343000.0,16715000.0,0.0,0.0,0.0,0.23944899379260487,6332000.0,512389000.0,0.23944899379260487,23707000.0,419039000.0,0.19582478724145005,1.01,1.0,402850485,409194657,https://www.sec.gov/Archives/edgar/data/947484/000094748420000102/0000947484-20-000102-index.htm,https://www.sec.gov/ix?doc=/Archives/edgar/data/947484/000094748420000102/acgl-20200930.htm,1620586114,14:48:34,20210509
3,2020-06-30,ACGL,USD,2020-08-06 00:00:00,2020-08-06 13:56:50,Q2,2320352000.0,0.0,0.0,0.0,0.0,17920000.0,0.0,0.0,1729000000.0,1827836000.0,31139000.0,16489000.0,0.0,0.0,0.0,0.21225917447008041,3527000.0,492516000.0,0.21225917447008041,26127000.0,298821000.0,0.12878261574105998,0.72,0.71,402503687,408119681,https://www.sec.gov/Archives/edgar/data/947484/000094748420000080/0000947484-20-000080-index.htm,https://www.sec.gov/Archives/edgar/data/947484/000094748420000080/acgl10q63020.htm,1620586114,14:48:34,20210509
4,2020-03-31,ACGL,USD,2020-05-08 00:00:00,2020-05-08 16:13:14,Q1,1623831000.0,0.0,0.0,0.0,0.0,20796000.0,0.0,0.0,1635000000.0,1684560000.0,32555000.0,16631000.0,0.0,0.0,0.0,-0.037398596282494916,15400000.0,-60729000.0,-0.037398596282494916,27945000.0,144117000.0,0.08875123088548008,0.33,0.32,403892161,414033570,https://www.sec.gov/Archives/edgar/data/947484/000094748420000038/0000947484-20-000038-index.html,https://www.sec.gov/Archives/edgar/data/947484/000094748420000038/acgl10q33120.htm,1620586114,14:48:34,20210509
5,2019-12-31,ACGL,USD,2020-02-28 00:00:00,2020-02-28 17:07:41,Q4,1664109000.0,0.0,0.0,0.0,0.0,26837000.0,0.0,0.0,1320000000.0,1324005000.0,31199000.0,21890000.0,0.0,0.0,0.0,0.20437603546402308,5440000.0,340104000.0,0.20437603546402308,27336000.0,326384000.0,0.19613138322069046,0.78,0.76,402941290,414124920,https://www.sec.gov/Archives/edgar/data/947484/000094748420000012/0000947484-20-000012-index.html,https://www.sec.gov/Archives/edgar/data/947484/000094748420000012/a201910-k.htm,1620586114,14:48:34,20210509
6,2019-09-30,ACGL,USD,2019-11-08 00:00:00,2019-11-08 16:06:15,Q3,1698654000.0,0.0,0.0,0.0,0.0,17061000.0,0.0,0.0,1247000000.0,1261349000.0,31328000.0,20003000.0,0.0,0.0,0.0,0.25744206883803294,4664000.0,437305000.0,0.25744206883803294,38116000.0,392453000.0,0.23103763332615118,0.95,0.92,402564121,413180201,https://www.sec.gov/Archives/edgar/data/947484/000094748419000059/0000947484-19-000059-index.html,https://www.sec.gov/Archives/edgar/data/947484/000094748419000059/acgl10q93019.htm,1620586114,14:48:34,20210509
7,2019-06-30,ACGL,USD,2019-08-07 00:00:00,2019-08-07 11:57:11,Q2,1741652000.0,0.0,0.0,0.0,0.0,18251000.0,0.0,0.0,1215000000.0,1211335000.0,29280000.0,19794000.0,0.0,0.0,0.0,0.3044907937980722,7082000.0,530317000.0,0.3044907937980722,44472000.0,468954000.0,0.26925815260453867,1.14,1.12,401482784,410899483,https://www.sec.gov/Archives/edgar/data/947484/000094748419000045/0000947484-19-000045-index.html,https://www.sec.gov/Archives/edgar/data/947484/000094748419000045/acgl10q63019.htm,1620586114,14:48:34,20210509
8,2019-03-31,ACGL,USD,2019-05-07 00:00:00,2019-05-07 16:40:24,Q1,1679504000.0,0.0,0.0,0.0,0.0,17962000.0,0.0,0.0,1156000000.0,1138120000.0,29065000.0,20417000.0,0.0,0.0,0.0,0.32234755022911527,9908000.0,541384000.0,0.32234755022911527,45886000.0,448528000.0,0.26705979860720785,1.09,1.07,400184404,408971029,https://www.sec.gov/Archives/edgar/data/947484/000094748419000033/0000947484-19-000033-index.html,https://www.sec.gov/Archives/edgar/data/947484/000094748419000033/acgl10q33119.htm,1620586114,14:48:34,20210509
9,2018-12-31,ACGL,USD,2019-02-28 00:00:00,2019-02-28 16:14:41,Q4,1383481000.0,0.0,0.0,0.0,0.0,26835000.0,0.0,0.0,1255000000.0,1292145000.0,29774000.0,26147000.0,0.0,0.0,0.0,0.06601897676946775,-15000.0,91336000.0,0.06601897676946775,35012000.0,136494000.0,0.0986598298061195,0.3393806605541531,0.3328211993707662,402185557,410112097,https://www.sec.gov/Archives/edgar/data/947484/000094748419000008/0000947484-19-000008-index.html,https://www.sec.gov/Archives/edgar/data/947484/000094748419000008/a201810-k.htm,1620586114,14:48:34,20210509
10,2018-09-30,ACGL,USD,2018-11-09 00:00:00,2018-11-09 14:34:57,Q3,1398640000.0,0.0,0.0,0.0,0.0,14335000.0,0.0,0.0,1103000000.0,1116518000.0,29730000.0,26315000.0,0.0,0.0,0.0,0.20171166275810787,5097000.0,282122000.0,0.20171166275810787,33356000.0,227408000.0,0.16259223245438426,0.54,0.53,402939092,411721214,https://www.sec.gov/Archives/edgar/data/947484/000094748418000064/0000947484-18-000064-index.html,https://www.sec.gov/Archives/edgar/data/947484/000094748418000064/acgl10q93018.htm,1620586114,14:48:34,20210509
11,2018-06-30,ACGL,USD,2018-08-08 00:00:00,2018-08-08 15:11:33,Q2,1456043000.0,0.0,0.0,0.0,0.0,22512000.0,0.0,0.0,1154000000.0,1176028000.0,30344000.0,26472000.0,0.0,0.0,0.0,0.192312314952237,6987000.0,280015000.0,0.192312314952237,23668000.0,243646000.0,0.16733434383462575,0.58,0.56,404800421,413111205,https://www.sec.gov/Archives/edgar/data/947484/000094748418000057/0000947484-18-000057-index.html,https://www.sec.gov/Archives/edgar/data/947484/000094748418000057/acgl10q63018.htm,1620586114,14:48:34,20210509
12,2018-03-31,ACGL,USD,2018-05-09 00:00:00,2018-05-09 16:06:45,Q1,1236165000.0,0.0,0.0,0.0,0.0,15312000.0,0.0,0.0,1045000000.0,1047866000.0,30636000.0,26736000.0,0.0,0.0,0.0,0.15232513458963812,5423000.0,188299000.0,0.15232513458963812,21915000.0,150423000.0,0.12168521192559245,0.336667,0.33,407539728,417893802,https://www.sec.gov/Archives/edgar/data/947484/000094748418000039/0000947484-18-000039-index.html,https://www.sec.gov/Archives/edgar/data/947484/000094748418000039/acgl10q33118.htm,1620586114,14:48:34,20210509
13,2017-12-31,ACGL,USD,2018-02-28 00:00:00,2018-02-28 16:56:31,Q4,1361899000.0,0.0,0.0,0.0,0.0,13986000.0,0.0,0.0,1103000000.0,1103294000.0,30496000.0,31836000.0,0.0,0.0,0.0,0.18988559357191687,15281000.0,258605000.0,0.18988559357191687,56813000.0,214640000.0,0.1576034639866833,0.5,0.486667,406280748,418735890,https://www.sec.gov/Archives/edgar/data/947484/000094748418000012/0000947484-18-000012-index.html,https://www.sec.gov/Archives/edgar/data/947484/000094748418000012/a201710-k.htm,1620586114,14:48:34,20210509
14,2017-09-30,ACGL,USD,2017-11-03 00:00:00,2017-11-03 16:35:57,Q3,1420436000.0,0.0,0.0,0.0,0.0,17098000.0,0.0,0.0,1459000000.0,1457464000.0,29510000.0,31824000.0,0.0,0.0,0.0,-0.02606805234449141,5722000.0,-37028000.0,-0.02606805234449141,8189000.0,-33656000.0,-0.023694133350605027,-0.13,-0.13,404656353,404656353,https://www.sec.gov/Archives/edgar/data/947484/000094748417000097/0000947484-17-000097-index.html,https://www.sec.gov/Archives/edgar/data/947484/000094748417000097/acgl10q93017.htm,1620586114,14:48:34,20210509
15,2017-06-30,ACGL,USD,2017-08-04 00:00:00,2017-08-04 13:28:12,Q2,1335288000.0,0.0,0.0,0.0,0.0,24876000.0,0.0,0.0,1106000000.0,1102020000.0,28749000.0,30824000.0,0.0,0.0,0.0,0.17469489728058665,2828000.0,233268000.0,0.17469489728058665,34169000.0,185167000.0,0.13867195691116824,0.43,0.416667,403459992,417733938,https://www.sec.gov/Archives/edgar/data/947484/000094748417000055/0000947484-17-000055-index.html,https://www.sec.gov/Archives/edgar/data/947484/000094748417000055/acgl10q63017.htm,1620586114,14:48:34,20210509
16,2017-03-31,ACGL,USD,2017-05-05 00:00:00,2017-05-05 12:11:18,Q1,1251684000.0,0.0,0.0,0.0,0.0,27792000.0,0.0,0.0,969000000.0,949252000.0,28676000.0,31294000.0,0.0,0.0,0.0,0.2416200894155394,3851000.0,302432000.0,0.2416200894155394,28397000.0,253127000.0,0.20222915687985146,0.6,0.58,402104781,417143016,https://www.sec.gov/Archives/edgar/data/947484/000094748417000024/0000947484-17-000024-index.html,https://www.sec.gov/Archives/edgar/data/947484/000094748417000024/acgl10q33117.htm,1620586114,14:48:34,20210509
17,2016-12-31,ACGL,USD,2017-03-01 00:00:00,2017-03-01 15:50:14,Q4,1009982000.0,0.0,0.0,0.0,0.0,36678000.0,0.0,0.0,925000000.0,926706000.0,18539000.0,0.0,0.0,0.0,0.0,0.08245295460711181,18554000.0,83276000.0,0.08245295460711181,-12298000.0,74013000.0,0.07328150402680444,0.17,0.166667,363588744,376281777,https://www.sec.gov/Archives/edgar/data/947484/000094748417000015/0000947484-17-000015-index.html,https://www.sec.gov/Archives/edgar/data/947484/000094748417000015/a201610-k.htm,1620586114,14:48:34,20210509
18,2016-09-30,ACGL,USD,2016-11-04 00:00:00,2016-11-04 12:43:38,Q3,1178218000.0,0.0,0.0,0.0,0.0,18485000.0,0.0,0.0,862000000.0,861367000.0,15943000.0,0.0,0.0,0.0,0.0,0.268923917305626,7580000.0,316851000.0,0.268923917305626,13231000.0,252872000.0,0.21462242131761694,0.683333,0.66,362816748,374794959,https://www.sec.gov/Archives/edgar/data/947484/000094748416000074/0000947484-16-000074-index.html,https://www.sec.gov/Archives/edgar/data/947484/000094748416000074/acgl10q93016.htm,1620586114,14:48:34,20210509
19,2016-06-30,ACGL,USD,2016-08-05,2016-08-05 09:53:02,Q2,1207077000.0,0.0,0.0,0.0,0.0,17200000.0,0.0,0.0,937000000.0,943589000.0,15663000.0,0.0,0.0,0.0,0.0,0.2182859916972985,25217000.0,263488000.0,0.2182859916972985,14131000.0,211055000.0,0.17484800058322708,0.566667,0.55,361797180,373096788,https://www.sec.gov/Archives/edgar/data/947484/000094748416000061/acgl10q63016.htm,https://www.sec.gov/Archives/edgar/data/947484/000094748416000061/acgl10q63016.htm,1620586114,14:48:34,20210509
20,2016-03-31,ACGL,USD,2016-05-06 00:00:00,2016-05-06 15:05:48,Q1,1056455000.0,0.0,0.0,0.0,0.0,0.0,0.0,0.0,855000000.0,864518000.0,16107000.0,0.0,0.0,0.0,0.0,0.18168024194120905,5022000.0,191937000.0,0.18168024194120905,16310000.0,154798000.0,0.14652588136740324,0.413333,0.4,361284537,373489488,https://www.sec.gov/Archives/edgar/data/947484/000094748416000054/0000947484-16-000054-index.html,https://www.sec.gov/Archives/edgar/data/947484/000094748416000054/acgl10q33116.htm,1620586114,14:48:34,20210509
21,2015-12-31,ACGL,USD,2016-02-26 00:00:00,2016-02-26 17:38:12,Q4,901007000.0,0.0,0.0,0.0,0.0,0.0,0.0,0.0,851000000.0,861551000.0,15827000.0,0.0,0.0,0.0,0.0,0.043791002733608066,8170000.0,39456000.0,0.043791002733608066,11450000.0,58579000.0,0.06501503317954245,0.146667,0.14,362101572,375935826,https://www.sec.gov/Archives/edgar/data/947484/000094748416000043/0000947484-16-000043-index.html,https://www.sec.gov/Archives/edgar/data/947484/000094748416000043/a201510-k.htm,1620586114,14:48:34,20210509
22,2015-09-30,ACGL,USD,2015-11-09 00:00:00,2015-11-09 14:27:44,Q3,949388000.0,0.0,0.0,0.0,0.0,0.0,0.0,0.0,860000000.0,875684000.0,13300000.0,0.0,0.0,0.0,0.0,0.07763317000004213,7358000.0,73704000.0,0.07763317000004213,9704000.0,80033000.0,0.08429956982814192,0.206667,0.2,361702230,375035319,https://www.sec.gov/Archives/edgar/data/947484/000094748415000037/0000947484-15-000037-index.html,https://www.sec.gov/Archives/edgar/data/947484/000094748415000037/acgl10q93015.htm,1620586114,14:48:34,20210509
23,2015-06-30,ACGL,USD,2015-08-07 00:00:00,2015-08-07 16:03:45,Q2,983902000.0,0.0,0.0,0.0,0.0,0.0,0.0,0.0,863000000.0,851303000.0,4011000.0,0.0,0.0,0.0,0.0,0.13476850336720528,9922000.0,132599000.0,0.13476850336720528,6780000.0,115790000.0,0.11768448483690448,0.303333,0.293333,365157642,377656260,https://www.sec.gov/Archives/edgar/data/947484/000094748415000027/0000947484-15-000027-index.html,https://www.sec.gov/Archives/edgar/data/947484/000094748415000027/acgl10q63015.htm,1620586114,14:48:34,20210509
24,2015-03-31,ACGL,USD,2015-05-08 00:00:00,2015-05-08 12:58:16,Q1,1142956000.0,0.0,0.0,0.0,0.0,0.0,0.0,0.0,815000000.0,821521000.0,12736000.0,0.0,0.0,0.0,0.0,0.28123129849268036,9648000.0,321435000.0,0.28123129849268036,12678000.0,283336000.0,0.2478975568613315,0.746667,0.72,372627828,385353162,https://www.sec.gov/Archives/edgar/data/947484/000094748415000019/0000947484-15-000019-index.html,https://www.sec.gov/Archives/edgar/data/947484/000094748415000019/acgl10q33115.htm,1620586114,14:48:34,20210509
25,2014-12-31,ACGL,USD,2015-02-27,2015-02-27 17:05:02,Q4,1048597000.0,0.0,0.0,0.0,0.0,0.0,0.0,0.0,826000000.0,835949000.0,12744000.0,0.0,0.0,0.0,0.0,0.2027928746696777,-358000.0,212648000.0,0.2027928746696777,5514000.0,215164000.0,0.2051922711966561,0.55,0.533333,380571123,392565654,https://www.sec.gov/Archives/edgar/data/947484/000094748415000010/a201410-k.htm,https://www.sec.gov/Archives/edgar/data/947484/000094748415000010/a201410-k.htm,1620586114,14:48:34,20210509
26,2014-09-30,ACGL,USD,2014-11-07 00:00:00,2014-11-07 16:12:25,Q3,1043596000.0,0.0,0.0,0.0,0.0,0.0,0.0,0.0,815000000.0,813886000.0,4152000.0,0.0,0.0,0.0,0.0,0.22011391381339138,-6113000.0,229710000.0,0.22011391381339138,6446000.0,228675000.0,0.2191221507173274,0.563333,0.546667,395837886,407629815,https://www.sec.gov/Archives/edgar/data/947484/000094748414000030/0000947484-14-000030-index.html,https://www.sec.gov/Archives/edgar/data/947484/000094748414000030/acgl10q93014.htm,1620586114,14:48:34,20210509
27,2014-06-30,ACGL,USD,2014-08-08 00:00:00,2014-08-08 14:12:13,Q2,1024126000.0,0.0,0.0,0.0,0.0,0.0,0.0,0.0,800000000.0,805120000.0,14334000.0,0.0,0.0,0.0,0.0,0.21384673370268892,6883000.0,219006000.0,0.21384673370268892,7289000.0,208016000.0,0.20311563225618723,0.51,0.493333,397951902,410669832,https://www.sec.gov/Archives/edgar/data/947484/000094748414000020/0000947484-14-000020-index.html,https://www.sec.gov/Archives/edgar/data/947484/000094748414000020/acgl10q63014.htm,1620586114,14:48:34,20210509
28,2014-03-31,ACGL,USD,2014-05-12 00:00:00,2014-05-12 13:54:09,Q1,936415000.0,0.0,0.0,0.0,0.0,0.0,0.0,0.0,742000000.0,753532000.0,14404000.0,0.0,0.0,0.0,0.0,0.19530122862192512,-522000.0,182883000.0,0.19530122862192512,3738000.0,182500000.0,0.1948922219315154,0.446667,0.433333,395573730,409688151,https://www.sec.gov/Archives/edgar/data/947484/000094748414000014/0000947484-14-000014-index.html,https://www.sec.gov/Archives/edgar/data/947484/000094748414000014/acgl10q33114.htm,1620586114,14:48:34,20210509
29,2013-12-31,ACGL,USD,2014-03-03,2014-03-03 14:05:07,Q4,907958000.0,0.0,0.0,0.0,0.0,0.0,0.0,0.0,727000000.0,731014000.0,9373000.0,0.0,0.0,0.0,0.0,0.19488126102749245,4351000.0,176944000.0,0.19488126102749245,15454000.0,161490000.0,0.17786064994195766,0.396667,0.38,394894818,409403994,https://www.sec.gov/Archives/edgar/data/947484/000094748414000006/a201310-k.htm,https://www.sec.gov/Archives/edgar/data/947484/000094748414000006/a201310-k.htm,1620586114,14:48:34,20210509
30,2013-09-30,ACGL,USD,2013-11-08 00:00:00,2013-11-08 11:35:05,Q3,814921000.0,0.0,0.0,0.0,0.0,0.0,0.0,0.0,692000000.0,692700000.0,5937000.0,0.0,0.0,0.0,0.0,0.14997895501527142,624000.0,122221000.0,0.14997895501527142,7396000.0,114825000.0,0.14090322865652008,0.276667,0.266667,394485888,408103239,https://www.sec.gov/Archives/edgar/data/947484/000094748413000023/0000947484-13-000023-index.html,https://www.sec.gov/Archives/edgar/data/947484/000094748413000023/acgl10q93013.htm,1620586114,14:48:34,20210509
31,2013-06-30,ACGL,USD,2013-08-09 00:00:00,2013-08-09 11:43:05,Q2,854660000.0,0.0,0.0,0.0,0.0,0.0,0.0,0.0,678000000.0,672649000.0,5852000.0,0.0,0.0,0.0,0.0,0.2129630496337725,834000.0,182011000.0,0.2129630496337725,5071000.0,176940000.0,0.20702969601946974,0.436667,0.42,394131822,407547150,https://www.sec.gov/Archives/edgar/data/947484/000094748413000017/0000947484-13-000017-index.html,https://www.sec.gov/Archives/edgar/data/947484/000094748413000017/acgl10q63013.htm,1620586114,14:48:34,20210509
32,2013-03-31,ACGL,USD,2013-05-10 00:00:00,2013-05-10 13:21:57,Q1,900582000.0,0.0,0.0,0.0,0.0,0.0,0.0,0.0,647000000.0,639253000.0,5898000.0,0.0,0.0,0.0,0.0,0.290177907175582,1244000.0,261329000.0,0.290177907175582,4853000.0,256476000.0,0.2847891696702799,0.64,0.616667,392723706,406227864,https://www.sec.gov/Archives/edgar/data/947484/000144530513001279/0001445305-13-001279-index.html,https://www.sec.gov/Archives/edgar/data/947484/000144530513001279/acgl10q33113.htm,1620586114,14:48:34,20210509
33,2012-12-31,ACGL,USD,2013-03-01 00:00:00,2013-03-01 17:02:52,Q4,818023000.0,0.0,0.0,0.0,0.0,0.0,0.0,0.0,884000000.0,810926000.0,6187000.0,0.0,0.0,0.0,0.0,0.008675795179353147,-4189000.0,7097000.0,0.008675795179353147,-12120000.0,19217000.0,0.023492004503540855,0.04772190021797413,0.04632694836030748,402687234,414812559,https://www.sec.gov/Archives/edgar/data/947484/000104746913002083/0001047469-13-002083-index.html,https://www.sec.gov/Archives/edgar/data/947484/000104746913002083/a2213076z10-k.htm,1620586114,14:48:34,20210509
34,2012-09-30,ACGL,USD,2012-11-09 00:00:00,2012-11-09 13:52:55,Q3,904799000.0,0.0,0.0,0.0,0.0,0.0,0.0,0.0,685000000.0,709702000.0,7378000.0,0.0,0.0,0.0,0.0,0.21562468570367563,-532000.0,195097000.0,0.21562468570367563,5441000.0,189656000.0,0.2096111954146722,0.453333,0.443333,405202080,416090802,https://www.sec.gov/Archives/edgar/data/947484/000110465912076528/0001104659-12-076528-index.html,https://www.sec.gov/Archives/edgar/data/947484/000110465912076528/a12-20028_110q.htm,1620586114,14:48:34,20210509
35,2012-06-30,ACGL,USD,2012-08-08 00:00:00,2012-08-08 15:15:43,Q2,842468000.0,0.0,0.0,0.0,0.0,0.0,0.0,0.0,646000000.0,621433000.0,7439000.0,0.0,0.0,0.0,0.0,0.26236604832468413,695000.0,221035000.0,0.26236604832468413,767000.0,220268000.0,0.26145562798824407,0.526667,0.513333,403587387,414635208,https://www.sec.gov/Archives/edgar/data/947484/000110465912055833/0001104659-12-055833-index.html,https://www.sec.gov/Archives/edgar/data/947484/000110465912055833/a12-13888_110q.htm,1620586114,14:48:34,20210509
36,2012-03-31,ACGL,USD,2012-05-10,2012-05-10 16:11:37,Q1,815008000.0,0.0,0.0,0.0,0.0,0.0,0.0,0.0,621000000.0,648850000.0,7521000.0,0.0,0.0,0.0,0.0,0.20387284541992226,-8068000.0,166158000.0,0.20387284541992226,1902000.0,164256000.0,0.20153912599630924,0.393333,0.38,401863869,413444718,https://www.sec.gov/Archives/edgar/data/947484/000110465912035928/a12-8727_110q.htm,https://www.sec.gov/Archives/edgar/data/947484/000110465912035928/a12-8727_110q.htm,1620586114,14:48:34,20210509
37,2011-12-31,ACGL,USD,2012-02-29 00:00:00,2012-02-29 15:21:13,Q4,747674000.0,0.0,0.0,0.0,0.0,0.0,0.0,0.0,611000000.0,609379000.0,8087000.0,0.0,0.0,0.0,0.0,0.18496697758648822,-4848000.0,138295000.0,0.18496697758648822,-4977000.0,143272000.0,0.1916236220598817,0.3630056583727429,0.3630056583727429,394682553,394682553,https://www.sec.gov/Archives/edgar/data/947484/000104746912001895/0001047469-12-001895-index.html,https://www.sec.gov/Archives/edgar/data/947484/000104746912001895/a2207402z10-k.htm,1620586114,14:48:34,20210509
38,2011-09-30,ACGL,USD,2011-11-08 00:00:00,2011-11-08 14:12:58,Q3,764993000.0,0.0,0.0,0.0,0.0,0.0,0.0,0.0,651000000.0,598272000.0,8125000.0,0.0,0.0,0.0,0.0,0.21793794191580837,2432000.0,166721000.0,0.21793794191580837,-2267000.0,168988000.0,0.22090136772493343,0.413333,0.396667,394682553,411422787,https://www.sec.gov/Archives/edgar/data/947484/000110465911062033/0001104659-11-062033-index.html,https://www.sec.gov/Archives/edgar/data/947484/000110465911062033/a11-25791_110q.htm,1620586114,14:48:34,20210509
39,2011-06-30,ACGL,USD,2011-08-05 00:00:00,2011-08-05 15:44:14,Q2,775568000.0,0.0,0.0,0.0,0.0,0.0,0.0,0.0,655000000.0,678957000.0,7758000.0,0.0,0.0,0.0,0.0,0.1245680585067976,-4265000.0,96611000.0,0.1245680585067976,-1731000.0,98342000.0,0.12679997111794195,0.233333,0.223333,393696807,413926797,https://www.sec.gov/Archives/edgar/data/947484/000110465911044252/0001104659-11-044252-index.html,https://www.sec.gov/Archives/edgar/data/947484/000110465911044252/a11-14025_110q.htm,1620586114,14:48:34,20210509
40,2011-03-31,ACGL,USD,2011-05-09 00:00:00,2011-05-09 15:26:26,Q1,775072000.0,0.0,0.0,0.0,0.0,0.0,0.0,0.0,706000000.0,749687000.0,7721000.0,0.0,0.0,0.0,0.0,0.03275179596218158,4567000.0,25385000.0,0.03275179596218158,-371000.0,25756000.0,0.03323046117005904,0.047778,0.045556,400497723,421381548,https://www.sec.gov/Archives/edgar/data/947484/000110465911027286/0001104659-11-027286-index.html,https://www.sec.gov/Archives/edgar/data/947484/000110465911027286/a11-9421_110q.htm,1620586114,14:48:34,20210509
41,2010-12-31,ACGL,USD,2011-02-28,2011-02-28 15:29:00,Q4,825513000.0,0.0,0.0,0.0,0.0,0.0,0.0,0.0,594000000.0,594906000.0,7460000.0,0.0,0.0,0.0,0.0,0.27934993149714177,-172559000.0,230607000.0,0.27934993149714177,-3505000.0,234112000.0,0.28359577620219184,0.5308901465464931,0.5308901465464931,440980119,440980119,https://www.sec.gov/Archives/edgar/data/947484/000104746911001529/a2202059z10-k.htm,https://www.sec.gov/Archives/edgar/data/947484/000104746911001529/a2202059z10-k.htm,1620586114,14:48:34,20210509
42,2010-09-30,ACGL,USD,2010-11-08 00:00:00,2010-11-08 15:30:57,Q3,797352000.0,0.0,0.0,0.0,0.0,0.0,0.0,0.0,574000000.0,646121000.0,7371000.0,0.0,0.0,0.0,0.0,0.18966654626814758,70668000.0,151231000.0,0.18966654626814758,3200000.0,148031000.0,0.18565326229820706,0.321111,0.307778,440980119,460638081,https://www.sec.gov/Archives/edgar/data/947484/000110465910056851/0001104659-10-056851-index.html,https://www.sec.gov/Archives/edgar/data/947484/000110465910056851/a10-17488_110q.htm,1620586114,14:48:34,20210509
43,2010-06-30,ACGL,USD,2010-08-05 00:00:00,2010-08-05 16:31:11,Q2,776315000.0,0.0,0.0,0.0,0.0,0.0,0.0,0.0,572000000.0,531444000.0,7916000.0,0.0,0.0,0.0,0.0,0.3154273716210559,4528000.0,244871000.0,0.3154273716210559,1420000.0,243451000.0,0.313598217218526,0.516667,0.494444,458887860,479387727,https://www.sec.gov/Archives/edgar/data/947484/000110465910042404/0001104659-10-042404-index.html,https://www.sec.gov/Archives/edgar/data/947484/000110465910042404/a10-12844_110q.htm,1620586114,14:48:34,20210509
44,2010-03-31,ACGL,USD,2010-05-07 00:00:00,2010-05-07 15:38:05,Q1,844887000.0,0.0,0.0,0.0,0.0,0.0,0.0,0.0,652000000.0,621140000.0,7260000.0,0.0,0.0,0.0,0.0,0.2648247635482615,5978000.0,223747000.0,0.2648247635482615,6753000.0,216994000.0,0.2568319787143133,0.441111,0.421111,477351234,499624443,https://www.sec.gov/Archives/edgar/data/947484/000110465910026866/0001104659-10-026866-index.html,https://www.sec.gov/Archives/edgar/data/947484/000110465910026866/a10-6021_110q.htm,1620586114,14:48:34,20210509
45,2009-12-31,ACGL,USD,2010-02-26 00:00:00,2010-02-26 17:25:36,Q4,926210000.0,0.0,0.0,0.0,0.0,0.0,0.0,0.0,637000000.0,634858000.0,7015000.0,0.0,0.0,0.0,0.0,0.3145636518716058,67068000.0,291352000.0,0.3145636518716058,195000.0,291157000.0,0.3143531164638689,0.5377794401901784,0.5377794401901784,541405971,541405971,https://www.sec.gov/Archives/edgar/data/947484/000104746910001560/0001047469-10-001560-index.html,https://www.sec.gov/Archives/edgar/data/947484/000104746910001560/a2196539z10-k.htm,1620586114,14:48:34,20210509
46,2009-09-30,ACGL,USD,2009-11-09 00:00:00,2009-11-09 16:46:42,Q3,976225000.0,0.0,0.0,0.0,0.0,0.0,0.0,0.0,667000000.0,693152000.0,6001000.0,0.0,0.0,0.0,0.0,0.2899669645829599,1044000.0,283073000.0,0.2899669645829599,2205000.0,280868000.0,0.2877082639760301,0.506667,0.487778,541405971,562804344,https://www.sec.gov/Archives/edgar/data/947484/000110465909063725/0001104659-09-063725-index.html,https://www.sec.gov/Archives/edgar/data/947484/000110465909063725/a09-31084_110q.htm,1620586114,14:48:34,20210509
47,2009-06-30,ACGL,USD,2009-08-07 00:00:00,2009-08-07 14:11:36,Q2,848744000.0,0.0,0.0,0.0,0.0,0.0,0.0,0.0,622000000.0,681336000.0,5712000.0,0.0,0.0,0.0,0.0,0.19724204235906234,-15913000.0,167408000.0,0.19724204235906234,8818000.0,158590000.0,0.18685257274278227,0.28,0.27,543756519,563636853,https://www.sec.gov/Archives/edgar/data/947484/000110465909048164/0001104659-09-048164-index.html,https://www.sec.gov/Archives/edgar/data/947484/000110465909048164/a09-18749_110q.htm,1620586114,14:48:34,20210509
48,2009-03-31,ACGL,USD,2009-05-11 00:00:00,2009-05-11 14:48:23,Q1,750443000.0,0.0,0.0,0.0,0.0,0.0,0.0,0.0,614000000.0,594623000.0,5712000.0,0.0,0.0,0.0,0.0,0.20763735553533047,-32183000.0,155820000.0,0.20763735553533047,9490000.0,146330000.0,0.19499149169224045,0.257778,0.248889,542821950,563039721,https://www.sec.gov/Archives/edgar/data/947484/000110465909031434/0001104659-09-031434-index.html,https://www.sec.gov/Archives/edgar/data/947484/000110465909031434/a09-11398_110q.htm,1620586114,14:48:34,20210509
49,2008-12-31,ACGL,USD,2009-03-02 00:00:00,2009-03-02 12:45:33,Q4,534906000.0,0.0,0.0,0.0,0.0,0.0,0.0,0.0,714000000.0,669238000.0,6285000.0,0.0,0.0,0.0,0.0,-0.251131974589928,211000.0,-134332000.0,-0.251131974589928,2179000.0,-136511000.0,-0.25520558752378925,-0.2523358184615629,-0.2523358184615629,540989388,540989388,https://www.sec.gov/Archives/edgar/data/947484/000104746909002082/0001047469-09-002082-index.html,https://www.sec.gov/Archives/edgar/data/947484/000104746909002082/a2190626z10-k.htm,1620586114,14:48:34,20210509
50,2008-09-30,ACGL,USD,2008-11-10 00:00:00,2008-11-10 13:29:14,Q3,746799000.0,0.0,0.0,0.0,0.0,0.0,0.0,0.0,778000000.0,715797000.0,6241000.0,0.0,0.0,0.0,0.0,0.04151317824474859,3067000.0,31002000.0,0.04151317824474859,-1849000.0,32851000.0,0.04398907872131591,0.048889,0.046667,540989388,565478190,https://www.sec.gov/Archives/edgar/data/947484/000110465908069596/0001104659-08-069596-index.html,https://www.sec.gov/Archives/edgar/data/947484/000110465908069596/a08-25739_110q.htm,1620586114,14:48:34,20210509
51,2008-06-30,ACGL,USD,2008-08-08 00:00:00,2008-08-08 14:57:06,Q2,835915000.0,0.0,0.0,0.0,0.0,0.0,0.0,0.0,626000000.0,631919000.0,5788000.0,0.0,0.0,0.0,0.0,0.2440391666616821,4968000.0,203996000.0,0.2440391666616821,5253000.0,198743000.0,0.237755034901874,0.338889,0.324444,566959950,591733071,https://www.sec.gov/Archives/edgar/data/947484/000110465908051296/0001104659-08-051296-index.html,https://www.sec.gov/Archives/edgar/data/947484/000110465908051296/a08-19080_110q.htm,1620586114,14:48:34,20210509
52,2008-03-31,ACGL,USD,2008-05-08 00:00:00,2008-05-08 16:41:39,Q1,849193000.0,0.0,0.0,0.0,0.0,0.0,0.0,0.0,616000000.0,645354000.0,5524000.0,0.0,0.0,0.0,0.0,0.24003848359560195,-17209000.0,203839000.0,0.24003848359560195,7956000.0,195883000.0,0.23066958865652448,0.322222,0.308889,587659644,612174717,https://www.sec.gov/Archives/edgar/data/947484/000110465908031322/0001104659-08-031322-index.html,https://www.sec.gov/Archives/edgar/data/947484/000110465908031322/a08-11789_110q.htm,1620586114,14:48:34,20210509
53,2007-12-31,ACGL,USD,2008-02-29,2008-02-29 16:05:46,Q4,858198000.0,0.0,0.0,0.0,0.0,0.0,0.0,0.0,609000000.0,618372000.0,5523000.0,0.0,0.0,0.0,0.0,0.2794529933651675,7349000.0,239826000.0,0.2794529933651675,-1044000.0,240870000.0,0.2806694958506079,0.3847418779487303,0.3847418779487303,626056101,626056101,https://www.sec.gov/Archives/edgar/data/947484/000104746908002070/a2182808z10-k.htm,https://www.sec.gov/Archives/edgar/data/947484/000104746908002070/a2182808z10-k.htm,1620586114,14:48:34,20210509
54,2007-09-30,ACGL,USD,2007-11-09 00:00:00,2007-11-09 13:28:43,Q3,867163000.0,0.0,0.0,0.0,0.0,0.0,0.0,0.0,630000000.0,658844000.0,5524000.0,0.0,0.0,0.0,0.0,0.24023049876436148,4306000.0,208319000.0,0.24023049876436148,2113000.0,206206000.0,0.23779381731000976,0.318889,0.306667,626056101,651410460,https://www.sec.gov/Archives/edgar/data/947484/000104746907008853/0001047469-07-008853-index.html,https://www.sec.gov/Archives/edgar/data/947484/000104746907008853/a2180929z10-q.htm,1620586114,14:48:34,20210509
55,2007-06-30,ACGL,USD,2007-08-08 00:00:00,2007-08-08 15:40:35,Q2,867310000.0,0.0,0.0,0.0,0.0,0.0,0.0,0.0,643000000.0,655418000.0,5523000.0,0.0,0.0,0.0,0.0,0.24430941647161913,2356000.0,211892000.0,0.24430941647161913,6037000.0,205855000.0,0.2373488141494967,0.305556,0.294444,652453407,677293614,https://www.sec.gov/Archives/edgar/data/947484/000110465907060189/0001104659-07-060189-index.html,https://www.sec.gov/Archives/edgar/data/947484/000110465907060189/a07-21162_110q.htm,1620586114,14:48:34,20210509
56,2007-03-31,ACGL,USD,2007-05-10 00:00:00,2007-05-10 13:23:32,Q1,859774000.0,0.0,0.0,0.0,0.0,0.0,0.0,0.0,0.0,646267000.0,5523000.0,0.0,0.0,0.0,0.0,0.24832921209527153,2573000.0,213507000.0,0.24832921209527153,8495000.0,205012000.0,0.23844870861412418,0.298889,0.287778,665387964,689766174,https://www.sec.gov/Archives/edgar/data/947484/000110465907038098/0001104659-07-038098-index.html,https://www.sec.gov/Archives/edgar/data/947484/000110465907038098/a07-10767_110q.htm,1620586114,14:48:34,20210509
57,2007-03-30,ACGL,USD,2007-05-10 00:00:00,2007-05-10 13:23:32,Q1,859774000.0,0.0,859774000.0,1.0,0.0,0.0,0.0,90813000.0,90813000.0,90813000.0,-5523000.0,0.0,213507000.0,0.24832921209527153,213507000.0,0.24832921209527153,604000.0,213507000.0,0.24832921209527153,8495000.0,205012000.0,0.23844870861412418,2.7729807267749136,2.6749760564512695,73931996,76640686,https://www.sec.gov/Archives/edgar/data/947484/000110465907038098/0001104659-07-038098-index.html,https://www.sec.gov/Archives/edgar/data/947484/000110465907038098/a07-10767_110q.htm,1620586114,14:48:34,20210509
58,2006-12-31,ACGL,USD,2007-03-01,2007-03-01 16:05:27,Q4,902761000.0,0.0,0.0,0.0,0.0,0.0,0.0,0.0,645000000.0,658470000.0,5523000.0,0.0,0.0,0.0,0.0,0.27060429061512403,2703000.0,244291000.0,0.27060429061512403,-1448000.0,245739000.0,0.2722082588857959,0.3727852368654176,0.3727852368654176,659197242,659197242,https://www.sec.gov/Archives/edgar/data/947484/000110465907015520/a07-5876_110k.htm,https://www.sec.gov/Archives/edgar/data/947484/000110465907015520/a07-5876_110k.htm,1620586114,14:48:34,20210509
59,2006-09-30,ACGL,USD,2006-11-09,2006-11-09 13:27:00,Q3,850349000.0,0.0,0.0,0.0,0.0,0.0,0.0,0.0,646000000.0,655680000.0,5361000.0,0.0,0.0,0.0,0.0,0.22892835765079986,2269000.0,194669000.0,0.22892835765079986,2371000.0,192298000.0,0.22614009071569438,0.282222,0.271111,659197242,686555190,https://www.sec.gov/Archives/edgar/data/947484/000110465906073406/a06-21620_110q.htm,https://www.sec.gov/Archives/edgar/data/947484/000110465906073406/a06-21620_110q.htm,1620586114,14:48:34,20210509
60,2006-06-30,ACGL,USD,2006-08-04,2006-08-04 14:24:45,Q2,859219000.0,0.0,0.0,0.0,0.0,0.0,0.0,0.0,695000000.0,702000000.0,5651000.0,0.0,0.0,0.0,0.0,0.1829789611263252,3468000.0,157219000.0,0.1829789611263252,14332000.0,142887000.0,0.16629869683980453,0.208889,0.201111,658692909,685398942,https://www.sec.gov/Archives/edgar/data/947484/000110465906051512/a06-15271_110q.htm,https://www.sec.gov/Archives/edgar/data/947484/000110465906051512/a06-15271_110q.htm,1620586114,14:48:34,20210509
61,2006-03-31,ACGL,USD,2006-05-08,2006-05-08 16:28:52,Q1,840349000.0,0.0,0.0,0.0,0.0,0.0,0.0,0.0,681000000.0,696635000.0,5555000.0,0.0,0.0,0.0,0.0,0.17101704172909113,1805000.0,143714000.0,0.17101704172909113,11424000.0,132290000.0,0.15742268985861826,0.197778,0.19,656093241,682697781,https://www.sec.gov/Archives/edgar/data/947484/000110465906032094/a06-9345_110q.htm,https://www.sec.gov/Archives/edgar/data/947484/000110465906032094/a06-9345_110q.htm,1620586114,14:48:34,20210509
62,2005-12-31,ACGL,USD,2006-03-13,2006-03-13 17:26:52,Q4,818297000.0,0.0,0.0,0.0,0.0,0.0,0.0,0.0,701000000.0,705053000.0,5607000.0,0.0,0.0,0.0,0.0,0.138389851117626,991000.0,113244000.0,0.138389851117626,12351000.0,100893000.0,0.12329630928623715,0.32259237229371707,0.32259237229371707,312756930,312756930,https://www.sec.gov/Archives/edgar/data/947484/000110465906016208/a06-4988_110k.htm,https://www.sec.gov/Archives/edgar/data/947484/000110465906016208/a06-4988_110k.htm,1620586114,14:48:34,20210509
63,2005-09-30,ACGL,USD,2005-11-09,2005-11-09 13:53:43,Q3,798993000.0,0.0,0.0,0.0,0.0,0.0,0.0,0.0,888000000.0,885926000.0,5632000.0,0.0,0.0,0.0,0.0,-0.1088032060355973,2239000.0,-86933000.0,-0.1088032060355973,-642000.0,-86291000.0,-0.10799969461559739,-0.275556,-0.275556,312756930,312756930,https://www.sec.gov/Archives/edgar/data/947484/000110465905053949/a05-18047_110q.htm,https://www.sec.gov/Archives/edgar/data/947484/000110465905053949/a05-18047_110q.htm,1620586114,14:48:34,20210509
64,2005-06-30,ACGL,USD,2005-08-03,2005-08-03 12:31:48,Q2,796682000.0,0.0,0.0,0.0,0.0,0.0,0.0,0.0,667000000.0,662872000.0,5629000.0,0.0,0.0,0.0,0.0,0.16795911041042724,1025000.0,133810000.0,0.16795911041042724,7818000.0,125992000.0,0.15814591016239854,0.405556,0.187778,311072085,669712977,https://www.sec.gov/Archives/edgar/data/947484/000110465905035949/a05-12684_110q.htm,https://www.sec.gov/Archives/edgar/data/947484/000110465905035949/a05-12684_110q.htm,1620586114,14:48:34,20210509
65,2005-03-31,ACGL,USD,2005-05-06,2005-05-06 16:10:48,Q1,753557000.0,0.0,0.0,0.0,0.0,0.0,0.0,0.0,626000000.0,628243000.0,5636000.0,0.0,0.0,0.0,0.0,0.16629664378408004,6112000.0,125314000.0,0.16629664378408004,9422000.0,115892000.0,0.15379327642102722,0.374444,0.174444,309283362,666121914,https://www.sec.gov/Archives/edgar/data/947484/000110465905021217/a05-8025_110q.htm,https://www.sec.gov/Archives/edgar/data/947484/000110465905021217/a05-8025_110q.htm,1620586114,14:48:34,20210509
66,2004-12-31,ACGL,USD,2005-03-15,2005-03-15 17:29:44,Q4,808295000.0,0.0,0.0,0.0,0.0,0.0,0.0,0.0,0.0,688331000.0,5620000.0,0.0,0.0,0.0,0.0,0.14841611045472258,3323000.0,119964000.0,0.14841611045472258,12831000.0,107133000.0,0.13254195559789433,0.36088027866736333,0.36088027866736333,296865765,296865765,https://www.sec.gov/Archives/edgar/data/947484/000104746905006594/a2150753z10-k.htm,https://www.sec.gov/Archives/edgar/data/947484/000104746905006594/a2150753z10-k.htm,1620586114,14:48:34,20210509
67,2004-09-30,ACGL,USD,2004-11-09,2004-11-09 13:18:08,Q3,795611000.0,0.0,0.0,0.0,0.0,0.0,0.0,0.0,0.0,779864000.0,6334000.0,0.0,0.0,0.0,0.0,0.019792335701743692,5948000.0,15747000.0,0.019792335701743692,-2282000.0,18029000.0,0.022660571560725026,0.061111,0.027778,296865765,661927050,https://www.sec.gov/Archives/edgar/data/947484/000110465904034595/a04-12776_110q.htm,https://www.sec.gov/Archives/edgar/data/947484/000110465904034595/a04-12776_110q.htm,1620586114,14:48:34,20210509
68,2004-06-30,ACGL,USD,2004-08-09,2004-08-09 12:21:34,Q2,753808000.0,0.0,0.0,0.0,0.0,0.0,0.0,0.0,0.0,644834000.0,4642000.0,0.0,0.0,0.0,0.0,0.14456466368093732,-81000.0,108974000.0,0.14456466368093732,4692000.0,104282000.0,0.138340267017596,0.362222,0.157778,288214785,661500369,https://www.sec.gov/Archives/edgar/data/947484/000110465904023259/a04-8819_110q.htm,https://www.sec.gov/Archives/edgar/data/947484/000110465904023259/a04-8819_110q.htm,1620586114,14:48:34,20210509
69,2004-03-31,ACGL,USD,2004-05-10,2004-05-10 14:21:30,Q1,746336000.0,0.0,0.0,0.0,0.0,0.0,0.0,0.0,0.0,647894000.0,0.0,0.0,0.0,0.0,0.0,0.13190037730995155,5036000.0,98442000.0,0.13190037730995155,10987000.0,87455000.0,0.11717912575569181,0.356667,0.14,245501982,622305540,https://www.sec.gov/Archives/edgar/data/947484/000104746904016622/a2135713z10-q.htm,https://www.sec.gov/Archives/edgar/data/947484/000104746904016622/a2135713z10-q.htm,1620586114,14:48:34,20210509
70,2003-12-31,ACGL,USD,2004-03-10,2004-03-10 13:02:12,Q4,722898000.0,0.0,0.0,0.0,0.0,0.0,0.0,0.0,0.0,636761000.0,0.0,0.0,0.0,0.0,0.0,0.11915512285273995,6459000.0,86137000.0,0.11915512285273995,2403000.0,83734000.0,0.11583100243741164,0.35435167226173203,0.35435167226173203,236301975,236301975,https://www.sec.gov/Archives/edgar/data/947484/000104746904007281/a2129737z10-k.htm,https://www.sec.gov/Archives/edgar/data/947484/000104746904007281/a2129737z10-k.htm,1620586114,14:48:34,20210509
71,2003-09-30,ACGL,USD,2003-11-12,2003-11-12 11:19:27,Q3,646899000.0,0.0,0.0,0.0,0.0,0.0,0.0,0.0,0.0,555218000.0,0.0,0.0,0.0,0.0,0.0,0.14172382396633787,6035000.0,91681000.0,0.14172382396633787,9910000.0,82587000.0,0.12766598804450155,0.35,0.135556,236301975,609972498,https://www.sec.gov/Archives/edgar/data/947484/000104746903036935/a2121850z10-q.htm,https://www.sec.gov/Archives/edgar/data/947484/000104746903036935/a2121850z10-q.htm,1620586114,14:48:34,20210509
72,2003-06-30,ACGL,USD,2003-08-14,2003-08-14 11:22:02,Q2,538038000.0,0.0,0.0,0.0,0.0,0.0,0.0,0.0,0.0,469685000.0,0.0,0.0,0.0,0.0,0.0,0.12704121270244853,5521000.0,68353000.0,0.12704121270244853,6569000.0,61784000.0,0.11483203788579989,0.262222,0.101111,235669005,609559182,https://www.sec.gov/Archives/edgar/data/947484/000110465903018482/a03-2293_110q.htm,https://www.sec.gov/Archives/edgar/data/947484/000110465903018482/a03-2293_110q.htm,1620586114,14:48:34,20210509
73,2003-03-31,ACGL,USD,2003-03-31,2003-03-31,Q1,435903000.0,0.0,0.0,0.0,0.0,0.0,0.0,0.0,0.0,375574000.0,0.0,0.0,0.0,0.0,0.0,0.1384000568933914,6815000.0,60329000.0,0.1384000568933914,7843000.0,52486000.0,0.12040752185692688,0.224444,0.086667,234155817,602456058,,,1620586114,14:48:34,20210509
74,2002-12-31,ACGL,USD,2002-12-31,2002-12-31,Q4,305661000.0,0.0,0.0,0.0,0.0,0.0,0.0,0.0,0.0,262241000.0,0.0,0.0,0.0,0.0,0.0,0.14205279705294427,1062000.0,43420000.0,0.14205279705294427,4907000.0,43511000.0,0.1423505124958696,0.22489208632498575,0.22489208632498575,193475016,193475016,,,1620586114,14:48:34,20210509
75,2002-09-30,ACGL,USD,2002-11-14,2002-11-14,Q3,200808000.0,0.0,0.0,0.0,0.0,0.0,0.0,0.0,0.0,208137000.0,0.0,0.0,0.0,0.0,0.0,-0.03649754989841042,2796000.0,-7329000.0,-0.03649754989841042,392000.0,-7721000.0,-0.0384496633600255,-0.04,-0.04,193475016,193475016,https://www.sec.gov/Archives/edgar/data/947484/000091205702042405/0000912057-02-042405-index.htm,https://www.sec.gov/Archives/edgar/data/947484/000091205702042405/a2093855z10-q.txt,1620586114,14:48:34,20210509
76,2002-06-30,ACGL,USD,2002-08-14,2002-08-14,Q2,135807000.0,0.0,0.0,0.0,0.0,0.0,0.0,0.0,0.0,121549000.0,0.0,0.0,0.0,0.0,0.0,0.10498722451714565,8261000.0,14258000.0,0.10498722451714565,-4968000.0,19226000.0,0.14156854948566716,0.105556,0.036667,182908026,529897635,https://www.sec.gov/Archives/edgar/data/947484/000091205702032214/0000912057-02-032214-index.htm,https://www.sec.gov/Archives/edgar/data/947484/000091205702032214/a2086983z10-q.txt,1620586114,14:48:34,20210509
77,2002-03-31,ACGL,USD,2002-03-31,2002-03-31,Q1,79601000.0,0.0,0.0,0.0,0.0,0.0,0.0,0.0,0.0,75410000.0,0.0,0.0,0.0,0.0,0.0,0.052650092335523424,4372000.0,4191000.0,0.052650092335523424,225000.0,3966000.0,0.04982349467971508,0.033333,0.008889,117167679,467972541,,,1620586114,14:48:34,20210509
78,2001-12-31,ACGL,USD,2001-12-31,2001-12-31,Q4,18110000.0,0.0,0.0,0.0,0.0,0.0,0.0,0.0,0.0,19295000.0,0.0,0.0,0.0,0.0,0.0,-0.06543346217559359,2853000.0,-1185000.0,-0.06543346217559359,-5916000.0,4731000.0,0.2612368856985091,0.04086088204056706,0.04086088204056706,115783110,115783110,,,1620586114,14:48:34,20210509
79,2001-09-30,ACGL,USD,2001-09-30,2001-09-30,Q3,18608000.0,0.0,0.0,0.0,0.0,0.0,0.0,0.0,0.0,17207000.0,0.0,0.0,0.0,0.0,0.0,0.0752901977644024,4490000.0,1401000.0,0.0752901977644024,509000.0,892000.0,0.047936371453138435,0.007778,0.007684,115783110,116080614,,,1620586114,14:48:34,20210509
80,2001-06-30,ACGL,USD,2001-06-30,2001-06-30,Q2,23191000.0,0.0,0.0,0.0,0.0,0.0,0.0,0.0,0.0,10562000.0,0.0,0.0,0.0,0.0,0.0,0.5445647018239834,4943000.0,12629000.0,0.5445647018239834,4229000.0,8400000.0,0.3622094778146695,0.07273335021266582,0.07266687428630748,115490349,115596000,,,1620586114,14:48:34,20210509
81,2001-03-31,ACGL,USD,2001-03-31,2001-03-31,Q1,17030000.0,0.0,0.0,0.0,0.0,0.0,0.0,0.0,0.0,5583000.0,0.0,0.0,0.0,0.0,0.0,0.6721667645331767,3233000.0,11447000.0,0.6721667645331767,3306000.0,8141000.0,0.47803875513799177,0.071111,0.07071,115079679,115132032,,,1620586114,14:48:34,20210509
82,2000-12-31,ACGL,USD,2000-12-31,2000-12-31,Q4,-9772000.0,0.0,0.0,0.0,0.0,0.0,0.0,0.0,0.0,17205000.0,0.0,0.0,0.0,0.0,0.0,2.7606426524764633,0.0,-26977000.0,2.7606426524764633,-12605000.0,-14256000.0,1.4588620548505935,-0.1277141988437511,-0.1277141988437511,111624237,111624237,,,1620586114,14:48:34,20210509
83,2000-09-30,ACGL,USD,2000-11-14 00:00:00,2000-11-14 00:00:00,Q3,4087000.0,0.0,0.0,0.0,0.0,0.0,0.0,0.0,0.0,1502000.0,0.0,0.0,0.0,0.0,0.0,0.6324932713481771,0.0,2585000.0,0.6324932713481771,870000.0,2259000.0,0.5527281624663567,0.020237540347084297,0.020233611963336694,111624237,111645909,https://www.sec.gov/Archives/edgar/data/947484/000091205700049933/0000912057-00-049933-index.html,https://www.sec.gov/Archives/edgar/data/947484/000091205700049933/a2031117z10-q.txt,1620586114,14:48:34,20210509
84,2000-06-30,ACGL,USD,2000-08-14 00:00:00,2000-08-14 00:00:00,Q2,35449000.0,0.0,0.0,0.0,0.0,0.0,0.0,0.0,0.0,34069000.0,0.0,0.0,0.0,0.0,0.0,0.038929165843888405,2191000.0,1380000.0,0.038929165843888405,4541000.0,-2552000.0,-0.07199074727072696,-0.022905489750291476,-0.022901410576129853,111414339,111434184,https://www.sec.gov/Archives/edgar/data/947484/000091205700037521/0000912057-00-037521-index.html,https://www.sec.gov/Archives/edgar/data/947484/000091205700037521/a10-q.txt,1620586114,14:48:34,20210509
85,2000-03-31,ACGL,USD,2000-05-15 00:00:00,2000-05-15 00:00:00,Q1,92752000.0,0.0,0.0,0.0,0.0,0.0,0.0,0.0,0.0,74355000.0,0.0,0.0,0.0,0.0,0.0,0.19834612730722787,0.0,18397000.0,0.19834612730722787,12619000.0,5808000.0,0.06261859582542695,0.041588358215566425,0.04158520123596545,139654467,139665069,https://www.sec.gov/Archives/edgar/data/947484/000091205700024860/0000912057-00-024860-index.html,https://www.sec.gov/Archives/edgar/data/947484/0000912057-00-024860.txt,1620586114,14:48:34,20210509
86,1999-12-31,ACGL,USD,1999-12-31,1999-12-31,Q4,75268000.0,0.0,0.0,0.0,0.0,0.0,0.0,0.0,0.0,338099000.0,0.0,0.0,0.0,0.0,0.0,-0.6939336769942074,0.0,-52231000.0,-0.6939336769942074,-11057000.0,-19636000.0,-0.2608811181378541,-0.12767894298793175,-0.12767894298793175,153792000,153792000,,,1620586114,14:48:34,20210509
87,1999-09-30,ACGL,USD,1999-09-30,1999-09-30,Q3,92100000.0,0.0,0.0,0.0,0.0,0.0,0.0,0.0,0.0,20500000.0,0.0,0.0,0.0,0.0,0.0,0.0,11600000.0,0.0,0.0,-2800000.0,-3700000.0,-0.04017372421281216,-0.024444,-0.024444,153792000,153792000,,,1620586114,14:48:34,20210509
88,1999-06-30,ACGL,USD,1999-06-30,1999-06-30,Q2,115400000.0,0.0,0.0,0.0,0.0,0.0,0.0,0.0,0.0,22900000.0,0.0,0.0,0.0,0.0,0.0,0.0,28400000.0,0.0,0.0,7900000.0,15900000.0,0.13778162911611785,0.103333,0.103333,153774000,153774000,,,1620586114,14:48:34,20210509
89,1999-03-31,ACGL,USD,1999-03-31,1999-03-31,Q1,66100000.0,0.0,0.0,0.0,0.0,0.0,0.0,0.0,0.0,19500000.0,0.0,0.0,0.0,0.0,0.0,0.0,3200000.0,0.0,0.0,-13600000.0,-25000000.0,-0.37821482602118,-0.16256673364416094,-0.16242414792292,153783000,153918000,,,1620586114,14:48:34,20210509
90,1998-12-31,ACGL,USD,1998-12-31,1998-12-31,Q4,89633000.0,0.0,0.0,0.0,0.0,0.0,0.0,0.0,0.0,209371000.0,0.0,0.0,0.0,0.0,0.0,0.049780772706480875,0.0,4462000.0,0.049780772706480875,2735000.0,4991000.0,0.0556826168933317,0.03249475890985325,0.03249475890985325,153594000,153594000,,,1620586114,14:48:34,20210509
91,1998-09-30,ACGL,USD,1998-09-30,1998-09-30,Q3,55200000.0,0.0,0.0,0.0,0.0,0.0,0.0,0.0,0.0,10600000.0,0.0,0.0,0.0,0.0,0.0,0.0,2500000.0,0.0,0.0,-3500000.0,-6600000.0,-0.11956521739130435,-0.042970428532364546,-0.041094611002148125,153594000,160605000,,,1620586114,14:48:34,20210509
92,1998-06-30,ACGL,USD,1998-06-30,1998-06-30,Q2,55900000.0,0.0,0.0,0.0,0.0,0.0,0.0,0.0,0.0,12700000.0,0.0,0.0,0.0,0.0,0.0,0.0,7400000.0,0.0,0.0,1000000.0,3200000.0,0.057245080500894455,0.021111,0.02,153558000,161487000,,,1620586114,14:48:34,20210509
93,1998-03-31,ACGL,USD,1998-03-31,1998-03-31,Q1,46400000.0,0.0,0.0,0.0,0.0,0.0,0.0,0.0,0.0,9900000.0,0.0,0.0,0.0,0.0,0.0,0.0,4900000.0,0.0,0.0,0.0,1600000.0,0.034482758620689655,0.01042195906775576,0.010053598245647105,153522000,159147000,,,1620586114,14:48:34,20210509
94,1997-12-31,ACGL,USD,1997-12-31,1997-12-31,Q4,41472000.0,0.0,0.0,0.0,0.0,0.0,0.0,0.0,0.0,101379000.0,0.0,0.0,0.0,0.0,0.0,0.04564525462962963,0.0,1893000.0,0.04564525462962963,-1538000.0,-1761000.0,-0.04246238425925926,-0.011486155953429214,-0.011486155953429214,153315000,153315000,,,1620586114,14:48:34,20210509
95,1997-09-30,ACGL,USD,1997-09-30,1997-09-30,Q3,32300000.0,0.0,0.0,0.0,0.0,0.0,0.0,0.0,0.0,6200000.0,0.0,0.0,0.0,0.0,0.0,0.0,7600000.0,0.0,0.0,1400000.0,3300000.0,0.1021671826625387,0.021111,0.021111,153315000,153315000,,,1620586114,14:48:34,20210509
96,1997-06-30,ACGL,USD,1997-06-30,1997-06-30,Q2,22800000.0,0.0,0.0,0.0,0.0,0.0,0.0,0.0,0.0,5400000.0,0.0,0.0,0.0,0.0,0.0,0.0,2900000.0,0.0,0.0,-100000.0,300000.0,0.013157894736842105,0.002222,0.002222,153207000,153207000,,,1620586114,14:48:34,20210509
97,1997-03-31,ACGL,USD,1997-03-31,1997-03-31,Q1,24500000.0,0.0,0.0,0.0,0.0,0.0,0.0,0.0,0.0,6100000.0,0.0,0.0,0.0,0.0,0.0,0.0,3400000.0,0.0,0.0,-200000.0,200000.0,0.00816326530612245,0.001111,0.001111,153225000,153225000,,,1620586114,14:48:34,20210509
98,1996-12-31,ACGL,USD,1996-12-31,1996-12-31,Q4,21971000.0,0.0,0.0,0.0,0.0,0.0,0.0,0.0,0.0,0.0,0.0,0.0,0.0,0.0,0.0,0.0,0.0,0.0,0.0,0.0,1412000.0,0.06426653315734378,0.00871604938271605,0.00871604938271605,162000000,162000000,,,1620586114,14:48:34,20210509
99,1996-09-30,ACGL,USD,1996-11-14 00:00:00,1996-11-14 00:00:00,Q3,15800000.0,0.0,0.0,0.0,0.0,0.0,0.0,0.0,0.0,0.0,0.0,0.0,0.0,0.0,0.0,0.0,3200000.0,0.0,0.0,0.0,900000.0,0.056962025316455694,0.005556,0.005556,162000000,162000000,https://www.sec.gov/Archives/edgar/data/947484/000089155496000818/0000891554-96-000818-index.html,https://www.sec.gov/Archives/edgar/data/947484/0000891554-96-000818.txt,1620586114,14:48:34,20210509
100,1996-06-30,ACGL,USD,1996-06-30,1996-06-30,Q2,7400000.0,0.0,0.0,0.0,0.0,0.0,0.0,0.0,0.0,0.0,0.0,0.0,0.0,0.0,0.0,0.0,3600000.0,0.0,0.0,100000.0,1000000.0,0.13513513513513514,0.006667,0.006667,150000000,150000000,,,1620586114,14:48:34,20210509
101,1996-03-31,ACGL,USD,1996-03-31,1996-03-31,Q4,5000000.0,0.0,0.0,0.0,0.0,0.0,0.0,0.0,0.0,0.0,0.0,0.0,0.0,0.0,0.0,0.0,3200000.0,0.0,0.0,-100000.0,800000.0,0.16,0.005556,0.005556,144000000,144000000,,,1620586114,14:48:34,20210509
102,1995-09-30,ACGL,USD,1995-09-30,1995-09-30,Q3,500000.0,0.0,0.0,0.0,0.0,0.0,0.0,0.0,0.0,0.0,0.0,0.0,0.0,0.0,0.0,0.0,0.0,0.0,0.0,-100000.0,-100000.0,-0.2,-0.001111,-0.001111,142605000,142605000,,,1620586114,14:48:34,20210509
