,date,symbol,reportedCurrency,fillingDate,acceptedDate,period,revenue,costOfRevenue,grossProfit,grossProfitRatio,researchAndDevelopmentExpenses,generalAndAdministrativeExpenses,sellingAndMarketingExpenses,otherExpenses,operatingExpenses,costAndExpenses,interestExpense,depreciationAndAmortization,ebitda,ebitdaratio,operatingIncome,operatingIncomeRatio,totalOtherIncomeExpensesNet,incomeBeforeTax,incomeBeforeTaxRatio,incomeTaxExpense,netIncome,netIncomeRatio,eps,epsdiluted,weightedAverageShsOut,weightedAverageShsOutDil,link,finalLink,timestamp,est_time,est_date
0,2020-12-31,DYNPRO.NS,INR,2020-12-31,2020-12-31,Q4,554218000,297338000,256880000,0.46349992241320204,0.0,0.0,0.0,10000.0,140937000,438275000,4749000.0,8663000.0,124606000,0.2248321057778708,115943000,0.2092010725021562,0.0,111204000,0.2006502856276772,28441000.0,82760000,0.14932752093941373,7.31,7.31,11321477,11321477,https://www.nseindia.com/companies-listing/corporate-filings-annual-reports,https://www.nseindia.com/companies-listing/corporate-filings-annual-reports,1620591373,16:16:13,20210509
1,2020-06-30,DYNPRO.NS,INR,2020-06-30,2020-06-30,Q2,404238000,233388000,170850000,0.4226470544580173,0.0,0.0,0.0,3167000.0,73393000,306781000,1953000.0,8526000.0,105983000,0.2621797060147735,97457000,0.24108817083005557,0.0,98671000,0.24409135212424363,25451000.0,73217000,0.18112349655401025,6.46,6.46,11333901,11333901,https://www.nseindia.com/companies-listing/corporate-filings-annual-reports,https://www.nseindia.com/companies-listing/corporate-filings-annual-reports,1620591373,16:16:13,20210509
2,2020-03-31,DYNPRO.NS,INR,2020-03-31,2020-03-31,Q1,437012000,542456000,-105444000,-0.24128399220158714,0.0,0.0,0.0,-6292000.0,-173003000,369453000,-586000.0,8465000.0,76024000,0.1739631863655918,67559000,0.1545930088876278,0.0,84341000,0.19299470037436042,4143000.0,80102000,0.18329473790193404,7.070286692525675,7.070286692525675,11329385,11329385,,,1620591373,16:16:13,20210509
3,2019-12-31,DYNPRO.NS,INR,2019-12-31,2019-12-31,Q4,431915000,244620000,187295000,0.43363856314321103,0.0,0.0,0.0,1938000.0,114085000,358705000,3736000.0,8576000.0,81786000,0.1893567021288911,73210000,0.16950094347267403,0.0,71412000,0.1653380873551509,21671000.0,49736000,0.11515228690830372,4.39,4.39,11329385,11329385,https://www.nseindia.com/companies-listing/corporate-filings-annual-reports,https://www.nseindia.com/companies-listing/corporate-filings-annual-reports,1620591373,16:16:13,20210509
4,2019-09-30,DYNPRO.NS,INR,2019-09-30,2019-09-30,Q3,435835000,251863000,183972000,0.4221138733695091,0.0,0.0,0.0,2706000.0,97884000,349747000,4017000.0,8552000.0,94640000,0.21714639714570882,86088000,0.19752429245012448,0.0,84779000,0.19452086225291682,30044000.0,54845000,0.12583890692578614,4.84,4.84,11331612,11331612,https://www.nseindia.com/companies-listing/corporate-filings-annual-reports,https://www.nseindia.com/companies-listing/corporate-filings-annual-reports,1620591373,16:16:13,20210509
5,2019-06-30,DYNPRO.NS,INR,2019-06-30,2019-06-30,Q2,453581000,256662000,196919000,0.43414296454216555,0.0,0.0,0.0,1517000.0,113165000,369827000,4370000.0,8429000.0,92183000,0.20323382152250646,83754000,0.18465059162531058,0.0,80901000,0.178360645617872,24000000.0,56891000,0.12542632958611583,5.02,5.02,11332869,11332869,https://www.nseindia.com/companies-listing/corporate-filings-annual-reports,https://www.nseindia.com/companies-listing/corporate-filings-annual-reports,1620591373,16:16:13,20210509
6,2019-03-31,DYNPRO.NS,INR,2019-03-31,2019-03-31,Q1,488658000,559447000,-70789000,-0.14486409718044113,0.0,0.0,0.0,-1160000.0,-143169000,418503000,-96000.0,8185000.0,78340000,0.16031662225933066,70155000,0.14356666625738246,0.0,78376000,0.16039029341584504,22205000.0,56164000,0.11493518984647749,4.955398851639872,4.955398851639872,11333901,11333901,https://www.nseindia.com/companies-listing/corporate-filings-annual-reports,https://www.nseindia.com/companies-listing/corporate-filings-annual-reports,1620591373,16:16:13,20210509
7,2018-12-31,DYNPRO.NS,INR,2018-12-31,2018-12-31,Q4,381351000,220262000,161089000,0.4224166188104922,0.0,0.0,0.0,371000.0,95944000,316206000,2528000.0,8416000.0,73561000,0.19289578367435775,65145000,0.17082687602759664,0.0,62988000,0.1651706695406594,18567000.0,44331000,0.11624723679759591,3.91,3.91,11337852,11337852,https://www.nseindia.com/companies-listing/corporate-filings-annual-reports,https://www.nseindia.com/companies-listing/corporate-filings-annual-reports,1620591373,16:16:13,20210509
8,2018-09-30,DYNPRO.NS,INR,2018-09-30,2018-09-30,Q3,376398000,233494000,142904000,0.3796619535704228,0.0,0.0,0.0,392000.0,83447000,316941000,2409000.0,8534000.0,67991000,0.180635922613829,59457000,0.1579631135128242,0.0,57440000,0.1526044240405103,14392000.0,43155000,0.11465257519965569,3.81,3.81,11326772,11326772,https://www.nseindia.com/companies-listing/corporate-filings-annual-reports,https://www.nseindia.com/companies-listing/corporate-filings-annual-reports,1620591373,16:16:13,20210509
