,date,symbol,reportedCurrency,fillingDate,acceptedDate,period,revenue,costOfRevenue,grossProfit,grossProfitRatio,researchAndDevelopmentExpenses,generalAndAdministrativeExpenses,sellingAndMarketingExpenses,otherExpenses,operatingExpenses,costAndExpenses,interestExpense,depreciationAndAmortization,ebitda,ebitdaratio,operatingIncome,operatingIncomeRatio,totalOtherIncomeExpensesNet,incomeBeforeTax,incomeBeforeTaxRatio,incomeTaxExpense,netIncome,netIncomeRatio,eps,epsdiluted,weightedAverageShsOut,weightedAverageShsOutDil,link,finalLink,timestamp,est_time,est_date
0,2020-12-31,SBB.TO,CAD,2020-12-31,2020-12-31,Q4,0.0,131000.0,-131000.0,0.0,0.0,2367000.0,0.0,1787000.0,2367000.0,2498000.0,0.0,131000.0,-2429000.0,0.0,-2498000.0,0.0,1849000.0,-470000.0,0.0,716000.0,-1186000.0,0.0,-0.003639777874115612,-0.003639777874115612,325844060.0,325844060.0,https://www.sedar.com/ModifyCompanyDocumentSearchForm.do?lang=EN&company_search=Sabina Gold & Silver Corp&document_selection=0&industry_group=A&FromDate=13&FromMonth=05&FromYear=2000&ToDate=13&ToMonth=11&ToYear=2020&Variable=Issuer,https://www.sedar.com/ModifyCompanyDocumentSearchForm.do?lang=EN&company_search=Sabina Gold & Silver Corp&document_selection=0&industry_group=A&FromDate=13&FromMonth=05&FromYear=2000&ToDate=13&ToMonth=11&ToYear=2020&Variable=Issuer,1620597599,17:59:59,20210509
1,2020-09-30,SBB.TO,CAD,2020-09-30,2020-09-30,Q3,0.0,100000.0,-100000.0,0.0,0.0,1028000.0,0.0,1385000.0,1028000.0,1128000.0,0.0,100000.0,-1028000.0,0.0,-1128000.0,0.0,1440000.0,530000.0,0.0,1538000.0,-1008000.0,0.0,-0.003094,-0.003094,325844060.0,325844060.0,https://www.sedar.com/ModifyCompanyDocumentSearchForm.do?lang=EN&company_search=Sabina Gold & Silver Corp&document_selection=0&industry_group=A&FromDate=13&FromMonth=05&FromYear=2000&ToDate=13&ToMonth=11&ToYear=2020&Variable=Issuer,https://www.sedar.com/ModifyCompanyDocumentSearchForm.do?lang=EN&company_search=Sabina Gold & Silver Corp&document_selection=0&industry_group=A&FromDate=13&FromMonth=05&FromYear=2000&ToDate=13&ToMonth=11&ToYear=2020&Variable=Issuer,1620597599,17:59:59,20210509
2,2020-06-30,SBB.TO,CAD,2020-06-30,2020-06-30,Q2,0.0,102000.0,-102000.0,0.0,0.0,1554000.0,0.0,59000.0,1554000.0,1656000.0,0.0,102000.0,-1554000.0,0.0,-1656000.0,0.0,59000.0,-1366000.0,0.0,-195000.0,-1171000.0,0.0,-0.003826,-0.003826,306102573.0,306102573.0,https://www.sedar.com/ModifyCompanyDocumentSearchForm.do?lang=EN&company_search=Sabina Gold & Silver Corp&document_selection=0&industry_group=A&FromDate=13&FromMonth=05&FromYear=2000&ToDate=13&ToMonth=11&ToYear=2020&Variable=Issuer,https://www.sedar.com/ModifyCompanyDocumentSearchForm.do?lang=EN&company_search=Sabina Gold & Silver Corp&document_selection=0&industry_group=A&FromDate=13&FromMonth=05&FromYear=2000&ToDate=13&ToMonth=11&ToYear=2020&Variable=Issuer,1620597599,17:59:59,20210509
3,2020-03-31,SBB.TO,CAD,2020-03-31,2020-03-31,Q1,0.0,101000.0,-101000.0,0.0,0.0,1033000.0,0.0,201000.0,1033000.0,1134000.0,0.0,101000.0,-1033000.0,0.0,-1134000.0,0.0,201000.0,-802000.0,0.0,16000.0,-818000.0,0.0,-0.002756,-0.002756,296848609.0,296848609.0,https://www.sedar.com/ModifyCompanyDocumentSearchForm.do?lang=EN&company_search=Sabina Gold & Silver Corp&document_selection=0&industry_group=A&FromDate=13&FromMonth=05&FromYear=2000&ToDate=13&ToMonth=11&ToYear=2020&Variable=Issuer,https://www.sedar.com/ModifyCompanyDocumentSearchForm.do?lang=EN&company_search=Sabina Gold & Silver Corp&document_selection=0&industry_group=A&FromDate=13&FromMonth=05&FromYear=2000&ToDate=13&ToMonth=11&ToYear=2020&Variable=Issuer,1620597599,17:59:59,20210509
4,2019-12-31,SBB.TO,CAD,2019-12-31,2019-12-31,Q4,0.0,102000.0,-102000.0,0.0,0.0,1856000.0,0.0,78000.0,1856000.0,1958000.0,0.0,102000.0,-1856000.0,0.0,-1958000.0,0.0,92000.0,-1699000.0,0.0,-350000.0,-1349000.0,0.0,-0.004140017160355785,-0.004140017160355785,325844060.0,325844060.0,https://www.sedar.com/ModifyCompanyDocumentSearchForm.do?lang=EN&company_search=Sabina Gold & Silver Corp&document_selection=0&industry_group=A&FromDate=13&FromMonth=05&FromYear=2000&ToDate=13&ToMonth=11&ToYear=2020&Variable=Issuer,https://www.sedar.com/ModifyCompanyDocumentSearchForm.do?lang=EN&company_search=Sabina Gold & Silver Corp&document_selection=0&industry_group=A&FromDate=13&FromMonth=05&FromYear=2000&ToDate=13&ToMonth=11&ToYear=2020&Variable=Issuer,1620597599,17:59:59,20210509
5,2019-09-30,SBB.TO,CAD,2019-09-30,2019-09-30,Q3,0.0,102000.0,-102000.0,0.0,0.0,964000.0,0.0,132000.0,964000.0,1066000.0,0.0,102000.0,-964000.0,0.0,-1066000.0,0.0,131000.0,-720000.0,0.0,-44000.0,-676000.0,0.0,-0.002313,-0.002313,292235689.0,292235689.0,https://www.sedar.com/ModifyCompanyDocumentSearchForm.do?lang=EN&company_search=Sabina Gold & Silver Corp&document_selection=0&industry_group=A&FromDate=13&FromMonth=05&FromYear=2000&ToDate=13&ToMonth=11&ToYear=2020&Variable=Issuer,https://www.sedar.com/ModifyCompanyDocumentSearchForm.do?lang=EN&company_search=Sabina Gold & Silver Corp&document_selection=0&industry_group=A&FromDate=13&FromMonth=05&FromYear=2000&ToDate=13&ToMonth=11&ToYear=2020&Variable=Issuer,1620597599,17:59:59,20210509
6,2019-06-30,SBB.TO,CAD,2019-06-30,2019-06-30,Q2,0.0,103000.0,-103000.0,0.0,0.0,1004000.0,0.0,1079000.0,1004000.0,1107000.0,0.0,103000.0,-1004000.0,0.0,-1107000.0,0.0,1084000.0,228000.0,0.0,1010000.0,-782000.0,0.0,-0.003061,-0.003061,255494222.0,255494222.0,https://www.sedar.com/ModifyCompanyDocumentSearchForm.do?lang=EN&company_search=Sabina Gold & Silver Corp&document_selection=0&industry_group=A&FromDate=13&FromMonth=05&FromYear=2000&ToDate=13&ToMonth=11&ToYear=2020&Variable=Issuer,https://www.sedar.com/ModifyCompanyDocumentSearchForm.do?lang=EN&company_search=Sabina Gold & Silver Corp&document_selection=0&industry_group=A&FromDate=13&FromMonth=05&FromYear=2000&ToDate=13&ToMonth=11&ToYear=2020&Variable=Issuer,1620597599,17:59:59,20210509
7,2019-03-31,SBB.TO,CAD,2019-03-31,2019-03-31,Q1,0.0,102000.0,-102000.0,0.0,0.0,1463000.0,0.0,0.0,1463000.0,1565000.0,0.0,102000.0,-1463000.0,0.0,-1565000.0,0.0,-5763000.0,-7024000.0,0.0,-1746000.0,-5278000.0,0.0,-0.02,-0.02,288365751.0,288365751.0,https://www.sedar.com/ModifyCompanyDocumentSearchForm.do?lang=EN&company_search=Sabina Gold & Silver Corp&document_selection=0&industry_group=A&FromDate=13&FromMonth=05&FromYear=2000&ToDate=13&ToMonth=11&ToYear=2020&Variable=Issuer,https://www.sedar.com/ModifyCompanyDocumentSearchForm.do?lang=EN&company_search=Sabina Gold & Silver Corp&document_selection=0&industry_group=A&FromDate=13&FromMonth=05&FromYear=2000&ToDate=13&ToMonth=11&ToYear=2020&Variable=Issuer,1620597599,17:59:59,20210509
8,2018-12-31,SBB.TO,CAD,2018-12-31,2018-12-31,Q4,0.0,5000.0,-5000.0,0.0,0.0,1701000.0,0.0,307000.0,1701000.0,1706000.0,0.0,5000.0,-1701000.0,0.0,-1706000.0,0.0,-59000.0,-1551000.0,0.0,-95000.0,-1456000.0,0.0,-0.004468395096722033,-0.004468395096722033,325844060.0,325844060.0,https://www.sedar.com/ModifyCompanyDocumentSearchForm.do?lang=EN&company_search=Sabina Gold & Silver Corp&document_selection=0&industry_group=A&FromDate=13&FromMonth=05&FromYear=2000&ToDate=13&ToMonth=11&ToYear=2020&Variable=Issuer,https://www.sedar.com/ModifyCompanyDocumentSearchForm.do?lang=EN&company_search=Sabina Gold & Silver Corp&document_selection=0&industry_group=A&FromDate=13&FromMonth=05&FromYear=2000&ToDate=13&ToMonth=11&ToYear=2020&Variable=Issuer,1620597599,17:59:59,20210509
9,2018-09-30,SBB.TO,CAD,2018-09-30,2018-09-30,Q3,0.0,5000.0,-5000.0,0.0,0.0,1269000.0,0.0,1217000.0,1269000.0,1274000.0,0.0,5000.0,-1269000.0,0.0,-1274000.0,0.0,1056000.0,73000.0,0.0,1618000.0,-1545000.0,0.0,-0.01,-0.01,262794996.0,262794996.0,https://www.sedar.com/ModifyCompanyDocumentSearchForm.do?lang=EN&company_search=Sabina Gold & Silver Corp&document_selection=0&industry_group=A&FromDate=13&FromMonth=05&FromYear=2000&ToDate=13&ToMonth=11&ToYear=2020&Variable=Issuer,https://www.sedar.com/ModifyCompanyDocumentSearchForm.do?lang=EN&company_search=Sabina Gold & Silver Corp&document_selection=0&industry_group=A&FromDate=13&FromMonth=05&FromYear=2000&ToDate=13&ToMonth=11&ToYear=2020&Variable=Issuer,1620597599,17:59:59,20210509
10,2018-06-30,SBB.TO,CAD,2018-06-30,2018-06-30,Q2,0.0,5000.0,-5000.0,0.0,0.0,1137000.0,0.0,557000.0,1137000.0,1142000.0,0.0,5000.0,-1137000.0,0.0,-1142000.0,0.0,692000.0,-118000.0,0.0,447000.0,-565000.0,0.0,-0.002211,-0.002211,255494222.0,255494222.0,https://www.sedar.com/ModifyCompanyDocumentSearchForm.do?lang=EN&company_search=Sabina Gold & Silver Corp&document_selection=0&industry_group=A&FromDate=13&FromMonth=05&FromYear=2000&ToDate=13&ToMonth=11&ToYear=2020&Variable=Issuer,https://www.sedar.com/ModifyCompanyDocumentSearchForm.do?lang=EN&company_search=Sabina Gold & Silver Corp&document_selection=0&industry_group=A&FromDate=13&FromMonth=05&FromYear=2000&ToDate=13&ToMonth=11&ToYear=2020&Variable=Issuer,1620597599,17:59:59,20210509
11,2018-03-31,SBB.TO,CAD,2018-03-31,2018-03-31,Q1,0.0,5000.0,-5000.0,0.0,0.0,3236000.0,0.0,559000.0,3236000.0,3241000.0,0.0,5000.0,-3236000.0,0.0,-3241000.0,0.0,639000.0,-2286000.0,0.0,324000.0,-2610000.0,0.0,-0.01,-0.01,246347302.0,246347302.0,https://www.sedar.com/ModifyCompanyDocumentSearchForm.do?lang=EN&company_search=Sabina Gold & Silver Corp&document_selection=0&industry_group=A&FromDate=13&FromMonth=05&FromYear=2000&ToDate=13&ToMonth=11&ToYear=2020&Variable=Issuer,https://www.sedar.com/ModifyCompanyDocumentSearchForm.do?lang=EN&company_search=Sabina Gold & Silver Corp&document_selection=0&industry_group=A&FromDate=13&FromMonth=05&FromYear=2000&ToDate=13&ToMonth=11&ToYear=2020&Variable=Issuer,1620597599,17:59:59,20210509
12,2017-12-31,SBB.TO,CAD,2017-12-31,2017-12-31,Q4,0.0,5000.0,-5000.0,0.0,0.0,1934000.0,0.0,276000.0,1934000.0,1939000.0,0.0,5000.0,-1934000.0,0.0,-1939000.0,0.0,276000.0,-1521000.0,0.0,-189000.0,-1332000.0,0.0,-0.004087844964858344,-0.004087844964858344,325844060.0,325844060.0,https://www.sedar.com/ModifyCompanyDocumentSearchForm.do?lang=EN&company_search=Sabina Gold & Silver Corp&document_selection=0&industry_group=A&FromDate=13&FromMonth=05&FromYear=2000&ToDate=13&ToMonth=11&ToYear=2020&Variable=Issuer,https://www.sedar.com/ModifyCompanyDocumentSearchForm.do?lang=EN&company_search=Sabina Gold & Silver Corp&document_selection=0&industry_group=A&FromDate=13&FromMonth=05&FromYear=2000&ToDate=13&ToMonth=11&ToYear=2020&Variable=Issuer,1620597599,17:59:59,20210509
13,2017-09-30,SBB.TO,CAD,2017-09-30,2017-09-30,Q3,0.0,15000.0,-15000.0,0.0,0.0,1116000.0,0.0,1056000.0,1116000.0,1131000.0,0.0,15000.0,-1116000.0,0.0,-1131000.0,0.0,1493000.0,498000.0,0.0,967000.0,-469000.0,0.0,-0.002088,-0.002088,224658645.0,224658645.0,https://www.sedar.com/ModifyCompanyDocumentSearchForm.do?lang=EN&company_search=Sabina Gold & Silver Corp&document_selection=0&industry_group=A&FromDate=13&FromMonth=05&FromYear=2000&ToDate=13&ToMonth=11&ToYear=2020&Variable=Issuer,https://www.sedar.com/ModifyCompanyDocumentSearchForm.do?lang=EN&company_search=Sabina Gold & Silver Corp&document_selection=0&industry_group=A&FromDate=13&FromMonth=05&FromYear=2000&ToDate=13&ToMonth=11&ToYear=2020&Variable=Issuer,1620597599,17:59:59,20210509
14,2017-06-30,SBB.TO,CAD,2017-06-30,2017-06-30,Q2,0.0,14000.0,-14000.0,0.0,0.0,721000.0,0.0,366000.0,721000.0,735000.0,0.0,14000.0,-721000.0,0.0,-735000.0,0.0,448000.0,-148000.0,0.0,418000.0,-566000.0,0.0,-0.002531,-0.002531,223606542.0,223606542.0,https://www.sedar.com/ModifyCompanyDocumentSearchForm.do?lang=EN&company_search=Sabina Gold & Silver Corp&document_selection=0&industry_group=A&FromDate=13&FromMonth=05&FromYear=2000&ToDate=13&ToMonth=11&ToYear=2020&Variable=Issuer,https://www.sedar.com/ModifyCompanyDocumentSearchForm.do?lang=EN&company_search=Sabina Gold & Silver Corp&document_selection=0&industry_group=A&FromDate=13&FromMonth=05&FromYear=2000&ToDate=13&ToMonth=11&ToYear=2020&Variable=Issuer,1620597599,17:59:59,20210509
15,2017-03-31,SBB.TO,CAD,2017-03-31,2017-03-31,Q1,0.0,15000.0,-15000.0,0.0,0.0,1786000.0,0.0,31000.0,1786000.0,1801000.0,0.0,15000.0,-1786000.0,0.0,-1801000.0,0.0,119000.0,-1535000.0,0.0,-106000.0,-1429000.0,0.0,-0.01,-0.01,221265791.0,221265791.0,https://www.sedar.com/ModifyCompanyDocumentSearchForm.do?lang=EN&company_search=Sabina Gold & Silver Corp&document_selection=0&industry_group=A&FromDate=13&FromMonth=05&FromYear=2000&ToDate=13&ToMonth=11&ToYear=2020&Variable=Issuer,https://www.sedar.com/ModifyCompanyDocumentSearchForm.do?lang=EN&company_search=Sabina Gold & Silver Corp&document_selection=0&industry_group=A&FromDate=13&FromMonth=05&FromYear=2000&ToDate=13&ToMonth=11&ToYear=2020&Variable=Issuer,1620597599,17:59:59,20210509
16,2016-12-31,SBB.TO,CAD,2016-12-31,2016-12-31,Q4,0.0,15000.0,-15000.0,0.0,0.0,1051000.0,0.0,0.0,1051000.0,1066000.0,0.0,15000.0,-1051000.0,0.0,-1066000.0,0.0,-1808000.0,-2717000.0,0.0,-758000.0,-1959000.0,0.0,-0.006012078292911032,-0.006012078292911032,325844060.0,325844060.0,https://www.sedar.com/ModifyCompanyDocumentSearchForm.do?lang=EN&company_search=Sabina Gold & Silver Corp&document_selection=0&industry_group=A&FromDate=13&FromMonth=05&FromYear=2000&ToDate=13&ToMonth=11&ToYear=2020&Variable=Issuer,https://www.sedar.com/ModifyCompanyDocumentSearchForm.do?lang=EN&company_search=Sabina Gold & Silver Corp&document_selection=0&industry_group=A&FromDate=13&FromMonth=05&FromYear=2000&ToDate=13&ToMonth=11&ToYear=2020&Variable=Issuer,1620597599,17:59:59,20210509
17,2016-09-30,SBB.TO,CAD,2016-09-30,2016-09-30,Q3,0.0,17000.0,-17000.0,0.0,0.0,634000.0,0.0,34000.0,634000.0,651000.0,0.0,17000.0,-634000.0,0.0,-651000.0,0.0,-4686000.0,-5172000.0,0.0,-1456000.0,-3716000.0,0.0,-0.02,-0.02,220007967.0,220007967.0,https://www.sedar.com/ModifyCompanyDocumentSearchForm.do?lang=EN&company_search=Sabina Gold & Silver Corp&document_selection=0&industry_group=A&FromDate=13&FromMonth=05&FromYear=2000&ToDate=13&ToMonth=11&ToYear=2020&Variable=Issuer,https://www.sedar.com/ModifyCompanyDocumentSearchForm.do?lang=EN&company_search=Sabina Gold & Silver Corp&document_selection=0&industry_group=A&FromDate=13&FromMonth=05&FromYear=2000&ToDate=13&ToMonth=11&ToYear=2020&Variable=Issuer,1620597599,17:59:59,20210509
18,2016-06-30,SBB.TO,CAD,2016-06-30,2016-06-30,Q2,0.0,17000.0,-17000.0,0.0,0.0,782000.0,0.0,246000.0,786000.0,803000.0,0.0,17000.0,-786000.0,0.0,-803000.0,0.0,935000.0,239000.0,0.0,38000.0,201000.0,0.0,0.000983,0.000983,204380814.0,204380814.0,https://www.sedar.com/ModifyCompanyDocumentSearchForm.do?lang=EN&company_search=Sabina Gold & Silver Corp&document_selection=0&industry_group=A&FromDate=13&FromMonth=05&FromYear=2000&ToDate=13&ToMonth=11&ToYear=2020&Variable=Issuer,https://www.sedar.com/ModifyCompanyDocumentSearchForm.do?lang=EN&company_search=Sabina Gold & Silver Corp&document_selection=0&industry_group=A&FromDate=13&FromMonth=05&FromYear=2000&ToDate=13&ToMonth=11&ToYear=2020&Variable=Issuer,1620597599,17:59:59,20210509
19,2016-03-31,SBB.TO,CAD,2016-03-31,2016-03-31,Q1,0.0,6000.0,-6000.0,0.0,0.0,890000.0,0.0,297000.0,890000.0,896000.0,0.0,6000.0,-890000.0,0.0,-896000.0,0.0,380000.0,-447000.0,0.0,145000.0,-592000.0,0.0,-0.002964,-0.002964,199729138.0,199729138.0,https://www.sedar.com/ModifyCompanyDocumentSearchForm.do?lang=EN&company_search=Sabina Gold & Silver Corp&document_selection=0&industry_group=A&FromDate=13&FromMonth=05&FromYear=2000&ToDate=13&ToMonth=11&ToYear=2020&Variable=Issuer,https://www.sedar.com/ModifyCompanyDocumentSearchForm.do?lang=EN&company_search=Sabina Gold & Silver Corp&document_selection=0&industry_group=A&FromDate=13&FromMonth=05&FromYear=2000&ToDate=13&ToMonth=11&ToYear=2020&Variable=Issuer,1620597599,17:59:59,20210509
20,2015-12-31,SBB.TO,CAD,2015-12-31,2015-12-31,Q4,0.0,13000.0,-13000.0,0.0,0.0,1840000.0,0.0,40000.0,1840000.0,1853000.0,0.0,13000.0,-1840000.0,0.0,-1853000.0,0.0,-4041000.0,-5818000.0,0.0,-1202000.0,-4616000.0,0.0,-0.014166285553893479,-0.014166285553893479,325844060.0,325844060.0,https://www.sedar.com/ModifyCompanyDocumentSearchForm.do?lang=EN&company_search=Sabina Gold & Silver Corp&document_selection=0&industry_group=A&FromDate=13&FromMonth=05&FromYear=2000&ToDate=13&ToMonth=11&ToYear=2020&Variable=Issuer,https://www.sedar.com/ModifyCompanyDocumentSearchForm.do?lang=EN&company_search=Sabina Gold & Silver Corp&document_selection=0&industry_group=A&FromDate=13&FromMonth=05&FromYear=2000&ToDate=13&ToMonth=11&ToYear=2020&Variable=Issuer,1620597599,17:59:59,20210509
21,2015-09-30,SBB.TO,CAD,2015-09-30,2015-09-30,Q3,0.0,18000.0,-18000.0,0.0,0.0,729000.0,0.0,74000.0,729000.0,747000.0,0.0,18000.0,-729000.0,0.0,-747000.0,0.0,-148000.0,-803000.0,0.0,66000.0,-869000.0,0.0,-0.004421,-0.004421,196571404.0,196571404.0,https://www.sedar.com/ModifyCompanyDocumentSearchForm.do?lang=EN&company_search=Sabina Gold & Silver Corp&document_selection=0&industry_group=A&FromDate=13&FromMonth=05&FromYear=2000&ToDate=13&ToMonth=11&ToYear=2020&Variable=Issuer,https://www.sedar.com/ModifyCompanyDocumentSearchForm.do?lang=EN&company_search=Sabina Gold & Silver Corp&document_selection=0&industry_group=A&FromDate=13&FromMonth=05&FromYear=2000&ToDate=13&ToMonth=11&ToYear=2020&Variable=Issuer,1620597599,17:59:59,20210509
22,2015-06-30,SBB.TO,CAD,2015-06-30,2015-06-30,Q2,0.0,17000.0,-17000.0,0.0,0.0,786000.0,0.0,0.0,786000.0,803000.0,0.0,17000.0,-786000.0,0.0,-803000.0,0.0,-2012000.0,-2716000.0,0.0,-196000.0,-2520000.0,0.0,-0.01,-0.01,194019926.0,194019926.0,https://www.sedar.com/ModifyCompanyDocumentSearchForm.do?lang=EN&company_search=Sabina Gold & Silver Corp&document_selection=0&industry_group=A&FromDate=13&FromMonth=05&FromYear=2000&ToDate=13&ToMonth=11&ToYear=2020&Variable=Issuer,https://www.sedar.com/ModifyCompanyDocumentSearchForm.do?lang=EN&company_search=Sabina Gold & Silver Corp&document_selection=0&industry_group=A&FromDate=13&FromMonth=05&FromYear=2000&ToDate=13&ToMonth=11&ToYear=2020&Variable=Issuer,1620597599,17:59:59,20210509
23,2015-03-31,SBB.TO,CAD,2015-03-31,2015-03-31,Q1,0.0,28000.0,-28000.0,0.0,0.0,1979000.0,0.0,0.0,1979000.0,2007000.0,0.0,28000.0,-1979000.0,0.0,-2007000.0,0.0,-2000.0,-1880000.0,0.0,-368000.0,-1512000.0,0.0,-0.01,-0.01,194019926.0,194019926.0,https://www.sedar.com/ModifyCompanyDocumentSearchForm.do?lang=EN&company_search=Sabina Gold & Silver Corp&document_selection=0&industry_group=A&FromDate=13&FromMonth=05&FromYear=2000&ToDate=13&ToMonth=11&ToYear=2020&Variable=Issuer,https://www.sedar.com/ModifyCompanyDocumentSearchForm.do?lang=EN&company_search=Sabina Gold & Silver Corp&document_selection=0&industry_group=A&FromDate=13&FromMonth=05&FromYear=2000&ToDate=13&ToMonth=11&ToYear=2020&Variable=Issuer,1620597599,17:59:59,20210509
24,2014-12-31,SBB.TO,CAD,2014-12-31,2014-12-31,Q4,0.0,43000.0,-43000.0,0.0,0.0,833000.0,0.0,0.0,833000.0,876000.0,0.0,43000.0,-833000.0,0.0,-876000.0,0.0,-1732000.0,-2457000.0,0.0,-197000.0,-2260000.0,0.0,-0.006935833048483376,-0.006935833048483376,325844060.0,325844060.0,https://www.sedar.com/ModifyCompanyDocumentSearchForm.do?lang=EN&company_search=Sabina Gold & Silver Corp&document_selection=0&industry_group=A&FromDate=13&FromMonth=05&FromYear=2000&ToDate=13&ToMonth=11&ToYear=2020&Variable=Issuer,https://www.sedar.com/ModifyCompanyDocumentSearchForm.do?lang=EN&company_search=Sabina Gold & Silver Corp&document_selection=0&industry_group=A&FromDate=13&FromMonth=05&FromYear=2000&ToDate=13&ToMonth=11&ToYear=2020&Variable=Issuer,1620597599,17:59:59,20210509
25,2014-09-30,SBB.TO,CAD,2014-09-30,2014-09-30,Q3,0.0,9000.0,-9000.0,0.0,0.0,852000.0,0.0,0.0,852000.0,861000.0,0.0,9000.0,-852000.0,0.0,-861000.0,0.0,-29000.0,-702000.0,0.0,-190000.0,-512000.0,0.0,-0.002639,-0.002639,194019926.0,194019926.0,https://www.sedar.com/ModifyCompanyDocumentSearchForm.do?lang=EN&company_search=Sabina Gold & Silver Corp&document_selection=0&industry_group=A&FromDate=13&FromMonth=05&FromYear=2000&ToDate=13&ToMonth=11&ToYear=2020&Variable=Issuer,https://www.sedar.com/ModifyCompanyDocumentSearchForm.do?lang=EN&company_search=Sabina Gold & Silver Corp&document_selection=0&industry_group=A&FromDate=13&FromMonth=05&FromYear=2000&ToDate=13&ToMonth=11&ToYear=2020&Variable=Issuer,1620597599,17:59:59,20210509
26,2014-06-30,SBB.TO,CAD,2014-06-30,2014-06-30,Q2,0.0,10000.0,-10000.0,0.0,0.0,1039000.0,0.0,0.0,1039000.0,1049000.0,0.0,10000.0,-1039000.0,0.0,-1049000.0,0.0,-833000.0,-1685000.0,0.0,-918000.0,-767000.0,0.0,-0.003953,-0.003953,194019926.0,194019926.0,https://www.sedar.com/ModifyCompanyDocumentSearchForm.do?lang=EN&company_search=Sabina Gold & Silver Corp&document_selection=0&industry_group=A&FromDate=13&FromMonth=05&FromYear=2000&ToDate=13&ToMonth=11&ToYear=2020&Variable=Issuer,https://www.sedar.com/ModifyCompanyDocumentSearchForm.do?lang=EN&company_search=Sabina Gold & Silver Corp&document_selection=0&industry_group=A&FromDate=13&FromMonth=05&FromYear=2000&ToDate=13&ToMonth=11&ToYear=2020&Variable=Issuer,1620597599,17:59:59,20210509
27,2014-03-31,SBB.TO,CAD,2014-03-31,2014-03-31,Q1,0.0,9000.0,-9000.0,0.0,0.0,2134000.0,0.0,0.0,2134000.0,2143000.0,0.0,9000.0,-2134000.0,0.0,-2143000.0,0.0,0.0,-1903000.0,0.0,-300000.0,-1603000.0,0.0,-0.01,-0.01,194019926.0,194019926.0,https://www.sedar.com/ModifyCompanyDocumentSearchForm.do?lang=EN&company_search=Sabina Gold & Silver Corp&document_selection=0&industry_group=A&FromDate=13&FromMonth=05&FromYear=2000&ToDate=13&ToMonth=11&ToYear=2020&Variable=Issuer,https://www.sedar.com/ModifyCompanyDocumentSearchForm.do?lang=EN&company_search=Sabina Gold & Silver Corp&document_selection=0&industry_group=A&FromDate=13&FromMonth=05&FromYear=2000&ToDate=13&ToMonth=11&ToYear=2020&Variable=Issuer,1620597599,17:59:59,20210509
28,2013-12-31,SBB.TO,CAD,2013-12-31,2013-12-31,Q4,0.0,103000.0,-103000.0,0.0,0.0,1222000.0,0.0,0.0,1222000.0,1325000.0,0.0,103000.0,-1222000.0,0.0,-1325000.0,0.0,0.0,-1056000.0,0.0,-881000.0,-175000.0,0.0,-0.0005370667183560136,-0.0005370667183560136,325844060.0,325844060.0,https://www.sedar.com/ModifyCompanyDocumentSearchForm.do?lang=EN&company_search=Sabina Gold & Silver Corp&document_selection=0&industry_group=A&FromDate=13&FromMonth=05&FromYear=2000&ToDate=13&ToMonth=11&ToYear=2020&Variable=Issuer,https://www.sedar.com/ModifyCompanyDocumentSearchForm.do?lang=EN&company_search=Sabina Gold & Silver Corp&document_selection=0&industry_group=A&FromDate=13&FromMonth=05&FromYear=2000&ToDate=13&ToMonth=11&ToYear=2020&Variable=Issuer,1620597599,17:59:59,20210509
29,2013-09-30,SBB.TO,CAD,2013-09-30,2013-09-30,Q3,0.0,11000.0,-11000.0,0.0,0.0,1228000.0,0.0,924000.0,1228000.0,1239000.0,3000.0,11000.0,-1228000.0,0.0,-1239000.0,0.0,924000.0,18000.0,0.0,4097000.0,-4079000.0,0.0,-0.02,-0.02,188678338.0,188678338.0,https://www.sedar.com/ModifyCompanyDocumentSearchForm.do?lang=EN&company_search=Sabina Gold & Silver Corp&document_selection=0&industry_group=A&FromDate=13&FromMonth=05&FromYear=2000&ToDate=13&ToMonth=11&ToYear=2020&Variable=Issuer,https://www.sedar.com/ModifyCompanyDocumentSearchForm.do?lang=EN&company_search=Sabina Gold & Silver Corp&document_selection=0&industry_group=A&FromDate=13&FromMonth=05&FromYear=2000&ToDate=13&ToMonth=11&ToYear=2020&Variable=Issuer,1620597599,17:59:59,20210509
30,2013-06-30,SBB.TO,CAD,2013-06-30,2013-06-30,Q2,0.0,11000.0,-11000.0,0.0,0.0,1254000.0,0.0,252000.0,1254000.0,1265000.0,0.0,11000.0,-1254000.0,0.0,-1265000.0,0.0,252000.0,-574000.0,0.0,1030000.0,-1604000.0,0.0,-0.01,-0.01,176646516.0,176646516.0,https://www.sedar.com/ModifyCompanyDocumentSearchForm.do?lang=EN&company_search=Sabina Gold & Silver Corp&document_selection=0&industry_group=A&FromDate=13&FromMonth=05&FromYear=2000&ToDate=13&ToMonth=11&ToYear=2020&Variable=Issuer,https://www.sedar.com/ModifyCompanyDocumentSearchForm.do?lang=EN&company_search=Sabina Gold & Silver Corp&document_selection=0&industry_group=A&FromDate=13&FromMonth=05&FromYear=2000&ToDate=13&ToMonth=11&ToYear=2020&Variable=Issuer,1620597599,17:59:59,20210509
31,2013-03-31,SBB.TO,CAD,2013-03-31,2013-03-31,Q1,0.0,11000.0,-11000.0,0.0,0.0,3838000.0,0.0,308000.0,3838000.0,3849000.0,15000.0,11000.0,-3838000.0,0.0,-3849000.0,0.0,308000.0,-3097000.0,0.0,566000.0,-3663000.0,0.0,-0.02,-0.02,173575923.0,173575923.0,https://www.sedar.com/ModifyCompanyDocumentSearchForm.do?lang=EN&company_search=Sabina Gold & Silver Corp&document_selection=0&industry_group=A&FromDate=13&FromMonth=05&FromYear=2000&ToDate=13&ToMonth=11&ToYear=2020&Variable=Issuer,https://www.sedar.com/ModifyCompanyDocumentSearchForm.do?lang=EN&company_search=Sabina Gold & Silver Corp&document_selection=0&industry_group=A&FromDate=13&FromMonth=05&FromYear=2000&ToDate=13&ToMonth=11&ToYear=2020&Variable=Issuer,1620597599,17:59:59,20210509
32,2012-12-31,SBB.TO,CAD,2012-12-31,2012-12-31,Q4,0.0,48000.0,-48000.0,0.0,0.0,1240000.0,0.0,0.0,1206000.0,1254000.0,0.0,12000.0,-1242000.0,0.0,-1254000.0,0.0,-2901000.0,-3579000.0,0.0,1420000.0,-4999000.0,0.0,-0.01534169442892407,-0.01534169442892407,325844060.0,325844060.0,https://www.sedar.com/ModifyCompanyDocumentSearchForm.do?lang=EN&company_search=Sabina Gold & Silver Corp&document_selection=0&industry_group=A&FromDate=13&FromMonth=05&FromYear=2000&ToDate=13&ToMonth=11&ToYear=2020&Variable=Issuer,https://www.sedar.com/ModifyCompanyDocumentSearchForm.do?lang=EN&company_search=Sabina Gold & Silver Corp&document_selection=0&industry_group=A&FromDate=13&FromMonth=05&FromYear=2000&ToDate=13&ToMonth=11&ToYear=2020&Variable=Issuer,1620597599,17:59:59,20210509
33,2012-09-30,SBB.TO,CAD,2012-09-30,2012-09-30,Q3,0.0,0.0,0.0,0.0,0.0,1509000.0,0.0,0.0,1521000.0,1521000.0,0.0,12000.0,-1509000.0,0.0,-1521000.0,0.0,2058000.0,1170000.0,0.0,5784000.0,-4614000.0,0.0,-0.03,-0.03,173300222.0,173300222.0,https://www.sedar.com/ModifyCompanyDocumentSearchForm.do?lang=EN&company_search=Sabina Gold & Silver Corp&document_selection=0&industry_group=A&FromDate=13&FromMonth=05&FromYear=2000&ToDate=13&ToMonth=11&ToYear=2020&Variable=Issuer,https://www.sedar.com/ModifyCompanyDocumentSearchForm.do?lang=EN&company_search=Sabina Gold & Silver Corp&document_selection=0&industry_group=A&FromDate=13&FromMonth=05&FromYear=2000&ToDate=13&ToMonth=11&ToYear=2020&Variable=Issuer,1620597599,17:59:59,20210509
34,2012-06-30,SBB.TO,CAD,2012-06-30,2012-06-30,Q2,0.0,0.0,0.0,0.0,0.0,1108000.0,0.0,0.0,1120000.0,1120000.0,0.0,12000.0,-1108000.0,0.0,-1120000.0,0.0,0.0,-548000.0,0.0,-205000.0,-343000.0,0.0,-0.002121597092023977,-0.002121597092023977,161670659.0,161670659.0,https://www.sedar.com/ModifyCompanyDocumentSearchForm.do?lang=EN&company_search=Sabina Gold & Silver Corp&document_selection=0&industry_group=A&FromDate=13&FromMonth=05&FromYear=2000&ToDate=13&ToMonth=11&ToYear=2020&Variable=Issuer,https://www.sedar.com/ModifyCompanyDocumentSearchForm.do?lang=EN&company_search=Sabina Gold & Silver Corp&document_selection=0&industry_group=A&FromDate=13&FromMonth=05&FromYear=2000&ToDate=13&ToMonth=11&ToYear=2020&Variable=Issuer,1620597599,17:59:59,20210509
35,2012-03-31,SBB.TO,CAD,2012-03-31,2012-03-31,Q1,0.0,0.0,0.0,0.0,0.0,4193000.0,0.0,0.0,4205000.0,4205000.0,7000.0,12000.0,-4193000.0,0.0,-4205000.0,0.0,1128000.0,-2495000.0,0.0,1677000.0,-4172000.0,0.0,-0.02,-0.02,161010288.0,161010288.0,https://www.sedar.com/ModifyCompanyDocumentSearchForm.do?lang=EN&company_search=Sabina Gold & Silver Corp&document_selection=0&industry_group=A&FromDate=13&FromMonth=05&FromYear=2000&ToDate=13&ToMonth=11&ToYear=2020&Variable=Issuer,https://www.sedar.com/ModifyCompanyDocumentSearchForm.do?lang=EN&company_search=Sabina Gold & Silver Corp&document_selection=0&industry_group=A&FromDate=13&FromMonth=05&FromYear=2000&ToDate=13&ToMonth=11&ToYear=2020&Variable=Issuer,1620597599,17:59:59,20210509
36,2011-12-31,SBB.TO,CAD,2011-12-31,2011-12-31,Q4,0.0,0.0,0.0,0.0,0.0,1704000.0,0.0,0.0,1744000.0,1744000.0,0.0,20000.0,-1724000.0,0.0,-1744000.0,0.0,581000.0,-521000.0,0.0,798000.0,-1319000.0,0.0,-0.004047948580066183,-0.004047948580066183,325844060.0,325844060.0,https://www.sedar.com/ModifyCompanyDocumentSearchForm.do?lang=EN&company_search=Sabina Gold & Silver Corp&document_selection=0&industry_group=A&FromDate=13&FromMonth=05&FromYear=2000&ToDate=13&ToMonth=11&ToYear=2020&Variable=Issuer,https://www.sedar.com/ModifyCompanyDocumentSearchForm.do?lang=EN&company_search=Sabina Gold & Silver Corp&document_selection=0&industry_group=A&FromDate=13&FromMonth=05&FromYear=2000&ToDate=13&ToMonth=11&ToYear=2020&Variable=Issuer,1620597599,17:59:59,20210509
37,2011-09-30,SBB.TO,CAD,2011-09-30,2011-09-30,Q3,0.0,0.0,0.0,0.0,0.0,1049000.0,0.0,0.0,1060000.0,1060000.0,0.0,11000.0,-1049000.0,0.0,-1060000.0,0.0,3437000.0,2888000.0,0.0,5479000.0,-2591000.0,0.0,-0.02,-0.02,160295376.0,160295376.0,https://www.sedar.com/ModifyCompanyDocumentSearchForm.do?lang=EN&company_search=Sabina Gold & Silver Corp&document_selection=0&industry_group=A&FromDate=13&FromMonth=05&FromYear=2000&ToDate=13&ToMonth=11&ToYear=2020&Variable=Issuer,https://www.sedar.com/ModifyCompanyDocumentSearchForm.do?lang=EN&company_search=Sabina Gold & Silver Corp&document_selection=0&industry_group=A&FromDate=13&FromMonth=05&FromYear=2000&ToDate=13&ToMonth=11&ToYear=2020&Variable=Issuer,1620597599,17:59:59,20210509
38,2011-06-30,SBB.TO,CAD,2011-06-30,2011-06-30,Q2,0.0,0.0,0.0,0.0,0.0,1726000.0,0.0,0.0,1737000.0,1737000.0,0.0,11000.0,-1726000.0,0.0,-1737000.0,0.0,3080000.0,1957000.0,0.0,4959000.0,-3002000.0,0.0,-0.02,-0.02,159662891.0,159662891.0,https://www.sedar.com/ModifyCompanyDocumentSearchForm.do?lang=EN&company_search=Sabina Gold & Silver Corp&document_selection=0&industry_group=A&FromDate=13&FromMonth=05&FromYear=2000&ToDate=13&ToMonth=11&ToYear=2020&Variable=Issuer,https://www.sedar.com/ModifyCompanyDocumentSearchForm.do?lang=EN&company_search=Sabina Gold & Silver Corp&document_selection=0&industry_group=A&FromDate=13&FromMonth=05&FromYear=2000&ToDate=13&ToMonth=11&ToYear=2020&Variable=Issuer,1620597599,17:59:59,20210509
39,2011-03-31,SBB.TO,CAD,2011-03-31,2011-03-31,Q1,0.0,0.0,0.0,0.0,0.0,5487000.0,0.0,0.0,5497000.0,5497000.0,53000.0,10000.0,-5487000.0,0.0,-5497000.0,0.0,1025000.0,-4186000.0,0.0,1572000.0,-5758000.0,0.0,-0.04,-0.04,148109466.0,148109466.0,https://www.sedar.com/ModifyCompanyDocumentSearchForm.do?lang=EN&company_search=Sabina Gold & Silver Corp&document_selection=0&industry_group=A&FromDate=13&FromMonth=05&FromYear=2000&ToDate=13&ToMonth=11&ToYear=2020&Variable=Issuer,https://www.sedar.com/ModifyCompanyDocumentSearchForm.do?lang=EN&company_search=Sabina Gold & Silver Corp&document_selection=0&industry_group=A&FromDate=13&FromMonth=05&FromYear=2000&ToDate=13&ToMonth=11&ToYear=2020&Variable=Issuer,1620597599,17:59:59,20210509
40,2010-12-31,SBB.TO,CAD,2010-12-31,2010-12-31,Q4,0.0,0.0,0.0,0.0,0.0,1393000.0,0.0,0.0,1406000.0,1406000.0,2000.0,13000.0,-1393000.0,0.0,-1406000.0,0.0,0.0,-1220000.0,0.0,-219000.0,-1001000.0,0.0,-0.003072021628996398,-0.003072021628996398,325844060.0,325844060.0,https://www.sedar.com/ModifyCompanyDocumentSearchForm.do?lang=EN&company_search=Sabina Gold & Silver Corp&document_selection=0&industry_group=A&FromDate=13&FromMonth=05&FromYear=2000&ToDate=13&ToMonth=11&ToYear=2020&Variable=Issuer,https://www.sedar.com/ModifyCompanyDocumentSearchForm.do?lang=EN&company_search=Sabina Gold & Silver Corp&document_selection=0&industry_group=A&FromDate=13&FromMonth=05&FromYear=2000&ToDate=13&ToMonth=11&ToYear=2020&Variable=Issuer,1620597599,17:59:59,20210509
41,2010-09-30,SBB.TO,CAD,2010-09-30,2010-09-30,Q3,0.0,0.0,0.0,0.0,0.0,928000.0,0.0,0.0,940000.0,940000.0,0.0,12000.0,-928000.0,0.0,-940000.0,0.0,0.0,-820000.0,0.0,-178000.0,-642000.0,0.0,-0.01,-0.01,129589120.0,129589120.0,https://www.sedar.com/ModifyCompanyDocumentSearchForm.do?lang=EN&company_search=Sabina Gold & Silver Corp&document_selection=0&industry_group=A&FromDate=13&FromMonth=05&FromYear=2000&ToDate=13&ToMonth=11&ToYear=2020&Variable=Issuer,https://www.sedar.com/ModifyCompanyDocumentSearchForm.do?lang=EN&company_search=Sabina Gold & Silver Corp&document_selection=0&industry_group=A&FromDate=13&FromMonth=05&FromYear=2000&ToDate=13&ToMonth=11&ToYear=2020&Variable=Issuer,1620597599,17:59:59,20210509
42,2010-06-30,SBB.TO,CAD,2010-06-30,2010-06-30,Q2,0.0,0.0,0.0,0.0,0.0,1276000.0,0.0,0.0,1289000.0,1289000.0,4000.0,13000.0,-1276000.0,0.0,-1289000.0,0.0,0.0,-1244000.0,0.0,-267000.0,-977000.0,0.0,-0.01,-0.01,116747033.0,116747033.0,https://www.sedar.com/ModifyCompanyDocumentSearchForm.do?lang=EN&company_search=Sabina Gold & Silver Corp&document_selection=0&industry_group=A&FromDate=13&FromMonth=05&FromYear=2000&ToDate=13&ToMonth=11&ToYear=2020&Variable=Issuer,https://www.sedar.com/ModifyCompanyDocumentSearchForm.do?lang=EN&company_search=Sabina Gold & Silver Corp&document_selection=0&industry_group=A&FromDate=13&FromMonth=05&FromYear=2000&ToDate=13&ToMonth=11&ToYear=2020&Variable=Issuer,1620597599,17:59:59,20210509
43,2010-03-31,SBB.TO,CAD,2010-03-31,2010-03-31,Q1,0.0,0.0,0.0,0.0,0.0,1766000.0,0.0,0.0,1777000.0,1777000.0,28000.0,11000.0,-1766000.0,0.0,-1777000.0,0.0,0.0,-1780000.0,0.0,-257000.0,-1523000.0,0.0,-0.01,-0.01,114094316.0,114094316.0,https://www.sedar.com/ModifyCompanyDocumentSearchForm.do?lang=EN&company_search=Sabina Gold & Silver Corp&document_selection=0&industry_group=A&FromDate=13&FromMonth=05&FromYear=2000&ToDate=13&ToMonth=11&ToYear=2020&Variable=Issuer,https://www.sedar.com/ModifyCompanyDocumentSearchForm.do?lang=EN&company_search=Sabina Gold & Silver Corp&document_selection=0&industry_group=A&FromDate=13&FromMonth=05&FromYear=2000&ToDate=13&ToMonth=11&ToYear=2020&Variable=Issuer,1620597599,17:59:59,20210509
44,2009-12-31,SBB.TO,CAD,2009-12-31,2009-12-31,Q4,0.0,0.0,0.0,0.0,0.0,1234000.0,0.0,5400000.0,1224000.0,1224000.0,-5000.0,9000.0,-1215000.0,0.0,-1224000.0,0.0,2060000.0,789000.0,0.0,-428000.0,1217000.0,0.0,0.003734915407081535,0.003734915407081535,325844060.0,325844060.0,https://www.sedar.com/ModifyCompanyDocumentSearchForm.do?lang=EN&company_search=Sabina Gold & Silver Corp&document_selection=0&industry_group=A&FromDate=13&FromMonth=05&FromYear=2000&ToDate=13&ToMonth=11&ToYear=2020&Variable=Issuer,https://www.sedar.com/ModifyCompanyDocumentSearchForm.do?lang=EN&company_search=Sabina Gold & Silver Corp&document_selection=0&industry_group=A&FromDate=13&FromMonth=05&FromYear=2000&ToDate=13&ToMonth=11&ToYear=2020&Variable=Issuer,1620597599,17:59:59,20210509
45,2009-09-30,SBB.TO,CAD,2009-09-30,2009-09-30,Q3,0.0,0.0,0.0,0.0,0.0,708000.0,0.0,104000.0,672000.0,672000.0,1000.0,10000.0,-662000.0,0.0,-672000.0,0.0,104000.0,-505000.0,0.0,-20000.0,-485000.0,0.0,-0.01,-0.01,86261723.0,86261723.0,https://www.sedar.com/ModifyCompanyDocumentSearchForm.do?lang=EN&company_search=Sabina Gold & Silver Corp&document_selection=0&industry_group=A&FromDate=13&FromMonth=05&FromYear=2000&ToDate=13&ToMonth=11&ToYear=2020&Variable=Issuer,https://www.sedar.com/ModifyCompanyDocumentSearchForm.do?lang=EN&company_search=Sabina Gold & Silver Corp&document_selection=0&industry_group=A&FromDate=13&FromMonth=05&FromYear=2000&ToDate=13&ToMonth=11&ToYear=2020&Variable=Issuer,1620597599,17:59:59,20210509
46,2009-06-30,SBB.TO,CAD,2009-06-30,2009-06-30,Q2,0.0,0.0,0.0,0.0,0.0,1995000.0,0.0,472000.0,2034000.0,2034000.0,8000.0,11000.0,-2023000.0,0.0,-2034000.0,0.0,472000.0,-1523000.0,0.0,-62000.0,-1460000.0,0.0,-0.02,-0.02,77330019.0,77330019.0,https://www.sedar.com/ModifyCompanyDocumentSearchForm.do?lang=EN&company_search=Sabina Gold & Silver Corp&document_selection=0&industry_group=A&FromDate=13&FromMonth=05&FromYear=2000&ToDate=13&ToMonth=11&ToYear=2020&Variable=Issuer,https://www.sedar.com/ModifyCompanyDocumentSearchForm.do?lang=EN&company_search=Sabina Gold & Silver Corp&document_selection=0&industry_group=A&FromDate=13&FromMonth=05&FromYear=2000&ToDate=13&ToMonth=11&ToYear=2020&Variable=Issuer,1620597599,17:59:59,20210509
47,2009-03-31,SBB.TO,CAD,2009-03-31,2009-03-31,Q1,0.0,0.0,0.0,0.0,0.0,944000.0,0.0,304000.0,950000.0,950000.0,27000.0,6000.0,-944000.0,0.0,-950000.0,0.0,304000.0,-583000.0,0.0,-181000.0,-402000.0,0.0,-0.01,-0.01,73406942.0,73406942.0,https://www.sedar.com/ModifyCompanyDocumentSearchForm.do?lang=EN&company_search=Sabina Gold & Silver Corp&document_selection=0&industry_group=A&FromDate=13&FromMonth=05&FromYear=2000&ToDate=13&ToMonth=11&ToYear=2020&Variable=Issuer,https://www.sedar.com/ModifyCompanyDocumentSearchForm.do?lang=EN&company_search=Sabina Gold & Silver Corp&document_selection=0&industry_group=A&FromDate=13&FromMonth=05&FromYear=2000&ToDate=13&ToMonth=11&ToYear=2020&Variable=Issuer,1620597599,17:59:59,20210509
48,2008-12-31,SBB.TO,CAD,2008-12-31,2008-12-31,Q4,0.0,0.0,0.0,0.0,0.0,1353297.0,0.0,0.0,1477302.0,1477302.0,24233.0,7121.0,-1470181.0,0.0,-1477302.0,0.0,-1263981.0,-2595611.0,0.0,-767176.0,-1828435.0,0.0,-0.005611380486727302,-0.005611380486727302,325844060.0,325844060.0,https://www.sedar.com/ModifyCompanyDocumentSearchForm.do?lang=EN&company_search=Sabina Gold & Silver Corp&document_selection=0&industry_group=A&FromDate=13&FromMonth=05&FromYear=2000&ToDate=13&ToMonth=11&ToYear=2020&Variable=Issuer,https://www.sedar.com/ModifyCompanyDocumentSearchForm.do?lang=EN&company_search=Sabina Gold & Silver Corp&document_selection=0&industry_group=A&FromDate=13&FromMonth=05&FromYear=2000&ToDate=13&ToMonth=11&ToYear=2020&Variable=Issuer,1620597599,17:59:59,20210509
49,2008-09-30,SBB.TO,CAD,2008-09-30,2008-09-30,Q3,0.0,0.0,0.0,0.0,0.0,818658.0,0.0,0.0,839639.0,839639.0,904.0,9557.0,-830082.0,0.0,-839639.0,0.0,-648651.0,-1249405.0,0.0,-318665.0,-930740.0,0.0,-0.013931122383953701,-0.013764604150502726,66810123.0,67618363.0,https://www.sedar.com/ModifyCompanyDocumentSearchForm.do?lang=EN&company_search=Sabina Gold & Silver Corp&document_selection=0&industry_group=A&FromDate=13&FromMonth=05&FromYear=2000&ToDate=13&ToMonth=11&ToYear=2020&Variable=Issuer,https://www.sedar.com/ModifyCompanyDocumentSearchForm.do?lang=EN&company_search=Sabina Gold & Silver Corp&document_selection=0&industry_group=A&FromDate=13&FromMonth=05&FromYear=2000&ToDate=13&ToMonth=11&ToYear=2020&Variable=Issuer,1620597599,17:59:59,20210509
50,2008-06-30,SBB.TO,CAD,2008-06-30,2008-06-30,Q2,318345.0,0.0,318345.0,1.0,0.0,728532.0,0.0,592000.0,737790.0,737790.0,1063.0,9258.0,-410187.0,-1.2884983272864345,-419445.0,-1.3175799839796447,582514.0,162006.0,0.5089007209159874,168784.0,-6778.0,-0.02129136628500526,-0.00010189751575420083,-0.00010081677053213555,66517814.0,67230878.0,https://www.sedar.com/ModifyCompanyDocumentSearchForm.do?lang=EN&company_search=Sabina Gold & Silver Corp&document_selection=0&industry_group=A&FromDate=13&FromMonth=05&FromYear=2000&ToDate=13&ToMonth=11&ToYear=2020&Variable=Issuer,https://www.sedar.com/ModifyCompanyDocumentSearchForm.do?lang=EN&company_search=Sabina Gold & Silver Corp&document_selection=0&industry_group=A&FromDate=13&FromMonth=05&FromYear=2000&ToDate=13&ToMonth=11&ToYear=2020&Variable=Issuer,1620597599,17:59:59,20210509
51,2008-03-31,SBB.TO,CAD,2008-03-31,2008-03-31,Q1,0.0,0.0,385961.0,0.0,0.0,585513.0,0.0,0.0,599466.0,599466.0,1800.0,9064.0,-590402.0,0.0,-599466.0,0.0,-449685.0,-664990.0,0.0,-293943.0,-371047.0,0.0,-0.005578159859552811,-0.005518996791920522,66517814.0,67230878.0,https://www.sedar.com/ModifyCompanyDocumentSearchForm.do?lang=EN&company_search=Sabina Gold & Silver Corp&document_selection=0&industry_group=A&FromDate=13&FromMonth=05&FromYear=2000&ToDate=13&ToMonth=11&ToYear=2020&Variable=Issuer,https://www.sedar.com/ModifyCompanyDocumentSearchForm.do?lang=EN&company_search=Sabina Gold & Silver Corp&document_selection=0&industry_group=A&FromDate=13&FromMonth=05&FromYear=2000&ToDate=13&ToMonth=11&ToYear=2020&Variable=Issuer,1620597599,17:59:59,20210509
52,2007-09-30,SBB.TO,CAD,2007-09-30,2007-09-30,Q3,-774022.0,0.0,0.0,0.0,0.0,1483846.0,0.0,0.0,1499688.0,1499688.0,1831.0,15842.0,-2257868.0,2.9170592050355157,-2273710.0,2.9375263235411913,16000.0,-940564.0,1.2151644268509163,4307.0,-944871.0,1.2207288681717057,-0.002899764384227228,-0.002899764384227228,325844060.0,325844060.0,https://www.sedar.com/ModifyCompanyDocumentSearchForm.do?lang=EN&company_search=Sabina Gold & Silver Corp&document_selection=0&industry_group=A&FromDate=13&FromMonth=05&FromYear=2000&ToDate=13&ToMonth=11&ToYear=2020&Variable=Issuer,https://www.sedar.com/ModifyCompanyDocumentSearchForm.do?lang=EN&company_search=Sabina Gold & Silver Corp&document_selection=0&industry_group=A&FromDate=13&FromMonth=05&FromYear=2000&ToDate=13&ToMonth=11&ToYear=2020&Variable=Issuer,1620597599,17:59:59,20210509
53,2007-06-30,SBB.TO,CAD,2007-06-30,2007-06-30,Q2,510402.0,0.0,510402.0,1.0,0.0,430965.0,0.0,0.0,435220.0,435220.0,1408.0,4130.0,79312.0,0.15539124062993484,75182.0,0.1472995795471021,5342186.0,5415960.0,10.611165316750327,872773.0,4543187.0,8.901193568990717,0.06885779636112362,0.0669934321269079,65979268.0,67815409.0,https://www.sedar.com/ModifyCompanyDocumentSearchForm.do?lang=EN&company_search=Sabina Gold & Silver Corp&document_selection=0&industry_group=A&FromDate=13&FromMonth=05&FromYear=2000&ToDate=13&ToMonth=11&ToYear=2020&Variable=Issuer,https://www.sedar.com/ModifyCompanyDocumentSearchForm.do?lang=EN&company_search=Sabina Gold & Silver Corp&document_selection=0&industry_group=A&FromDate=13&FromMonth=05&FromYear=2000&ToDate=13&ToMonth=11&ToYear=2020&Variable=Issuer,1620597599,17:59:59,20210509
54,2007-03-31,SBB.TO,CAD,2007-03-31,2007-03-31,Q1,173197.0,0.0,0.0,0.0,0.0,2706533.0,0.0,0.0,2711086.0,2711086.0,0.0,4553.0,-2533336.0,-14.626904623059291,-2537889.0,-14.65319260726225,1032647.0,-1506471.0,-8.698020173559588,-707732.0,-798739.0,-4.61173692384972,-0.015,-0.015,53744999.0,53744999.0,https://www.sedar.com/ModifyCompanyDocumentSearchForm.do?lang=EN&company_search=Sabina Gold & Silver Corp&document_selection=0&industry_group=A&FromDate=13&FromMonth=05&FromYear=2000&ToDate=13&ToMonth=11&ToYear=2020&Variable=Issuer,https://www.sedar.com/ModifyCompanyDocumentSearchForm.do?lang=EN&company_search=Sabina Gold & Silver Corp&document_selection=0&industry_group=A&FromDate=13&FromMonth=05&FromYear=2000&ToDate=13&ToMonth=11&ToYear=2020&Variable=Issuer,1620597599,17:59:59,20210509
55,2006-12-31,SBB.TO,CAD,2006-12-31,2006-12-31,Q4,90423.0,0.0,90423.0,1.0,0.0,610399.0,0.0,0.0,618696.0,618696.0,941.0,8297.0,-519976.0,-5.75048383707685,-528273.0,-5.842241465113965,1415192.0,885978.0,9.798148701104807,52700.0,833278.0,9.21533238224788,0.01742282533176325,0.017118431881479556,47826801.0,48677239.0,https://www.sedar.com/ModifyCompanyDocumentSearchForm.do?lang=EN&company_search=Sabina Gold & Silver Corp&document_selection=0&industry_group=A&FromDate=13&FromMonth=05&FromYear=2000&ToDate=13&ToMonth=11&ToYear=2020&Variable=Issuer,https://www.sedar.com/ModifyCompanyDocumentSearchForm.do?lang=EN&company_search=Sabina Gold & Silver Corp&document_selection=0&industry_group=A&FromDate=13&FromMonth=05&FromYear=2000&ToDate=13&ToMonth=11&ToYear=2020&Variable=Issuer,1620597599,17:59:59,20210509
56,2006-09-30,SBB.TO,CAD,2006-09-30,2006-09-30,Q3,0.0,0.0,0.0,0.0,0.0,541302.0,0.0,0.0,563291.0,563291.0,1029.0,12196.0,-174259.0,0.0,-186455.0,0.0,951780.0,499645.0,0.0,435584.0,64061.0,0.0,0.0001966001773977405,0.0001966001773977405,325844060.0,325844060.0,https://www.sedar.com/ModifyCompanyDocumentSearchForm.do?lang=EN&company_search=Sabina Gold & Silver Corp&document_selection=0&industry_group=A&FromDate=13&FromMonth=05&FromYear=2000&ToDate=13&ToMonth=11&ToYear=2020&Variable=Issuer,https://www.sedar.com/ModifyCompanyDocumentSearchForm.do?lang=EN&company_search=Sabina Gold & Silver Corp&document_selection=0&industry_group=A&FromDate=13&FromMonth=05&FromYear=2000&ToDate=13&ToMonth=11&ToYear=2020&Variable=Issuer,1620597599,17:59:59,20210509
57,2006-06-30,SBB.TO,CAD,2006-06-30,2006-06-30,Q2,0.0,0.0,0.0,0.0,0.0,374028.0,0.0,0.0,385137.0,385137.0,810.0,8711.0,-376426.0,0.0,-385137.0,0.0,0.0,-233715.0,0.0,-84138.0,-149577.0,0.0,-0.0032,-0.0032,46857732.0,46857732.0,https://www.sedar.com/ModifyCompanyDocumentSearchForm.do?lang=EN&company_search=Sabina Gold & Silver Corp&document_selection=0&industry_group=A&FromDate=13&FromMonth=05&FromYear=2000&ToDate=13&ToMonth=11&ToYear=2020&Variable=Issuer,https://www.sedar.com/ModifyCompanyDocumentSearchForm.do?lang=EN&company_search=Sabina Gold & Silver Corp&document_selection=0&industry_group=A&FromDate=13&FromMonth=05&FromYear=2000&ToDate=13&ToMonth=11&ToYear=2020&Variable=Issuer,1620597599,17:59:59,20210509
58,2006-03-31,SBB.TO,CAD,2006-03-31,2006-03-31,Q1,0.0,0.0,0.0,0.0,0.0,303193.0,125053.0,0.0,445937.0,445937.0,699.0,5405.0,-440532.0,0.0,-445937.0,0.0,0.0,-356414.0,0.0,-404742.0,48328.0,0.0,0.001,0.001,46857732.0,46857732.0,https://www.sedar.com/ModifyCompanyDocumentSearchForm.do?lang=EN&company_search=Sabina Gold & Silver Corp&document_selection=0&industry_group=A&FromDate=13&FromMonth=05&FromYear=2000&ToDate=13&ToMonth=11&ToYear=2020&Variable=Issuer,https://www.sedar.com/ModifyCompanyDocumentSearchForm.do?lang=EN&company_search=Sabina Gold & Silver Corp&document_selection=0&industry_group=A&FromDate=13&FromMonth=05&FromYear=2000&ToDate=13&ToMonth=11&ToYear=2020&Variable=Issuer,1620597599,17:59:59,20210509
59,2005-12-31,SBB.TO,CAD,2005-12-31,2005-12-31,Q4,22197.0,0.0,22197.0,1.0,0.0,527962.0,0.0,0.0,529792.0,529792.0,899.0,1830.0,-505765.0,-22.785286299950442,-507595.0,-22.867729873406315,8270273.0,7761779.0,349.6769383249989,2652803.0,5108976.0,230.16515745370995,0.138,0.138,36832668.0,36832668.0,https://www.sedar.com/ModifyCompanyDocumentSearchForm.do?lang=EN&company_search=Sabina Gold & Silver Corp&document_selection=0&industry_group=A&FromDate=13&FromMonth=05&FromYear=2000&ToDate=13&ToMonth=11&ToYear=2020&Variable=Issuer,https://www.sedar.com/ModifyCompanyDocumentSearchForm.do?lang=EN&company_search=Sabina Gold & Silver Corp&document_selection=0&industry_group=A&FromDate=13&FromMonth=05&FromYear=2000&ToDate=13&ToMonth=11&ToYear=2020&Variable=Issuer,1620597599,17:59:59,20210509
60,2005-09-30,SBB.TO,CAD,2005-09-30,2005-09-30,Q3,7869.0,0.0,0.0,0.0,0.0,317145.0,0.0,-25064.0,206200.0,206200.0,0.0,1924.0,-196407.0,-24.959588257720167,-198331.0,-25.20409200660821,-25957.0,-201639.0,-25.62447579107892,-230762.0,29123.0,3.7009785233193546,8.937710879246963e-05,8.937710879246963e-05,325844060.0,325844060.0,https://www.sedar.com/ModifyCompanyDocumentSearchForm.do?lang=EN&company_search=Sabina Gold & Silver Corp&document_selection=0&industry_group=A&FromDate=13&FromMonth=05&FromYear=2000&ToDate=13&ToMonth=11&ToYear=2020&Variable=Issuer,https://www.sedar.com/ModifyCompanyDocumentSearchForm.do?lang=EN&company_search=Sabina Gold & Silver Corp&document_selection=0&industry_group=A&FromDate=13&FromMonth=05&FromYear=2000&ToDate=13&ToMonth=11&ToYear=2020&Variable=Issuer,1620597599,17:59:59,20210509
61,2005-06-30,SBB.TO,CAD,2005-06-30,2005-06-30,Q2,67762.0,0.0,67762.0,1.0,0.0,214142.0,0.0,0.0,242884.0,242884.0,0.0,1926.0,-173196.0,-2.5559458103361767,-175122.0,-2.584368820282754,23548.0,-175122.0,-2.584368820282754,-73849.0,-101273.0,-1.4945397125232431,-0.003246990170635228,-0.0027727610186811806,31189808.0,36524244.0,https://www.sedar.com/ModifyCompanyDocumentSearchForm.do?lang=EN&company_search=Sabina Gold & Silver Corp&document_selection=0&industry_group=A&FromDate=13&FromMonth=05&FromYear=2000&ToDate=13&ToMonth=11&ToYear=2020&Variable=Issuer,https://www.sedar.com/ModifyCompanyDocumentSearchForm.do?lang=EN&company_search=Sabina Gold & Silver Corp&document_selection=0&industry_group=A&FromDate=13&FromMonth=05&FromYear=2000&ToDate=13&ToMonth=11&ToYear=2020&Variable=Issuer,1620597599,17:59:59,20210509
62,2005-03-31,SBB.TO,CAD,2005-03-31,2005-03-31,Q1,63704.0,0.0,63704.0,1.0,0.0,138148.0,0.0,0.0,426005.0,426005.0,0.0,1884.0,-360417.0,-5.657682406128344,-362301.0,-5.687256687178199,-5000.0,-367301.0,-5.765744694210724,-148389.0,-218912.0,-3.4363933191008416,-0.01,-0.01,36524244.0,36524244.0,https://www.sedar.com/ModifyCompanyDocumentSearchForm.do?lang=EN&company_search=Sabina Gold & Silver Corp&document_selection=0&industry_group=A&FromDate=13&FromMonth=05&FromYear=2000&ToDate=13&ToMonth=11&ToYear=2020&Variable=Issuer,https://www.sedar.com/ModifyCompanyDocumentSearchForm.do?lang=EN&company_search=Sabina Gold & Silver Corp&document_selection=0&industry_group=A&FromDate=13&FromMonth=05&FromYear=2000&ToDate=13&ToMonth=11&ToYear=2020&Variable=Issuer,1620597599,17:59:59,20210509
63,2004-12-31,SBB.TO,CAD,2004-12-31,2004-12-31,Q4,77652.0,0.0,77652.0,1.0,0.0,443741.0,0.0,0.0,488394.0,488394.0,0.0,960.0,-409782.0,-5.277159635295936,-410742.0,-5.289522484932777,0.0,0.0,0.0,0.0,-410742.0,-5.289522484932777,-0.01,-0.01,28459581.0,28459581.0,https://www.sedar.com/ModifyCompanyDocumentSearchForm.do?lang=EN&company_search=Sabina Gold & Silver Corp&document_selection=0&industry_group=A&FromDate=13&FromMonth=05&FromYear=2000&ToDate=13&ToMonth=11&ToYear=2020&Variable=Issuer,https://www.sedar.com/ModifyCompanyDocumentSearchForm.do?lang=EN&company_search=Sabina Gold & Silver Corp&document_selection=0&industry_group=A&FromDate=13&FromMonth=05&FromYear=2000&ToDate=13&ToMonth=11&ToYear=2020&Variable=Issuer,1620597599,17:59:59,20210509
64,2004-09-30,SBB.TO,CAD,2004-09-30,2004-09-30,Q3,55926.0,0.0,0.0,0.0,0.0,598381.0,0.0,0.0,602679.0,602679.0,0.0,0.0,-546753.0,-9.776365196867289,-546753.0,-9.776365196867289,0.0,0.0,0.0,0.0,-521818.0,-9.330508171512356,-0.0016014347476519903,-0.0016014347476519903,325844060.0,325844060.0,https://www.sedar.com/ModifyCompanyDocumentSearchForm.do?lang=EN&company_search=Sabina Gold & Silver Corp&document_selection=0&industry_group=A&FromDate=13&FromMonth=05&FromYear=2000&ToDate=13&ToMonth=11&ToYear=2020&Variable=Issuer,https://www.sedar.com/ModifyCompanyDocumentSearchForm.do?lang=EN&company_search=Sabina Gold & Silver Corp&document_selection=0&industry_group=A&FromDate=13&FromMonth=05&FromYear=2000&ToDate=13&ToMonth=11&ToYear=2020&Variable=Issuer,1620597599,17:59:59,20210509
65,2004-06-30,SBB.TO,CAD,2004-06-30,2004-06-30,Q2,58430.0,0.0,58430.0,1.0,0.0,42660.0,0.0,0.0,42660.0,42660.0,0.0,0.0,15770.0,0.26989560157453363,15770.0,0.26989560157453363,0.0,0.0,0.0,0.0,15770.0,0.26989560157453363,0.000562,0.000562,28067300.0,28067300.0,https://www.sedar.com/ModifyCompanyDocumentSearchForm.do?lang=EN&company_search=Sabina Gold & Silver Corp&document_selection=0&industry_group=A&FromDate=13&FromMonth=05&FromYear=2000&ToDate=13&ToMonth=11&ToYear=2020&Variable=Issuer,https://www.sedar.com/ModifyCompanyDocumentSearchForm.do?lang=EN&company_search=Sabina Gold & Silver Corp&document_selection=0&industry_group=A&FromDate=13&FromMonth=05&FromYear=2000&ToDate=13&ToMonth=11&ToYear=2020&Variable=Issuer,1620597599,17:59:59,20210509
66,2004-03-31,SBB.TO,CAD,2004-03-31,2004-03-31,Q1,58367.0,0.0,58367.0,1.0,0.0,67466.0,0.0,0.0,67466.0,67466.0,0.0,0.0,-9099.0,-0.15589288467798584,-9099.0,-0.15589288467798584,0.0,0.0,0.0,0.0,-9099.0,-0.15589288467798584,-0.000329,-0.000329,27640340.0,27640340.0,https://www.sedar.com/ModifyCompanyDocumentSearchForm.do?lang=EN&company_search=Sabina Gold & Silver Corp&document_selection=0&industry_group=A&FromDate=13&FromMonth=05&FromYear=2000&ToDate=13&ToMonth=11&ToYear=2020&Variable=Issuer,https://www.sedar.com/ModifyCompanyDocumentSearchForm.do?lang=EN&company_search=Sabina Gold & Silver Corp&document_selection=0&industry_group=A&FromDate=13&FromMonth=05&FromYear=2000&ToDate=13&ToMonth=11&ToYear=2020&Variable=Issuer,1620597599,17:59:59,20210509
67,2003-12-31,SBB.TO,CAD,2003-12-31,2003-12-31,Q4,19184.0,0.0,19184.0,1.0,0.0,83687.0,0.0,0.0,83687.0,83687.0,0.0,0.0,-64503.0,-3.362333194328607,-64503.0,-3.362333194328607,0.0,0.0,0.0,0.0,-64503.0,-3.362333194328607,-0.002618,-0.002618,24635442.0,24635442.0,https://www.sedar.com/ModifyCompanyDocumentSearchForm.do?lang=EN&company_search=Sabina Gold & Silver Corp&document_selection=0&industry_group=A&FromDate=13&FromMonth=05&FromYear=2000&ToDate=13&ToMonth=11&ToYear=2020&Variable=Issuer,https://www.sedar.com/ModifyCompanyDocumentSearchForm.do?lang=EN&company_search=Sabina Gold & Silver Corp&document_selection=0&industry_group=A&FromDate=13&FromMonth=05&FromYear=2000&ToDate=13&ToMonth=11&ToYear=2020&Variable=Issuer,1620597599,17:59:59,20210509
68,2003-09-30,SBB.TO,CAD,2003-09-30,2003-09-30,Q3,3525.0,0.0,3525.0,1.0,0.0,6909.0,0.0,0.0,9169.0,9169.0,0.0,0.0,-5644.0,-1.6011347517730496,-5644.0,-1.6011347517730496,0.0,0.0,0.0,0.0,-30644.0,-8.693333333333333,-9.404498581315246e-05,-9.404498581315246e-05,325844060.0,325844060.0,https://www.sedar.com/ModifyCompanyDocumentSearchForm.do?lang=EN&company_search=Sabina Gold & Silver Corp&document_selection=0&industry_group=A&FromDate=13&FromMonth=05&FromYear=2000&ToDate=13&ToMonth=11&ToYear=2020&Variable=Issuer,https://www.sedar.com/ModifyCompanyDocumentSearchForm.do?lang=EN&company_search=Sabina Gold & Silver Corp&document_selection=0&industry_group=A&FromDate=13&FromMonth=05&FromYear=2000&ToDate=13&ToMonth=11&ToYear=2020&Variable=Issuer,1620597599,17:59:59,20210509
69,2003-06-30,SBB.TO,CAD,2003-06-30,2003-06-30,Q2,4033.0,0.0,0.0,0.0,0.0,20547.0,0.0,0.0,20547.0,20547.0,0.0,0.0,-16514.0,-4.094718571782792,-16514.0,-4.094718571782792,25000.0,0.0,0.0,0.0,8486.0,2.104140838085792,0.0009,0.0009,8964004.0,8964004.0,https://www.sedar.com/ModifyCompanyDocumentSearchForm.do?lang=EN&company_search=Sabina Gold & Silver Corp&document_selection=0&industry_group=A&FromDate=13&FromMonth=05&FromYear=2000&ToDate=13&ToMonth=11&ToYear=2020&Variable=Issuer,https://www.sedar.com/ModifyCompanyDocumentSearchForm.do?lang=EN&company_search=Sabina Gold & Silver Corp&document_selection=0&industry_group=A&FromDate=13&FromMonth=05&FromYear=2000&ToDate=13&ToMonth=11&ToYear=2020&Variable=Issuer,1620597599,17:59:59,20210509
70,2003-03-31,SBB.TO,CAD,2003-03-31,2003-03-31,Q1,3496.0,0.0,0.0,0.0,0.0,40297.0,0.0,0.0,40297.0,40297.0,0.0,0.0,-36801.0,-10.526601830663616,-36801.0,-10.526601830663616,0.0,0.0,0.0,0.0,-36801.0,-10.526601830663616,-0.004105,-0.004105,8964004.0,8964004.0,https://www.sedar.com/ModifyCompanyDocumentSearchForm.do?lang=EN&company_search=Sabina Gold & Silver Corp&document_selection=0&industry_group=A&FromDate=13&FromMonth=05&FromYear=2000&ToDate=13&ToMonth=11&ToYear=2020&Variable=Issuer,https://www.sedar.com/ModifyCompanyDocumentSearchForm.do?lang=EN&company_search=Sabina Gold & Silver Corp&document_selection=0&industry_group=A&FromDate=13&FromMonth=05&FromYear=2000&ToDate=13&ToMonth=11&ToYear=2020&Variable=Issuer,1620597599,17:59:59,20210509
71,2002-12-31,SBB.TO,CAD,2002-12-31,2002-12-31,Q4,0.0,0.0,0.0,0.0,0.0,26465.0,0.0,0.0,26465.0,26465.0,0.0,0.0,-26465.0,0.0,-26465.0,0.0,0.0,0.0,0.0,0.0,-26465.0,0.0,-0.002952,-0.002952,8964004.0,8964004.0,https://www.sedar.com/ModifyCompanyDocumentSearchForm.do?lang=EN&company_search=Sabina Gold & Silver Corp&document_selection=0&industry_group=A&FromDate=13&FromMonth=05&FromYear=2000&ToDate=13&ToMonth=11&ToYear=2020&Variable=Issuer,https://www.sedar.com/ModifyCompanyDocumentSearchForm.do?lang=EN&company_search=Sabina Gold & Silver Corp&document_selection=0&industry_group=A&FromDate=13&FromMonth=05&FromYear=2000&ToDate=13&ToMonth=11&ToYear=2020&Variable=Issuer,1620597599,17:59:59,20210509
72,2002-09-30,SBB.TO,CAD,2002-09-30,2002-09-30,Q3,2356.0,0.0,2356.0,1.0,0.0,22115.0,0.0,0.0,22728.0,22728.0,0.0,0.0,-20372.0,-8.64685908319185,-20372.0,-8.64685908319185,32046.0,0.0,0.0,0.0,11674.0,4.955008488964347,3.582695354336059e-05,3.582695354336059e-05,325844060.0,325844060.0,https://www.sedar.com/ModifyCompanyDocumentSearchForm.do?lang=EN&company_search=Sabina Gold & Silver Corp&document_selection=0&industry_group=A&FromDate=13&FromMonth=05&FromYear=2000&ToDate=13&ToMonth=11&ToYear=2020&Variable=Issuer,https://www.sedar.com/ModifyCompanyDocumentSearchForm.do?lang=EN&company_search=Sabina Gold & Silver Corp&document_selection=0&industry_group=A&FromDate=13&FromMonth=05&FromYear=2000&ToDate=13&ToMonth=11&ToYear=2020&Variable=Issuer,1620597599,17:59:59,20210509
73,2002-06-30,SBB.TO,CAD,2002-06-30,2002-06-30,Q2,4095.0,0.0,4095.0,1.0,0.0,11071.0,0.0,0.0,11071.0,11071.0,0.0,0.0,-6976.0,-1.7035409035409035,-6976.0,-1.7035409035409035,-136220.0,0.0,0.0,0.0,-145775.0,-35.598290598290596,-0.023901,-0.023901,6099004.0,6099004.0,https://www.sedar.com/ModifyCompanyDocumentSearchForm.do?lang=EN&company_search=Sabina Gold & Silver Corp&document_selection=0&industry_group=A&FromDate=13&FromMonth=05&FromYear=2000&ToDate=13&ToMonth=11&ToYear=2020&Variable=Issuer,https://www.sedar.com/ModifyCompanyDocumentSearchForm.do?lang=EN&company_search=Sabina Gold & Silver Corp&document_selection=0&industry_group=A&FromDate=13&FromMonth=05&FromYear=2000&ToDate=13&ToMonth=11&ToYear=2020&Variable=Issuer,1620597599,17:59:59,20210509
74,2002-03-31,SBB.TO,CAD,2002-03-31,2002-03-31,Q1,6213.0,0.0,6213.0,1.0,0.0,16211.0,0.0,0.0,16211.0,16211.0,0.0,0.0,-9998.0,-1.609206502494769,-9998.0,-1.609206502494769,6278.0,0.0,0.0,0.0,-9333.0,-1.502172863351038,-0.0015,-0.0015,6099004.0,6099004.0,https://www.sedar.com/ModifyCompanyDocumentSearchForm.do?lang=EN&company_search=Sabina Gold & Silver Corp&document_selection=0&industry_group=A&FromDate=13&FromMonth=05&FromYear=2000&ToDate=13&ToMonth=11&ToYear=2020&Variable=Issuer,https://www.sedar.com/ModifyCompanyDocumentSearchForm.do?lang=EN&company_search=Sabina Gold & Silver Corp&document_selection=0&industry_group=A&FromDate=13&FromMonth=05&FromYear=2000&ToDate=13&ToMonth=11&ToYear=2020&Variable=Issuer,1620597599,17:59:59,20210509
75,2001-12-31,SBB.TO,CAD,2001-12-31,2001-12-31,Q4,2204.0,0.0,2204.0,1.0,0.0,12739.0,0.0,0.0,12739.0,12739.0,0.0,0.0,-10535.0,-4.77994555353902,-10535.0,-4.77994555353902,-665.0,0.0,0.0,0.0,-11200.0,-5.081669691470054,-0.0018,-0.0018,6099004.0,6099004.0,https://www.sedar.com/ModifyCompanyDocumentSearchForm.do?lang=EN&company_search=Sabina Gold & Silver Corp&document_selection=0&industry_group=A&FromDate=13&FromMonth=05&FromYear=2000&ToDate=13&ToMonth=11&ToYear=2020&Variable=Issuer,https://www.sedar.com/ModifyCompanyDocumentSearchForm.do?lang=EN&company_search=Sabina Gold & Silver Corp&document_selection=0&industry_group=A&FromDate=13&FromMonth=05&FromYear=2000&ToDate=13&ToMonth=11&ToYear=2020&Variable=Issuer,1620597599,17:59:59,20210509
