,date,symbol,reportedCurrency,fillingDate,acceptedDate,period,revenue,costOfRevenue,grossProfit,grossProfitRatio,researchAndDevelopmentExpenses,generalAndAdministrativeExpenses,sellingAndMarketingExpenses,otherExpenses,operatingExpenses,costAndExpenses,interestExpense,depreciationAndAmortization,ebitda,ebitdaratio,operatingIncome,operatingIncomeRatio,totalOtherIncomeExpensesNet,incomeBeforeTax,incomeBeforeTaxRatio,incomeTaxExpense,netIncome,netIncomeRatio,eps,epsdiluted,weightedAverageShsOut,weightedAverageShsOutDil,link,finalLink,timestamp,est_time,est_date
0,2020-12-31,TM,JPY,2020-12-31,2020-12-31,Q3,8150032000000,6493330000000.0,1656702000000.0,0.2032755208813904,0.0,668762000000.0,0.0,0.0,6493330000000.0,0.0,0.0,407599000000.0,1395539000000,0.17123110682264805,987940000000,0.12121915594932633,0.0,1141174000000.0,0.1400207999183316,273666000000.0,838696000000.0,0.10290708061023564,599.9339761892244,589.9996447463436,1397980500,1421519500,,,1620598878,18:21:18,20210509
1,2020-09-30,TM,JPY,2020-09-30,2020-09-30,Q2,6774427000000,5626280000000.0,1148147000000.0,0.16948252597599767,0.0,642086000000.0,0.0,-3706000000.0,642086000000.0,6268366000000.0,13225000000.0,412544000000.0,918605000000,0.13559892224095116,506061000000,0.07470166849535761,64561000000.0,610582000000.0,0.0901304272671327,128841000000.0,470525000000.0,0.06945605879286912,336.58,333.36,1397980500,1421519500,,,1620598878,18:21:18,20210509
2,2020-06-30,TM,JPY,2020-06-30,2020-06-30,Q1,4600796000000,4051368000000.0,549428000000.0,0.11942020467762535,0.0,535508000000.0,0.0,3599000000.0,535508000000.0,4586876000000.0,10012000000.0,398044000000.0,411964000000,0.08954189666309917,13920000000,0.0030255634025068705,-463000000.0,118233000000.0,0.025698379150042732,-31214000000.0,158843000000.0,0.03452511261094819,113.74,113.74,1396637000,1396637000,,,1620598878,18:21:18,20210509
3,2020-03-31,TM,JPY,2020-03-31,2020-03-31,Q4,7099828000000,5879214000000.0,1220614000000.0,0.17192162965074648,0.0,836528000000.0,0.0,50387000000.0,836528000000.0,6715742000000.0,13902000000.0,411613000000.0,795699000000,0.11207299669794818,384086000000,0.05409793025971897,-371395000000.0,38828000000.0,0.005468864879543561,-57119000000.0,63173000000.0,0.008897821186654099,45.23222569644081,45.23222569644081,1396637000,1396637000,,,1620598878,18:21:18,20210509
4,2019-12-31,TM,JPY,2019-12-31,2019-12-31,Q3,7544569000000,6148659000000.0,1395910000000.0,0.18502183491197444,0.0,741463000000.0,0.0,-19196000000.0,741463000000.0,6890122000000.0,3469000000.0,409713000000.0,1064160000000,0.14104980682130416,654447000000,0.086744120174393,214706000000.0,932294000000.0,0.12357153867901532,265901000000.0,738034000000.0,0.09782321561377462,526.82,521.12,1400922516,1416245778,,,1620598878,18:21:18,20210509
5,2019-09-30,TM,JPY,2019-09-30,2019-09-30,Q2,7639504000000,6284401000000.0,1355103000000.0,0.17738101845355406,0.0,692718000000.0,0.0,-13482000000.0,692718000000.0,6977119000000.0,10495000000.0,385705000000.0,1048090000000,0.1371934617744817,662385000000,0.08670523636089464,38015000000.0,741735000000.0,0.09709203634162637,225019000000.0,592002000000.0,0.0774922036823333,418.98,415.1,1402617500,1426167500,,,1620598878,18:21:18,20210509
6,2019-06-30,TM,JPY,2019-06-30,2019-06-30,Q1,7646091000000,6210090000000.0,1436001000000.0,0.18780851548850255,0.0,694050000000.0,0.0,-3004000000.0,694050000000.0,6904140000000.0,4351000000.0,398352000000.0,1140303000000,0.14913542096216223,741951000000,0.09703664264524187,29759000000.0,841750000000.0,0.1100889330247312,249629000000.0,682974000000.0,0.08932328950832523,479.28,474.44,1415996500,1439546500,,,1620598878,18:21:18,20210509
7,2019-03-31,TM,JPY,2019-03-31,2019-03-31,Q4,7750133000000,6449467000000.0,1300666000000.0,0.16782499087435016,0.0,771095000000.0,0.0,-11793000000.0,771095000000.0,7220562000000.0,7570000000.0,470763000000.0,1000334000000,0.12907313977708512,529571000000,0.06833056929474629,2593000000.0,559686000000.0,0.07221630906205094,180205000000.0,459566000000.0,0.059297821082554325,324.5530621014953,324.5530621014953,1415996500,1415996500,,,1620598878,18:21:18,20210509
8,2018-12-31,TM,JPY,2018-12-31,2018-12-31,Q3,7801542000000,6348161000000.0,1453381000000.0,0.18629406853158004,0.0,777252000000.0,0.0,-206000000.0,777252000000.0,7125413000000.0,8905000000.0,456305000000.0,1132434000000,0.14515515009725,676129000000,0.08666607191245013,-555879000000.0,176970000000.0,0.02268397709068284,6148000000.0,180915000000.0,0.023189646354528373,126.28477473229533,124.24239198624039,1432595500,1456145500,,,1620598878,18:21:18,20210509
9,2018-09-30,TM,JPY,2018-09-30,2018-09-30,Q2,7311273000000,5996006000000.0,1315267000000.0,0.1798957582352622,0.0,736109000000.0,0.0,-11323000000.0,736109000000.0,6732115000000.0,8164000000.0,451853000000.0,1031011000000,0.14101661913048522,579158000000,0.07921438578480108,127061000000.0,734945000000.0,0.1005221662492975,227428000000.0,585086000000.0,0.08002518850000541,404.4,400.42,1437639000,1461203000,,,1620598878,18:21:18,20210509
10,2018-06-30,TM,JPY,2018-06-30,2018-06-30,Q1,7362733000000,5988151000000.0,1374582000000.0,0.18669453313056442,0.0,691895000000.0,0.0,-27521000000.0,691895000000.0,6680046000000.0,3439000000.0,413454000000.0,1096141000000,0.14887691839429734,682687000000,0.09272195528481068,46728000000.0,813864000000.0,0.1105383014703915,246163000000.0,657306000000.0,0.08927472991347099,449.34,444.66,1454595000,1478211000,,,1620598878,18:21:18,20210509
11,2018-03-31,TM,JPY,2018-03-31,2018-03-31,Q4,7582536000000,6074921000000.0,1507615000000.0,0.19882727889455454,0.0,877939000000.0,0.0,15388000000.0,877939000000.0,6952860000000.0,7537000000.0,453110000000.0,1082786000000,0.14279998143101463,629676000000,0.08304292917303657,-35703000000.0,617316000000.0,0.08141286767382311,226097000000.0,480806000000.0,0.06340965608340006,330.54286588363084,330.54286588363084,1454595000,1454595000,,,1620598878,18:21:18,20210509
12,2017-12-31,TM,JPY,2017-12-31,2017-12-31,Q3,7605767000000,6198150000000.0,1407617000000.0,0.1850723273537041,0.0,733972000000.0,0.0,7968000000.0,733972000000.0,6932122000000.0,6508000000.0,446648000000.0,1120293000000,0.1472952037578853,673645000000,0.08857029146435856,27904000000.0,750940000000.0,0.09873297459677637,-95938000000.0,941849000000.0,0.12383353315977205,638.02,629.98,1471368500,1495053500,,,1620598878,18:21:18,20210509
13,2017-09-30,TM,JPY,2017-09-30,2017-09-30,Q2,7143601000000,5863019000000.0,1280582000000.0,0.179262811570803,0.0,758335000000.0,0.0,2701000000.0,758335000000.0,6621354000000.0,9153000000.0,433657000000.0,955904000000,0.1338126247532582,522247000000,0.07310696664049406,33729000000.0,572825000000.0,0.08018714931027082,188849000000.0,458272000000.0,0.06415139927327967,308.56,305.74,1485195748,1498894486,,,1620598878,18:21:18,20210509
14,2017-06-30,TM,JPY,2017-06-30,2017-06-30,Q1,7047606000000,5753063000000.0,1294543000000.0,0.18368549547179566,0.0,720249000000.0,0.0,19891000000.0,720249000000.0,6473312000000.0,4388000000.0,400618000000.0,974912000000,0.1383323642099175,574294000000,0.08148781302473493,42682000000.0,679348000000.0,0.09639415143241549,185398000000.0,613056000000.0,0.08698783672072474,410.1,405.68,1487374754,1511141500,,,1620598878,18:21:18,20210509
15,2017-03-31,TM,JPY,2017-03-31,2017-03-31,Q4,7442473000000,6176018000000.0,1266455000000.0,0.17016588437741056,0.0,827534000000.0,0.0,-19807000000.0,827534000000.0,7003552000000.0,9765000000.0,436207000000.0,875128000000,0.11758564659891947,438921000000,0.05897515516683769,-28742000000.0,429753000000.0,0.057743306559526655,103656000000.0,398405000000.0,0.05353126574997316,267.857847478296,267.857847478296,1487374754,1487374754,,,1620598878,18:21:18,20210509
16,2016-12-31,TM,JPY,2016-12-31,2016-12-31,Q3,7084187000000,5967667000000.0,1116520000000.0,0.15760735847317411,0.0,677934000000.0,0.0,37094000000.0,677934000000.0,6645601000000.0,8475000000.0,407699000000.0,846285000000,0.1194611322371925,438586000000,0.06191056221412563,107537000000.0,587538000000.0,0.08293654585910847,170320000000.0,486531000000.0,0.06867845244627224,322.52,319.08,1500891000,1524780000,,,1620598878,18:21:18,20210509
17,2016-09-30,TM,JPY,2016-09-30,2016-09-30,Q2,6481420000000,5311425000000.0,1169995000000.0,0.18051522660157804,0.0,695360000000.0,0.0,6642000000.0,695360000000.0,6006785000000.0,6190000000.0,384755000000.0,859390000000,0.13259285773796484,474635000000,0.07323009463975487,8040000000.0,499478000000.0,0.07706305099808375,167099000000.0,393708000000.0,0.06074409620114111,259.54,257.08,1507530000,1531397000,,,1620598878,18:21:18,20210509
18,2016-06-30,TM,JPY,2016-06-30,2016-06-30,Q1,6589113000000,5279226000000.0,1309887000000.0,0.19879564973312797,0.0,667657000000.0,0.0,12293000000.0,667657000000.0,5946883000000.0,4923000000.0,382289000000.0,1024519000000,0.1554866337851544,642230000000,0.09746835423827152,-17012000000.0,677056000000.0,0.10275373938798743,187825000000.0,552465000000.0,0.08384512452586562,362.24,358.22,1518405000,1542273000,,,1620598878,18:21:18,20210509
19,2016-03-31,TM,JPY,2016-03-31,2016-03-31,Q4,6971748000000,5610985000000.0,1360763000000.0,0.19518247073761127,0.0,812463000000.0,0.0,3872000000.0,812463000000.0,6423448000000.0,6101000000.0,396408000000.0,944708000000,0.1355051846394907,548300000000,0.07864598663061258,-34531000000.0,530469000000.0,0.07608837840954664,141446000000.0,426617000000.0,0.0611922576662266,280.9639062042077,280.9639062042077,1518405000,1518405000,,,1620598878,18:21:18,20210509
20,2015-12-31,TM,JPY,2015-12-31,2015-12-31,Q3,7339882000000,5886942000000.0,1452940000000.0,0.1979514112079731,0.0,730674000000.0,0.0,16874000000.0,730674000000.0,6617616000000.0,9644000000.0,444724000000.0,1166990000000,0.1589930192338242,722266000000,0.09840294435251139,13114000000.0,777761000000.0,0.10596369260432252,220455000000.0,627965000000.0,0.0855551901243099,404.12,399.08,1549386000,1573515500,,,1620598878,18:21:18,20210509
21,2015-09-30,TM,JPY,2015-09-30,2015-09-30,Q2,7103840000000,5550373000000.0,1553467000000.0,0.21867989706975383,0.0,726063000000.0,0.0,-14362000000.0,726063000000.0,6276436000000.0,15262000000.0,403179000000.0,1230583000000,0.1732278598617086,827404000000,0.11647278091848916,-11960000000.0,829892000000.0,0.11682301403184757,248411000000.0,611718000000.0,0.0861108921372103,387.94,385.02,1570481000,1588765500,,,1620598878,18:21:18,20210509
22,2015-06-30,TM,JPY,2015-06-30,2015-06-30,Q1,6987648000000,5557165000000.0,1430483000000.0,0.20471595020241432,0.0,674482000000.0,0.0,6140000000.0,674482000000.0,6231647000000.0,4396000000.0,381526000000.0,1137527000000,0.16279111369090143,756001000000,0.10819105369932773,40328000000.0,845259000000.0,0.12096473663241193,267957000000.0,646394000000.0,0.09250523208953856,410.82,410.6,1573447000,1574208000,,,1620598878,18:21:18,20210509
23,2015-03-31,TM,JPY,2015-03-31,2015-03-31,Q4,7118907000000,5776342000000.0,1342565000000.0,0.18859145090671925,0.0,706827000000.0,0.0,-106477000000.0,706827000000.0,6483169000000.0,6094000000.0,391439000000.0,1027177000000,0.14428858250290388,635738000000,0.08930275391994867,-122623000000.0,537193000000.0,0.07546003902003495,103765000000.0,446475000000.0,0.06271679065339665,283.75598288343997,283.75598288343997,1573447000,1573447000,,,1620598878,18:21:18,20210509
24,2014-12-31,TM,JPY,2014-12-31,2014-12-31,Q3,7170017000000,5717789000000.0,1452228000000.0,0.2025417791896449,0.0,689348000000.0,0.0,6857000000.0,689348000000.0,6407137000000.0,7308000000.0,369403000000.0,1132283000000,0.1579191513771864,762880000000,0.10639863196977078,46982000000.0,846461000000.0,0.11805564756680494,296113000000.0,600027000000.0,0.08368557564089457,379.74,379.54,1580075500,1580909000,,,1620598878,18:21:18,20210509
25,2014-09-30,TM,JPY,2014-09-30,2014-09-30,Q2,6554909000000,5252370000000.0,1302539000000.0,0.19871198822134678,0.0,643321000000.0,0.0,5949000000.0,643321000000.0,5895691000000.0,5555000000.0,332229000000.0,991447000000,0.1512525955737906,659218000000,0.10056859675702592,57125000000.0,737348000000.0,0.11248790791756225,233618000000.0,539062000000.0,0.08223790749802934,341.24,341.08,1579687000,1580456000,,,1620598878,18:21:18,20210509
26,2014-06-30,TM,JPY,2014-06-30,2014-06-30,Q1,6390688000000,5095175000000.0,1295513000000.0,0.20271886219449298,0.0,602785000000.0,0.0,23544000000.0,602785000000.0,5697960000000.0,3914000000.0,316004000000.0,1008732000000,0.1578440380753997,692728000000,0.10839646685928025,36529000000.0,771826000000.0,0.12077353799778678,259973000000.0,587774000000.0,0.0919735089555303,370.86,370.68,1584906000,1585600500,,,1620598878,18:21:18,20210509
27,2014-03-31,TM,JPY,2014-03-31,2014-03-31,Q4,6569382000000,5331362000000.0,1238020000000.0,0.1884530386572131,0.0,801892000000.0,0.0,-22327000000.0,801892000000.0,6133254000000.0,4309000000.0,336530000000.0,772658000000,0.11761502071275502,436128000000,0.06638797987390595,-35102000000.0,418599000000.0,0.06371969235462331,122880000000.0,297032000000.0,0.04521460313922984,187.41300745911744,187.41300745911744,1584906000,1584906000,,,1620598878,18:21:18,20210509
28,2013-12-31,TM,JPY,2013-12-31,2013-12-31,Q3,6585044000000,5347193000000.0,1237851000000.0,0.18797915397376236,0.0,637342000000.0,0.0,2321000000.0,637342000000.0,5984535000000.0,5583000000.0,319142000000.0,919651000000,0.1396575330400222,600509000000,0.09119286067033114,48632000000.0,678956000000.0,0.10310576512472809,207748000000.0,525464000000.0,0.07979658146551488,331.6,331.4,1584587000,1585587000,,,1620598878,18:21:18,20210509
29,2013-09-30,TM,JPY,2013-09-30,2013-09-30,Q2,6282166000000,5100331000000.0,1181835000000.0,0.18812540133450786,0.0,589743000000.0,0.0,5210000000.0,589743000000.0,5690074000000.0,5154000000.0,307520000000.0,899612000000,0.14320092783285254,592092000000,0.09424965847766519,12457000000.0,619362000000.0,0.09859051798376547,227050000000.0,438429000000.0,0.06978946433443498,276.7,276.52,1584441500,1585494000,,,1620598878,18:21:18,20210509
30,2013-06-30,TM,JPY,2013-06-30,2013-06-30,Q1,6255319000000,5022253000000.0,1233066000000.0,0.19712280061176737,0.0,569683000000.0,0.0,17724000000.0,569683000000.0,5591936000000.0,4584000000.0,287661000000.0,951044000000,0.15203764987844745,663383000000,0.10605102633454824,27201000000.0,724163000000.0,0.11576755717813912,210130000000.0,562194000000.0,0.08987455316027848,354.9,354.64,1584112500,1585115000,,,1620598878,18:21:18,20210509
31,2013-03-31,TM,JPY,2013-03-31,2013-03-31,Q4,5837086000000,4792604000000.0,1044482000000.0,0.17893894316444883,0.0,542101000000.0,0.0,-26968000000.0,542101000000.0,5334705000000.0,3982000000.0,306196000000.0,808577000000,0.1385240854768972,502381000000,0.08606708895500255,-34783000000.0,477863000000.0,0.08186670540745845,173487000000.0,313980000000.0,0.05379053863520256,198.2056198660133,198.2056198660133,1584112500,1584112500,,,1620598878,18:21:18,20210509
32,2012-12-31,TM,JPY,2012-12-31,2012-12-31,Q3,5318752000000,4598056000000.0,720696000000.0,0.13550095962361094,0.0,595939000000.0,0.0,-3593000000.0,595939000000.0,5193995000000.0,6190000000.0,285929000000.0,410686000000,0.07721473007201689,124757000000,0.02345606638549795,-17255000000.0,131249000000.0,0.02467665347058859,67353000000.0,99914000000.0,0.018785233829289278,63.100404000725014,63.09813258224027,1583413000,1583470000,,,1620598878,18:21:18,20210509
33,2012-09-30,TM,JPY,2012-09-30,2012-09-30,Q2,5406781000000,4577503000000.0,829278000000.0,0.15337739775293285,0.0,488671000000.0,0.0,9523000000.0,488671000000.0,5066174000000.0,6759000000.0,259852000000.0,600459000000,0.1110566527477255,340607000000,0.06299626339590969,25633000000.0,379334000000.0,0.070158935603273,145932000000.0,257922000000.0,0.047703430192567446,162.9,162.88,1583403000,1583403000,,,1620598878,18:21:18,20210509
34,2012-06-30,TM,JPY,2012-06-30,2012-06-30,Q1,5501573000000,4672832000000.0,828741000000.0,0.15063709960769403,0.0,475598000000.0,0.0,22542000000.0,475598000000.0,5148430000000.0,6036000000.0,253132000000.0,606275000000,0.110200300895762,353143000000,0.06418945999625925,33460000000.0,415203000000.0,0.07546987016258805,164914000000.0,290347000000.0,0.052775269909169614,183.36,183.36,1583403500,1583403500,,,1620598878,18:21:18,20210509
35,2012-03-31,TM,JPY,2012-03-31,2012-03-31,Q4,5702526000000,4944887000000.0,757639000000.0,0.13286024474066405,0.0,519123000000.0,0.0,0.0,519123000000.0,5464010000000.0,8092000000.0,275995000000.0,514511000000,0.09022510375226697,238516000000,0.041826376591706904,-14896000000.0,235674000000.0,0.04132800095957476,137947000000.0,121034000000.0,0.02122462922571506,76.43913885500443,76.43913885500443,1583403500,1583403500,,,1620598878,18:21:18,20210509
36,2011-12-31,TM,JPY,2011-12-31,2011-12-31,Q3,4865205000000,4254635000000.0,610570000000.0,0.12549728120397804,0.0,460886000000.0,0.0,0.0,460886000000.0,4715521000000.0,3047000000.0,270275000000.0,419959000000,0.0863188704278648,149684000000,0.0307662267057606,22854000000.0,198602000000.0,0.04082089038385844,152535000000.0,80944000000.0,0.016637325662536315,51.62,51.62,1567841500,1567841500,,,1620598878,18:21:18,20210509
37,2011-09-30,TM,JPY,2011-09-30,2011-09-30,Q2,4574872000000,4052175000000.0,522697000000.0,0.11425390699455636,0.0,447307000000.0,0.0,0.0,447307000000.0,4499482000000.0,6402000000.0,265347000000.0,340737000000,0.07448011660216941,75390000000,0.016479149580578428,-7990000000.0,79128000000.0,0.017296221621063933,-14978000000.0,80421000000.0,0.017578852479369914,51.3,51.3,1567843500,1567843500,,,1620598878,18:21:18,20210509
38,2011-06-30,TM,JPY,2011-06-30,2011-06-30,Q1,3441050000000,3136867000000.0,304183000000.0,0.08839830865578821,0.0,412146000000.0,0.0,0.0,412146000000.0,3549013000000.0,5381000000.0,256213000000.0,148250000000,0.04308277996541753,-107963000000,-0.031375016346754624,335000000.0,-80531000000.0,-0.023403031051568563,-43188000000.0,1160000000.0,0.0003371064064747679,0.7398681121308393,0.7398478209568273,1567847000,1567890000,,,1620598878,18:21:18,20210509
39,2011-03-31,TM,JPY,2011-03-31,2011-03-31,Q4,4642083000000,4086708000000.0,555375000000.0,0.11963917922191396,0.0,509286000000.0,0.0,0.0,509286000000.0,4595994000000.0,6509000000.0,295556000000.0,341645000000,0.07359734843172774,46089000000,0.009928517004112163,-15994000000.0,41549000000.0,0.008950507778512362,-578388000000.0,25398000000.0,0.005471250729467784,16.19928475163712,16.19928475163712,1567847000,1567847000,,,1620598878,18:21:18,20210509
40,2010-12-31,TM,JPY,2010-12-31,2010-12-31,Q3,4673113000000,4094967000000.0,578146000000.0,0.12371753047700751,0.0,479076000000.0,0.0,0.0,479076000000.0,4574043000000.0,6491000000.0,294776000000.0,393846000000,0.08427915182021063,99070000000,0.021200000941556517,10359000000.0,129668000000.0,0.027747670557078333,65718000000.0,93629000000.0,0.02003568071219335,59.72,59.72,1567920000,1567920000,,,1620598878,18:21:18,20210509
41,2010-09-30,TM,JPY,2010-09-30,2010-09-30,Q2,4806667000000,4241571000000.0,565096000000.0,0.1175650403907739,0.0,453639000000.0,0.0,0.0,453639000000.0,4695210000000.0,9190000000.0,292188000000.0,403645000000,0.08397606907239466,111457000000,0.02318800116588064,9177000000.0,129069000000.0,0.026852078581686645,77401000000.0,98690000000.0,0.020531898714847525,62.94,62.94,1567992500,1567992500,,,1620598878,18:21:18,20210509
42,2010-06-30,TM,JPY,2010-06-30,2010-06-30,Q1,4871825000000,4142080000000.0,729745000000.0,0.14978883683219327,0.0,518082000000.0,0.0,0.0,518082000000.0,4660162000000.0,7128000000.0,293053000000.0,504716000000,0.10359895932222525,211663000000,0.04344634710811657,30016000000.0,263004000000.0,0.05398469772621143,122448000000.0,190466000000.0,0.039095410857327595,121.48,121.48,1567995500,1567995500,,,1620598878,18:21:18,20210509
43,2010-03-31,TM,JPY,2010-03-31,2010-03-31,Q4,5280440000000,4545968000000.0,734472000000.0,0.1390929543750142,0.0,639206000000.0,0.0,0.0,639206000000.0,5185174000000.0,7004000000.0,367911000000.0,463177000000,0.08771560703274726,95266000000,0.01804129958867064,24570000000.0,129556000000.0,0.024535076622402677,-154881000000.0,112223000000.0,0.021252585011855073,71.57099621778251,71.57099621778251,1567995500,1567995500,,,1620598878,18:21:18,20210509
44,2009-12-31,TM,JPY,2009-12-31,2009-12-31,Q3,5292890000000,4560905000000.0,731985000000.0,0.13829590261652897,0.0,542876000000.0,0.0,0.0,542876000000.0,5103781000000.0,7240000000.0,360185000000.0,549294000000,0.10377959866915806,189109000000,0.03572887401778613,21485000000.0,224887000000.0,0.042488508168505294,115719000000.0,153219000000.0,0.028948079404635275,97.72,97.72,1568005000,1568005000,,,1620598878,18:21:18,20210509
45,2009-09-30,TM,JPY,2009-09-30,2009-09-30,Q2,4541566000000,4024109000000.0,517457000000.0,0.11393801169024077,0.0,459453000000.0,0.0,0.0,459453000000.0,4483562000000.0,10365000000.0,351761000000.0,409765000000,0.09022548609884784,58004000000,0.01277180602461794,10702000000.0,75533000000.0,0.016631487905273204,5705000000.0,21836000000.0,0.004808033176221594,13.925944916752684,13.925909391666202,1568008500,1568012500,,,1620598878,18:21:18,20210509
46,2009-06-30,TM,JPY,2009-06-30,2009-06-30,Q1,3836077000000,3552815000000.0,283262000000.0,0.07384158347186462,0.0,478125000000.0,0.0,0.0,478125000000.0,4030940000000.0,8800000000.0,334712000000.0,139849000000,0.03645625465807907,-194863000000,-0.050797468351130595,42380000000.0,-138508000000.0,-0.036106678776260226,-47797000000.0,-77822000000.0,-0.020286871196798187,-49.64,-49.64,1567727639,1567727639,,,1620598878,18:21:18,20210509
47,2009-03-31,TM,JPY,2009-03-31,2009-03-31,Q4,3553270561710,3627884251450.0,-74613689740.0,-0.020998595081398026,0.0,607701353370.0,0.0,0.0,607701353370.0,4235585604820.0,0.0,386924393880.0,-295390649230,-0.08313204528051593,-682315043110,-0.19202451129464176,-390010585760.0,-914358496940.0,-0.2573287007167751,-214814692320.0,-765396878510.0,-0.2154063039155834,-488.220568081724,-488.220568081724,1567727639,1567727639,,,1620598878,18:21:18,20210509
48,2008-12-31,TM,JPY,2008-12-31,2008-12-31,Q3,4798038745080,4503087767640.0,294950977440.0,0.06147323794382618,0.0,655194366450.0,0.0,0.0,655103556420.0,5158191324060.0,0.0,349317973560.0,-10834605420,-0.0022581321234869164,-360152578980,-0.07506245741539859,52215767250.0,-281874333120.0,-0.05874782345370581,-100254273120.0,-164456964330.0,-0.03427587251116663,-105.16528,-105.16528,1568176500,1568176500,,,1620598878,18:21:18,20210509
49,2008-09-30,TM,JPY,2008-09-30,2008-09-30,Q2,6113489514840,5280491732160.0,832997782680.0,0.13625569826495415,0.0,659637603000.0,0.0,0.0,659637603000.0,5940129335160.0,0.0,404955666630.0,578315846310,0.09459668572362563,173360179680,0.028356993049416742,39949136760.0,187665573480.0,0.030696964969753698,86150260440.0,143053938000.0,0.02339971920336956,88.892869,88.872948,1569994000,1570140500,,,1620598878,18:21:18,20210509
50,2008-06-30,TM,JPY,2008-06-30,2008-06-30,Q1,6222387483900,5180118994960.0,1042268488940.0,0.16750298685782558,0.0,629141892040.0,0.0,0.0,629248094250.0,5809367089210.0,0.0,353971965930.0,766992360620,0.12326335552142004,413020394690,0.06637651476361153,108007647570.0,453483436700.0,0.07287933094384708,174808837660.0,353971965930.0,0.0568868407578085,225.017844,224.9777,1574644000,1574873000,,,1620598878,18:21:18,20210509
51,2008-03-31,TM,JPY,2008-03-31,2008-03-31,Q4,6375216892700,5346639639450.0,1028577253250.0,0.16133996231999287,0.0,648989702210.0,0.0,0.0,648989702210.0,5995629341660.0,0.0,0.0,378560931810,0.059380086698458,379587551040,0.05954111953032534,44743653530.0,403882614560.0,0.06335198023183641,129813671270.0,303919450770.0,0.047672017420772886,193.00835666347442,193.00835666347442,1574644000,1574644000,,,1620598878,18:21:18,20210509
52,2007-12-31,TM,JPY,2007-12-31,2007-12-31,Q3,6732536157160,5473454880010.0,1259081277150.0,0.18701440998738297,0.0,655527003150.0,0.0,0.0,655527003150.0,6128981883160.0,0.0,0.0,592600881620,0.08802045288531775,603554274000,0.08964738694468424,90421371790.0,654856387290.0,0.0972674148349824,251704486120.0,460154249270.0,0.06834783186134538,288.5687019639297,288.41523467093293,1594609000,1595457500,,,1620598878,18:21:18,20210509
53,2007-09-30,TM,JPY,2007-09-30,2007-09-30,Q2,6493862863030,5316156277000.0,1177706586030.0,0.1813568612196545,0.0,580643678030.0,0.0,0.0,580528858240.0,5896685135240.0,0.0,0.0,596948088210,0.09192496065915802,597177727790,0.09196032321374896,63495343870.0,623701099280.0,0.09604469826900296,219994717640.0,451126954910.0,0.0694697384939088,283.225976,282.904481,1598968000,1598968000,,,1620598878,18:21:18,20210509
54,2007-06-30,TM,JPY,2007-06-30,2007-06-30,Q1,6523800561300,5250200002410.0,1273600558890.0,0.19522371153483103,0.0,598066368240.0,0.0,0.0,598066368240.0,5848266370650.0,0.0,0.0,640926149160,0.09824428922031339,675534190650,0.10354917878044176,116509634340.0,739208060580.0,0.11330942042665659,304205916300.0,491655877680.0,0.07536341325278459,308.023885,307.777565,1605211000,1605211000,,,1620598878,18:21:18,20210509
55,2007-03-31,TM,JPY,2007-03-31,2007-03-31,Q4,6284098159130,5028913409520.0,1255184749610.0,0.19973983821153005,0.0,688955148020.0,0.0,0.0,688955148020.0,5717868557540.0,0.0,0.0,553529131010,0.08808410005591528,566229601590,0.0901051491004067,66245565870.0,595932004670.0,0.09483174666904051,199869633320.0,437026716750.0,0.06954485841616835,272.25499747385237,272.25499747385237,1605211000,1605211000,,,1620598878,18:21:18,20210509
56,2006-12-31,TM,JPY,2006-12-31,2006-12-31,Q3,6146181604430,4942324724540.0,1203856879890.0,0.19587069783657104,0.0,629248241580.0,0.0,0.0,629129201050.0,5571453925590.0,0.0,0.0,560442815240,0.09118552807421898,574727678840,0.0935097131568244,80471398280.0,615915702220.0,0.10021111347833665,240223789540.0,426760300050.0,0.06943502934283667,266.400802,266.246049,1610058000,1610794000,,,1620598878,18:21:18,20210509
57,2006-09-30,TM,JPY,2006-09-30,2006-09-30,Q2,5830107162450,4679547700570.0,1150559461880.0,0.19734790970746027,0.0,569850336680.0,0.0,0.0,569968366990.0,5249516067560.0,0.0,0.0,566545488000,0.09717582751290617,580591094890,0.09958497823666362,47330154310.0,611042914870.0,0.10480817896548233,225910013340.0,405434114850.0,0.06954145156392347,252.136348,252.018318,1804998746,1804998746,,,1620598878,18:21:18,20210509
58,2006-06-30,TM,JPY,2006-06-30,2006-06-30,Q1,5645212962200,4543518056200.0,1101694906000.0,0.19515559703006452,0.0,588639482000.0,0.0,0.0,588639482000.0,5132157538200.0,0.0,0.0,493128717800,0.08735343043778147,513055424000,0.09088327179778471,76271185800.0,555313783700.0,0.09836896985434333,230645898200.0,371965182400.0,0.06589037205339392,230.714611,230.611542,1612290600,1612290600,,,1620598878,18:21:18,20210509
59,2006-03-31,TM,JPY,2006-03-31,2006-03-31,Q4,5388215457700,4381226971160.0,1006988486540.0,0.18688719752306276,0.0,449527381590.0,0.0,0.0,449527381590.0,4830754352750.0,0.0,0.0,571989880740,0.10615571801654683,557461104950,0.10345931956996324,30727974290.0,560515995310.0,0.1040262772916769,198974338080.0,383587018840.0,0.07118999265180405,237.91431820045344,237.91431820045344,1612290600,1612290600,,,1620598878,18:21:18,20210509
60,2005-12-31,TM,JPY,2005-12-31,2005-12-31,Q3,5341750567790,4298959408460.0,1042791159330.0,0.19521524752913083,0.0,559840309800.0,0.0,0.0,559840309800.0,4858799718260.0,0.0,0.0,342518333000,0.0641209896743096,482950849530,0.09041059544077652,186377217060.0,640981721790.0,0.1199946934353373,259723384230.0,398148034670.0,0.07453512282486126,244.817931,244.723443,1626468663,1627134321,,,1620598878,18:21:18,20210509
61,2005-09-30,TM,JPY,2005-09-30,2005-09-30,Q2,4847044166580,3875184408480.0,971859758100.0,0.20050565348690216,0.0,577555886600.0,0.0,0.0,577555886600.0,4452740295080.0,0.0,0.0,380233747740,0.078446520120795,394303871500,0.0813493456937519,48224214500.0,423578806420.0,0.08738909567619449,145807330900.0,296834223840.0,0.06124025563592949,182.548509,182.514468,1628811319,1828811319,,,1620598878,18:21:18,20210509
62,2005-06-30,TM,JPY,2005-06-30,2005-06-30,Q1,4980422512080,4004991328560.0,975431183520.0,0.19585309904011047,0.0,570461971440.0,0.0,0.0,570461971440.0,4575453300000.0,0.0,0.0,408407734560,0.08200262800383065,404969212080,0.08131222021781252,32166823200.0,421718144160.0,0.08467517427228792,174920966160.0,266873712480.0,0.053584552682568315,163.551658,163.529474,1804999000,1804999000,,,1620598878,18:21:18,20210509
63,2005-03-31,TM,JPY,2005-03-31,2005-03-31,Q4,5548994492540,4483764204540.0,1065230288000.0,0.19196816458046273,0.0,618162904140.0,0.0,0.0,618060297940.0,5101824502480.0,0.0,0.0,443861053900,0.07998945655770993,447169990060,0.0805857693067041,49130173100.0,461804734540.0,0.08322313802272549,150341690960.0,333963911220.0,0.060184581489308914,185.02165996767866,185.02165996767866,1804999000,1804999000,,,1620598878,18:21:18,20210509
64,2004-12-31,TM,JPY,2004-12-31,2004-12-31,Q3,4635953328400,3768315301200.0,867638027200.0,0.1871541764419459,0.0,445413514200.0,0.0,0.0,445516120400.0,4213831421600.0,0.0,0.0,411656074400,0.08879642335443318,422121906800,0.0910539595414103,49661400800.0,446439576200.0,0.09629941126997477,172686234600.0,296018887000.0,0.06385286175910761,180.3817,180.3817,1641023797,1641023797,,,1620598878,18:21:18,20210509
65,2004-09-30,TM,JPY,2004-09-30,2004-09-30,Q2,4383294802920,3487069428840.0,896225374080.0,0.20446385980768747,0.0,491361283800.0,0.0,0.0,491361283800.0,3978430712640.0,0.0,0.0,391548364560,0.08932740830006779,404864090280,0.09236524315231855,36315615600.0,429294595320.0,0.09793879139363812,153516011400.0,288874215000.0,0.06590344204263011,174.41767433210907,168.93278342919132,1656221000,1709995000,,,1620598878,18:21:18,20210509
66,2004-06-30,TM,JPY,2004-06-30,2004-06-30,Q1,4507341028200,3545513930760.0,961827097440.0,0.2133912414042707,0.0,513539976720.0,0.0,0.0,513539976720.0,4059053907480.0,0.0,0.0,440130513720,0.09764748461816866,448287120720,0.099457111834962,42958130200.0,470146827480.0,0.10430691277596815,202175098840.0,286460037840.0,0.06355410785378213,172.365419,172.365419,1665235158,1665235158,,,1620598878,18:21:18,20210509
67,2004-03-31,TM,JPY,2004-03-31,2004-03-31,Q4,4751104982770,3991195925030.0,759909057740.0,0.15994364689810667,0.0,256962593370.0,0.0,0.0,256962593370.0,4248158518400.0,0.0,0.0,485771191700,0.10224383453147452,502946464370,0.10585884045794564,58282297540.0,2170932977070.0,0.456932226280611,206710054510.0,354632363230.0,0.07464208105610864,212.96233239269623,212.96233239269623,1665235158,1665235158,,,1620598878,18:21:18,20210509
68,2003-12-31,TM,JPY,2003-12-31,2003-12-31,Q3,4380911695720,3458230695280.0,922681000440.0,0.21061392343092136,0.0,521394121820.0,0.0,0.0,521501360430.0,3979732055710.0,0.0,0.0,381983928820,0.08719279349848233,401179640010,0.0915744639185352,57265417740.0,-429168917220.0,-0.09796338000587486,166541561330.0,286112611480.0,0.06530892000391658,199.463815,199.463815,1434408602,1434408602,,,1620598878,18:21:18,20210509
69,2003-09-30,TM,JPY,2003-09-30,2003-09-30,Q2,4121654679540,3240410274800.0,881244404740.0,0.21380840299759218,0.0,496543253740.0,0.0,0.0,496431746160.0,3736842020960.0,0.0,0.0,370874211080,0.08998187376565756,384812658580,0.09336363390417445,34455842220.0,418153425000.0,0.10145280415550686,155330058940.0,262823366060.0,0.06376646917187458,153.88046,153.88046,1804998746,1804998746,,,1620598878,18:21:18,20210509
70,2003-06-30,TM,JPY,2003-06-30,2003-06-30,Q1,4088023984800,3245029966080.0,842994018720.0,0.2062106342463747,0.0,502634734560.0,0.0,0.0,502634734560.0,3747664700640.0,0.0,0.0,318083834880,0.07780870074703383,340359284160,0.08325765343489087,43353293760.0,370778446080.0,0.09069869635271716,156526947360.0,222275450880.0,0.0543723451003369,165.269462,165.269462,1344927536,1344927536,,,1620598878,18:21:18,20210509
71,2003-03-31,TM,JPY,2003-03-31,2003-03-31,Q4,3649978966350,3105202471740.0,544776494610.0,0.14925469424136972,0.0,339973318080.0,0.0,0.0,339973318080.0,3445175789820.0,0.0,0.0,267661953810,0.07333246472860185,204803176530,0.056110782669743536,-44801755500.0,170501037610.0,0.046712882233538464,62219314620.0,108281722990.0,0.02966639643358886,80.51119490946314,80.51119490946314,1344927536,1344927536,,,1620598878,18:21:18,20210509
72,2002-12-31,TM,JPY,2002-12-31,2002-12-31,Q3,4188264555950,3171873080800.0,1016391475150.0,0.24267604435495307,0.0,636773950950.0,0.0,0.0,636773950950.0,3808647031750.0,0.0,0.0,397315587750,0.09486401406653243,379617524200,0.0906383823487706,-1187789500.0,380805313700.0,0.09092198179291569,157500887700.0,216177689000.0,0.051615098834406285,93.835371,93.835371,1804998746,1804998746,,,1620598878,18:21:18,20210509
73,2002-09-30,TM,JPY,2002-09-30,2002-09-30,Q2,3778291615500,2987588268720.0,790703346780.0,0.20927536231884059,0.0,450839627550.0,0.0,0.0,450717943440.0,3438306212160.0,0.0,0.0,332440988520,0.08798711755233495,339985403340,0.08998389694041868,16427354850.0,358724756280.0,0.09494363929146538,147359457210.0,211365299070.0,0.05594202898550724,119.250428,119.250428,1804998746,1804998746,,,1620598878,18:21:18,20210509
74,2002-06-30,TM,JPY,2002-06-30,2002-06-30,Q1,3651336305500,0.0,0.0,0.0,0.0,0.0,0.0,0.0,0.0,0.0,0.0,0.0,3651336305500,1.0,3651336305500,1.0,0.0,0.0,0.0,0.0,207486737360.0,0.05682487725040917,114.73921,114.73921,1808333333,1808333333,,,1620598878,18:21:18,20210509
75,2002-03-31,TM,JPY,2002-03-31,2002-03-31,Q4,3608556936090,0.0,0.0,0.0,0.0,0.0,0.0,0.0,0.0,0.0,0.0,0.0,-9580878984350,-2.655044427463357,-9580878984350,-2.655044427463357,0.0,0.0,0.0,0.0,70567021390.0,0.019555468471134027,39.023237642216266,39.023237642216266,1808333333,1808333333,,,1620598878,18:21:18,20210509
76,2001-12-31,TM,JPY,2001-12-31,2001-12-31,Q3,3286993256320,0.0,0.0,0.0,0.0,0.0,0.0,0.0,0.0,0.0,0.0,0.0,3286993256320,1.0,3286993256320,1.0,0.0,0.0,0.0,0.0,232622440080.0,0.07077058635052867,123.749346,123.749346,1879787234,1879787234,,,1620598878,18:21:18,20210509
77,2001-09-30,TM,JPY,2001-09-30,2001-09-30,Q2,3350775931410,2661075448220.0,689700483190.0,0.20583306592505438,0.0,435587729380.0,0.0,0.0,435468259350.0,3096543707570.0,0.0,0.0,312772538540,0.09334331657574785,254232223840,0.0758726423503405,-48743772240.0,213612413640.0,0.06375013370413948,99279594930.0,114332818710.0,0.0341212963953364,62.124416,62.124416,1837307342,1837307342,,,1620598878,18:21:18,20210509
78,2001-06-30,TM,JPY,2001-06-30,2001-06-30,Q1,3498309882690,0.0,0.0,0.0,0.0,0.0,0.0,0.0,0.0,0.0,0.0,0.0,3498309882690,1.0,3498309882690,1.0,0.0,0.0,0.0,0.0,119366868390.0,0.0341212963953364,64.85974,64.85974,1840384615,1840384615,,,1620598878,18:21:18,20210509
79,2001-03-31,TM,JPY,2001-03-31,2001-03-31,Q4,3941835911850,0.0,0.0,0.0,0.0,0.0,0.0,0.0,0.0,0.0,0.0,0.0,-8624750449110,-2.1880034181996666,-8624750449110,-2.1880034181996666,0.0,0.0,0.0,0.0,217704325490.0,0.055229169949853656,118.29284146129422,118.29284146129422,1840384615,1840384615,,,1620598878,18:21:18,20210509
80,2000-12-31,TM,JPY,2000-12-31,2000-12-31,Q3,2722688225800,0.0,0.0,0.0,0.0,0.0,0.0,0.0,0.0,0.0,0.0,0.0,2722688225800,1.0,2722688225800,1.0,0.0,0.0,0.0,0.0,155068074150.0,0.05695403266543189,83.665702,83.665702,1853424658,1853424658,,,1620598878,18:21:18,20210509
81,2000-09-30,TM,JPY,2000-09-30,2000-09-30,Q2,3163893163200,2314962020880.0,848931142320.0,0.26831852358168146,0.0,483666921360.0,0.0,0.0,685113707520.0,3000075728400.0,0.0,0.0,297682770960,0.09408749145591251,163817434800,0.05177717019822283,103372585920.0,272164015440.0,0.08602187286397812,124025477040.0,148246668720.0,0.04685577580314423,78.935134,78.935134,1874202564,1874202564,,,1620598878,18:21:18,20210509
82,2000-06-30,TM,JPY,2000-06-30,2000-06-30,Q1,3105003609400,0.0,0.0,0.0,0.0,0.0,0.0,0.0,0.0,0.0,0.0,0.0,3105003609400,1.0,3105003609400,1.0,0.0,0.0,0.0,0.0,145487352990.0,0.04685577580314423,77.465914,77.465914,1878082192,1878082192,,,1620598878,18:21:18,20210509
83,2000-03-31,TM,JPY,2000-03-31,2000-03-31,Q4,3066925380920,0.0,0.0,0.0,0.0,0.0,0.0,0.0,0.0,0.0,0.0,0.0,-8551960554080,-2.788447546615767,-8551960554080,-2.788447546615767,0.0,0.0,0.0,0.0,81196986395.0,0.026475044648997283,43.23398983328414,43.23398983328414,1878082192,1878082192,,,1620598878,18:21:18,20210509
84,1999-12-31,TM,JPY,1999-12-31,1999-12-31,Q3,3237764762895,0.0,0.0,0.0,0.0,0.0,0.0,0.0,0.0,0.0,0.0,0.0,3237764762895,1.0,3237764762895,1.0,0.0,0.0,0.0,0.0,191256784485.0,0.05907062386891583,72.604565,72.604565,1897600000,1897600000,,,1620598878,18:21:18,20210509
85,1999-09-30,TM,JPY,1999-09-30,1999-09-30,Q2,3113153050987,2390689309536.0,722463741451.0,0.23206817320528098,0.0,541159598605.0,0.0,0.0,541159598605.0,2931848908141.0,0.0,0.0,188255304144,0.06047094410739465,181304142846,0.058238107756545726,-6951161298.0,171972155660.0,0.055240507884916745,71127173404.0,100844982256.0,0.03239319770161249,53.143435,53.143435,1897600000,1897600000,,,1620598878,18:21:18,20210509
86,1999-06-30,TM,JPY,1999-06-30,1999-06-30,Q1,3119452171798,0.0,0.0,0.0,0.0,0.0,0.0,0.0,0.0,0.0,0.0,0.0,3119452171798,1.0,3119452171798,1.0,0.0,0.0,0.0,0.0,101054417134.0,0.032394924354860015,53.326869,53.326869,1895000000,1895000000,,,1620598878,18:21:18,20210509
87,1999-03-31,TM,JPY,1999-03-31,1999-03-31,Q4,3535930255084,0.0,0.0,0.0,0.0,0.0,0.0,0.0,0.0,0.0,0.0,0.0,-8326282315966,-2.354764295476241,-8326282315966,-2.354764295476241,0.0,0.0,0.0,0.0,183462363282.0,0.051885175907589176,96.81391202216359,96.81391202216359,1895000000,1895000000,,,1620598878,18:21:18,20210509
88,1998-12-31,TM,JPY,1998-12-31,1998-12-31,Q3,3140609080932,0.0,0.0,0.0,0.0,0.0,0.0,0.0,0.0,0.0,0.0,0.0,3140609080932,1.0,3140609080932,1.0,0.0,0.0,0.0,0.0,78304171476.0,0.024932797893064306,42.154144,42.154144,1857567568,1857567568,,,1620598878,18:21:18,20210509
89,1998-09-30,TM,JPY,1998-09-30,1998-09-30,Q2,3096525279926,0.0,0.0,0.0,0.0,0.0,0.0,0.0,0.0,0.0,0.0,0.0,3096525279926,1.0,3096525279926,1.0,0.0,0.0,0.0,0.0,96376050264.0,0.03112393458848273,50.623422,50.623422,1903783784,1903783784,,,1620598878,18:21:18,20210509
90,1998-06-30,TM,JPY,1998-06-30,1998-06-30,Q1,3144281726778,0.0,0.0,0.0,0.0,0.0,0.0,0.0,0.0,0.0,0.0,0.0,3144281726778,1.0,3144281726778,1.0,0.0,0.0,0.0,0.0,97862418792.0,0.03112393458848273,51.404167,51.404167,1903783784,1903783784,,,1620598878,18:21:18,20210509
91,1998-03-31,TM,JPY,1998-03-31,1998-03-31,Q4,2990921233812,0.0,0.0,0.0,0.0,0.0,0.0,0.0,0.0,0.0,0.0,0.0,-8034085491123,-2.686157495656737,-8034085491123,-2.686157495656737,0.0,0.0,0.0,0.0,116388313041.0,0.03891386764895187,61.13525812078248,61.13525812078248,1903783784,1903783784,,,1620598878,18:21:18,20210509
92,1997-12-31,TM,JPY,1997-12-31,1997-12-31,Q3,2927971610941,0.0,0.0,0.0,0.0,0.0,0.0,0.0,0.0,0.0,0.0,0.0,2927971610941,1.0,2927971610941,1.0,0.0,0.0,0.0,0.0,113902546353.0,0.03890152005824731,60.162098,60.162098,1893260870,1893260870,,,1620598878,18:21:18,20210509
93,1997-09-30,TM,JPY,1997-09-30,1997-09-30,Q2,2919668738368,0.0,0.0,0.0,0.0,0.0,0.0,0.0,0.0,0.0,0.0,0.0,2919668738368,1.0,2919668738368,1.0,0.0,0.0,0.0,0.0,113583375408.0,0.03890282959685674,60.25004,60.25004,1885200000,1885200000,,,1620598878,18:21:18,20210509
94,1997-06-30,TM,JPY,1997-06-30,1997-06-30,Q1,2920927081492,0.0,0.0,0.0,0.0,0.0,0.0,0.0,0.0,0.0,0.0,0.0,2920927081492,1.0,2920927081492,1.0,0.0,0.0,0.0,0.0,113631286944.0,0.03890247300728833,59.612862,59.612862,1906153846,1906153846,,,1620598878,18:21:18,20210509
95,1997-03-31,TM,JPY,1997-03-31,1997-03-31,Q4,3628778144751,0.0,0.0,0.0,0.0,0.0,0.0,0.0,0.0,0.0,0.0,0.0,-7929695930985,-2.1852247821915607,-7929695930985,-2.1852247821915607,0.0,0.0,0.0,0.0,114369656510.0,0.031517401160342316,60.00022335552867,60.00022335552867,1906153846,1906153846,,,1620598878,18:21:18,20210509
96,1996-12-31,TM,JPY,1996-12-31,1996-12-31,Q3,2864473323372,0.0,0.0,0.0,0.0,0.0,0.0,0.0,0.0,0.0,0.0,0.0,2864473323372,1.0,2864473323372,1.0,0.0,0.0,0.0,0.0,90290809591.0,0.03152091131528203,46.416044,46.416044,1945250000,1945250000,,,1620598878,18:21:18,20210509
97,1996-09-30,TM,JPY,1996-09-30,1996-09-30,Q2,2749931526852,0.0,0.0,0.0,0.0,0.0,0.0,0.0,0.0,0.0,0.0,0.0,2749931526852,1.0,2749931526852,1.0,0.0,0.0,0.0,0.0,86680347781.0,0.03152091131528203,44.560004,44.560004,1945250000,1945250000,,,1620598878,18:21:18,20210509
98,1996-06-30,TM,JPY,1996-06-30,1996-06-30,Q1,2710437428520,0.0,0.0,0.0,0.0,0.0,0.0,0.0,0.0,0.0,0.0,0.0,2710437428520,1.0,2710437428520,1.0,0.0,0.0,0.0,0.0,85435457810.0,0.03152091131528203,43.92004,43.92004,1945250000,1945250000,,,1620598878,18:21:18,20210509
99,1996-03-31,TM,JPY,1996-03-31,1996-03-31,Q4,3006656810065,0.0,0.0,0.0,0.0,0.0,0.0,0.0,0.0,0.0,0.0,0.0,-7471651855229,-2.4850364797928077,-7471651855229,-2.4850364797928077,0.0,0.0,0.0,0.0,72085363541.0,0.023975254940866234,37.05712044261663,37.05712044261663,1945250000,1945250000,,,1620598878,18:21:18,20210509
100,1995-12-31,TM,JPY,1995-12-31,1995-12-31,Q3,2607771798400,0.0,0.0,0.0,0.0,0.0,0.0,0.0,0.0,0.0,0.0,0.0,2607771798400,1.0,2607771798400,1.0,0.0,0.0,0.0,0.0,62522566733.0,0.023975474683544305,16.504885,16.504885,1869068000,1869068000,,,1620598878,18:21:18,20210509
101,1995-09-30,TM,JPY,1995-09-30,1995-09-30,Q2,2493883628800,0.0,0.0,0.0,0.0,0.0,0.0,0.0,0.0,0.0,0.0,0.0,2493883628800,1.0,2493883628800,1.0,0.0,0.0,0.0,0.0,59792043806.0,0.023975474683544305,15.784074,15.784074,1869068000,1869068000,,,1620598878,18:21:18,20210509
102,1995-06-30,TM,JPY,1995-06-30,1995-06-30,Q1,2146265174400,0.0,0.0,0.0,0.0,0.0,0.0,0.0,0.0,0.0,0.0,0.0,2146265174400,1.0,2146265174400,1.0,0.0,0.0,0.0,0.0,51457726353.0,0.023975474683544305,13.583957,13.583957,1869068000,1869068000,,,1620598878,18:21:18,20210509
103,1994-12-31,TM,JPY,1994-12-31,1994-12-31,Q3,3179244052350,0.0,0.0,0.0,0.0,0.0,0.0,0.0,0.0,0.0,0.0,0.0,3179244052350,1.0,3179244052350,1.0,0.0,0.0,0.0,0.0,51656184180.0,0.016247945527119043,26.873159,26.873159,1922222222,1922222222,,,1620598878,18:21:18,20210509
104,1994-09-30,TM,JPY,1994-09-30,1994-09-30,Q2,3158464497825,0.0,0.0,0.0,0.0,0.0,0.0,0.0,0.0,0.0,0.0,0.0,3158464497825,1.0,3158464497825,1.0,0.0,0.0,0.0,0.0,51318559110.0,0.016247945527119043,26.697516,26.697516,1922222222,1922222222,,,1620598878,18:21:18,20210509
105,1994-06-30,TM,JPY,1994-06-30,1994-06-30,Q1,2042211562297,0.0,0.0,0.0,0.0,0.0,0.0,0.0,0.0,0.0,0.0,0.0,-7176570712473,-3.5141171683510954,-7176570712473,-3.5141171683510954,0.0,0.0,0.0,0.0,27447630134.0,0.01344015019831147,14.279113944194117,14.279113944194117,1922222222,1922222222,,,1620598878,18:21:18,20210509
106,1994-03-31,TM,JPY,1994-03-31,1994-03-31,Q4,2437557689052,0.0,0.0,0.0,0.0,0.0,0.0,0.0,0.0,0.0,0.0,0.0,2437557689052,1.0,2437557689052,1.0,0.0,0.0,0.0,0.0,32749881696.0,0.013435530918136703,17.44198,17.44198,1877647059,1877647059,,,1620598878,18:21:18,20210509
107,1993-12-31,TM,JPY,1993-12-31,1993-12-31,Q3,2651492114235,0.0,0.0,0.0,0.0,0.0,0.0,0.0,0.0,0.0,0.0,0.0,2651492114235,1.0,2651492114235,1.0,0.0,0.0,0.0,0.0,35624204280.0,0.013435530918136703,18.972791,18.972791,1877647059,1877647059,,,1620598878,18:21:18,20210509
108,1993-09-30,TM,JPY,1993-09-30,1993-09-30,Q2,2519529096264,0.0,0.0,0.0,0.0,0.0,0.0,0.0,0.0,0.0,0.0,0.0,2519529096264,1.0,2519529096264,1.0,0.0,0.0,0.0,0.0,33851211072.0,0.013435530918136703,18.028527,18.028527,1877647059,1877647059,,,1620598878,18:21:18,20210509
109,1993-06-30,TM,JPY,1993-06-30,1993-06-30,Q1,1952608315042,0.0,0.0,0.0,0.0,0.0,0.0,0.0,0.0,0.0,0.0,0.0,-8038684763956,-4.116895693841747,-8038684763956,-4.116895693841747,0.0,0.0,0.0,0.0,33750932831.0,0.017285050243307003,17.97512086695096,17.97512086695096,1877647059,1877647059,,,1620598878,18:21:18,20210509
110,1993-03-31,TM,JPY,1993-03-31,1993-03-31,Q4,2739967827828,0.0,0.0,0.0,0.0,0.0,0.0,0.0,0.0,0.0,0.0,0.0,2739967827828,1.0,2739967827828,1.0,0.0,0.0,0.0,0.0,47352704476.0,0.017282211854851216,12.633513,12.633513,1860582000,1860582000,,,1620598878,18:21:18,20210509
111,1992-12-31,TM,JPY,1992-12-31,1992-12-31,Q3,2977348754208,0.0,0.0,0.0,0.0,0.0,0.0,0.0,0.0,0.0,0.0,0.0,2977348754208,1.0,2977348754208,1.0,0.0,0.0,0.0,0.0,51455171936.0,0.017282211854851216,13.728035,13.728035,1860582000,1860582000,,,1620598878,18:21:18,20210509
112,1992-09-30,TM,JPY,1992-09-30,1992-09-30,Q2,2860436584344,0.0,0.0,0.0,0.0,0.0,0.0,0.0,0.0,0.0,0.0,0.0,2860436584344,1.0,2860436584344,1.0,0.0,0.0,0.0,0.0,49434671048.0,0.017282211854851216,13.188974,13.188974,1860582000,1860582000,,,1620598878,18:21:18,20210509
113,1992-06-30,TM,JPY,1992-06-30,1992-06-30,Q1,2112909558204,0.0,0.0,0.0,0.0,0.0,0.0,0.0,0.0,0.0,0.0,0.0,-7834342721193,-3.7078457479516023,-7834342721193,-3.7078457479516023,0.0,0.0,0.0,0.0,49437014055.0,0.02339760065121864,26.570725748717337,26.570725748717337,1860582000,1860582000,,,1620598878,18:21:18,20210509
114,1992-03-31,TM,JPY,1992-03-31,1992-03-31,Q4,2684298591162,0.0,0.0,0.0,0.0,0.0,0.0,0.0,0.0,0.0,0.0,0.0,2684298591162,1.0,2684298591162,1.0,0.0,0.0,0.0,0.0,62821380432.0,0.023403275864629276,33.217735,33.217735,1891200000,1891200000,,,1620598878,18:21:18,20210509
115,1991-12-31,TM,JPY,1991-12-31,1991-12-31,Q3,2523836368791,0.0,0.0,0.0,0.0,0.0,0.0,0.0,0.0,0.0,0.0,0.0,2523836368791,1.0,2523836368791,1.0,0.0,0.0,0.0,0.0,59066038776.0,0.023403275864629276,31.232043,31.232043,1891200000,1891200000,,,1620598878,18:21:18,20210509
116,1991-09-30,TM,JPY,1991-09-30,1991-09-30,Q2,2681839971252,0.0,0.0,0.0,0.0,0.0,0.0,0.0,0.0,0.0,0.0,0.0,2681839971252,1.0,2681839971252,1.0,0.0,0.0,0.0,0.0,62763840672.0,0.023403275864629276,33.18731,33.18731,1891200000,1891200000,,,1620598878,18:21:18,20210509
117,1991-06-30,TM,JPY,1991-06-30,1991-06-30,Q1,2550510824565,0.0,0.0,0.0,0.0,0.0,0.0,0.0,0.0,0.0,0.0,0.0,-6818567124843,-2.673412345154792,-6818567124843,-2.673412345154792,0.0,0.0,0.0,0.0,129768886590.0,0.05087956708128561,68.61722006662437,68.61722006662437,1891200000,1891200000,,,1620598878,18:21:18,20210509
118,1991-03-31,TM,JPY,1991-03-31,1991-03-31,Q4,2783214871140,0.0,0.0,0.0,0.0,0.0,0.0,0.0,0.0,0.0,0.0,0.0,2783214871140,1.0,2783214871140,1.0,0.0,0.0,0.0,0.0,139970654400.0,0.05029099831687385,70.549725,70.549725,1984000000,1984000000,,,1620598878,18:21:18,20210509
119,1990-12-31,TM,JPY,1990-12-31,1990-12-31,Q3,2181156980160,0.0,0.0,0.0,0.0,0.0,0.0,0.0,0.0,0.0,0.0,0.0,2181156980160,1.0,2181156980160,1.0,0.0,0.0,0.0,0.0,0.0,0.0,42.066411,42.066411,1683881000,1683881000,,,1620598878,18:21:18,20210509
120,1990-09-30,TM,JPY,1990-09-30,1990-09-30,Q2,2221354646035,0.0,0.0,0.0,0.0,0.0,0.0,0.0,0.0,0.0,0.0,0.0,2221354646035,1.0,2221354646035,1.0,0.0,0.0,0.0,0.0,0.0,0.0,42.841941,42.841941,1683881000,1683881000,,,1620598878,18:21:18,20210509
121,1990-06-30,TM,JPY,1990-06-30,1990-06-30,Q1,2071569654606,0.0,0.0,0.0,0.0,0.0,0.0,0.0,0.0,0.0,0.0,0.0,-6486989217009,-3.131436687434382,-6486989217009,-3.131436687434382,0.0,0.0,0.0,0.0,0.0,0.0,0.0,0.0,1683881000,1683881000,,,1620598878,18:21:18,20210509
122,1990-03-31,TM,JPY,1990-03-31,1990-03-31,Q4,2376881076153,0.0,0.0,0.0,0.0,0.0,0.0,0.0,0.0,0.0,0.0,0.0,2376881076153,1.0,2376881076153,1.0,0.0,0.0,0.0,0.0,0.0,0.0,64.472504,64.472504,1728918000,1728918000,,,1620598878,18:21:18,20210509
123,1989-12-31,TM,JPY,1989-12-31,1989-12-31,Q3,2172362753738,0.0,0.0,0.0,0.0,0.0,0.0,0.0,0.0,0.0,0.0,0.0,2172362753738,1.0,2172362753738,1.0,0.0,0.0,0.0,0.0,0.0,0.0,58.924979,58.924979,1728918000,1728918000,,,1620598878,18:21:18,20210509
124,1989-09-30,TM,JPY,1989-09-30,1989-09-30,Q2,2109337243093,0.0,0.0,0.0,0.0,0.0,0.0,0.0,0.0,0.0,0.0,0.0,2109337243093,1.0,2109337243093,1.0,0.0,0.0,0.0,0.0,0.0,0.0,57.215422,57.215422,1728918000,1728918000,,,1620598878,18:21:18,20210509
125,1989-06-30,TM,JPY,1989-06-30,1989-06-30,Q1,2488069379076,0.0,0.0,0.0,0.0,0.0,0.0,0.0,0.0,0.0,0.0,0.0,-5080371241444,-2.0418929167203164,-5080371241444,-2.0418929167203164,0.0,0.0,0.0,0.0,0.0,0.0,0.0,0.0,1728918000,1728918000,,,1620598878,18:21:18,20210509
126,1989-03-31,TM,JPY,1989-03-31,1989-03-31,Q4,1849752214958,0.0,0.0,0.0,0.0,0.0,0.0,0.0,0.0,0.0,0.0,0.0,1849752214958,1.0,1849752214958,1.0,0.0,0.0,0.0,0.0,0.0,0.0,46.380961,46.380961,1728918000,1728918000,,,1620598878,18:21:18,20210509
127,1988-12-31,TM,JPY,1988-12-31,1988-12-31,Q3,1749987448624,0.0,0.0,0.0,0.0,0.0,0.0,0.0,0.0,0.0,0.0,0.0,1749987448624,1.0,1749987448624,1.0,0.0,0.0,0.0,0.0,0.0,0.0,43.879444,43.879444,1728918000,1728918000,,,1620598878,18:21:18,20210509
128,1988-09-30,TM,JPY,1988-09-30,1988-09-30,Q2,1868371033154,0.0,0.0,0.0,0.0,0.0,0.0,0.0,0.0,0.0,0.0,0.0,1868371033154,1.0,1868371033154,1.0,0.0,0.0,0.0,0.0,0.0,0.0,45.509303,45.509303,1728918000,1728918000,,,1620598878,18:21:18,20210509
