,date,symbol,reportedCurrency,fillingDate,acceptedDate,period,revenue,costOfRevenue,grossProfit,grossProfitRatio,researchAndDevelopmentExpenses,generalAndAdministrativeExpenses,sellingAndMarketingExpenses,otherExpenses,operatingExpenses,costAndExpenses,interestExpense,depreciationAndAmortization,ebitda,ebitdaratio,operatingIncome,operatingIncomeRatio,totalOtherIncomeExpensesNet,incomeBeforeTax,incomeBeforeTaxRatio,incomeTaxExpense,netIncome,netIncomeRatio,eps,epsdiluted,weightedAverageShsOut,weightedAverageShsOutDil,link,finalLink,timestamp,est_time,est_date
0,2021-03-31,ACGLP,USD,2021-03-31,2021-03-31,Q1,2214171000.0,0.0,0.0,0.0,0.0,25384000.0,0.0,0.0,0.0,1775060000.0,38346000.0,14402000.0,0.0,0.0,0.0,0.19831846772448922,4369000.0,439111000.0,0.19831846772448922,38860000.0,438156000.0,0.19788715505712973,1.0867020237931582,1.0867020237931582,403197924.0,403197924.0,,,1620586116,14:48:36,20210509
1,2020-12-31,ACGLP,USD,2021-02-26,2021-02-26,Q4,2225035000.0,0.0,0.0,0.0,0.0,25335000.0,0.0,0.0,0.0,1591662000.0,38419000.0,19196000.0,0.0,0.0,0.0,0.2846575447127798,18320000.0,633373000.0,0.2846575447127798,34059000.0,543544000.0,0.2442855955074864,1.3480823378445768,1.3480823378445768,403197924.0,403197924.0,https://www.sec.gov/Archives/edgar/data/947484/000094748421000028/0000947484-21-000028-index.htm,https://www.sec.gov/ix?doc=/Archives/edgar/data/947484/000094748421000028/acgl-20201231.htm,1620586116,14:48:36,20210509
2,2020-09-30,ACGLP,USD,2020-11-05,2020-11-05,Q3,2139867000.0,0.0,0.0,0.0,0.0,17937000.0,0.0,0.0,0.0,1627478000.0,41343000.0,16715000.0,0.0,0.0,0.0,0.23944899379260487,6332000.0,512389000.0,0.23944899379260487,23707000.0,419039000.0,0.19582478724145005,1.0392885852259497,1.0392885852259497,403197924.0,403197924.0,https://www.sec.gov/Archives/edgar/data/947484/000094748420000102/0000947484-20-000102-index.htm,https://www.sec.gov/ix?doc=/Archives/edgar/data/947484/000094748420000102/acgl-20200930.htm,1620586116,14:48:36,20210509
3,2020-06-30,ACGLP,USD,2020-08-06,2020-08-06 13:56:50,Q2,2291835000.0,1230522000.0,1061313000.0,0.4630843843470407,0.0,17920000.0,0.0,443793000.0,34409000.0,1264931000.0,31139000.0,16489000.0,509005000.0,0.22209495884302316,492516000.0,0.21490028732434927,13519000.0,492516000.0,0.21490028732434927,26127000.0,298821000.0,0.13038504080791155,0.7411273278282058,0.7270485038243677,403197924.0,411005591.0,https://www.sec.gov/Archives/edgar/data/947484/000094748420000080/0000947484-20-000080-index.htm,https://www.sec.gov/Archives/edgar/data/947484/000094748420000080/acgl10q63020.htm,1620586116,14:48:36,20210509
4,2020-03-31,ACGLP,USD,2020-05-08,2020-05-08,Q1,1533828000.0,1115419000.0,418409000.0,0.27278743118524373,0.0,20796000.0,0.0,0.0,37427000.0,1152846000.0,32555000.0,16631000.0,-44098000.0,-0.028750290123794844,-60729000.0,-0.03959309648800256,0.0,-60729000.0,-0.03959309648800256,27945000.0,144117000.0,0.09395903582409501,0.3568204929830267,0.3480804708661667,403892161.0,414033570.0,https://www.sec.gov/Archives/edgar/data/947484/000094748420000038/0000947484-20-000038-index.htm,https://www.sec.gov/ix?doc=/Archives/edgar/data/947484/000094748420000038/acgl10q33120.htm,1620586116,14:48:36,20210509
5,2019-12-31,ACGLP,USD,2020-02-28,2020-02-28,Q4,1743554000.0,844922000.0,898632000.0,0.5154024481031273,0.0,26837000.0,0.0,0.0,48727000.0,893649000.0,31199000.0,21890000.0,361994000.0,0.20761846206082518,340104000.0,0.19506364586356373,0.0,340104000.0,0.19506364586356373,27336000.0,326384000.0,0.18719466101996268,0.8122989382242133,0.7929457834301862,401802815.0,411609478.0,https://www.sec.gov/Archives/edgar/data/947484/000094748420000012/0000947484-20-000012-index.htm,https://www.sec.gov/ix?doc=/Archives/edgar/data/947484/000094748420000012/a201910-k.htm,1620586116,14:48:36,20210509
6,2019-09-30,ACGLP,USD,2019-11-08,2019-11-08,Q3,1682660000.0,802455000.0,880205000.0,0.5231033007262311,0.0,17061000.0,0.0,0.0,37064000.0,839519000.0,31328000.0,20003000.0,457308000.0,0.2717768295436987,437305000.0,0.2598891041565141,0.0,437305000.0,0.2598891041565141,38116000.0,392453000.0,0.23323368951541013,0.9776638634878491,0.9553211507128588,401419153.0,410807402.0,https://www.sec.gov/Archives/edgar/data/947484/000094748419000059/0000947484-19-000059-index.htm,https://www.sec.gov/ix?doc=/Archives/edgar/data/947484/000094748419000059/acgl10q93019.htm,1620586116,14:48:36,20210509
7,2019-06-30,ACGLP,USD,2019-08-07,2019-08-07,Q2,1779140000.0,767543000.0,1011597000.0,0.5685876322268062,0.0,18251000.0,0.0,0.0,38045000.0,805588000.0,29280000.0,19794000.0,550111000.0,0.3092005126072147,530317000.0,0.2980749125982216,0.0,530317000.0,0.2980749125982216,44472000.0,468954000.0,0.26358465325943997,1.1699363787312933,1.1444734387173807,400837181.0,409755250.0,https://www.sec.gov/Archives/edgar/data/947484/000094748419000045/0000947484-19-000045-index.htm,https://www.sec.gov/ix?doc=/Archives/edgar/data/947484/000094748419000045/acgl10q63019.htm,1620586116,14:48:36,20210509
8,2019-03-31,ACGLP,USD,2019-05-07,2019-05-07,Q1,1722846000.0,718532000.0,1004314000.0,0.5829389277973771,0.0,17962000.0,0.0,0.0,38379000.0,756911000.0,29065000.0,20417000.0,561801000.0,0.326088924953246,541384000.0,0.3142381849567518,0.0,541384000.0,0.3142381849567518,45886000.0,448528000.0,0.2603413189571209,1.1208032984713716,1.0967231617768212,400184404.0,408971029.0,https://www.sec.gov/Archives/edgar/data/947484/000094748419000033/0000947484-19-000033-index.htm,https://www.sec.gov/Archives/edgar/data/947484/000094748419000033/acgl10q33119.htm,1620586116,14:48:36,20210509
9,2018-12-31,ACGLP,USD,2019-02-28,2019-02-28,Q4,1352020000.0,827673000.0,524347000.0,0.38782488424727446,0.0,26835000.0,0.0,0.0,52982000.0,880655000.0,29774000.0,26147000.0,117483000.0,0.08689442463868878,91336000.0,0.067555213680271,0.0,91336000.0,0.067555213680271,35012000.0,136494000.0,0.10095560716557447,0.3375659776665287,0.3305688025558175,404347621.0,412906478.0,https://www.sec.gov/Archives/edgar/data/947484/000094748419000008/0000947484-19-000008-index.htm,https://www.sec.gov/Archives/edgar/data/947484/000094748419000008/a201810-k.htm,1620586116,14:48:36,20210509
10,2018-09-30,ACGLP,USD,2018-11-09,2018-11-09,Q3,1403784000.0,699420000.0,704364000.0,0.5017609546767878,0.0,14335000.0,0.0,0.0,40650000.0,740070000.0,29730000.0,26315000.0,308437000.0,0.21971827574612618,282122000.0,0.20097251428994775,0.0,282122000.0,0.20097251428994775,33356000.0,227408000.0,0.16199643249958684,0.5613955702184528,0.5493037189848281,405076228.0,413993192.0,https://www.sec.gov/Archives/edgar/data/947484/000094748418000064/0000947484-18-000064-index.htm,https://www.sec.gov/Archives/edgar/data/947484/000094748418000064/acgl10q93018.htm,1620586116,14:48:36,20210509
11,2018-06-30,ACGLP,USD,2018-08-08,2018-08-08,Q2,1410809000.0,726153000.0,684656000.0,0.4852931899357036,0.0,22512000.0,0.0,0.0,48984000.0,775137000.0,30344000.0,26472000.0,306487000.0,0.21724202213056482,280015000.0,0.19847831988596615,0.0,280015000.0,0.19847831988596615,23668000.0,243646000.0,0.17269949369475243,0.5998731916437743,0.58644768845508,406162508.0,415460756.0,https://www.sec.gov/Archives/edgar/data/947484/000094748418000057/0000947484-18-000057-index.htm,https://www.sec.gov/Archives/edgar/data/947484/000094748418000057/acgl10q63018.htm,1620586116,14:48:36,20210509
12,2018-03-31,ACGLP,USD,2018-05-09,2018-05-09,Q1,1283955000.0,636860000.0,647095000.0,0.5039857315871662,0.0,15312000.0,0.0,0.0,42048000.0,678908000.0,30636000.0,26736000.0,215035000.0,0.16747861101051048,188299000.0,0.14665545132033445,0.0,188299000.0,0.14665545132033445,21915000.0,150423000.0,0.11715597509258502,1.1073006359762796,1.0798652620361189,135846576.0,139297934.0,https://www.sec.gov/Archives/edgar/data/947484/000094748418000039/0000947484-18-000039-index.htm,https://www.sec.gov/Archives/edgar/data/947484/000094748418000039/acgl10q33118.htm,1620586116,14:48:36,20210509
13,2017-12-31,ACGLP,USD,2018-02-28,2018-02-28,Q4,1421108000.0,678875000.0,742233000.0,0.5222917610765684,0.0,13986000.0,0.0,0.0,45822000.0,724697000.0,30496000.0,31836000.0,290441000.0,0.20437644429557783,258605000.0,0.18197420604204606,0.0,258605000.0,0.18197420604204606,56813000.0,214640000.0,0.1510370781108825,1.593315699174751,1.5412711357952573,134712788.0,139261675.0,https://www.sec.gov/Archives/edgar/data/947484/000094748418000012/0000947484-18-000012-index.htm,https://www.sec.gov/Archives/edgar/data/947484/000094748418000012/a201710-k.htm,1620586116,14:48:36,20210509
14,2017-09-30,ACGLP,USD,2017-09-30,2017-09-30,Q3,1479554000.0,1046141000.0,433413000.0,0.29293489794897654,0.0,17098000.0,0.0,0.0,48922000.0,1095063000.0,29510000.0,31824000.0,-5204000.0,-0.0035172761521377388,-37028000.0,-0.02502646067666337,0.0,-37028000.0,-0.02502646067666337,8189000.0,-33656000.0,-0.02274739549891386,-0.2502823466117652,-0.2417428400347634,134472129.0,139222324.0,,,1620586116,14:48:36,20210509
15,2017-06-30,ACGLP,USD,2017-08-04,2017-08-04,Q2,1407537000.0,689860000.0,717677000.0,0.5098814453900679,0.0,24876000.0,0.0,0.0,55700000.0,745560000.0,28749000.0,30824000.0,264092000.0,0.18762703928919808,233268000.0,0.1657277925908875,0.0,233268000.0,0.1657277925908875,34169000.0,185167000.0,0.131553912969961,1.3791463012372007,1.330790275553729,134262043.0,139140632.0,https://www.sec.gov/Archives/edgar/data/947484/000094748417000055/0000947484-17-000055-index.htm,https://www.sec.gov/Archives/edgar/data/947484/000094748417000055/acgl10q63017.htm,1620586116,14:48:36,20210509
16,2017-03-31,ACGLP,USD,2017-05-05,2017-05-05,Q1,1319176000.0,552570000.0,766606000.0,0.5811248840185085,0.0,27792000.0,0.0,0.0,59086000.0,611656000.0,28676000.0,31294000.0,333726000.0,0.25298064852604957,302432000.0,0.22925826424980442,0.0,302432000.0,0.22925826424980442,28397000.0,253127000.0,0.1918826600847802,1.8885152226031354,1.8204332108487224,134034927.0,139047672.0,https://www.sec.gov/Archives/edgar/data/947484/000094748417000024/0000947484-17-000024-index.htm,https://www.sec.gov/Archives/edgar/data/947484/000094748417000024/acgl10q33117.htm,1620586116,14:48:36,20210509
17,2016-12-31,ACGLP,USD,2016-12-31,2016-12-31,Q4,988227000.0,553875000.0,434352000.0,0.4395265460263684,0.0,36678000.0,0.0,0.0,36678000.0,590553000.0,18539000.0,0.0,83276000.0,0.0842680882024,83276000.0,0.08426808820240694,0.0,83276000.0,0.08426808820240694,-12298000.0,74013000.0,0.07489473572367482,0.6127303972840479,0.5934452194288414,120792114.0,124717493.0,,,1620586116,14:48:36,20210509
18,2016-09-30,ACGLP,USD,2016-09-30,2016-09-30,Q3,1197501000.0,524183000.0,673318000.0,0.5622692590653369,0.0,18485000.0,0.0,0.0,18485000.0,542668000.0,15943000.0,0.0,316851000.0,0.264593515997,316851000.0,0.2645935159970639,0.0,316851000.0,0.2645935159970639,13231000.0,252872000.0,0.21116642073785324,2.0958022789007,2.03064087328543,120656420.0,124528174.0,,,1620586116,14:48:36,20210509
19,2016-06-30,ACGLP,USD,2016-06-30,2016-06-30,Q2,1191152000.0,584592000.0,606560000.0,0.5092213252380888,0.0,17200000.0,0.0,0.0,26583000.0,611175000.0,15663000.0,0.0,263488000.0,0.221204346716,263488000.0,0.221204346716456,0.0,263488000.0,0.221204346716456,14131000.0,211055000.0,0.17718561526992357,1.7512958286374603,1.6962409987834772,120513620.0,124425126.0,,,1620586116,14:48:36,20210509
20,2016-03-31,ACGLP,USD,2016-03-31,2016-03-31,Q1,1086676000.0,522949000.0,563727000.0,0.5187627222833668,0.0,0.0,0.0,0.0,0.0,522949000.0,16107000.0,0.0,191937000.0,0.176627624057,191937000.0,0.1766276240572167,0.0,191937000.0,0.1766276240572167,16310000.0,154798000.0,0.14245092373439738,1.2853968339087813,1.2433924244743402,120428179.0,124496496.0,,,1620586116,14:48:36,20210509
21,2015-12-31,ACGLP,USD,2015-12-31,2015-12-31,Q4,902004000.0,506020000.0,395984000.0,0.43900470507891315,0.0,0.0,0.0,0.0,0.0,506020000.0,15827000.0,0.0,39456000.0,0.0437425998111,39456000.0,0.043742599811087315,0.0,39456000.0,0.043742599811087315,11450000.0,58579000.0,0.0649431709837207,0.4809989564739176,0.4647697890798546,121786127.0,126038743.0,,,1620586116,14:48:36,20210509
22,2015-09-30,ACGLP,USD,2015-09-30,2015-09-30,Q3,932590000.0,531741000.0,400849000.0,0.4298233950610665,0.0,0.0,0.0,0.0,0.0,531741000.0,13300000.0,0.0,73704000.0,0.0790315143847,73704000.0,0.07903151438467065,0.0,73704000.0,0.07903151438467065,9704000.0,80033000.0,0.08581799075692427,0.6551920476174715,0.6333991741458666,122151971.0,126354759.0,,,1620586116,14:48:36,20210509
23,2015-06-30,ACGLP,USD,2015-06-30,2015-06-30,Q2,1019652000.0,519426000.0,500226000.0,0.4905850231255369,0.0,0.0,0.0,0.0,0.0,519426000.0,4011000.0,0.0,132599000.0,0.130043387352,132599000.0,0.13004338735176316,0.0,132599000.0,0.13004338735176316,6780000.0,115790000.0,0.113558351280633,0.94170838898134,0.9106086282680176,122957384.0,127156713.0,,,1620586116,14:48:36,20210509
24,2015-03-31,ACGLP,USD,2015-03-31,2015-03-31,Q1,1082344000.0,493716000.0,588628000.0,0.5438455795939184,0.0,0.0,0.0,0.0,0.0,493716000.0,12736000.0,0.0,321435000.0,0.296980442447,321435000.0,0.2969804424471333,0.0,321435000.0,0.2969804424471333,12678000.0,283336000.0,0.2617799886172973,2.2811178772187675,2.205789607611939,124209276.0,128451054.0,,,1620586116,14:48:36,20210509
25,2014-12-31,ACGLP,USD,2014-12-31,2014-12-31,Q4,1014451000.0,495819000.0,518632000.0,0.5112440127714399,0.0,0.0,0.0,0.0,0.0,495819000.0,12744000.0,0.0,212648000.0,0.209618798739,212648000.0,0.2096187987394167,0.0,212648000.0,0.2096187987394167,5514000.0,215164000.0,0.2120989579585411,1.644763270021521,1.5947250003598368,130817610.0,134922322.0,,,1620586116,14:48:36,20210509
26,2014-09-30,ACGLP,USD,2014-09-30,2014-09-30,Q3,992531000.0,501673000.0,490858000.0,0.4945518074498429,0.0,0.0,0.0,0.0,0.0,501673000.0,4152000.0,0.0,229710000.0,0.231438615016,229710000.0,0.23143861501555116,0.0,229710000.0,0.23143861501555116,6446000.0,228675000.0,0.23039582642758766,1.730396093511354,1.6770663973523303,132151824.0,136354172.0,,,1620586116,14:48:36,20210509
27,2014-06-30,ACGLP,USD,2014-06-30,2014-06-30,Q2,1035660000.0,485518000.0,550142000.0,0.5311994283838325,0.0,0.0,0.0,0.0,0.0,485518000.0,14334000.0,0.0,219006000.0,0.211465152656,219006000.0,0.21146515265627716,0.0,219006000.0,0.21146515265627716,7289000.0,208016000.0,0.2008535619798003,1.5728229596826808,1.5215091677517618,132256462.0,136716889.0,,,1620586116,14:48:36,20210509
28,2014-03-31,ACGLP,USD,2014-03-31,2014-03-31,Q1,946231000.0,436240000.0,509991000.0,0.5389709278178373,0.0,0.0,0.0,0.0,0.0,436240000.0,14404000.0,0.0,182883000.0,0.193275215037,182883000.0,0.19327521503734288,0.0,182883000.0,0.19327521503734288,3738000.0,182500000.0,0.19287045129571953,1.3840656203332815,1.3363823158263612,131857910.0,136562717.0,,,1620586116,14:48:36,20210509
29,2013-12-31,ACGLP,USD,2013-12-31,2013-12-31,Q4,923078000.0,434323000.0,488755000.0,0.5294839656020401,0.0,0.0,0.0,0.0,0.0,434323000.0,9373000.0,0.0,176944000.0,0.191689109696,176944000.0,0.1916891096960387,0.0,176944000.0,0.1916891096960387,15454000.0,161490000.0,0.17494729589482147,1.2294127979154446,1.189375095519547,131355392.0,135777183.0,,,1620586116,14:48:36,20210509
30,2013-09-30,ACGLP,USD,2013-09-30,2013-09-30,Q3,861148000.0,427045000.0,434103000.0,0.504098017994584,0.0,0.0,0.0,0.0,0.0,427045000.0,5937000.0,0.0,122221000.0,0.141927984504,122221000.0,0.14192798450440575,0.0,122221000.0,0.14192798450440575,7396000.0,114825000.0,0.13333944920036975,0.8747751039485371,0.8462875768543543,131262309.0,135680829.0,,,1620586116,14:48:36,20210509
31,2013-06-30,ACGLP,USD,2013-06-30,2013-06-30,Q2,851790000.0,418653000.0,433137000.0,0.5085020955869405,0.0,0.0,0.0,0.0,0.0,418653000.0,5852000.0,0.0,182011000.0,0.213680602026,182011000.0,0.21368060202632105,0.0,182011000.0,0.21368060202632105,5071000.0,176940000.0,0.2077272567182052,1.349205111622246,1.304634173543597,131143885.0,135624226.0,,,1620586116,14:48:36,20210509
32,2013-03-31,ACGLP,USD,2013-03-31,2013-03-31,Q1,890141000.0,399403000.0,490738000.0,0.5513036698680321,0.0,0.0,0.0,0.0,0.0,399403000.0,5898000.0,0.0,261329000.0,0.293581578649,261329000.0,0.2935815786487759,0.0,261329000.0,0.2935815786487759,4853000.0,256476000.0,0.28812963339515874,1.9592094600981382,1.8940798211714989,130907902.0,135409288.0,,,1620586116,14:48:36,20210509
33,2012-12-31,ACGLP,USD,2012-12-31,2012-12-31,Q4,920106000.0,622506000.0,297600000.0,0.32344099484189864,0.0,0.0,0.0,23496000.0,59066000.0,681572000.0,6187000.0,0.0,7097000.0,0.00771324173519,7097000.0,0.00771324173519138,0.0,7097000.0,0.00771324173519138,-12120000.0,19217000.0,0.020885637089639673,0.14293454187065724,0.13899291377715597,134446158.0,138258847.0,,,1620586116,14:48:36,20210509
34,2012-09-30,ACGLP,USD,2012-09-30,2012-09-30,Q3,-501032000.0,-488782000.0,-12250000.0,0.024449536157371186,0.0,0.0,0.0,-23151000.0,-54660000.0,-543442000.0,-9353000.0,0.0,155278000.0,-0.309916332689,155278000.0,-0.3099163326893292,0.0,155278000.0,-0.3099163326893292,17456000.0,137822000.0,-0.2750762426352009,1.0245538018460225,0.997005157737679,134519046.0,138235995.0,,,1620586116,14:48:36,20210509
35,2012-06-30,ACGLP,USD,2012-06-30,2012-06-30,Q2,842468000.0,0.0,0.0,0.0,0.0,0.0,0.0,0.0,0.0,621433000.0,7439000.0,0.0,0.0,0.0,0.0,0.26236604832468413,695000.0,221035000.0,0.26236604832468413,767000.0,220268000.0,0.26145562798824407,0.0,0.0,0.0,0.0,,,1620586116,14:48:36,20210509
36,2012-03-31,ACGLP,USD,2012-03-31,2012-03-31,Q1,815008000.0,0.0,0.0,0.0,0.0,0.0,0.0,0.0,0.0,648850000.0,7521000.0,0.0,0.0,0.0,0.0,0.20387284541992226,-8068000.0,166158000.0,0.20387284541992226,1902000.0,164256000.0,0.20153912599630924,0.0,0.0,0.0,0.0,,,1620586116,14:48:36,20210509
37,2011-12-31,ACGLP,USD,2011-12-31,2011-12-31,Q4,747674000.0,378067000.0,369607000.0,0.49434245406420446,0.0,0.0,0.0,23151000.0,54660000.0,432727000.0,8087000.0,0.0,138295000.0,0.184966977586,138295000.0,0.18496697758648822,0.0,138295000.0,0.18496697758648822,-4977000.0,143272000.0,0.1916236220598817,1.083571814880689,1.036027975532119,132221970.0,138289702.0,,,1620586116,14:48:36,20210509
38,2011-09-30,ACGLP,USD,2011-09-30,2011-09-30,Q3,764993000.0,423984000.0,341009000.0,0.44576747761090624,0.0,0.0,0.0,0.0,0.0,423984000.0,8125000.0,0.0,166721000.0,0.217937941916,166721000.0,0.21793794191580837,0.0,166721000.0,0.21793794191580837,-2267000.0,168988000.0,0.22090136772493343,1.2793364154357554,1.2197551599992833,132090354.0,138542558.0,,,1620586116,14:48:36,20210509
39,2011-06-30,ACGLP,USD,2011-06-30,2011-06-30,Q2,775568000.0,431622000.0,343946000.0,0.44347626513729294,0.0,0.0,0.0,0.0,0.0,431622000.0,7758000.0,0.0,102701000.0,0.13242036804,102701000.0,0.13242036803993976,0.0,75338000.0,0.09713912899964929,-1731000.0,104803000.0,0.13513063973758588,0.7918056923956335,0.7527062300192471,132359493.0,139234931.0,,,1620586116,14:48:36,20210509
40,2011-03-31,ACGLP,USD,2011-03-31,2011-03-31,Q1,775072000.0,493880000.0,281192000.0,0.36279468230048306,0.0,0.0,0.0,0.0,0.0,493880000.0,7721000.0,0.0,19295000.0,0.0248944614178,19295000.0,0.02489446141777796,0.0,46658000.0,0.0601982783534949,-371000.0,19295000.0,0.02489446141777796,0.43359797079295753,0.41210869537172995,44499747.0,46820172.0,,,1620586116,14:48:36,20210509
41,2010-12-31,ACGLP,USD,2010-12-31,2010-12-31,Q4,825513000.0,367326000.0,458187000.0,0.5550330521748295,0.0,0.0,0.0,0.0,0.0,367326000.0,7460000.0,0.0,227651000.0,0.275769127803,227651000.0,0.27576912780295404,0.0,50245000.0,0.060865183225461014,-3505000.0,227651000.0,0.27576912780295404,4.536532788157344,4.334416396386417,50181716.0,52521719.0,,,1620586116,14:48:36,20210509
42,2010-09-30,ACGLP,USD,2010-09-30,2010-09-30,Q3,2418554000.0,1150389000.0,1268165000.0,0.5243484329892986,0.0,0.0,0.0,0.0,0.0,1150389000.0,22547000.0,0.0,589093000.0,0.243572399045,589093000.0,0.24357239904504924,0.0,858320000.0,0.35488973990243755,11373000.0,589093000.0,0.24357239904504924,11.552357175595327,11.048836437353666,50993316.0,53317198.0,,,1620586116,14:48:36,20210509
43,2010-06-30,ACGLP,USD,2010-06-30,2010-06-30,Q2,0.0,0.0,0.0,0.0,0.0,0.0,0.0,0.0,0.0,0.0,0.0,0.0,0.0,0.0,0.0,0.0,0.0,0.0,0.0,0.0,0.0,0.0,0.0,0.0,50993316.0,50993316.0,,,1620586116,14:48:36,20210509
44,2010-03-31,ACGLP,USD,2010-03-31,2010-03-31,Q1,844887000.0,0.0,0.0,0.0,0.0,0.0,0.0,0.0,0.0,621140000.0,7260000.0,0.0,0.0,0.0,0.0,0.2648247635482615,5978000.0,223747000.0,0.2648247635482615,6753000.0,216994000.0,0.2568319787143133,0.0,0.0,0.0,0.0,,,1620586116,14:48:36,20210509
45,2009-12-31,ACGLP,USD,2009-12-31,2009-12-31,Q4,926210000.0,0.0,0.0,0.0,0.0,0.0,0.0,0.0,0.0,634858000.0,7015000.0,0.0,0.0,0.0,0.0,0.3145636518716058,67068000.0,291352000.0,0.3145636518716058,195000.0,291157000.0,0.3143531164638689,0.0,0.0,0.0,0.0,,,1620586116,14:48:36,20210509
46,2009-09-30,ACGLP,USD,2009-09-30,2009-09-30,Q3,976225000.0,0.0,0.0,0.0,0.0,0.0,0.0,0.0,0.0,693152000.0,6001000.0,0.0,0.0,0.0,0.0,0.2899669645829599,1044000.0,283073000.0,0.2899669645829599,2205000.0,280868000.0,0.2877082639760301,0.0,0.0,0.0,0.0,,,1620586116,14:48:36,20210509
47,2009-06-30,ACGLP,USD,2009-06-30,2009-06-30,Q2,848744000.0,0.0,0.0,0.0,0.0,0.0,0.0,0.0,0.0,681336000.0,5712000.0,0.0,0.0,0.0,0.0,0.19724204235906234,-15913000.0,167408000.0,0.19724204235906234,8818000.0,158590000.0,0.18685257274278227,0.0,0.0,0.0,0.0,,,1620586116,14:48:36,20210509
48,2009-03-31,ACGLP,USD,2009-03-31,2009-03-31,Q1,750443000.0,0.0,0.0,0.0,0.0,0.0,0.0,0.0,0.0,594623000.0,5712000.0,0.0,0.0,0.0,0.0,0.20763735553533047,-32183000.0,155820000.0,0.20763735553533047,9490000.0,146330000.0,0.19499149169224045,0.0,0.0,0.0,0.0,,,1620586116,14:48:36,20210509
49,2008-12-31,ACGLP,USD,2008-12-31,2008-12-31,Q4,534906000.0,0.0,0.0,0.0,0.0,0.0,0.0,0.0,0.0,669238000.0,6285000.0,0.0,0.0,0.0,0.0,-0.251131974589928,211000.0,-134332000.0,-0.251131974589928,2179000.0,-136511000.0,-0.25520558752378925,0.0,0.0,0.0,0.0,,,1620586116,14:48:36,20210509
50,2008-09-30,ACGLP,USD,2008-09-30,2008-09-30,Q3,746799000.0,0.0,0.0,0.0,0.0,0.0,0.0,0.0,0.0,715797000.0,6241000.0,0.0,0.0,0.0,0.0,0.04151317824474859,3067000.0,31002000.0,0.04151317824474859,-1849000.0,32851000.0,0.04398907872131591,0.0,0.0,0.0,0.0,,,1620586116,14:48:36,20210509
51,2008-06-30,ACGLP,USD,2008-06-30,2008-06-30,Q2,835915000.0,0.0,0.0,0.0,0.0,0.0,0.0,0.0,0.0,631919000.0,5788000.0,0.0,0.0,0.0,0.0,0.2440391666616821,4968000.0,203996000.0,0.2440391666616821,5253000.0,198743000.0,0.237755034901874,0.0,0.0,0.0,0.0,,,1620586116,14:48:36,20210509
52,2008-03-31,ACGLP,USD,2008-03-31,2008-03-31,Q1,849193000.0,0.0,0.0,0.0,0.0,0.0,0.0,0.0,0.0,645354000.0,5524000.0,0.0,0.0,0.0,0.0,0.24003848359560195,-17209000.0,203839000.0,0.24003848359560195,7956000.0,195883000.0,0.23066958865652448,0.0,0.0,0.0,0.0,,,1620586116,14:48:36,20210509
53,2007-12-31,ACGLP,USD,2007-12-31,2007-12-31,Q4,858198000.0,0.0,0.0,0.0,0.0,0.0,0.0,0.0,0.0,618372000.0,5523000.0,0.0,0.0,0.0,0.0,0.2794529933651675,7349000.0,239826000.0,0.2794529933651675,-1044000.0,240870000.0,0.2806694958506079,0.0,0.0,0.0,0.0,,,1620586116,14:48:36,20210509
54,2007-09-30,ACGLP,USD,2007-09-30,2007-09-30,Q3,867163000.0,0.0,0.0,0.0,0.0,0.0,0.0,0.0,0.0,658844000.0,5524000.0,0.0,0.0,0.0,0.0,0.24023049876436148,4306000.0,208319000.0,0.24023049876436148,2113000.0,206206000.0,0.23779381731000976,0.0,0.0,0.0,0.0,,,1620586116,14:48:36,20210509
55,2007-06-30,ACGLP,USD,2007-06-30,2007-06-30,Q2,867310000.0,0.0,0.0,0.0,0.0,0.0,0.0,0.0,0.0,655418000.0,5523000.0,0.0,0.0,0.0,0.0,0.24430941647161913,2356000.0,211892000.0,0.24430941647161913,6037000.0,205855000.0,0.2373488141494967,0.0,0.0,0.0,0.0,,,1620586116,14:48:36,20210509
56,2007-03-31,ACGLP,USD,2007-03-31,2007-03-31,Q1,859774000.0,0.0,0.0,0.0,0.0,0.0,0.0,0.0,0.0,646267000.0,5523000.0,0.0,0.0,0.0,0.0,0.24832921209527153,2573000.0,213507000.0,0.24832921209527153,8495000.0,205012000.0,0.23844870861412418,0.0,0.0,0.0,0.0,,,1620586116,14:48:36,20210509
57,2006-12-31,ACGLP,USD,2006-12-31,2006-12-31,Q4,902761000.0,0.0,0.0,0.0,0.0,0.0,0.0,0.0,0.0,658470000.0,5523000.0,0.0,0.0,0.0,0.0,0.27060429061512403,2703000.0,244291000.0,0.27060429061512403,-1448000.0,245739000.0,0.2722082588857959,0.0,0.0,0.0,0.0,,,1620586116,14:48:36,20210509
58,2006-09-30,ACGLP,USD,2006-09-30,2006-09-30,Q3,850349000.0,0.0,0.0,0.0,0.0,0.0,0.0,0.0,0.0,655680000.0,5361000.0,0.0,0.0,0.0,0.0,0.22892835765079986,2269000.0,194669000.0,0.22892835765079986,2371000.0,192298000.0,0.22614009071569438,0.0,0.0,0.0,0.0,,,1620586116,14:48:36,20210509
59,2006-06-30,ACGLP,USD,2006-06-30,2006-06-30,Q2,859219000.0,0.0,0.0,0.0,0.0,0.0,0.0,0.0,0.0,702000000.0,5651000.0,0.0,0.0,0.0,0.0,0.1829789611263252,3468000.0,157219000.0,0.1829789611263252,14332000.0,142887000.0,0.16629869683980453,0.0,0.0,0.0,0.0,,,1620586116,14:48:36,20210509
60,2006-03-31,ACGLP,USD,2006-03-31,2006-03-31,Q1,840349000.0,0.0,0.0,0.0,0.0,0.0,0.0,0.0,0.0,696635000.0,5555000.0,0.0,0.0,0.0,0.0,0.17101704172909113,1805000.0,143714000.0,0.17101704172909113,11424000.0,132290000.0,0.15742268985861826,0.0,0.0,0.0,0.0,,,1620586116,14:48:36,20210509
61,2005-12-31,ACGLP,USD,2005-12-31,2005-12-31,Q4,818297000.0,0.0,0.0,0.0,0.0,0.0,0.0,0.0,0.0,705053000.0,5607000.0,0.0,0.0,0.0,0.0,0.138389851117626,991000.0,113244000.0,0.138389851117626,12351000.0,100893000.0,0.12329630928623715,0.0,0.0,0.0,0.0,,,1620586116,14:48:36,20210509
62,2005-09-30,ACGLP,USD,2005-09-30,2005-09-30,Q3,798993000.0,0.0,0.0,0.0,0.0,0.0,0.0,0.0,0.0,885926000.0,5632000.0,0.0,0.0,0.0,0.0,-0.1088032060355973,2239000.0,-86933000.0,-0.1088032060355973,-642000.0,-86291000.0,-0.10799969461559739,0.0,0.0,0.0,0.0,,,1620586116,14:48:36,20210509
63,2005-06-30,ACGLP,USD,2005-06-30,2005-06-30,Q2,796682000.0,0.0,0.0,0.0,0.0,0.0,0.0,0.0,0.0,662872000.0,5629000.0,0.0,0.0,0.0,0.0,0.16795911041042724,1025000.0,133810000.0,0.16795911041042724,7818000.0,125992000.0,0.15814591016239854,0.0,0.0,0.0,0.0,,,1620586116,14:48:36,20210509
64,2005-03-31,ACGLP,USD,2005-03-31,2005-03-31,Q1,753557000.0,0.0,0.0,0.0,0.0,0.0,0.0,0.0,0.0,628243000.0,5636000.0,0.0,0.0,0.0,0.0,0.16629664378408004,6112000.0,125314000.0,0.16629664378408004,9422000.0,115892000.0,0.15379327642102722,0.0,0.0,0.0,0.0,,,1620586116,14:48:36,20210509
65,2004-12-31,ACGLP,USD,2004-12-31,2004-12-31,Q4,808295000.0,0.0,0.0,0.0,0.0,0.0,0.0,0.0,0.0,688331000.0,5620000.0,0.0,0.0,0.0,0.0,0.14841611045472258,3323000.0,119964000.0,0.14841611045472258,12831000.0,107133000.0,0.13254195559789433,0.0,0.0,0.0,0.0,,,1620586116,14:48:36,20210509
66,2004-09-30,ACGLP,USD,2004-09-30,2004-09-30,Q3,795611000.0,0.0,0.0,0.0,0.0,0.0,0.0,0.0,0.0,779864000.0,6334000.0,0.0,0.0,0.0,0.0,0.019792335701743692,5948000.0,15747000.0,0.019792335701743692,-2282000.0,18029000.0,0.022660571560725026,0.0,0.0,0.0,0.0,,,1620586116,14:48:36,20210509
67,2004-06-30,ACGLP,USD,2004-06-30,2004-06-30,Q2,753808000.0,0.0,0.0,0.0,0.0,0.0,0.0,0.0,0.0,644834000.0,4642000.0,0.0,0.0,0.0,0.0,0.14456466368093732,-81000.0,108974000.0,0.14456466368093732,4692000.0,104282000.0,0.138340267017596,0.0,0.0,0.0,0.0,,,1620586116,14:48:36,20210509
68,2004-03-31,ACGLP,USD,2004-03-31,2004-03-31,Q1,746336000.0,0.0,0.0,0.0,0.0,0.0,0.0,0.0,0.0,647894000.0,0.0,0.0,0.0,0.0,0.0,0.13190037730995155,5036000.0,98442000.0,0.13190037730995155,10987000.0,87455000.0,0.11717912575569181,0.0,0.0,0.0,0.0,,,1620586116,14:48:36,20210509
69,2003-12-31,ACGLP,USD,2003-12-31,2003-12-31,Q4,722898000.0,0.0,0.0,0.0,0.0,0.0,0.0,0.0,0.0,636761000.0,0.0,0.0,0.0,0.0,0.0,0.11915512285273995,6459000.0,86137000.0,0.11915512285273995,2403000.0,83734000.0,0.11583100243741164,0.0,0.0,0.0,0.0,,,1620586116,14:48:36,20210509
70,2003-09-30,ACGLP,USD,2003-09-30,2003-09-30,Q3,646899000.0,0.0,0.0,0.0,0.0,0.0,0.0,0.0,0.0,555218000.0,0.0,0.0,0.0,0.0,0.0,0.14172382396633787,6035000.0,91681000.0,0.14172382396633787,9910000.0,82587000.0,0.12766598804450155,0.0,0.0,0.0,0.0,,,1620586116,14:48:36,20210509
71,2003-06-30,ACGLP,USD,2003-06-30,2003-06-30,Q2,538038000.0,0.0,0.0,0.0,0.0,0.0,0.0,0.0,0.0,469685000.0,0.0,0.0,0.0,0.0,0.0,0.12704121270244853,5521000.0,68353000.0,0.12704121270244853,6569000.0,61784000.0,0.11483203788579989,0.0,0.0,0.0,0.0,,,1620586116,14:48:36,20210509
72,2003-03-31,ACGLP,USD,2003-03-31,2003-03-31,Q1,435903000.0,0.0,0.0,0.0,0.0,0.0,0.0,0.0,0.0,375574000.0,0.0,0.0,0.0,0.0,0.0,0.1384000568933914,6815000.0,60329000.0,0.1384000568933914,7843000.0,52486000.0,0.12040752185692688,0.0,0.0,0.0,0.0,,,1620586116,14:48:36,20210509
73,2002-12-31,ACGLP,USD,2002-12-31,2002-12-31,Q4,305661000.0,0.0,0.0,0.0,0.0,0.0,0.0,0.0,0.0,262241000.0,0.0,0.0,0.0,0.0,0.0,0.14205279705294427,1062000.0,43420000.0,0.14205279705294427,4907000.0,43511000.0,0.1423505124958696,0.0,0.0,0.0,0.0,,,1620586116,14:48:36,20210509
