,date,symbol,reportedCurrency,fillingDate,acceptedDate,period,revenue,costOfRevenue,grossProfit,grossProfitRatio,researchAndDevelopmentExpenses,generalAndAdministrativeExpenses,sellingAndMarketingExpenses,otherExpenses,operatingExpenses,costAndExpenses,interestExpense,depreciationAndAmortization,ebitda,ebitdaratio,operatingIncome,operatingIncomeRatio,totalOtherIncomeExpensesNet,incomeBeforeTax,incomeBeforeTaxRatio,incomeTaxExpense,netIncome,netIncomeRatio,eps,epsdiluted,weightedAverageShsOut,weightedAverageShsOutDil,link,finalLink,timestamp,est_time,est_date
0,2020-12-31,GEO,USD,2021-02-16,2021-02-16 13:27:40,Q4,578116000,437264000.0,140852000.0,0.24363968476914669,0.0,47403000.0,0.0,0.0,-1259369000.0,518957000.0,31298000.0,34291000.0,93450000.0,0.161645759674529,59159000.0,0.10233067412076469,-18862000.0,15025000.0,0.025989593783946476,5105000.0,11911000.0,0.02060313155145334,0.09938753713160442,0.09917155821989093,119844000.0,120105000.0,https://www.sec.gov/Archives/edgar/data/923796/000156459021006003/0001564590-21-006003-index.htm,https://www.sec.gov/Archives/edgar/data/923796/000156459021006003/geo-10k_20201231.htm,1620592484,16:34:44,20210509
1,2020-09-30,GEO,USD,2020-11-06,2020-11-05 20:12:47,Q3,579136000,434402000.0,144734000.0,0.24991366449331417,0.0,46644000.0,0.0,387758.0,514674000.0,514674000.0,30749000.0,33628000.0,98090000.0,0.1693729970162449,64462000.0,0.11130718863962868,1472000.0,41545000.0,0.0717361725052492,4616000.0,39220000.0,0.06772157144435849,0.32730792983158913,0.3267462010130632,119826000.0,120032000.0,https://www.sec.gov/Archives/edgar/data/923796/000156459020051585/0001564590-20-051585-index.htm,https://www.sec.gov/Archives/edgar/data/923796/000156459020051585/geo-10q_20200930.htm,1620592484,16:34:44,20210509
2,2020-06-30,GEO,USD,2020-08-06,2020-08-06 16:50:20,Q2,587829000,0.0,0.0,0.0,0.0,45543000.0,0.0,0.0,524316000.0,524316000.0,30610000.0,33434000.0,96947000.0,0.16492381287755453,63513000.0,0.10804672787494322,0.0,38151000.0,0.06490152748503392,4196000.0,36720000.0,0.06246714605778211,0.3064852683415408,0.3060918275482645,119810000.0,119964000.0,https://www.sec.gov/Archives/edgar/data/923796/000156459020037855/0001564590-20-037855-index.htm,https://www.sec.gov/Archives/edgar/data/923796/000156459020037855/geo-10q_20200630.htm,1620592484,16:34:44,20210509
3,2020-03-31,GEO,USD,2020-05-06,2020-05-06 16:27:35,Q1,605017000,461322000.0,143695000.0,0.23750572297968486,0.0,53782000.0,0.0,0.0,87109000.0,548431000.0,34180000.0,33327000.0,89913000.0,0.1486123530413195,56586000.0,0.09352795045428476,1563000.0,29407000.0,0.0486052458030105,6546000.0,25181000.0,0.04162031810676394,0.2109067457326164,0.2099588937156579,119394000.0,119933000.0,https://www.sec.gov/Archives/edgar/data/923796/000156459020021968/0001564590-20-021968-index.htm,https://www.sec.gov/Archives/edgar/data/923796/000119312520049748/d841729d10k.htm,1620592484,16:34:44,20210509
4,2019-12-31,GEO,USD,2020-02-26,2020-02-26 14:21:36,Q4,621710000,478080000.0,143630000.0,0.23102411091988226,0.0,43743000.0,0.0,0.0,77328000.0,555408000.0,35167000.0,33585000.0,99887000.0,0.16066494024545205,66302000.0,0.1066445770536102,352000.0,37294000.0,0.059986167184056874,2139000.0,38052000.0,0.061205385147416,0.3191451887512476,0.3181046806162797,119231000.0,119621000.0,https://www.sec.gov/Archives/edgar/data/923796/000119312520049748/0001193125-20-049748-index.htm,https://www.sec.gov/Archives/edgar/data/923796/000119312520049748/d841729d10k.htm,1620592484,16:34:44,20210509
5,2019-09-30,GEO,USD,2019-11-07,2019-11-07 16:55:18,Q3,631579000,472513000.0,159066000.0,0.25185447901212676,0.0,48488000.0,0.0,0.0,80907000.0,553420000.0,36645000.0,32419000.0,110578000.0,0.17508181874318177,78159000.0,0.12375173968735502,594000.0,48794000.0,0.07725716022856999,5137000.0,45932000.0,0.07272566060619495,0.3853064785376943,0.38507067285927465,119209000.0,119282000.0,https://www.sec.gov/Archives/edgar/data/923796/000119312519287405/0001193125-19-287405-index.htm,https://www.sec.gov/Archives/edgar/data/923796/000119312519287405/d815388d10q.htm,1620592484,16:34:44,20210509
6,2019-06-30,GEO,USD,2019-08-02,2019-08-02 16:40:51,Q2,613966000,453168000.0,160798000.0,0.2619004961186776,0.0,47271000.0,0.0,0.0,79623000.0,532791000.0,38932000.0,32352000.0,113527000.0,0.1849076333217149,81175000.0,0.13221416169625028,-5741000.0,44547000.0,0.07255613503027855,4532000.0,41914000.0,0.06826762394008788,0.3517219387755102,0.35061567289031653,119168000.0,119544000.0,https://www.sec.gov/Archives/edgar/data/923796/000119312519212102/0001193125-19-212102-index.htm,https://www.sec.gov/Archives/edgar/data/923796/000119312519212102/d759337d10q.htm,1620592484,16:34:44,20210509
7,2019-03-31,GEO,USD,2019-05-06,2019-05-06 17:08:49,Q1,610667000,456997000.0,153670000.0,0.25164287574078836,0.0,46424000.0,0.0,0.0,78893000.0,535890000.0,40280000.0,32469000.0,107246000.0,0.17562108317626465,74777000.0,0.12245135237371595,0.0,42893000.0,0.07023959048057288,4840000.0,40705000.0,0.06665662300402675,0.34270968393756207,0.34063901720559686,118774000.0,119496000.0,https://www.sec.gov/Archives/edgar/data/923796/000119312519138425/0001193125-19-138425-index.htm,https://www.sec.gov/Archives/edgar/data/923796/000119312519050054/d663410d10k.htm,1620592484,16:34:44,20210509
8,2018-12-31,GEO,USD,2019-02-25,2019-02-25 17:19:15,Q4,599430000,456460000.0,142970000.0,0.23850991775520078,0.0,47588000.0,0.0,0.0,79486000.0,535946000.0,39324000.0,31898000.0,95382000.0,0.1591211651068515,63484000.0,0.10590727858131892,0.0,32721000.0,0.05458685751463891,1924000.0,33392000.0,0.055706254274894486,0.2799627744753632,0.2785893660156348,119273000.0,119861000.0,https://www.sec.gov/Archives/edgar/data/923796/000119312519050054/0001193125-19-050054-index.htm,https://www.sec.gov/Archives/edgar/data/923796/000119312519050054/d663410d10k.htm,1620592484,16:34:44,20210509
9,2018-09-30,GEO,USD,2018-11-08,2018-11-08 16:33:07,Q3,583530000,434806000.0,148724000.0,0.25486950113961576,0.0,47647000.0,0.0,0.0,78944000.0,513750000.0,37991000.0,31297000.0,101077000.0,0.17321645845115075,69780000.0,0.1195825407434065,0.0,40217000.0,0.06892019262077356,3723000.0,39289000.0,0.06732987164327456,0.3282810136947385,0.32658642416584927,119681000.0,120302000.0,https://www.sec.gov/Archives/edgar/data/923796/000119312518322609/0001193125-18-322609-index.htm,https://www.sec.gov/Archives/edgar/data/923796/000119312518322609/d613953d10q.htm,1620592484,16:34:44,20210509
10,2018-06-30,GEO,USD,2018-08-06,2018-08-06 16:29:23,Q2,583509000,437797000.0,145712000.0,0.24971679956950107,0.0,47448000.0,0.0,0.0,78761000.0,516558000.0,36919000.0,31853000.0,98804000.0,0.1693272940091755,66951000.0,0.11473859015028046,0.0,38699000.0,0.06632117071030609,3715000.0,37421000.0,0.06413097312980605,0.31113125031178807,0.31013848946203765,120274000.0,120659000.0,https://www.sec.gov/Archives/edgar/data/923796/000119312518239733/0001193125-18-239733-index.htm,https://www.sec.gov/Archives/edgar/data/923796/000119312518239733/d598215d10q.htm,1620592484,16:34:44,20210509
11,2018-03-31,GEO,USD,2018-04-30,2018-04-30 17:08:11,Q1,564917000,426709000.0,138208000.0,0.2446518692126454,0.0,41832000.0,0.0,0.0,73758000.0,500467000.0,35869000.0,31386000.0,95836000.0,0.16964616040940528,64450000.0,0.11408755622507377,0.0,37680000.0,0.06670006390319286,4755000.0,34987000.0,0.06193299192624757,0.2873250771959792,0.2860658686551544,121768000.0,122304000.0,https://www.sec.gov/Archives/edgar/data/923796/000119312518143622/0001193125-18-143622-index.htm,https://www.sec.gov/Archives/edgar/data/923796/000119312518058566/d494769d10k.htm,1620592484,16:34:44,20210509
12,2017-12-31,GEO,USD,2018-02-26,2018-02-26 16:40:37,Q4,568977000,424209000.0,144768000.0,0.2544355922998645,0.0,46477000.0,0.0,0.0,78310000.0,502519000.0,38322000.0,31833000.0,98291000.0,0.17275039237086912,66458000.0,0.11680261240788292,0.0,40841000.0,0.07177970287023905,12368000.0,36357000.0,0.06389889222235696,0.2973112212354644,0.29578014790227714,122286000.0,122919000.0,https://www.sec.gov/Archives/edgar/data/923796/000119312518058566/0001193125-18-058566-index.htm,https://www.sec.gov/Archives/edgar/data/923796/000119312518058566/d494769d10k.htm,1620592484,16:34:44,20210509
13,2017-09-30,GEO,USD,2017-11-03,2017-11-03 16:22:28,Q3,566759000,423134000.0,143625000.0,0.2534145906814007,0.0,49074000.0,0.0,0.0,80723000.0,503857000.0,38719000.0,31649000.0,94551000.0,0.16682752280951868,62902000.0,0.11098544531273434,0.0,38831000.0,0.06851413034464385,1720000.0,38489000.0,0.06791069925665054,0.3148358704632273,0.3132064416903334,122251000.0,122887000.0,https://www.sec.gov/Archives/edgar/data/923796/000119312517332845/0001193125-17-332845-index.htm,https://www.sec.gov/Archives/edgar/data/923796/000119312517332845/d455475d10q.htm,1620592484,16:34:44,20210509
14,2017-06-30,GEO,USD,2017-08-07,2017-08-07 16:49:20,Q2,577070000,438445000.0,138625000.0,0.24022215675741246,0.0,52206000.0,0.0,0.0,84072000.0,522517000.0,35983000.0,31866000.0,86419000.0,0.14975479577867504,54553000.0,0.09453445855788725,0.0,30916000.0,0.05357408979846466,1400000.0,30992000.0,0.05370578959225051,0.2537727737973388,0.2521827576386346,122125000.0,122895000.0,https://www.sec.gov/Archives/edgar/data/923796/000119312517249967/0001193125-17-249967-index.htm,https://www.sec.gov/Archives/edgar/data/923796/000119312517249967/d423976d10q.htm,1620592484,16:34:44,20210509
15,2017-03-31,GEO,USD,2017-05-04,2017-05-04 15:57:20,Q1,550614000,414707000.0,135907000.0,0.24682808646347532,0.0,42586000.0,0.0,0.0,71535000.0,486242000.0,35000000.0,28949000.0,93321000.0,0.1694853381860977,64372000.0,0.11690948650052486,0.0,41349000.0,0.07509616537174862,2470000.0,40403000.0,0.07337808337601295,0.36,0.35,113599000.0,114478000.0,https://www.sec.gov/Archives/edgar/data/923796/000119312517158609/0001193125-17-158609-index.htm,https://www.sec.gov/Archives/edgar/data/923796/000119312517056831/d320699d10k.htm,1620592484,16:34:44,20210509
16,2016-12-31,GEO,USD,2017-02-27,2017-02-24 19:32:24,Q4,566579000,429279000.0,137300000.0,0.24233160777226123,0.0,40261000.0,0.0,0.0,69291000.0,498570000.0,34854000.0,29030000.0,97039000.0,0.17127179087117594,68009000.0,0.12003445238881073,0.0,43264000.0,0.07636004864281945,-4096000.0,49436000.0,0.08725349862949386,0.446667,0.44,111211500.0,111690000.0,https://www.sec.gov/Archives/edgar/data/923796/000119312517056831/0001193125-17-056831-index.htm,https://www.sec.gov/Archives/edgar/data/923796/000119312517056831/d320699d10k.htm,1620592484,16:34:44,20210509
17,2016-09-30,GEO,USD,2016-11-08,2016-11-08 17:14:31,Q3,554376000,415659000.0,138717000.0,0.25022187107667,0.0,37483000.0,0.0,0.0,66266000.0,481925000.0,33428000.0,28783000.0,101234000.0,0.18260891524885636,72451000.0,0.1306892794781881,0.0,46951000.0,0.08469161724172763,4970000.0,43720000.0,0.07886344286188435,0.39329986866015365,0.39209355718180516,111162000.0,111504000.0,https://www.sec.gov/Archives/edgar/data/923796/000119312516763113/0001193125-16-763113-index.htm,https://www.sec.gov/Archives/edgar/data/923796/000119312516763113/d265071d10q.htm,1620592484,16:34:44,20210509
18,2016-06-30,GEO,USD,2016-08-05,2016-08-04 19:36:59,Q2,548350000,416837000.0,131513000.0,0.23983404759733748,0.0,36904000.0,0.0,0.0,65556000.0,482393000.0,31089000.0,28652000.0,94609000.0,0.17253396553296252,65957000.0,0.12028266618035927,-15866000.0,24904000.0,0.045416248746238716,3879000.0,23209000.0,0.04232515729005197,0.20896584013109323,0.20819261113129436,111066000.0,111478500.0,https://www.sec.gov/Archives/edgar/data/923796/000119312516672221/0001193125-16-672221-index.htm,https://www.sec.gov/Archives/edgar/data/923796/000119312516672221/d236559d10q.htm,1620592484,16:34:44,20210509
19,2016-03-31,GEO,USD,2016-05-03,2016-05-03 17:07:54,Q1,510185000,388506000.0,121679000.0,0.23849975989101993,0.0,34061000.0,0.0,0.0,62512000.0,451018000.0,29366000.0,28451000.0,87618000.0,0.17173770299009183,59167000.0,0.11597165733998452,0.0,34358000.0,0.06734419867303038,3151000.0,32350000.0,0.0634083714730931,0.2919345741680767,0.29065588499550765,110812500.0,111300000.0,https://www.sec.gov/Archives/edgar/data/923796/000119312516575174/0001193125-16-575174-index.htm,https://www.sec.gov/Archives/edgar/data/923796/000119312516478864/d43877d10k.htm,1620592484,16:34:44,20210509
20,2015-12-31,GEO,USD,2016-02-26,2016-02-25 19:32:38,Q4,500126000,365970000.0,134156000.0,0.26824440241059255,0.0,39276000.0,0.0,0.0,67404000.0,433374000.0,27526000.0,28128000.0,94880000.0,0.1897121925274831,66752000.0,0.13347036546790209,0.0,42871000.0,0.08572039845958819,435000.0,44064000.0,0.08810579733907055,0.4,0.393333,110712000.0,111088500.0,https://www.sec.gov/Archives/edgar/data/923796/000119312516478864/0001193125-16-478864-index.htm,https://www.sec.gov/Archives/edgar/data/923796/000119312516478864/d43877d10k.htm,1620592484,16:34:44,20210509
21,2015-09-30,GEO,USD,2015-11-06,2015-11-06 14:43:36,Q3,469866000,345966000.0,123900000.0,0.26369220160641543,0.0,33742000.0,0.0,0.0,60869000.0,406835000.0,27314000.0,27127000.0,90158000.0,0.19188023819557065,63031000.0,0.1341467567348989,0.0,38709000.0,0.08238306240502612,1758000.0,38312000.0,0.08153814066138006,0.3462902956103601,0.34553136992293365,110635500.0,110878500.0,https://www.sec.gov/Archives/edgar/data/923796/000119312515369925/0001193125-15-369925-index.htm,https://www.sec.gov/Archives/edgar/data/923796/000119312515369925/d28105d10q.htm,1620592484,16:34:44,20210509
22,2015-06-30,GEO,USD,2015-08-07,2015-08-07 15:00:35,Q2,445945000,333930000.0,112015000.0,0.2511856843332698,0.0,32174000.0,0.0,0.0,58734000.0,392664000.0,26651000.0,26561000.0,79842000.0,0.17904001614548878,53281000.0,0.11947885950061106,0.0,29498000.0,0.0661471706152104,2369000.0,28291000.0,0.06344055881330657,0.25603294192176296,0.25520840380859594,110497500.0,110854500.0,https://www.sec.gov/Archives/edgar/data/923796/000119312515282909/0001193125-15-282909-index.htm,https://www.sec.gov/Archives/edgar/data/923796/000119312515282909/d74951d10q.htm,1620592484,16:34:44,20210509
23,2015-03-31,GEO,USD,2015-05-07,2015-05-06 19:11:34,Q1,427369000,317909000.0,109460000.0,0.25612526879581815,0.0,31848000.0,0.0,0.0,56788000.0,374697000.0,24646000.0,24940000.0,77612000.0,0.18160418748201204,52672000.0,0.12324712368000487,0.0,30099000.0,0.07042859917307993,2828000.0,28777000.0,0.06733525360987812,0.2608419783636306,0.25965928572717595,110323500.0,110826000.0,https://www.sec.gov/Archives/edgar/data/923796/000119312515175072/0001193125-15-175072-index.htm,https://www.sec.gov/Archives/edgar/data/923796/000119312515062920/d861850d10k.htm,1620592484,16:34:44,20210509
24,2014-12-31,GEO,USD,2015-02-26,2015-02-25 17:48:58,Q4,427740000,311503000.0,116237000.0,0.2717468555664656,0.0,30081000.0,0.0,0.0,54283000.0,365786000.0,24706000.0,24202000.0,86156000.0,0.20142142422967224,61954000.0,0.14484032356104176,0.0,39391000.0,0.09209098985364941,3031000.0,38051000.0,0.08895824566325337,0.3452371231298257,0.34380534171816834,110217000.0,110676000.0,https://www.sec.gov/Archives/edgar/data/923796/000119312515062920/0001193125-15-062920-index.htm,https://www.sec.gov/Archives/edgar/data/923796/000119312515062920/d861850d10k.htm,1620592484,16:34:44,20210509
25,2014-09-30,GEO,USD,2014-11-10,2014-11-10 16:09:15,Q3,457900000,342216000.0,115684000.0,0.2526403144791439,0.0,28287000.0,0.0,0.0,52366000.0,394582000.0,21408000.0,24079000.0,87397000.0,0.19086481764577418,63318000.0,0.13827910024022713,0.0,42958000.0,0.09381524350294825,5537000.0,38991000.0,0.08515177986459926,0.3591323570046974,0.3578616958299489,108570000.0,108955500.0,https://www.sec.gov/Archives/edgar/data/923796/000119312514405997/0001193125-14-405997-index.htm,https://www.sec.gov/Archives/edgar/data/923796/000119312514405997/d818739d10q.htm,1620592484,16:34:44,20210509
26,2014-06-30,GEO,USD,2014-08-08,2014-08-08 12:13:42,Q2,412843000,300058000.0,112785000.0,0.2731910193463375,0.0,28148000.0,0.0,0.0,51896000.0,351954000.0,20602000.0,23748000.0,84637000.0,0.2050101370254552,60889000.0,0.1474870592452821,0.0,41111000.0,0.09958022783479434,3387000.0,38898000.0,0.09421983659647856,0.3614266400925448,0.36019668305692143,107623500.0,107991000.0,https://www.sec.gov/Archives/edgar/data/923796/000119312514302418/0001193125-14-302418-index.htm,https://www.sec.gov/Archives/edgar/data/923796/000119312514302418/d771211d10q.htm,1620592484,16:34:44,20210509
27,2014-03-31,GEO,USD,2014-05-06,2014-05-06 15:45:35,Q1,393137000,291923000.0,101214000.0,0.2574522367520737,0.0,28502000.0,0.0,0.0,52644000.0,344567000.0,20652000.0,24142000.0,72712000.0,0.18495333687747528,48570000.0,0.12354471850779754,0.0,28650000.0,0.07287535897155445,2138000.0,27990000.0,0.07119655489053435,0.26116530672227745,0.25954517003964117,107173500.0,107842500.0,https://www.sec.gov/Archives/edgar/data/923796/000119312514184735/0001193125-14-184735-index.htm,https://www.sec.gov/Archives/edgar/data/923796/000119312514080213/d684311d10k.htm,1620592484,16:34:44,20210509
28,2013-12-31,GEO,USD,2014-03-03,2014-03-03 16:20:12,Q4,383548000,280919000.0,102629000.0,0.26757798241680314,0.0,30436000.0,0.0,0.0,54620000.0,335539000.0,20991000.0,24184000.0,72193000.0,0.18822415968796605,48009000.0,0.12517077393181558,-13679000.0,13230000.0,0.03449372699114583,-11908000.0,27611000.0,0.07198838215816535,0.26,0.253333,106986000.0,107626500.0,https://www.sec.gov/Archives/edgar/data/923796/000119312514080213/0001193125-14-080213-index.htm,https://www.sec.gov/Archives/edgar/data/923796/000119312514080213/d684311d10k.htm,1620592484,16:34:44,20210509
29,2013-09-30,GEO,USD,2013-11-08,2013-11-08 16:11:42,Q3,379842000,283903000.0,95939000.0,0.2525760711032482,0.0,27222000.0,0.0,0.0,51110000.0,335013000.0,21569000.0,23848000.0,68677000.0,0.18080412381990407,44829000.0,0.11802012415688629,-1451000.0,22893000.0,0.06026979638902491,-7755000.0,29897000.0,0.07870904218069619,0.27993052532033724,0.2781569092642988,106801500.0,107482500.0,https://www.sec.gov/Archives/edgar/data/923796/000119312513435227/0001193125-13-435227-index.htm,https://www.sec.gov/Archives/edgar/data/923796/000119312513435227/d626700d10q.htm,1620592484,16:34:44,20210509
30,2013-06-30,GEO,USD,2013-08-08,2013-08-08 17:16:31,Q2,381653000,279246000.0,102407000.0,0.2683248919830317,0.0,27363000.0,0.0,0.0,51020000.0,330266000.0,21103000.0,23697000.0,75084000.0,0.19673368216678502,51387000.0,0.13464324923425205,-5527000.0,25922000.0,0.06792033601203187,-7268000.0,34207000.0,0.08962853691704245,0.3208174481474708,0.31846979578346624,106624500.0,107410500.0,https://www.sec.gov/Archives/edgar/data/923796/000119312513327162/0001193125-13-327162-index.htm,https://www.sec.gov/Archives/edgar/data/923796/000119312513327162/d581110d10q.htm,1620592484,16:34:44,20210509
31,2013-03-31,GEO,USD,2013-05-10,2013-05-10 13:25:51,Q1,377031000,280797000.0,96234000.0,0.2552416114324817,0.0,32040000.0,0.0,0.0,54975000.0,335772000.0,19341000.0,22935000.0,64194000.0,0.17026186175672559,41259000.0,0.10943131997103686,0.0,23102000.0,0.06127347618630829,881000.0,23420000.0,0.06211690815874557,0.2203716772524112,0.21863739054127224,106275000.0,107118000.0,https://www.sec.gov/Archives/edgar/data/923796/000119312513213353/0001193125-13-213353-index.htm,https://www.sec.gov/Archives/edgar/data/923796/000119312513087892/d493925d10k.htm,1620592484,16:34:44,20210509
32,2012-12-31,GEO,USD,2013-03-01,2013-03-01 16:55:49,Q4,253933000,170105000.0,83828000.0,0.3301185745846345,0.0,32080000.0,0.0,0.0,53122000.0,223227000.0,20159000.0,21042000.0,51748000.0,0.20378603804940673,30706000.0,0.12092166043798955,0.0,12044000.0,0.04742983385381183,-76074000.0,81607000.0,0.32137217297476106,0.886667,0.88,91827000.0,92494500.0,https://www.sec.gov/Archives/edgar/data/923796/000119312513087892/0001193125-13-087892-index.htm,https://www.sec.gov/Archives/edgar/data/923796/000119312513087892/d493925d10k.htm,1620592484,16:34:44,20210509
33,2012-09-30,GEO,USD,2012-11-08,2012-11-08 17:14:54,Q3,411524000,305832000.0,105692000.0,0.2568307073220517,0.0,27228000.0,0.0,0.0,50989000.0,356821000.0,20606000.0,23761000.0,78464000.0,0.1906668869859352,54703000.0,0.13292784867954238,-8462000.0,27286000.0,0.06630475986819724,11304000.0,15617000.0,0.03794918400870909,0.173333,0.166667,91359000.0,91953000.0,https://www.sec.gov/Archives/edgar/data/923796/000119312512460782/0001193125-12-460782-index.htm,https://www.sec.gov/Archives/edgar/data/923796/000119312512460782/d431569d10q.htm,1620592484,16:34:44,20210509
34,2012-07-01,GEO,USD,2012-08-09,2012-08-08 21:05:41,Q2,371200000,269100000.0,102100000.0,0.2750538793103448,0.0,26100000.0,0.0,267124000.0,49099999.99999996,318199999.99999994,20617000.0,24700000.0,77600000.0,0.20905172413793102,52900000.0,0.14251077586206898,-2469000.0,34100000.0,0.09186422413793104,13700000.0,22500000.0,0.060614224137931036,0.24563,0.24563,91600000.0,91600000.0,https://www.sec.gov/Archives/edgar/data/923796/000119312512344834/0001193125-12-344834-index.htm,https://www.sec.gov/Archives/edgar/data/923796/000119312512344834/d393868d10q.htm,1620592484,16:34:44,20210509
35,2012-04-01,GEO,USD,2012-05-10,2012-05-10 17:06:43,Q1,360000000,270700000.0,89300000.0,0.24805555555555556,0.0,26600000.0,0.0,291687000.0,48800000.00000001,319500000.0,20807000.0,22200000.0,62700000.0,0.17416666666666666,40500000.0,0.1125,1987000.0,21500000.0,0.059722222222222225,8500000.0,15000000.0,0.041666666666666664,0.16411,0.16411,91400000.0,91400000.0,https://www.sec.gov/Archives/edgar/data/923796/000119312512225867/0001193125-12-225867-index.htm,https://www.sec.gov/Archives/edgar/data/923796/000119312512090269/d259590d10k.htm,1620592484,16:34:44,20210509
36,2012-01-01,GEO,USD,2012-03-01,2012-02-29 21:51:22,Q4,354500000,258400000.0,96100000.0,0.2710860366713681,0.0,26300000.0,0.0,487778000.0,48800000.00000001,307200000.0,-17600000.0,20000000.0,67300000.0,0.18984485190409026,47300000.0,0.13342736248236953,0.0,29700000.0,0.08377997179125529,11700000.0,18700000.0,0.05275035260930889,0.20173,0.20173,92700000.0,92700000.0,https://www.sec.gov/Archives/edgar/data/923796/000119312512090269/0001193125-12-090269-index.htm,https://www.sec.gov/Archives/edgar/data/923796/000119312512090269/d259590d10k.htm,1620592484,16:34:44,20210509
37,2011-10-02,GEO,USD,2011-11-08,2011-11-08 17:22:11,Q3,275600000,189400000.0,86200000.0,0.3127721335268505,0.0,23200000.0,0.0,281799000.0,42599999.99999999,232000000.0,-17600000.0,21900000.0,65500000.0,0.2376632801161103,43600000.0,0.15820029027576196,-7521000.0,26000000.0,0.09433962264150944,9800000.0,21500000.0,0.07801161103047896,0.24376,0.24376,88200000.0,88200000.0,https://www.sec.gov/Archives/edgar/data/923796/000119312511302441/0001193125-11-302441-index.htm,https://www.sec.gov/Archives/edgar/data/923796/000119312511302441/d247088d10q.htm,1620592484,16:34:44,20210509
38,2011-07-03,GEO,USD,2011-08-09,2011-08-09 17:14:25,Q2,396800000,299200000.0,97600000.0,0.24596774193548387,0.0,27700000.0,0.0,280934000.0,48699999.99999999,347900000.0,-17800000.0,20800000.0,69700000.0,0.17565524193548387,48900000.0,0.12323588709677419,497000.0,31100000.0,0.07837701612903226,12300000.0,21600000.0,0.05443548387096774,0.22199,0.22199,97300000.0,97300000.0,https://www.sec.gov/Archives/edgar/data/923796/000095012311075183/0000950123-11-075183-index.htm,https://www.sec.gov/Archives/edgar/data/923796/000095012311075183/g26115e10vq.htm,1620592484,16:34:44,20210509
39,2011-04-03,GEO,USD,2011-05-10,2011-05-09 21:58:52,Q1,380300000,289000000.0,91300000.0,0.24007362608467,0.0,32800000.0,0.0,266498000.0,51500000.0,340500000.0,-15400000.0,18800000.0,58600000.0,0.1540888772022088,39800000.0,0.1046542203523534,305000.0,24400000.0,0.06415987378385485,9400000.0,16800000.0,0.04417565080199842,0.17302,0.17302,97100000.0,97100000.0,https://www.sec.gov/Archives/edgar/data/923796/000095012311047710/0000950123-11-047710-index.htm,https://www.sec.gov/Archives/edgar/data/923796/000095012311020922/g25405e10vk.htm,1620592484,16:34:44,20210509
40,2011-01-02,GEO,USD,2011-03-02,2011-03-01 22:00:16,Q4,189000000,117400000.0,71600000.0,0.37883597883597886,0.0,29500000.0,0.0,471547000.0,57699999.99999999,175100000.0,-10700000.0,12299999.999999996,26199999.999999996,0.1386243386243386,13900000.0,0.07354497354497354,0.0,3200000.0,0.016931216931216932,5800000.0,7600000.0,0.04021164021164021,0.07238,0.07238,105000000.0,105000000.0,https://www.sec.gov/Archives/edgar/data/923796/000095012311020922/0000950123-11-020922-index.htm,https://www.sec.gov/Archives/edgar/data/923796/000095012311020922/g25405e10vk.htm,1620592484,16:34:44,20210509
41,2010-10-03,GEO,USD,2010-11-12,2010-11-10 20:05:08,Q3,327900000,251100000.0,76800000.0,0.2342177493138152,0.0,33900000.0,0.0,217114000.0,55200000.00000002,306300000.0,-10200000.0,13400000.000000002,35000000.0,0.10673985971332724,21600000.0,0.06587374199451052,2308000.0,11400000.0,0.03476669716376944,7500000.0,5300000.0,0.016163464470875268,0.06071,0.06071,87300000.0,87300000.0,https://www.sec.gov/Archives/edgar/data/923796/000095012310104053/0000950123-10-104053-index.htm,https://www.sec.gov/Archives/edgar/data/923796/000095012310104053/g24633e10vq.htm,1620592484,16:34:44,20210509
42,2010-07-04,GEO,USD,2010-08-13,2010-08-13 16:04:50,Q2,280100000,216900000.0,63200000.0,0.2256337022491967,0.0,20700000.0,0.0,196272000.0,30099999.999999993,247000000.0,-99000.0,9500000.0,42600000.0,0.1520885398072117,33100000.0,0.11817208139950018,0.0,26100000.0,0.09318100678329168,10200000.0,17000000.0,0.06069260978222064,0.22973,0.22973,74000000.0,74000000.0,https://www.sec.gov/Archives/edgar/data/923796/000095012310077309/0000950123-10-077309-index.htm,https://www.sec.gov/Archives/edgar/data/923796/000095012310077309/g23828e10vq.htm,1620592484,16:34:44,20210509
43,2010-04-04,GEO,USD,2010-05-14,2010-05-13 18:31:32,Q1,287500000,226300000.0,61200000.0,0.2128695652173913,0.0,17400000.0,0.0,208934000.0,26699999.99999999,253000000.0,7814000.0,9200000.0,43700000.0,0.152,34500000.0,0.12,0.0,27900000.0,0.09704347826086956,10800000.0,17700000.0,0.06156521739130435,0.22839,0.22839,77500000.0,77500000.0,https://www.sec.gov/Archives/edgar/data/923796/000095012310049182/0000950123-10-049182-index.htm,https://www.sec.gov/Archives/edgar/data/923796/000095012310015259/g22198e10vk.htm,1620592484,16:34:44,20210509
44,2010-01-03,GEO,USD,2010-02-22,2010-02-22 17:24:49,Q4,310800000,241700000.0,69100000.0,0.22232947232947234,0.0,19300000.0,0.0,487778000.0,36400000.00000004,278100000.00000006,19709000.0,10199999.999999996,42900000.0,0.13803088803088803,32700000.0,0.10521235521235521,0.0,26100000.0,0.08397683397683398,11700000.0,15500000.0,0.04987129987129987,0.19821,0.19821,78200000.0,78200000.0,https://www.sec.gov/Archives/edgar/data/923796/000095012310015259/0000950123-10-015259-index.htm,https://www.sec.gov/Archives/edgar/data/923796/000095012310015259/g22198e10vk.htm,1620592484,16:34:44,20210509
45,2009-09-27,GEO,USD,2009-11-03,2009-11-03 16:14:30,Q3,294900000,234300000.0,60600000.0,0.20549338758901323,0.0,15700000.0,0.0,218723000.0,25300000.00000001,259600000.0,6533000.0,9700000.000000004,44900000.0,0.15225500169549,35200000.0,0.11936249576127501,0.0,29900000.0,0.10139030179721939,11500000.0,19300000.0,0.06544591386910817,0.24775,0.24775,77900000.0,77900000.0,https://www.sec.gov/Archives/edgar/data/923796/000095012309056886/0000950123-09-056886-index.htm,https://www.sec.gov/Archives/edgar/data/923796/000095012309056886/g21042e10vq.htm,1620592484,16:34:44,20210509
46,2009-06-28,GEO,USD,2009-08-03,2009-08-03 17:24:57,Q2,276400000,218700000.0,57700000.0,0.20875542691751087,0.0,17000000.0,0.0,201842000.0,26700000.00000002,245400000.00000003,6761000.0,9599999.999999998,40600000.0,0.14688856729377714,31000000.0,0.11215629522431259,0.0,25400000.0,0.0918958031837916,9700000.0,16500000.0,0.05969609261939218,0.21263,0.21263,77600000.0,77600000.0,https://www.sec.gov/Archives/edgar/data/923796/000095012309028997/0000950123-09-028997-index.htm,https://www.sec.gov/Archives/edgar/data/923796/000095012309028997/g19984e10vq.htm,1620592484,16:34:44,20210509
47,2009-03-29,GEO,USD,2009-04-30,2009-04-30 17:24:54,Q1,259100000,202300000.0,56800000.0,0.21922037823234272,0.0,17200000.0,0.0,185091000.0,27099999.999999993,229400000.0,7204000.0,9800000.0,39500000.0,0.15245079120030877,29700000.0,0.1146275569278271,0.0,23600000.0,0.09108452335005789,9100000.0,14700000.0,0.0567348514087225,0.18943,0.18943,77600000.0,77600000.0,https://www.sec.gov/Archives/edgar/data/923796/000095014409003754/0000950144-09-003754-index.htm,https://www.sec.gov/Archives/edgar/data/923796/000095014409001411/g17712e10vk.htm,1620592484,16:34:44,20210509
48,2008-12-28,GEO,USD,2009-02-18,2009-02-18 17:29:02,Q4,256500000,194400000.0,62100000.0,0.24210526315789474,0.0,17300000.0,0.0,145815000.0,27199999.99999999,221600000.0,8535000.0,9899999.999999998,44800000.0,0.1746588693957115,34900000.0,0.13606237816764133,0.0,27800000.0,0.10838206627680312,10200000.0,16400000.0,0.06393762183235867,0.21134,0.21134,77600000.0,77600000.0,https://www.sec.gov/Archives/edgar/data/923796/000095014409001411/0000950144-09-001411-index.htm,https://www.sec.gov/Archives/edgar/data/923796/000095014409001411/g17712e10vk.htm,1620592484,16:34:44,20210509
49,2008-09-28,GEO,USD,2008-11-05,2008-11-05 13:22:22,Q3,254100000,199300000.0,54800000.0,0.21566312475403385,0.0,16900000.0,0.0,192567000.0,26199999.99999999,225500000.0,7309000.0,9300000.0,37900000.0,0.1491538764266037,28600000.0,0.11255411255411256,0.0,23100000.0,0.09090909090909091,8400000.0,15900000.0,0.06257378984651712,0.20463,0.20463,77700000.0,77700000.0,https://www.sec.gov/Archives/edgar/data/923796/000095014408008154/0000950144-08-008154-index.htm,https://www.sec.gov/Archives/edgar/data/923796/000095014408008154/g16419e10vq.htm,1620592484,16:34:44,20210509
50,2008-06-29,GEO,USD,2008-08-08,2008-08-08 15:34:28,Q2,270000000,216000000.0,54000000.0,0.2,0.0,17900000.0,0.0,207208000.0,27199999.99999999,243200000.0,6871000.0,9299999.999999998,36100000.0,0.1337037037037037,26800000.0,0.09925925925925926,0.0,21900000.0,0.0811111111111111,8700000.0,14200000.0,0.052592592592592594,0.18252,0.18252,77800000.0,77800000.0,https://www.sec.gov/Archives/edgar/data/923796/000095014408006245/0000950144-08-006245-index.htm,https://www.sec.gov/Archives/edgar/data/923796/000095014408006245/g14652e10vq.htm,1620592484,16:34:44,20210509
51,2008-03-30,GEO,USD,2008-05-02,2008-05-02 15:57:02,Q1,262500000,213000000.0,49500000.0,0.18857142857142858,0.0,17000000.0,0.0,207312000.0,25900000.000000007,238900000.0,7487000.0,8900000.0,32400000.0,0.12342857142857143,23500000.0,0.08952380952380952,0.0,17800000.0,0.0678095238095238,6500000.0,12400000.0,0.04723809523809524,0.15979,0.15979,77600000.0,77600000.0,https://www.sec.gov/Archives/edgar/data/923796/000095014408003516/0000950144-08-003516-index.htm,https://www.sec.gov/Archives/edgar/data/923796/000095014408001137/g11770e10vk.htm,1620592484,16:34:44,20210509
52,2007-12-30,GEO,USD,2008-02-15,2008-02-15 17:16:05,Q4,250000000,201700000.0,48300000.0,0.1932,0.0,17600000.0,0.0,195002000.0,26400000.000000007,228100000.0,8002000.0,8300000.000000004,30200000.000000004,0.12080000000000002,21900000.0,0.0876,0.0,16100000.0,0.0644,6100000.0,11500000.0,0.046,0.14801,0.14801,77700000.0,77700000.0,https://www.sec.gov/Archives/edgar/data/923796/000095014408001137/0000950144-08-001137-index.htm,https://www.sec.gov/Archives/edgar/data/923796/000095014408001137/g11770e10vk.htm,1620592484,16:34:44,20210509
53,2007-09-30,GEO,USD,2007-11-09,2007-11-09 16:50:41,Q3,267009000,216512000.0,50497000.0,0.18912096595994893,0.0,16054000.0,0.0,0.0,25233000.0,241745000.0,0.0,10657000.0,35921000.0,0.13453104576999278,25264000.0,0.09461853345767371,591000.0,19209000.0,0.07194139523386853,7385000.0,12738000.0,0.04770625709245756,0.16872305338658083,0.164033223874831,75496500.0,77655000.0,https://www.sec.gov/Archives/edgar/data/923796/000095014407010244/0000950144-07-010244-index.htm,https://www.sec.gov/Archives/edgar/data/923796/000095014407010244/g10423e10vq.htm,1620592484,16:34:44,20210509
54,2007-07-01,GEO,USD,2007-08-09,2007-08-09 12:11:21,Q2,257300000,206700000.0,50600000.0,0.19665759813447337,0.0,15700000.0,0.0,191630000.0,24200000.00000002,230900000.00000003,8634000.0,8399999.999999998,34800000.0,0.1352506801399145,26400000.0,0.10260396424407307,0.0,18800000.0,0.07306645938593082,6900000.0,12400000.0,0.04819277108433735,0.16021,0.16021,77400000.0,77400000.0,https://www.sec.gov/Archives/edgar/data/923796/000095014407007560/0000950144-07-007560-index.htm,https://www.sec.gov/Archives/edgar/data/923796/000095014407007560/g08881e10vq.htm,1620592484,16:34:44,20210509
55,2007-04-01,GEO,USD,2007-05-04,2007-05-04 06:21:31,Q1,236100000,193400000.0,42700000.0,0.180855569673867,0.0,15100000.0,0.0,179052000.0,27099999.999999993,220500000.0,11064000.0,7300000.0,22900000.0,0.09699279966116052,15600000.0,0.06607369758576874,0.0,7800000.0,0.03303684879288437,3100000.0,5300000.0,0.02244811520542143,0.08507,0.08507,62300000.0,62300000.0,https://www.sec.gov/Archives/edgar/data/923796/000095014407004204/0000950144-07-004204-index.htm,https://www.sec.gov/Archives/edgar/data/923796/000095014407001829/g05716e10vk.htm,1620592484,16:34:44,20210509
56,2006-12-31,GEO,USD,2007-03-02,2007-03-02 12:18:43,Q4,247404000,210246000.0,37158000.0,0.1501915894650046,0.0,13894000.0,0.0,0.0,18361000.0,228607000.0,0.0,5041000.0,23838000.0,0.09635252461560848,18797000.0,0.07597694459265007,538000.0,15442000.0,0.06241612908441254,5363000.0,10665000.0,0.043107629626036766,0.17775,0.17775,60000000.0,60000000.0,https://www.sec.gov/Archives/edgar/data/923796/000095014407001829/0000950144-07-001829-index.htm,https://www.sec.gov/Archives/edgar/data/923796/000095014407001829/g05716e10vk.htm,1620592484,16:34:44,20210509
57,2006-10-01,GEO,USD,2006-11-09,2006-11-09 14:57:34,Q3,218900000,181800000.0,37100000.0,0.16948378254910917,0.0,14100000.0,0.0,167698000.0,20099999.999999993,201900000.0,6587000.0,6100000.000000001,23100000.0,0.10552763819095477,17000000.0,0.07766103243490179,0.0,13200000.0,0.06030150753768844,4900000.0,8600000.0,0.03928734582000914,0.14333,0.14333,60000000.0,60000000.0,https://www.sec.gov/Archives/edgar/data/923796/000095014406010603/0000950144-06-010603-index.htm,https://www.sec.gov/Archives/edgar/data/923796/000095014406010603/g04231e10vq.htm,1620592484,16:34:44,20210509
58,2006-07-02,GEO,USD,2006-08-11,2006-08-11 12:27:33,Q2,208700000,172400000.0,36300000.0,0.17393387637757546,0.0,14300000.0,0.0,158123000.0,21599999.999999993,194000000.0,22987000.0,5999999.999999999,20700000.0,0.09918543363679923,14700000.0,0.07043603258265453,0.0,9600000.0,0.04599904168663153,3600000.0,6300000.0,0.03018687110685194,0.12805,0.12805,49200000.0,49200000.0,https://www.sec.gov/Archives/edgar/data/923796/000095014406007805/0000950144-06-007805-index.htm,https://www.sec.gov/Archives/edgar/data/923796/000095014406007805/g02924e10vq.htm,1620592484,16:34:44,20210509
59,2006-04-02,GEO,USD,2006-05-08,2006-05-08 13:47:52,Q1,185900000,153700000.0,32200000.0,0.17321140398063475,0.0,14000000.0,0.0,139737000.0,19700000.00000002,173400000.00000003,-7579000.0,5700000.0,18200000.0,0.0979020979020979,12500000.0,0.06724045185583648,0.0,7100000.0,0.038192576654115115,2700000.0,4600000.0,0.02474448628294782,0.10177,0.10177,45200000.0,45200000.0,https://www.sec.gov/Archives/edgar/data/923796/000095014406004551/0000950144-06-004551-index.htm,https://www.sec.gov/Archives/edgar/data/923796/000095014406002484/g00277e10vk.htm,1620592484,16:34:44,20210509
60,2006-01-01,GEO,USD,2006-03-17,2006-03-17 17:03:12,Q4,164900000,159200000.0,5700000.0,0.03456640388114009,0.0,13200000.0,0.0,167785000.0,18100000.000000022,177300000.00000003,6354000.0,5000000.0,-7500000.0,-0.04548211036992116,-12500000.0,-0.07580351728320193,0.0,-17100000.0,-0.10369921164342026,-13700000.0,-800000.0,-0.004851425106124924,-0.01839,-0.01839,43500000.0,43500000.0,https://www.sec.gov/Archives/edgar/data/923796/000095014406002484/0000950144-06-002484-index.htm,https://www.sec.gov/Archives/edgar/data/923796/000095014406002484/g00277e10vk.htm,1620592484,16:34:44,20210509
61,2005-10-02,GEO,USD,2005-11-14,2005-11-14 13:58:58,Q3,147100000,126400000.0,20700000.0,0.14072059823249491,0.0,11700000.0,0.0,101257000.0,16500000.0,142900000.0,28474000.0,3600000.0000000005,7800000.0,0.05302515295717199,4200000.0,0.028552005438477225,0.0,1100000.0,0.007477906186267845,600000.0,400000.0,0.002719238613188307,0.00889,0.00889,45000000.0,45000000.0,https://www.sec.gov/Archives/edgar/data/923796/000095014405011779/0000950144-05-011779-index.htm,https://www.sec.gov/Archives/edgar/data/923796/000095014405011779/g98360e10vq.htm,1620592484,16:34:44,20210509
62,2005-07-03,GEO,USD,2005-08-16,2005-08-16 17:09:36,Q2,152600000,128700000.0,23900000.0,0.1566186107470511,0.0,12700000.0,0.0,102576000.0,16500000.0,145200000.0,-6358000.0,3599999.9999999995,11100000.0,0.0727391874180865,7500000.0,0.0491480996068152,0.0,4500000.0,0.02948885976408912,-400000.0,4500000.0,0.02948885976408912,0.10067,0.10067,44700000.0,44700000.0,https://www.sec.gov/Archives/edgar/data/923796/000095014405008853/0000950144-05-008853-index.htm,https://www.sec.gov/Archives/edgar/data/923796/000095014405008853/g96722e10vq.htm,1620592484,16:34:44,20210509
63,2005-04-03,GEO,USD,2005-05-13,2005-05-13 15:48:17,Q1,148300000,125800000.0,22500000.0,0.15171948752528658,0.0,11400000.0,0.0,119552000.0,15100000.00000001,140900000.0,-5454000.0,3700000.0,11100000.0,0.07484828051247472,7400000.0,0.049898853674983146,0.0,4200000.0,0.028320971004720162,1700000.0,2900000.0,0.019554956169925825,0.06444,0.06444,45000000.0,45000000.0,https://www.sec.gov/Archives/edgar/data/923796/000095014405005526/0000950144-05-005526-index.htm,https://www.sec.gov/Archives/edgar/data/923796/000095014405003001/g93917e10vk.htm,1620592484,16:34:44,20210509
64,2005-01-02,GEO,USD,2005-03-23,2005-03-23 17:20:31,Q4,161600000,136800000.0,24800000.0,0.15346534653465346,0.0,13300000.0,0.0,102818000.0,17299999.99999998,154099999.99999997,1234000.0,3400000.0000000005,10900000.0,0.06745049504950495,7500000.0,0.04641089108910891,0.0,4800000.0,0.0297029702970297,-1000000.0,5200000.0,0.03217821782178218,0.11791,0.11791,44100000.0,44100000.0,https://www.sec.gov/Archives/edgar/data/923796/000095014405003001/0000950144-05-003001-index.htm,https://www.sec.gov/Archives/edgar/data/923796/000095014405003001/g93917e10vk.htm,1620592484,16:34:44,20210509
65,2004-09-26,GEO,USD,2004-11-05,2004-11-05 16:09:55,Q3,142800000,114800000.0,28000000.0,0.19607843137254902,0.0,10600000.0,0.0,110399000.0,13799999.999999996,128600000.0,4850000.0,3599999.9999999995,17800000.0,0.12464985994397759,14200000.0,0.09943977591036414,0.0,10900000.0,0.07633053221288516,5000000.0,5700000.0,0.03991596638655462,0.1338,0.1338,42600000.0,42600000.0,https://www.sec.gov/Archives/edgar/data/923796/000095014404010548/0000950144-04-010548-index.htm,https://www.sec.gov/Archives/edgar/data/923796/000095014404010548/g91621e10vq.htm,1620592484,16:34:44,20210509
66,2004-06-27,GEO,USD,2004-08-06,2004-08-06 15:12:26,Q2,143600000,119700000.0,23900000.0,0.16643454038997216,0.0,10800000.0,0.0,112082000.0,14499999.999999985,134199999.99999999,5972000.0,3400000.0000000005,12800000.0,0.08913649025069638,9400000.0,0.06545961002785515,0.0,6200000.0,0.04317548746518106,2500000.0,3600000.0,0.025069637883008356,0.08145,0.08145,44200000.0,44200000.0,https://www.sec.gov/Archives/edgar/data/923796/000095014404007867/0000950144-04-007867-index.htm,https://www.sec.gov/Archives/edgar/data/923796/000095014404007867/g90243e10vq.htm,1620592484,16:34:44,20210509
67,2004-03-28,GEO,USD,2004-05-07,2004-05-07 09:40:02,Q1,146100000,123800000.0,22300000.0,0.15263518138261464,0.0,11200000.0,0.0,110046000.0,14700000.000000004,138500000.0,5840000.0,3500000.0,11100000.0,0.07597535934291581,7600000.0,0.05201916495550993,0.0,4100000.0,0.02806297056810404,1700000.0,2300000.0,0.01574264202600958,0.05263,0.05263,43700000.0,43700000.0,https://www.sec.gov/Archives/edgar/data/923796/000095014404005008/0000950144-04-005008-index.htm,https://www.sec.gov/Archives/edgar/data/923796/000095014404005008/g88950e10vq.htm,1620592484,16:34:44,20210509
68,2003-12-28,GEO,USD,2003-12-28,2003-12-28,Q4,161200000,137800000.0,23400000.0,0.14516129032258066,0.0,10800000.0,0.0,0.0,14399999.999999978,152199999.99999997,-3800000.0,3300000.000000001,12300000.0,0.07630272952853598,9000000.0,0.05583126550868486,0.0,5100000.0,0.03163771712158809,2100000.0,3400000.0,0.02109181141439206,0.07798,0.07798,43600000.0,43600000.0,,,1620592484,16:34:44,20210509
69,2003-09-28,GEO,USD,2003-11-12,2003-11-12 16:31:34,Q3,141800000,126900000.0,14900000.0,0.10507757404795487,0.0,9500000.0,0.0,141770000.0,14799999.999999983,141699999.99999997,5558000.0,3099999.9999999995,3199999.9999999995,0.02256699576868829,100000.0,0.0007052186177715092,0.0,57300000.0,0.40409026798307474,28200000.0,30400000.0,0.2143864598025388,0.62041,0.62041,49000000.0,49000000.0,https://www.sec.gov/Archives/edgar/data/923796/000095014403012676/0000950144-03-012676-index.htm,https://www.sec.gov/Archives/edgar/data/923796/000095014403012676/g85845e10vq.htm,1620592484,16:34:44,20210509
70,2003-06-29,GEO,USD,2003-08-13,2003-08-13 16:05:47,Q2,137200000,115000000.0,22200000.0,0.1618075801749271,0.0,10100000.0,0.0,129540000.0,13599999.999999994,128600000.0,3088000.0,3600000.0000000005,12100000.0,0.08819241982507289,8500000.0,0.0619533527696793,0.0,6800000.0,0.04956268221574344,3000000.0,6300000.0,0.04591836734693878,0.06535,0.06535,96400000.0,96400000.0,https://www.sec.gov/Archives/edgar/data/923796/000095014403009869/0000950144-03-009869-index.htm,https://www.sec.gov/Archives/edgar/data/923796/000095014403009869/g84444e10vq.htm,1620592484,16:34:44,20210509
71,2003-03-30,GEO,USD,2003-05-14,2003-05-14 16:38:23,Q1,130800000,110200000.0,20600000.0,0.15749235474006115,0.0,8900000.0,0.0,123300000.0,12099999.999999994,122300000.0,3003000.0,3300000.0,11800000.0,0.09021406727828746,8500000.0,0.06498470948012232,0.0,6600000.0,0.05045871559633028,2900000.0,5200000.0,0.039755351681957186,0.05417,0.05417,96000000.0,96000000.0,https://www.sec.gov/Archives/edgar/data/923796/000095014403006736/0000950144-03-006736-index.htm,https://www.sec.gov/Archives/edgar/data/923796/000095014403003460/g81181e10vk.htm,1620592484,16:34:44,20210509
72,2002-12-29,GEO,USD,2003-03-20,2003-03-20 17:00:13,Q4,145500000,126000000.0,19500000.0,0.13402061855670103,0.0,7900000.0,0.0,93881000.0,12699999.999999989,138700000.0,1261000.0,4399999.999999999,11300000.0,0.07766323024054983,6900000.0,0.04742268041237113,0.0,7200000.0,0.049484536082474224,2900000.0,5600000.0,0.03848797250859107,0.05803,0.05803,96500000.0,96500000.0,https://www.sec.gov/Archives/edgar/data/923796/000095014403003460/0000950144-03-003460-index.htm,https://www.sec.gov/Archives/edgar/data/923796/000095014403003460/g81181e10vk.htm,1620592484,16:34:44,20210509
73,2002-09-29,GEO,USD,2002-09-29,2002-09-29,Q3,141700000,123800000.0,17900000.0,0.12632321806633734,0.0,7800000.0,0.0,0.0,10299999.999999996,134100000.0,300000.0,2399999.9999999995,10000000.0,0.07057163020465773,7600000.0,0.053634438955539876,0.0,7900000.0,0.05575158786167961,3200000.0,5400000.0,0.038108680310515175,0.05607,0.05607,96300000.0,96300000.0,,,1620592484,16:34:44,20210509
74,2002-06-30,GEO,USD,2002-06-30,2002-06-30,Q2,141192000,122984000.0,18208000.0,0.12895914782707235,0.0,8286000.0,0.0,0.0,8286000.0,131270000.0,0.0,2439000.0,12361000.0,0.08754745311349085,9922000.0,0.07027310329197121,1634000.0,7774000.0,0.055059776757889964,4003000.0,5405000.0,0.03828120573403592,0.057778,0.055556,95076000.0,96088500.0,,,1620592484,16:34:44,20210509
75,2002-03-31,GEO,USD,2002-05-15,2002-05-15,Q1,140182000,123664000.0,16518000.0,0.11783253199412193,0.0,8115000.0,0.0,0.0,10600000.0,134264000.0,0.0,2485000.0,8403000.0,0.05994350201880413,5918000.0,0.04221654706025025,1586000.0,6069000.0,0.0432937181663837,2472000.0,5183000.0,0.03697336319926952,0.055556,0.053333,94396500.0,95742000.0,https://www.sec.gov/Archives/edgar/data/923796/000095014402005600/0000950144-02-005600-index.htm,https://www.sec.gov/Archives/edgar/data/923796/000095014402005600/g76355e10-q.txt,1620592484,16:34:44,20210509
76,2001-12-30,GEO,USD,2002-03-01,2002-03-01,Q4,143100000,128900000.0,14200000.0,0.0992313067784766,0.0,5600000.0,0.0,0.0,8099999.999999994,137000000.0,100000.0,2400000.0000000005,8600000.0,0.06009783368273934,6200000.0,0.04332634521313766,0.0,6300000.0,0.0440251572327044,2500000.0,5600000.0,0.039133473095737246,0.05852,0.05852,95700000.0,95700000.0,https://www.sec.gov/Archives/edgar/data/923796/000095014402001956/0000950144-02-001956-index.htm,https://www.sec.gov/Archives/edgar/data/923796/000095014402001956/g74312e10-k405.txt,1620592484,16:34:44,20210509
77,2001-09-30,GEO,USD,2001-11-13 00:00:00,2001-11-13 00:00:00,Q3,142207000,123678000.0,18529000.0,0.13029597699128734,0.0,6691000.0,0.0,0.0,9483000.0,133161000.0,0.0,2792000.0,11838000.0,0.08324484730006258,9046000.0,0.06361149591792246,297000.0,9142000.0,0.06428656817174963,3596000.0,5843000.0,0.04108799144908479,0.062222,0.06,94864500.0,96093000.0,https://www.sec.gov/Archives/edgar/data/923796/000095014401508937/0000950144-01-508937-index.html,https://www.sec.gov/Archives/edgar/data/923796/000095014401508937/g72760e10-q.txt,1620592484,16:34:44,20210509
78,2001-07-01,GEO,USD,2001-08-10 00:00:00,2001-08-10 00:00:00,Q2,141700000,126900000.0,14900000.0,0.10515172900494002,0.0,6200000.0,0.0,0.0,8400000.000000006,135300000.0,300000.0,2200000.0,8600000.0,0.06069160197600565,6400000.0,0.04516584333098095,0.0,6700000.0,0.04728299223712068,2600000.0,5300000.0,0.0374029640084686,0.05544,0.05544,95600000.0,95600000.0,https://www.sec.gov/Archives/edgar/data/923796/000095014401505422/0000950144-01-505422-index.html,https://www.sec.gov/Archives/edgar/data/923796/000095014401505422/g70987e10-q.txt,1620592484,16:34:44,20210509
79,2001-04-01,GEO,USD,2001-05-09,2001-05-09,Q1,135000000,124100000.0,10900000.0,0.08074074074074074,0.0,5900000.0,0.0,0.0,8400000.000000006,132500000.0,200000.0,2500000.0,5000000.0,0.037037037037037035,2500000.0,0.018518518518518517,0.0,2800000.0,0.02074074074074074,1100000.0,2600000.0,0.01925925925925926,0.02728,0.02728,95300000.0,95300000.0,https://www.sec.gov/Archives/edgar/data/923796/000095014401501759/0000950144-01-501759-index.htm,https://www.sec.gov/Archives/edgar/data/923796/000095014401501759/g69135e10-q.txt,1620592484,16:34:44,20210509
80,2000-12-31,GEO,USD,2001-03-26,2001-03-26,Q4,135286000,122110000.0,13176000.0,0.09739366970713895,0.0,4480000.0,0.0,0.0,6749000.0,128859000.0,0.0,2269000.0,8696000.0,0.06427863932705527,6427000.0,0.04750676344928522,-50000.0,7680000.0,0.05676862350871487,2686000.0,4994000.0,0.03691438877637006,0.05245798319327731,0.05245798319327731,95200000.0,95200000.0,https://www.sec.gov/Archives/edgar/data/923796/000095014401003961/0000950144-01-003961-index.htm,https://www.sec.gov/Archives/edgar/data/923796/000095014401003961/g67846e10-k405.txt,1620592484,16:34:44,20210509
81,2000-10-01,GEO,USD,2000-11-15 00:00:00,2000-11-15 00:00:00,Q3,135900000,122400000.0,13500000.0,0.09933774834437085,0.0,5300000.0,0.0,0.0,11699999.999999989,134099999.99999999,0.0,2500000.0000000005,4300000.0,0.03164091243561442,1800000.0,0.013245033112582781,0.0,1900000.0,0.013980868285504048,700000.0,2400000.0,0.017660044150110375,0.02521,0.02521,95200000.0,95200000.0,https://www.sec.gov/Archives/edgar/data/923796/000095014400014058/0000950144-00-014058-index.html,https://www.sec.gov/Archives/edgar/data/923796/000095014400014058/g65471e10-q.txt,1620592484,16:34:44,20210509
82,2000-07-02,GEO,USD,2000-08-15 00:00:00,2000-08-15 00:00:00,Q2,133900000,121800000.0,12000000.0,0.08961911874533234,0.0,5200000.0,0.0,0.0,7000000.000000014,128800000.00000001,500000.0,1799999.9999999998,6900000.0,0.05153099327856609,5100000.0,0.038088125466766244,600000.0,6200000.0,0.04630321135175504,2500000.0,4800000.0,0.035847647498132934,0.05047,0.05047,95100000.0,95100000.0,https://www.sec.gov/Archives/edgar/data/923796/000095014400010443/0000950144-00-010443-index.html,https://www.sec.gov/Archives/edgar/data/923796/000095014400010443/e10-q.txt,1620592484,16:34:44,20210509
83,2000-04-02,GEO,USD,2000-05-17 00:00:00,2000-05-17 00:00:00,Q1,130500000,116700000.0,13800000.0,0.10574712643678161,0.0,6200000.0,0.0,0.0,8200000.000000003,124900000.0,500000.0,2100000.0,7700000.0,0.05900383141762452,5600000.0,0.04291187739463601,0.0,6100000.0,0.04674329501915709,2400000.0,4800000.0,0.0367816091954023,0.04943,0.04943,97100000.0,97100000.0,https://www.sec.gov/Archives/edgar/data/923796/000095014400006990/0000950144-00-006990-index.html,https://www.sec.gov/Archives/edgar/data/923796/0000950144-00-006990.txt,1620592484,16:34:44,20210509
84,2000-01-02,GEO,USD,2000-01-02,2000-01-02,Q4,123000000,110600000.0,12400000.0,0.1008130081300813,0.0,5000000.0,0.0,0.0,6600000.000000008,117200000.00000001,0.0,1600000.0000000005,7400000.0,0.06016260162601626,5800000.0,0.04715447154471545,3000000.0,8800000.0,0.07154471544715447,3500000.0,6100000.0,0.04959349593495935,0.0625,0.0625,97600000.0,97600000.0,,,1620592484,16:34:44,20210509
85,1999-10-03,GEO,USD,1999-10-03,1999-10-03,Q3,112000000,99100000.0,13000000.0,0.11607142857142858,0.0,4800000.0,0.0,0.0,6000000.0,105100000.0,0.0,1299999.9999999998,8200000.0,0.07321428571428572,6900000.0,0.06160714285714286,1000000.0,7900000.0,0.07053571428571428,3200000.0,5700000.0,0.05089285714285714,0.0574,0.0574,99300000.0,99300000.0,,,1620592484,16:34:44,20210509
86,1999-07-04,GEO,USD,1999-07-04,1999-07-04,Q2,106000000,93600000.0,12500000.0,0.1179245283018868,0.0,4500000.0,0.0,0.0,5700000.000000003,99300000.0,0.0,1200000.0,8000000.0,0.07547169811320754,6800000.0,0.06415094339622641,700000.0,7400000.0,0.06981132075471698,3000000.0,5400000.0,0.0509433962264151,0.05444,0.05444,99200000.0,99200000.0,,,1620592484,16:34:44,20210509
87,1999-04-04,GEO,USD,1999-04-04,1999-04-04,Q1,97400000,86100000.0,11300000.0,0.11601642710472279,0.0,3500000.0,0.0,0.0,4800000.000000011,90900000.00000001,0.0,1300000.0,7800000.0,0.08008213552361396,6500000.0,0.06673511293634497,400000.0,7000000.0,0.07186858316221766,2800000.0,4800000.0,0.049281314168377825,0.04786,0.04786,100300000.0,100300000.0,,,1620592484,16:34:44,20210509
88,1999-01-03,GEO,USD,1999-01-03,1999-01-03,Q4,88700000,71300000.0,17400000.0,0.19616685456595265,0.0,4200000.0,0.0,0.0,12400000.000000006,83700000.0,0.0,700000.0000000002,5700000.0,0.06426155580608793,5000000.0,0.05636978579481398,1000000.0,6100000.0,0.06877113866967305,2400000.0,4500000.0,0.05073280721533258,0.0446,0.0446,100900000.0,100900000.0,,,1620592484,16:34:44,20210509
89,1998-09-27,GEO,USD,1998-11-12,1998-11-12,Q3,78200000,67700000.0,10400000.0,0.1329923273657289,0.0,3700000.0,0.0,0.0,4399999.999999992,72099999.99999999,0.0,600000.0000000001,6700000.0,0.08567774936061381,6100000.0,0.07800511508951406,600000.0,6700000.0,0.08567774936061381,2800000.0,4300000.0,0.054987212276214836,0.04212,0.04212,102100000.0,102100000.0,https://www.sec.gov/Archives/edgar/data/923796/0000950144-98-012364-index.html,https://www.sec.gov/Archives/edgar/data/923796/,1620592484,16:34:44,20210509
90,1998-06-28,GEO,USD,1998-06-28,1998-06-28,Q2,74600000,63900000.0,10700000.0,0.14343163538873996,0.0,3200000.0,0.0,0.0,4300000.000000004,68200000.0,0.0,1299999.9999999998,7700000.0,0.1032171581769437,6400000.0,0.08579088471849866,600000.0,6900000.0,0.09249329758713137,2800000.0,4700000.0,0.06300268096514745,0.04581,0.04581,102600000.0,102600000.0,,,1620592484,16:34:44,20210509
91,1998-03-29,GEO,USD,1998-05-12,1998-05-12,Q1,71300000,61500000.0,9800000.0,0.13744740532959326,0.0,3800000.0,0.0,0.0,4799999.999999997,66300000.0,0.0,1000000.0,6000000.0,0.08415147265077139,5000000.0,0.07012622720897616,200000.0,5200000.0,0.0729312762973352,2100000.0,-8200000.0,-0.1150070126227209,-0.07984,-0.07984,102700000.0,102700000.0,https://www.sec.gov/Archives/edgar/data/923796/0000950144-98-005914-index.html,https://www.sec.gov/Archives/edgar/data/923796/,1620592484,16:34:44,20210509
92,1997-12-28,GEO,USD,1997-12-28,1997-12-28,Q4,59100000,48900000.0,10200000.0,0.17258883248730963,0.0,3800000.0,0.0,0.0,5500000.0,54400000.0,0.0,1700000.0000000002,6400000.0,0.10829103214890017,4700000.0,0.07952622673434856,500000.0,5200000.0,0.08798646362098139,2200000.0,3400000.0,0.05752961082910321,0.03314,0.03314,102600000.0,102600000.0,,,1620592484,16:34:44,20210509
93,1997-09-28,GEO,USD,1997-09-28,1997-09-28,Q3,55100000,45600000.0,9500000.0,0.1724137931034483,0.0,2800000.0,0.0,0.0,4699999.999999996,50299999.99999999,0.0,1899999.9999999995,6700000.0,0.12159709618874773,4800000.0,0.08711433756805807,100000.0,4900000.0,0.08892921960072596,1900000.0,3200000.0,0.05807622504537205,0.03122,0.03122,102500000.0,102500000.0,,,1620592484,16:34:44,20210509
94,1997-06-29,GEO,USD,1997-06-29,1997-06-29,Q2,51500000,43200000.0,8300000.0,0.16116504854368932,0.0,3000000.0,0.0,0.0,4500000.0,47700000.0,0.0,1600000.0,5400000.0,0.10485436893203884,3800000.0,0.07378640776699029,300000.0,4100000.0,0.07961165048543689,1600000.0,2700000.0,0.05242718446601942,0.02655,0.02655,101700000.0,101700000.0,,,1620592484,16:34:44,20210509
95,1997-03-30,GEO,USD,1997-03-30,1997-03-30,Q1,41200000,34400000.0,6800000.0,0.1650485436893204,0.0,2400000.0,0.0,0.0,3600000.0000000014,38000000.0,0.0,1100000.0,4400000.0,0.10679611650485436,3300000.0,0.08009708737864078,500000.0,3800000.0,0.09223300970873786,1500000.0,2600000.0,0.06310679611650485,0.02557,0.02557,101700000.0,101700000.0,,,1620592484,16:34:44,20210509
96,1996-12-29,GEO,USD,1996-12-29,1996-12-29,Q4,38100000,31800000.0,6400000.0,0.1679790026246719,0.0,2200000.0,0.0,0.0,3199999.999999999,35000000.0,0.0,899999.9999999999,4100000.0,0.10761154855643044,3200000.0,0.08398950131233596,400000.0,3600000.0,0.09448818897637795,1200000.0,2600000.0,0.06824146981627296,0.02559,0.02559,101600000.0,101600000.0,,,1620592484,16:34:44,20210509
97,1996-09-29,GEO,USD,1996-09-29,1996-09-29,Q3,36800000,30800000.0,5900000.0,0.16032608695652173,0.0,2100000.0,0.0,0.0,2999999.9999999963,33800000.0,0.0,1000000.0,3900000.0,0.10597826086956522,2900000.0,0.07880434782608696,500000.0,3400000.0,0.09239130434782608,1300000.0,2400000.0,0.06521739130434782,0.02355,0.02355,101900000.0,101900000.0,,,1620592484,16:34:44,20210509
98,1996-06-30,GEO,USD,1996-06-30,1996-06-30,Q2,33400000,28700000.0,4700000.0,0.1407185628742515,0.0,0.0,0.0,0.0,2900000.0,31600000.0,0.0,800000.0,2600000.0,0.07784431137724551,1800000.0,0.05389221556886228,800000.0,2700000.0,0.08083832335329341,900000.0,1800000.0,0.05389221556886228,0.017787,0.017787,101199400.0,101199400.0,,,1620592484,16:34:44,20210509
99,1996-03-31,GEO,USD,1996-03-31,1996-03-31,Q1,29400000,24600000.0,4800000.0,0.16326530612244897,0.0,0.0,0.0,0.0,3100000.0,27700000.0,0.0,800000.0,2500000.0,0.08503401360544217,1700000.0,0.05782312925170068,700000.0,2400000.0,0.08163265306122448,900000.0,1500000.0,0.05102040816326531,0.015563,0.015563,96380381.0,96380381.0,,,1620592484,16:34:44,20210509
100,1995-12-31,GEO,USD,1995-12-31,1995-12-31,Q4,27600000,23000000.0,4600000.0,0.16666666666666666,0.0,0.0,0.0,0.0,2700000.0,25700000.0,0.0,700000.0,2600000.0,0.09420289855072464,1900000.0,0.06884057971014493,0.0,2000000.0,0.07246376811594203,800000.0,1200000.0,0.043478260869565216,0.0,0.0,0.0,0.0,,,1620592484,16:34:44,20210509
101,1995-09-30,GEO,USD,1995-09-30,1995-09-30,Q3,25800000,21400000.0,4400000.0,0.17054263565891473,0.0,0.0,0.0,0.0,2400000.0,23800000.0,0.0,600000.0,2600000.0,0.10077519379844961,2000000.0,0.07751937984496124,0.0,1900000.0,0.07364341085271318,700000.0,1200000.0,0.046511627906976744,0.015563,0.015563,77104305.0,77104305.0,,,1620592484,16:34:44,20210509
102,1995-06-30,GEO,USD,1995-06-30,1995-06-30,Q2,22600000,18300000.0,4300000.0,0.1902654867256637,0.0,0.0,0.0,0.0,2400000.0,20700000.0,0.0,500000.0,2400000.0,0.10619469026548672,1900000.0,0.084070796460177,100000.0,1900000.0,0.084070796460177,800000.0,1100000.0,0.048672566371681415,0.01334,0.01334,82458771.0,82458771.0,,,1620592484,16:34:44,20210509
103,1995-03-31,GEO,USD,1995-03-31,1995-03-31,Q1,28500000,24500000.0,4000000.0,0.14035087719298245,0.0,0.0,0.0,0.0,2400000.0,26900000.0,0.0,500000.0,2100000.0,0.07368421052631578,1600000.0,0.056140350877192984,100000.0,1500000.0,0.05263157894736842,600000.0,900000.0,0.031578947368421054,0.01334,0.01334,67466267.0,67466267.0,,,1620592484,16:34:44,20210509
104,1994-12-31,GEO,USD,1994-12-31,1994-12-31,Q4,30600000,25200000.0,5400000.0,0.17647058823529413,0.0,0.0,0.0,0.0,4000000.0,29200000.0,0.0,700000.0,2100000.0,0.06862745098039216,1400000.0,0.0457516339869281,-100000.0,1300000.0,0.042483660130718956,600000.0,700000.0,0.02287581699346405,0.0,0.0,0.0,0.0,,,1620592484,16:34:44,20210509
105,1994-09-30,GEO,USD,1994-09-30,1994-09-30,Q3,25700000,21900000.0,3800000.0,0.14785992217898833,0.0,0.0,0.0,0.0,2500000.0,24400000.0,0.0,800000.0,2100000.0,0.08171206225680934,1300000.0,0.05058365758754864,-100000.0,1100000.0,0.042801556420233464,500000.0,600000.0,0.023346303501945526,0.008893,0.008893,67466267.0,67466267.0,,,1620592484,16:34:44,20210509
106,1994-06-30,GEO,USD,1994-06-30,1994-06-30,Q2,26300000,23500000.0,2800000.0,0.10646387832699619,0.0,0.0,0.0,0.0,1800000.0,25300000.0,0.0,0.0,1300000.0,0.049429657794676805,1000000.0,0.03802281368821293,100000.0,700000.0,0.026615969581749048,300000.0,400000.0,0.015209125475285171,0.008893,0.008893,56221889.0,56221889.0,,,1620592484,16:34:44,20210509
107,1994-03-31,GEO,USD,1994-03-31,1994-03-31,Q1,22900000,0.0,0.0,0.0,0.0,0.0,0.0,0.0,0.0,0.0,0.0,0.0,22900000.0,1.0,22900000.0,1.0,0.0,0.0,0.0,0.0,500000.0,0.021834061135371178,0.008893,0.008893,56221889.0,56221889.0,,,1620592484,16:34:44,20210509
108,1993-12-31,GEO,USD,1993-12-31,1993-12-31,Q4,15700000,0.0,0.0,0.0,0.0,0.0,0.0,0.0,0.0,0.0,0.0,0.0,-45600000.0,-2.9044585987261144,-45600000.0,-2.9044585987261144,0.0,0.0,0.0,0.0,200000.0,0.012738853503184714,0.004446666690826889,0.004446666690826889,44977511.0,44977511.0,,,1620592484,16:34:44,20210509
109,1993-09-30,GEO,USD,1993-09-30,1993-09-30,Q3,15700000,0.0,0.0,0.0,0.0,0.0,0.0,0.0,0.0,0.0,0.0,0.0,15700000.0,1.0,15700000.0,1.0,0.0,0.0,0.0,0.0,200000.0,0.012738853503184714,0.004447,0.004447,44977511.0,44977511.0,,,1620592484,16:34:44,20210509
110,1993-06-30,GEO,USD,1993-06-30,1993-06-30,Q2,15700000,0.0,0.0,0.0,0.0,0.0,0.0,0.0,0.0,0.0,0.0,0.0,15700000.0,1.0,15700000.0,1.0,0.0,0.0,0.0,0.0,200000.0,0.012738853503184714,0.004447,0.004447,44977511.0,44977511.0,,,1620592484,16:34:44,20210509
111,1993-03-31,GEO,USD,1993-03-31,1993-03-31,Q1,15700000,0.0,0.0,0.0,0.0,0.0,0.0,0.0,0.0,0.0,0.0,0.0,15700000.0,1.0,15700000.0,1.0,0.0,0.0,0.0,0.0,200000.0,0.012738853503184714,0.004447,0.004447,44977511.0,44977511.0,,,1620592484,16:34:44,20210509
