,date,symbol,reportedCurrency,fillingDate,acceptedDate,period,revenue,costOfRevenue,grossProfit,grossProfitRatio,researchAndDevelopmentExpenses,generalAndAdministrativeExpenses,sellingAndMarketingExpenses,otherExpenses,operatingExpenses,costAndExpenses,interestExpense,depreciationAndAmortization,ebitda,ebitdaratio,operatingIncome,operatingIncomeRatio,totalOtherIncomeExpensesNet,incomeBeforeTax,incomeBeforeTaxRatio,incomeTaxExpense,netIncome,netIncomeRatio,eps,epsdiluted,weightedAverageShsOut,weightedAverageShsOutDil,link,finalLink,timestamp,est_time,est_date
0,2017-09-30,SNBC,USD,2017-11-09 00:00:00,2017-11-09 16:34:49,Q3,16035000.0,0.0,16035000.0,1.0,0.0,8821000.0,0.0,2445000.0,8821000.0,8821000.0,2609000.0,916000.0,5277000.0,0.3290926099158092,4361000.0,0.2719675709385719,1289000.0,4361000.0,0.2719675709385719,1621000.0,2740000.0,0.1708762082943561,0.14386989540816125,0.14298824772285998,19044985,19162414,https://www.sec.gov/Archives/edgar/data/1017793/000156459017023287/0001564590-17-023287-index.html,https://www.sec.gov/Archives/edgar/data/1017793/000156459017023287/snbc-10q_20170930.htm,1620598075,18:07:55,20210509
1,2017-06-30,SNBC,USD,2017-08-09 00:00:00,2017-08-09 15:53:27,Q2,14863000.0,0.0,14863000.0,1.0,0.0,8966000.0,0.0,2354000.0,8966000.0,8966000.0,3388000.0,1219000.0,3624000.0,0.24382695283590122,2405000.0,0.16181120904258897,1072000.0,2405000.0,0.16181120904258897,950000.0,1455000.0,0.09789409944156631,0.07648626212110125,0.07598178651300834,19023024,19149326,https://www.sec.gov/Archives/edgar/data/1017793/000156459017016919/0001564590-17-016919-index.html,https://www.sec.gov/Archives/edgar/data/1017793/000156459017016919/snbc-10q_20170630.htm,1620598075,18:07:55,20210509
2,2017-03-31,SNBC,USD,2017-05-10 00:00:00,2017-05-10 16:31:43,Q1,14772000.0,0.0,14772000.0,1.0,0.0,8882000.0,0.0,1276000.0,8882000.0,8882000.0,2924000.0,845000.0,2986000.0,0.20213918223666397,2141000.0,0.1449363660980233,794000.0,2141000.0,0.1449363660980233,711000.0,1430000.0,0.09680476577308421,0.07531859634578399,0.07484079583294823,18986015,19107226,https://www.sec.gov/Archives/edgar/data/1017793/000156459017010271/0001564590-17-010271-index.html,https://www.sec.gov/Archives/edgar/data/1017793/000156459017010271/snbc-10q_20170331.htm,1620598075,18:07:55,20210509
3,2016-12-31,SNBC,USD,2017-03-10 00:00:00,2017-03-09 18:52:56,Q4,14834000.0,0.0,14834000.0,1.0,0.0,7926000.0,0.0,1410000.0,7926000.0,7926000.0,2885000.0,-962000.0,1757000.0,0.11844411487124175,2719000.0,0.1832951328030201,544000.0,2719000.0,0.1832951328030201,-53280000.0,55999000.0,3.775043818255359,2.9718606998209474,2.957694182692638,18843077,18933330,https://www.sec.gov/Archives/edgar/data/1017793/000156459017003899/0001564590-17-003899-index.html,https://www.sec.gov/Archives/edgar/data/1017793/000156459017003899/snbc-10k_7.htm,1620598075,18:07:55,20210509
4,2016-09-30,SNBC,USD,2016-11-08 00:00:00,2016-11-08 15:49:16,Q3,14712000.0,0.0,14712000.0,1.0,0.0,8649000.0,0.0,3814000.0,8649000.0,8649000.0,2747000.0,1351000.0,3268000.0,0.222131593257205,1917000.0,0.13030179445350734,551000.0,1917000.0,0.13030179445350734,287000.0,1630000.0,0.11079390973355084,0.08660517132760999,0.0861983852133915,18821047,18909867,https://www.sec.gov/Archives/edgar/data/1017793/000156459016028289/0001564590-16-028289-index.html,https://www.sec.gov/Archives/edgar/data/1017793/000156459016028289/snbc-10q_20160930.htm,1620598075,18:07:55,20210509
5,2016-06-30,SNBC,USD,2016-08-08 00:00:00,2016-08-08 17:00:20,Q2,14872000.0,0.0,14872000.0,1.0,0.0,9333000.0,0.0,2943000.0,9333000.0,9333000.0,2626000.0,1245000.0,4505000.0,0.3029182356105433,3260000.0,0.2192038730500269,431000.0,3260000.0,0.2192038730500269,298000.0,2962000.0,0.19916621839698762,0.15760359949168848,0.15680618517285816,18793987,18889561,https://www.sec.gov/Archives/edgar/data/1017793/000156459016023333/0001564590-16-023333-index.html,https://www.sec.gov/Archives/edgar/data/1017793/000156459016023333/snbc-10q_20160630.htm,1620598075,18:07:55,20210509
6,2016-03-31,SNBC,USD,2016-05-09 00:00:00,2016-05-09 18:09:38,Q1,14486000.0,0.0,14486000.0,1.0,0.0,9063000.0,0.0,1170000.0,9063000.0,9063000.0,2448000.0,1421000.0,2547000.0,0.17582493441943947,1126000.0,0.07773022228358414,215000.0,1126000.0,0.07773022228358414,300000.0,826000.0,0.057020571586359245,0.04407745486743438,0.04384824282413685,18739739,18837699,https://www.sec.gov/Archives/edgar/data/1017793/000156459016018679/0001564590-16-018679-index.html,https://www.sec.gov/Archives/edgar/data/1017793/000156459016018679/snbc-10q_20160331.htm,1620598075,18:07:55,20210509
7,2015-12-31,SNBC,USD,2016-03-14 00:00:00,2016-03-14 16:03:12,Q4,14815000.0,0.0,14815000.0,1.0,0.0,7814000.0,0.0,2080000.0,7814000.0,7814000.0,2352000.0,1537000.0,3235000.0,0.21835977050286873,1698000.0,0.11461356733040837,301000.0,1698000.0,0.11461356733040837,246000.0,1452000.0,0.09800877489031387,0.07786216241564463,0.07760489902838345,18648339,18710159,https://www.sec.gov/Archives/edgar/data/1017793/000156459016014691/0001564590-16-014691-index.html,https://www.sec.gov/Archives/edgar/data/1017793/000156459016014691/snbc-10k.htm,1620598075,18:07:55,20210509
8,2015-09-30,SNBC,USD,2015-11-09 00:00:00,2015-11-09 16:33:08,Q3,15217000.0,0.0,15217000.0,1.0,0.0,9489000.0,0.0,4210000.0,9489000.0,9489000.0,2372000.0,2350000.0,5897000.0,0.3875271078399159,3547000.0,0.23309456528882172,688000.0,3547000.0,0.23309456528882172,383000.0,3164000.0,0.20792534665177104,0.16974720649425773,0.16929711252645066,18639482,18689037,https://www.sec.gov/Archives/edgar/data/1017793/000156459015010177/0001564590-15-010177-index.html,https://www.sec.gov/Archives/edgar/data/1017793/000156459015010177/snbc-10q_20150930.htm,1620598075,18:07:55,20210509
9,2015-06-30,SNBC,USD,2015-08-07 00:00:00,2015-08-07 14:57:20,Q2,15375000.0,0.0,15375000.0,1.0,0.0,9120000.0,0.0,2871000.0,9120000.0,9120000.0,2418000.0,2095000.0,5207000.0,0.33866666666666667,3112000.0,0.20240650406504065,451000.0,3112000.0,0.20240650406504065,284000.0,2828000.0,0.1839349593495935,0.1518423095064937,0.1515239110143149,18624585,18663721,https://www.sec.gov/Archives/edgar/data/1017793/000156459015006645/0001564590-15-006645-index.html,https://www.sec.gov/Archives/edgar/data/1017793/000156459015006645/snbc-10q_20150630.htm,1620598075,18:07:55,20210509
10,2015-03-31,SNBC,USD,2015-05-08 00:00:00,2015-05-08 15:43:19,Q1,15191000.0,0.0,15191000.0,1.0,0.0,10590000.0,0.0,0.0,10590000.0,10590000.0,2468000.0,1617000.0,4677000.0,0.3078796655914686,3060000.0,0.2014350602330327,0.0,3060000.0,0.2014350602330327,284000.0,2776000.0,0.18273978013297348,0.14911473600057842,0.1489310255676909,18616537,18639501,https://www.sec.gov/Archives/edgar/data/1017793/000119312515179469/0001193125-15-179469-index.html,https://www.sec.gov/Archives/edgar/data/1017793/000119312515179469/d898771d10q.htm,1620598075,18:07:55,20210509
11,2014-12-31,SNBC,USD,2015-03-16,2015-03-13 17:43:14,Q4,17026000.0,0.0,17026000.0,1.0,0.0,9198000.0,0.0,0.0,9198000.0,9198000.0,2814000.0,1606000.0,-26885000.0,-1.5790555620815223,-28491000.0,-1.673381886526489,0.0,-28491000.0,-1.673381886526489,292000.0,-29808000.0,-1.7507341712674733,-1.67179,-1.67179,17830018,17830018,https://www.sec.gov/Archives/edgar/data/1017793/000119312515091521/0001193125-15-091521-index.htm,https://www.sec.gov/Archives/edgar/data/1017793/000119312515091521/d859985d10k.htm,1620598075,18:07:55,20210509
12,2014-09-30,SNBC,USD,2014-11-06 00:00:00,2014-11-06 17:17:39,Q3,18921000.0,0.0,18921000.0,1.0,0.0,11265000.0,0.0,0.0,11503000.0,11503000.0,3034000.0,2108000.0,1592000.0,0.08413931610380002,-516000.0,-0.027271285872839703,0.0,-516000.0,-0.027271285872839703,309000.0,-825000.0,-0.04360234659901697,-0.04694,-0.04694,17574246,17574246,https://www.sec.gov/Archives/edgar/data/1017793/000119312514401298/0001193125-14-401298-index.html,https://www.sec.gov/Archives/edgar/data/1017793/000119312514401298/d787203d10q.htm,1620598075,18:07:55,20210509
13,2014-06-30,SNBC,USD,2014-08-08 00:00:00,2014-08-08 17:03:47,Q2,20612000.0,0.0,20612000.0,1.0,0.0,15992000.0,0.0,0.0,16275000.0,16275000.0,3165000.0,2013000.0,-21878000.0,-1.06142053172909,-23891000.0,-1.1590820881040171,0.0,-23891000.0,-1.1590820881040171,357000.0,-24248000.0,-1.1764020958664856,-0.27898,-0.27898,86915959,86915959,https://www.sec.gov/Archives/edgar/data/1017793/000119312514303289/0001193125-14-303289-index.html,https://www.sec.gov/Archives/edgar/data/1017793/000119312514303289/d742178d10q.htm,1620598075,18:07:55,20210509
14,2014-03-31,SNBC,USD,2014-05-09,2014-05-09 16:42:24,Q1,21392000.0,0.0,21392000.0,1.0,0.0,12884000.0,0.0,0.0,13168000.0,13168000.0,3248000.0,1415000.0,-132000.0,-0.0061705310396409875,-1547000.0,-0.07231675392670157,0.0,-1547000.0,-0.07231675392670157,359000.0,-1906000.0,-0.08909872849663425,-0.02197,-0.02197,86740847,86740847,https://www.sec.gov/Archives/edgar/data/1017793/000119312514192615/0001193125-14-192615-index.htm,https://www.sec.gov/Archives/edgar/data/1017793/000119312514192615/d702455d10q.htm,1620598075,18:07:55,20210509
15,2013-12-31,SNBC,USD,2014-03-14,2014-03-13 19:06:16,Q4,21935000.0,0.0,21935000.0,1.0,0.0,13070000.0,0.0,0.0,13525000.0,13525000.0,3565000.0,2074000.0,-5841000.0,-0.2662867563255072,-7915000.0,-0.36083884203328015,0.0,-7915000.0,-0.36083884203328015,297000.0,-8212000.0,-0.3743788465922042,-0.09503,-0.09503,86415812,86415812,https://www.sec.gov/Archives/edgar/data/1017793/000119312514098208/0001193125-14-098208-index.htm,https://www.sec.gov/Archives/edgar/data/1017793/000119312514098208/d649730d10k.htm,1620598075,18:07:55,20210509
16,2013-09-30,SNBC,USD,2013-11-08,2013-11-08 10:53:08,Q3,22980000.0,0.0,22980000.0,1.0,0.0,12656000.0,0.0,0.0,13196000.0,13196000.0,3808000.0,2286000.0,-2576000.0,-0.11209747606614448,-4862000.0,-0.2115752828546562,0.0,-4862000.0,-0.2115752828546562,0.0,-4862000.0,-0.2115752828546562,-0.0563,-0.0563,86356867,86356867,https://www.sec.gov/Archives/edgar/data/1017793/000119312513434426/0001193125-13-434426-index.htm,https://www.sec.gov/Archives/edgar/data/1017793/000119312513434426/d601023d10q.htm,1620598075,18:07:55,20210509
17,2013-06-30,SNBC,USD,2013-08-08,2013-08-08 17:13:30,Q2,21776000.0,0.0,21776000.0,1.0,0.0,13019000.0,0.0,0.0,13560000.0,13560000.0,3935000.0,2502000.0,3180000.0,0.14603232916972814,678000.0,0.031135194709772225,0.0,678000.0,0.031135194709772225,0.0,678000.0,0.031135194709772225,0.007857742411498265,0.007851041608575134,86284325,86357968,https://www.sec.gov/Archives/edgar/data/1017793/000119312513327149/0001193125-13-327149-index.htm,https://www.sec.gov/Archives/edgar/data/1017793/000119312513327149/d552500d10q.htm,1620598075,18:07:55,20210509
18,2013-03-31,SNBC,USD,2013-05-10,2013-05-10 16:33:45,Q1,23078000.0,0.0,23078000.0,1.0,0.0,14292000.0,0.0,0.0,15213000.0,15213000.0,4005000.0,3257000.0,5710000.0,0.2474217869832741,2453000.0,0.10629170638703528,0.0,2453000.0,0.10629170638703528,0.0,2453000.0,0.10629170638703528,0.02844218863116906,0.02840092214424994,86245121,86370435,https://www.sec.gov/Archives/edgar/data/1017793/000119312513214323/0001193125-13-214323-index.htm,https://www.sec.gov/Archives/edgar/data/1017793/000119312513214323/d509669d10q.htm,1620598075,18:07:55,20210509
19,2012-12-31,SNBC,USD,2013-03-18,2013-03-18 06:20:43,Q4,23981000.0,0.0,23981000.0,1.0,0.0,15845000.0,0.0,0.0,16766000.0,16766000.0,4174000.0,3264000.0,-21692000.0,-0.9045494349693507,-24956000.0,-1.0406571869396606,0.0,-24956000.0,-1.0406571869396606,0.0,-24956000.0,-1.0406571869396606,-0.29039,-0.29039,85938714,85938714,https://www.sec.gov/Archives/edgar/data/1017793/000119312513111048/0001193125-13-111048-index.htm,https://www.sec.gov/Archives/edgar/data/1017793/000119312513111048/d443980d10k.htm,1620598075,18:07:55,20210509
20,2012-09-30,SNBC,USD,2012-11-08,2012-11-08 17:29:47,Q3,24334000.0,0.0,24334000.0,1.0,0.0,16128000.0,0.0,0.0,17050000.0,17050000.0,4135000.0,3263000.0,4493000.0,0.1846387770198077,1230000.0,0.05054656036820909,0.0,1196000.0,0.04914933837429111,-34000.0,1230000.0,0.05054656036820909,0.01432,0.01432,85888236,85888236,https://www.sec.gov/Archives/edgar/data/1017793/000119312512460856/0001193125-12-460856-index.htm,https://www.sec.gov/Archives/edgar/data/1017793/000119312512460856/d399092d10q.htm,1620598075,18:07:55,20210509
21,2012-06-30,SNBC,USD,2012-08-09,2012-08-09 17:05:13,Q2,49533000.0,0.0,49533000.0,1.0,0.0,30527000.0,0.0,0.0,32369000.0,32369000.0,9276000.0,6173000.0,-20592000.0,-0.4157228514323784,-26765000.0,-0.5403468394807502,0.0,-26765000.0,-0.5403468394807502,0.0,-26765000.0,-0.5403468394807502,-0.31183,-0.31183,85830764,85830764,https://www.sec.gov/Archives/edgar/data/1017793/000119312512347884/0001193125-12-347884-index.htm,https://www.sec.gov/Archives/edgar/data/1017793/000119312512347884/d333973d10q.htm,1620598075,18:07:55,20210509
22,2012-03-31,SNBC,USD,2012-05-09,2012-05-09 16:45:25,Q1,0.0,0.0,0.0,0.0,0.0,0.0,0.0,0.0,0.0,0.0,0.0,3002000.0,-25076000.0,0.0,-28078000.0,0.0,0.0,-28078000.0,0.0,0.0,-28078000.0,0.0,-0.32713,-0.32713,85830764,85830764,https://www.sec.gov/Archives/edgar/data/1017793/000119312512222262/0001193125-12-222262-index.htm,https://www.sec.gov/Archives/edgar/data/1017793/000119312512222262/d339388d10q.htm,1620598075,18:07:55,20210509
23,2011-12-31,SNBC,USD,2012-03-14,2012-03-14 16:34:06,Q4,1688000.0,0.0,1688000.0,1.0,0.0,0.0,0.0,0.0,0.0,0.0,0.0,-5101000.0,-5101000.0,-3.021919431279621,0.0,0.0,0.0,-1519000.0,-0.8998815165876777,0.0,-1519000.0,-0.8998815165876777,-0.0177,-0.0177,85830764,85830764,https://www.sec.gov/Archives/edgar/data/1017793/000119312512114956/0001193125-12-114956-index.htm,https://www.sec.gov/Archives/edgar/data/1017793/000119312512114956/d296324d10k.htm,1620598075,18:07:55,20210509
24,2011-09-30,SNBC,USD,2011-11-09,2011-11-09 17:13:34,Q3,0.0,0.0,0.0,0.0,0.0,0.0,0.0,0.0,0.0,0.0,0.0,1728000.0,1478000.0,0.0,-250000.0,0.0,0.0,-65976000.0,0.0,10000.0,-65986000.0,0.0,-0.76879,-0.76879,85830764,85830764,https://www.sec.gov/Archives/edgar/data/1017793/000101779311000022/0001017793-11-000022-index.htm,https://www.sec.gov/Archives/edgar/data/1017793/000101779311000022/form10_3q11.htm,1620598075,18:07:55,20210509
25,2011-06-30,SNBC,USD,2011-08-09,2011-08-09 16:26:28,Q2,-2774800000.0,1381300000.0,1393500000.0,-0.5021983566383162,0.0,0.0,0.0,-848500000.0,-848500000.0,-2229800000.0,-36900000.0,-68500000.0,-68750000.0,0.02477656047282687,-250000.0,9.009658353755226e-05,0.0,-68633000.0,0.024734395271731296,33000.0,-68666000.0,0.024746288020758254,-0.80002,-0.80002,85830764,85830764,https://www.sec.gov/Archives/edgar/data/1017793/000101779311000012/0001017793-11-000012-index.htm,https://www.sec.gov/Archives/edgar/data/1017793/000101779311000012/form10_2q11.htm,1620598075,18:07:55,20210509
26,2011-03-31,SNBC,USD,2011-05-09,2011-05-09 16:25:12,Q1,0.0,0.0,0.0,0.0,0.0,0.0,0.0,0.0,0.0,0.0,-6923000.0,2877000.0,2627000.0,0.0,-250000.0,0.0,0.0,-67038000.0,0.0,29000.0,-67067000.0,0.0,-1.25183,-1.25183,53575346,53575346,https://www.sec.gov/Archives/edgar/data/1017793/000101779311000006/0001017793-11-000006-index.htm,https://www.sec.gov/Archives/edgar/data/1017793/000101779311000006/form10q_1q11.htm,1620598075,18:07:55,20210509
27,2010-12-31,SNBC,USD,2011-03-14,2011-03-14 09:12:22,Q4,4751000.0,0.0,4751000.0,1.0,0.0,0.0,0.0,0.0,0.0,0.0,-8081000.0,-9511000.0,136866000.0,28.80782993054094,146377000.0,30.809724268575035,0.0,-28390000.0,-5.975584087560514,103000.0,-28493000.0,-5.9972637339507475,-1.00828,-1.00828,28258953,28258953,https://www.sec.gov/Archives/edgar/data/1017793/000094627511000101/0000946275-11-000101-index.htm,https://www.sec.gov/Archives/edgar/data/1017793/000094627511000101/f10k_123110-0079.htm,1620598075,18:07:55,20210509
28,2010-09-30,SNBC,USD,2010-11-09,2010-11-09 13:48:31,Q3,0.0,0.0,0.0,0.0,0.0,0.0,0.0,0.0,0.0,0.0,-26560000.0,4002000.0,-143704000.0,0.0,-147706000.0,0.0,0.0,-147706000.0,0.0,9219000.0,-156925000.0,0.0,-6.65275,-6.65275,23587981,23587981,https://www.sec.gov/Archives/edgar/data/1017793/000101779310000026/0001017793-10-000026-index.htm,https://www.sec.gov/Archives/edgar/data/1017793/000101779310000026/form10q_3q10.htm,1620598075,18:07:55,20210509
29,2010-06-30,SNBC,USD,2010-08-06,2010-08-06 16:16:14,Q2,0.0,0.0,0.0,0.0,0.0,0.0,0.0,0.0,0.0,0.0,-17874000.0,2861000.0,-98609000.0,0.0,-101470000.0,0.0,0.0,-101470000.0,0.0,0.0,-81932000.0,0.0,-3.50159,-3.50159,23398538,23398538,https://www.sec.gov/Archives/edgar/data/1017793/000101779310000017/0001017793-10-000017-index.htm,https://www.sec.gov/Archives/edgar/data/1017793/000101779310000017/form10q_2q10.htm,1620598075,18:07:55,20210509
30,2010-03-31,SNBC,USD,2010-05-10,2010-05-10 17:00:08,Q1,0.0,0.0,0.0,0.0,0.0,0.0,0.0,0.0,0.0,0.0,-9184000.0,2648000.0,246000.0,0.0,-2402000.0,0.0,0.0,-2402000.0,0.0,0.0,-2402000.0,0.0,-0.1028,-0.1028,23365406,23365406,https://www.sec.gov/Archives/edgar/data/1017793/000101779310000011/0001017793-10-000011-index.htm,https://www.sec.gov/Archives/edgar/data/1017793/000101779310000011/form10q_1q10.htm,1620598075,18:07:55,20210509
31,2009-12-31,SNBC,USD,2010-03-16,2010-03-16 16:47:29,Q4,0.0,0.0,0.0,0.0,0.0,0.0,0.0,0.0,0.0,0.0,-50842000.0,-8217000.0,-15332000.0,0.0,-7115000.0,0.0,0.0,-33506000.0,0.0,-16375000.0,-17131000.0,0.0,-0.7405,-0.7405,23134424,23134424,https://www.sec.gov/Archives/edgar/data/1017793/000101779310000004/0001017793-10-000004-index.htm,https://www.sec.gov/Archives/edgar/data/1017793/000101779310000004/form_10k.htm,1620598075,18:07:55,20210509
32,2009-09-30,SNBC,USD,2009-11-09,2009-11-09 16:31:52,Q3,0.0,0.0,0.0,0.0,0.0,0.0,0.0,0.0,0.0,0.0,-41043000.0,2831000.0,-19072000.0,0.0,-21903000.0,0.0,0.0,-21903000.0,0.0,-11112000.0,-10791000.0,0.0,-0.46705,-0.46705,23104419,23104419,https://www.sec.gov/Archives/edgar/data/1017793/000101779309000027/0001017793-09-000027-index.htm,https://www.sec.gov/Archives/edgar/data/1017793/000101779309000027/form10q_3q09.htm,1620598075,18:07:55,20210509
33,2009-06-30,SNBC,USD,2009-08-10,2009-08-10 11:21:42,Q2,0.0,0.0,0.0,0.0,0.0,0.0,0.0,0.0,0.0,0.0,-29617000.0,2260000.0,-7481000.0,0.0,-9741000.0,0.0,0.0,-9741000.0,0.0,-5492000.0,-4249000.0,0.0,-0.18415,-0.18415,23073683,23073683,https://www.sec.gov/Archives/edgar/data/1017793/000101779309000022/0001017793-09-000022-index.htm,https://www.sec.gov/Archives/edgar/data/1017793/000101779309000022/form10q_2q09.htm,1620598075,18:07:55,20210509
34,2009-03-31,SNBC,USD,2009-05-11,2009-05-11 16:31:55,Q1,0.0,0.0,0.0,0.0,0.0,0.0,0.0,0.0,0.0,0.0,-15600000.0,3126000.0,2848000.0,0.0,-278000.0,0.0,-278000.0,-278000.0,0.0,-1042000.0,385000.0,0.0,0.01671,0.01671,23043056,23043056,https://www.sec.gov/Archives/edgar/data/1017793/000101779309000014/0001017793-09-000014-index.htm,https://www.sec.gov/Archives/edgar/data/1017793/000101779309000014/form10q_1q09.htm,1620598075,18:07:55,20210509
35,2008-12-31,SNBC,USD,2009-03-16,2009-03-16 16:44:18,Q4,11454000.0,0.0,11454000.0,1.0,0.0,0.0,0.0,0.0,0.0,0.0,-17661000.0,-6995000.0,-1776000.0,-0.15505500261917235,5219000.0,0.45564868168325473,0.0,5219000.0,0.45564868168325473,0.0,4253000.0,0.3713113322856644,0.18885,0.18885,22520961,22520961,https://www.sec.gov/Archives/edgar/data/1017793/000101779309000005/0001017793-09-000005-index.htm,https://www.sec.gov/Archives/edgar/data/1017793/000101779309000005/form_10k.htm,1620598075,18:07:55,20210509
36,2008-09-30,SNBC,USD,2008-11-10,2008-11-10 15:23:52,Q3,0.0,0.0,0.0,0.0,0.0,0.0,0.0,0.0,0.0,0.0,-57312000.0,2425000.0,16526000.0,0.0,14101000.0,0.0,0.0,14101000.0,0.0,0.0,10641000.0,0.0,0.47033,0.47033,22624350,22624350,https://www.sec.gov/Archives/edgar/data/1017793/000101779308000032/0001017793-08-000032-index.htm,https://www.sec.gov/Archives/edgar/data/1017793/000101779308000032/form10q_3q08.htm,1620598075,18:07:55,20210509
37,2008-06-30,SNBC,USD,2008-08-11,2008-08-11 16:17:51,Q2,0.0,0.0,0.0,0.0,0.0,0.0,0.0,0.0,0.0,0.0,-39295000.0,2407000.0,11273000.0,0.0,8866000.0,0.0,0.0,8866000.0,0.0,0.0,6512000.0,0.0,0.28635,0.28635,22741211,22741211,https://www.sec.gov/Archives/edgar/data/1017793/000101779308000027/0001017793-08-000027-index.htm,https://www.sec.gov/Archives/edgar/data/1017793/000101779308000027/form10q_2q08.htm,1620598075,18:07:55,20210509
38,2008-03-31,SNBC,USD,2008-05-12,2008-05-12 17:13:49,Q1,0.0,0.0,0.0,0.0,0.0,0.0,0.0,0.0,0.0,0.0,-20976000.0,2163000.0,8103000.0,0.0,5940000.0,0.0,0.0,5940000.0,0.0,0.0,4183000.0,0.0,0.18358,0.18358,22786251,22786251,https://www.sec.gov/Archives/edgar/data/1017793/000101779308000016/0001017793-08-000016-index.htm,https://www.sec.gov/Archives/edgar/data/1017793/000101779308000016/form10q_1q08.htm,1620598075,18:07:55,20210509
39,2007-12-31,SNBC,USD,2008-03-17,2008-03-17 17:08:26,Q4,1443000.0,0.0,1443000.0,1.0,0.0,0.0,0.0,0.0,0.0,0.0,-98987000.0,-7573000.0,20052000.0,13.896049896049895,27625000.0,19.144144144144143,0.0,27625000.0,19.144144144144143,0.0,19352000.0,13.41094941094941,0.88808,0.88808,21790793,21790793,https://www.sec.gov/Archives/edgar/data/1017793/000101779308000006/0001017793-08-000006-index.htm,https://www.sec.gov/Archives/edgar/data/1017793/000101779308000006/form_10k.htm,1620598075,18:07:55,20210509
40,2007-09-30,SNBC,USD,2007-11-09,2007-11-09 16:59:55,Q3,1443000.0,0.0,1443000.0,1.0,0.0,0.0,0.0,0.0,0.0,0.0,-75433000.0,3144000.0,25420000.0,17.616077616077614,22276000.0,15.437283437283437,0.0,22276000.0,15.437283437283437,0.0,15482000.0,10.729036729036729,0.71087,0.71087,21779041,21779041,https://www.sec.gov/Archives/edgar/data/1017793/000101779307000036/0001017793-07-000036-index.htm,https://www.sec.gov/Archives/edgar/data/1017793/000101779307000036/form10q_3q07.htm,1620598075,18:07:55,20210509
41,2007-06-30,SNBC,USD,2007-08-09,2007-08-09 16:18:24,Q2,1443000.0,0.0,1443000.0,1.0,0.0,0.0,0.0,0.0,0.0,0.0,-50866000.0,2318000.0,16234000.0,11.25017325017325,13916000.0,9.643797643797644,0.0,13916000.0,9.643797643797644,0.0,9597000.0,6.650727650727651,0.44341,0.44341,21643651,21643651,https://www.sec.gov/Archives/edgar/data/1017793/000101779307000025/0001017793-07-000025-index.htm,https://www.sec.gov/Archives/edgar/data/1017793/000101779307000025/sunbancorp_2q0710q.htm,1620598075,18:07:55,20210509
42,2007-03-31,SNBC,USD,2007-05-10,2007-05-10 15:13:04,Q1,1443000.0,0.0,1443000.0,1.0,0.0,0.0,0.0,0.0,0.0,0.0,-24758000.0,2111000.0,9140000.0,6.334026334026334,7029000.0,4.871101871101871,0.0,7029000.0,4.871101871101871,0.0,4685000.0,3.2467082467082466,0.21742,0.21742,21547912,21547912,https://www.sec.gov/Archives/edgar/data/1017793/000101779307000017/0001017793-07-000017-index.htm,https://www.sec.gov/Archives/edgar/data/1017793/000101779307000017/quarterly_filing.htm,1620598075,18:07:55,20210509
43,2006-12-31,SNBC,USD,2007-03-16,2007-03-16 16:48:52,Q4,0.0,0.0,0.0,0.0,0.0,0.0,0.0,0.0,0.0,0.0,-84872000.0,-3922000.0,21702000.0,0.0,25624000.0,0.0,0.0,25624000.0,0.0,0.0,17274000.0,0.0,0.85233,0.85233,20266774,20266774,https://www.sec.gov/Archives/edgar/data/1017793/000101779307000004/0001017793-07-000004-index.htm,https://www.sec.gov/Archives/edgar/data/1017793/000101779307000004/form_10k.htm,1620598075,18:07:55,20210509
