,date,symbol,reportedCurrency,fillingDate,acceptedDate,period,revenue,costOfRevenue,grossProfit,grossProfitRatio,researchAndDevelopmentExpenses,generalAndAdministrativeExpenses,sellingAndMarketingExpenses,otherExpenses,operatingExpenses,costAndExpenses,interestExpense,depreciationAndAmortization,ebitda,ebitdaratio,operatingIncome,operatingIncomeRatio,totalOtherIncomeExpensesNet,incomeBeforeTax,incomeBeforeTaxRatio,incomeTaxExpense,netIncome,netIncomeRatio,eps,epsdiluted,weightedAverageShsOut,weightedAverageShsOutDil,link,finalLink,timestamp,est_time,est_date
0,2019-06-30,SPT.L,USD,2019-06-30,2019-06-30,Q2,0.0,0.0,0.0,0.0,0.0,0.0,0.0,0.0,0.0,0.0,0.0,6075000.0,0.0,0.0,0.0,0.0,0.0,0.0,0.0,0.0,0.0,0.0,0.0,0.0,0.0,0.0,https://find-and-update.company-information.service.gov.uk/search/companies?q=Spirent+Communications+plc,https://find-and-update.company-information.service.gov.uk/search/companies?q=Spirent+Communications+plc,1620598236,18:10:36,20210509
1,2018-06-30,SPT.L,USD,2018-06-30,2018-06-30,Q2,0.0,0.0,0.0,0.0,0.0,0.0,0.0,0.0,0.0,0.0,0.0,5200000.0,0.0,0.0,0.0,0.0,0.0,0.0,0.0,0.0,0.0,0.0,0.0,0.0,0.0,0.0,https://find-and-update.company-information.service.gov.uk/search/companies?q=Spirent+Communications+plc,https://find-and-update.company-information.service.gov.uk/search/companies?q=Spirent+Communications+plc,1620598236,18:10:36,20210509
2,2017-06-30,SPT.L,USD,2017-06-30,2017-06-30,Q2,0.0,0.0,0.0,0.0,0.0,0.0,0.0,0.0,0.0,0.0,0.0,6275000.0,0.0,0.0,0.0,0.0,0.0,0.0,0.0,0.0,0.0,0.0,0.0,0.0,0.0,0.0,https://find-and-update.company-information.service.gov.uk/search/companies?q=Spirent+Communications+plc,https://find-and-update.company-information.service.gov.uk/search/companies?q=Spirent+Communications+plc,1620598236,18:10:36,20210509
3,2016-06-30,SPT.L,USD,2016-06-30,2016-06-30,Q2,0.0,0.0,0.0,0.0,0.0,0.0,0.0,0.0,0.0,0.0,0.0,10150000.0,0.0,0.0,0.0,0.0,0.0,0.0,0.0,0.0,0.0,0.0,0.0,0.0,0.0,0.0,https://find-and-update.company-information.service.gov.uk/search/companies?q=Spirent+Communications+plc,https://find-and-update.company-information.service.gov.uk/search/companies?q=Spirent+Communications+plc,1620598236,18:10:36,20210509
4,2015-06-30,SPT.L,USD,2015-06-30,2015-06-30,Q2,0.0,0.0,0.0,0.0,0.0,0.0,0.0,0.0,0.0,0.0,0.0,10225000.0,0.0,0.0,0.0,0.0,0.0,0.0,0.0,0.0,0.0,0.0,0.0,0.0,0.0,0.0,https://find-and-update.company-information.service.gov.uk/search/companies?q=Spirent+Communications+plc,https://find-and-update.company-information.service.gov.uk/search/companies?q=Spirent+Communications+plc,1620598236,18:10:36,20210509
5,2014-06-30,SPT.L,USD,2014-06-30,2014-06-30,Q2,0.0,0.0,0.0,0.0,0.0,0.0,0.0,0.0,0.0,0.0,0.0,8675000.0,0.0,0.0,0.0,0.0,0.0,0.0,0.0,0.0,0.0,0.0,0.0,0.0,0.0,0.0,https://find-and-update.company-information.service.gov.uk/search/companies?q=Spirent+Communications+plc,https://find-and-update.company-information.service.gov.uk/search/companies?q=Spirent+Communications+plc,1620598236,18:10:36,20210509
6,2013-06-30,SPT.L,USD,2013-06-30,2013-06-30,Q2,0.0,0.0,0.0,0.0,0.0,0.0,0.0,0.0,0.0,0.0,0.0,6600000.0,0.0,0.0,0.0,0.0,0.0,0.0,0.0,0.0,0.0,0.0,0.0,0.0,0.0,0.0,https://find-and-update.company-information.service.gov.uk/search/companies?q=Spirent+Communications+plc,https://find-and-update.company-information.service.gov.uk/search/companies?q=Spirent+Communications+plc,1620598236,18:10:36,20210509
7,2012-06-30,SPT.L,USD,2012-06-30,2012-06-30,Q2,0.0,0.0,0.0,0.0,0.0,0.0,0.0,0.0,0.0,0.0,0.0,5325000.0,0.0,0.0,0.0,0.0,0.0,0.0,0.0,0.0,0.0,0.0,0.0,0.0,0.0,0.0,https://find-and-update.company-information.service.gov.uk/search/companies?q=Spirent+Communications+plc,https://find-and-update.company-information.service.gov.uk/search/companies?q=Spirent+Communications+plc,1620598236,18:10:36,20210509
8,2011-06-30,SPT.L,USD,2011-06-30,2011-06-30,Q2,0.0,0.0,0.0,0.0,0.0,0.0,0.0,0.0,0.0,0.0,0.0,4025119.0,0.0,0.0,0.0,0.0,0.0,0.0,0.0,0.0,0.0,0.0,0.0,0.0,0.0,0.0,https://find-and-update.company-information.service.gov.uk/search/companies?q=Spirent+Communications+plc,https://find-and-update.company-information.service.gov.uk/search/companies?q=Spirent+Communications+plc,1620598236,18:10:36,20210509
9,2010-06-30,SPT.L,USD,2010-06-30,2010-06-30,Q2,0.0,0.0,0.0,0.0,0.0,0.0,0.0,0.0,0.0,0.0,0.0,3374866.35,0.0,0.0,0.0,0.0,0.0,0.0,0.0,0.0,0.0,0.0,0.0,0.0,0.0,0.0,https://find-and-update.company-information.service.gov.uk/search/companies?q=Spirent+Communications+plc,https://find-and-update.company-information.service.gov.uk/search/companies?q=Spirent+Communications+plc,1620598236,18:10:36,20210509
10,2009-06-30,SPT.L,USD,2009-06-30,2009-06-30,Q2,0.0,0.0,0.0,0.0,0.0,0.0,0.0,0.0,0.0,0.0,0.0,3849838.9,0.0,0.0,0.0,0.0,0.0,0.0,0.0,0.0,0.0,0.0,0.0,0.0,0.0,0.0,https://find-and-update.company-information.service.gov.uk/search/companies?q=Spirent+Communications+plc,https://find-and-update.company-information.service.gov.uk/search/companies?q=Spirent+Communications+plc,1620598236,18:10:36,20210509
11,2008-06-30,SPT.L,USD,2008-06-30,2008-06-30,Q2,0.0,0.0,0.0,0.0,0.0,0.0,0.0,0.0,0.0,0.0,0.0,3477967.9880505,0.0,0.0,0.0,0.0,0.0,0.0,0.0,0.0,0.0,0.0,0.0,0.0,0.0,0.0,https://find-and-update.company-information.service.gov.uk/search/companies?q=Spirent+Communications+plc,https://find-and-update.company-information.service.gov.uk/search/companies?q=Spirent+Communications+plc,1620598236,18:10:36,20210509
12,2007-06-30,SPT.L,USD,2007-06-30,2007-06-30,Q2,0.0,0.0,0.0,0.0,0.0,0.0,0.0,0.0,0.0,0.0,0.0,5057015.3693605,0.0,0.0,0.0,0.0,0.0,0.0,0.0,0.0,0.0,0.0,0.0,0.0,0.0,0.0,https://find-and-update.company-information.service.gov.uk/search/companies?q=Spirent+Communications+plc,https://find-and-update.company-information.service.gov.uk/search/companies?q=Spirent+Communications+plc,1620598236,18:10:36,20210509
13,2006-06-30,SPT.L,USD,2006-06-30,2006-06-30,Q2,0.0,0.0,0.0,0.0,0.0,0.0,0.0,0.0,0.0,0.0,0.0,5877627.78942425,0.0,0.0,0.0,0.0,0.0,0.0,0.0,0.0,0.0,0.0,0.0,0.0,0.0,0.0,https://find-and-update.company-information.service.gov.uk/search/companies?q=Spirent+Communications+plc,https://find-and-update.company-information.service.gov.uk/search/companies?q=Spirent+Communications+plc,1620598236,18:10:36,20210509
14,2005-06-30,SPT.L,USD,2005-06-30,2005-06-30,Q2,0.0,0.0,0.0,0.0,0.0,0.0,0.0,0.0,0.0,0.0,0.0,4903985.133182,0.0,0.0,0.0,0.0,0.0,0.0,0.0,0.0,0.0,0.0,0.0,0.0,0.0,0.0,https://find-and-update.company-information.service.gov.uk/search/companies?q=Spirent+Communications+plc,https://find-and-update.company-information.service.gov.uk/search/companies?q=Spirent+Communications+plc,1620598236,18:10:36,20210509
15,2004-06-30,SPT.L,USD,2004-06-30,2004-06-30,Q2,0.0,0.0,0.0,0.0,0.0,0.0,0.0,0.0,0.0,0.0,0.0,7096823.69188275,0.0,0.0,0.0,0.0,0.0,0.0,0.0,0.0,0.0,0.0,0.0,0.0,0.0,0.0,https://find-and-update.company-information.service.gov.uk/search/companies?q=Spirent+Communications+plc,https://find-and-update.company-information.service.gov.uk/search/companies?q=Spirent+Communications+plc,1620598236,18:10:36,20210509
16,2003-06-30,SPT.L,USD,2003-06-30,2003-06-30,Q2,0.0,0.0,0.0,0.0,0.0,0.0,0.0,0.0,0.0,0.0,0.0,13080357.1428572,0.0,0.0,0.0,0.0,0.0,0.0,0.0,0.0,0.0,0.0,0.0,0.0,0.0,0.0,https://find-and-update.company-information.service.gov.uk/search/companies?q=Spirent+Communications+plc,https://find-and-update.company-information.service.gov.uk/search/companies?q=Spirent+Communications+plc,1620598236,18:10:36,20210509
17,2002-06-30,SPT.L,USD,2002-06-30,2002-06-30,Q2,0.0,0.0,0.0,0.0,0.0,0.0,0.0,0.0,0.0,0.0,0.0,13529838.125151,0.0,0.0,0.0,0.0,0.0,0.0,0.0,0.0,0.0,0.0,0.0,0.0,0.0,0.0,https://find-and-update.company-information.service.gov.uk/search/companies?q=Spirent+Communications+plc,https://find-and-update.company-information.service.gov.uk/search/companies?q=Spirent+Communications+plc,1620598236,18:10:36,20210509
18,2001-06-30,SPT.L,USD,2001-06-30,2001-06-30,Q2,0.0,0.0,0.0,0.0,0.0,0.0,0.0,0.0,0.0,0.0,0.0,13512924.4583932,0.0,0.0,0.0,0.0,0.0,0.0,0.0,0.0,0.0,0.0,0.0,0.0,0.0,0.0,https://find-and-update.company-information.service.gov.uk/search/companies?q=Spirent+Communications+plc,https://find-and-update.company-information.service.gov.uk/search/companies?q=Spirent+Communications+plc,1620598236,18:10:36,20210509
19,2000-06-30,SPT.L,USD,2000-06-30,2000-06-30,Q2,0.0,0.0,0.0,0.0,0.0,0.0,0.0,0.0,0.0,0.0,0.0,9372386.18711925,0.0,0.0,0.0,0.0,0.0,0.0,0.0,0.0,0.0,0.0,0.0,0.0,0.0,0.0,https://find-and-update.company-information.service.gov.uk/search/companies?q=Spirent+Communications+plc,https://find-and-update.company-information.service.gov.uk/search/companies?q=Spirent+Communications+plc,1620598236,18:10:36,20210509
