,date,symbol,reportedCurrency,fillingDate,acceptedDate,period,revenue,costOfRevenue,grossProfit,grossProfitRatio,researchAndDevelopmentExpenses,generalAndAdministrativeExpenses,sellingAndMarketingExpenses,otherExpenses,operatingExpenses,costAndExpenses,interestExpense,depreciationAndAmortization,ebitda,ebitdaratio,operatingIncome,operatingIncomeRatio,totalOtherIncomeExpensesNet,incomeBeforeTax,incomeBeforeTaxRatio,incomeTaxExpense,netIncome,netIncomeRatio,eps,epsdiluted,weightedAverageShsOut,weightedAverageShsOutDil,link,finalLink,timestamp,est_time,est_date
0,2020-12-31,VRM,USD,2021-03-03,2021-03-03 16:22:32,Q4,405829000,385723000,20106000.0,0.04954303413506674,0.0,60564000,17564000.0,3000.0,79487000,465210000,3274000.0,1399000.0,-57982000,-0.1428729834486939,-59381000,-0.14632024818334816,3000.0,-60716000,-0.14960981102878307,-54000.0,-60662000,-0.14947675005975422,-0.46,-0.46,132187850,132187850,https://www.sec.gov/Archives/edgar/data/1580864/000156459021010584/0001564590-21-010584-index.htm,https://www.sec.gov/Archives/edgar/data/1580864/000156459021010584/vrm-10k_20201231.htm,1620599620,18:33:40,20210509
1,2020-09-30,VRM,USD,2020-11-12,2020-09-30,Q3,323005000,297560000,25445000.0,0.07877587034256435,0.0,45786000,15341000.0,26000.0,62318000,359878000,2259000.0,1196000.0,-35677000,-0.11045339855420194,-36873000,-0.11415612761412362,26000.0,-37817000,-0.11707868299252333,33000.0,-37850000,-0.11718084859367502,-0.31,-0.31,121123472,121123472,https://www.sec.gov/Archives/edgar/data/1580864/000156459020053205/0001564590-20-053205-index.htm,https://www.sec.gov/Archives/edgar/data/1580864/000156459020053205/vrm-10q_20200930.htm,1620599620,18:33:40,20210509
2,2020-06-30,VRM,USD,2020-08-13,2020-08-13,Q2,253093000,245486000,7607000.0,0.030056145369488686,0.0,36338000,11573000.0,53000.0,48994000,294480000,1297000.0,1089000.0,-40298000,-0.1592221041277317,-41387000,-0.1635248703045916,-21207000.0,-63176000,-0.2496157538928378,52000.0,-63228000,-0.24982121196556206,-2.0,-2.0,31599497,31599497,https://www.sec.gov/Archives/edgar/data/1580864/000156459020039778/0001564590-20-039778-index.htm,https://www.sec.gov/Archives/edgar/data/1580864/000156459020039778/vrm-10q_20200630.htm,1620599620,18:33:40,20210509
3,2020-03-31,VRM,USD,2020-03-31,2020-03-31,Q1,375772000,357385000,18387000.0,0.04893126683201516,0.0,40465000,17915000.0,823000.0,59346000,416731000,2826000.0,970000.0,-39989000,-0.1064182536218771,-40959000,-0.10899960614415125,823000.0,-41006000,-0.109124681988014,53000.0,-41059000,-0.10926572496088054,-0.44,-0.44,94004850,94004850,,,1620599620,18:33:40,20210509
4,2019-12-31,VRM,USD,2019-12-31,2019-12-31,Q4,355592000,339261000,16331000.0,0.0459262300614187,0.0,38355000,15424000.0,-748000.0,55247000,394508000,4693000.0,1474000.0,-37442000,-0.10529483227969133,-38916000,-0.10944003239667933,-233000.0,-42689000,-0.12005050732299939,46000.0,-42735000,-0.120179869063421,-0.45460420393203116,-0.45460420393203116,94004850,94004850,,,1620599620,18:33:40,20210509
5,2019-09-30,VRM,USD,2019-09-30,2019-09-30,Q3,340273000,324602000,15671000.0,0.04605419765893856,0.0,36328000,14606000.0,44000.0,52451000,377053000,3797000.0,1537000.0,-35243000,-0.10357271955165412,-36780000,-0.10808968093266288,-329000.0,-39716000,-0.11671804697992494,48000.0,-39764000,-0.11685911018505729,-1.121751,-1.121751,94004850,94004850,,,1620599620,18:33:40,20210509
6,2019-06-30,VRM,USD,2019-06-30,2019-06-30,Q2,260897000,247052000,13845000.0,0.053066919129004936,0.0,30956000,12736000.0,12000.0,45193000,292245000,3388000.0,1557000.0,-29791000,-0.1141868246856039,-31348000,-0.12015469706435873,-48000.0,-33369000,-0.1279010490730058,-29000.0,-33340000,-0.12778989409613756,-0.629957,-0.629957,94004850,94004850,,,1620599620,18:33:40,20210509
7,2019-03-31,VRM,USD,2019-03-31,2019-03-31,Q1,235059000,223047000,12012000.0,0.05110206373718939,0.0,29483000,7100000.0,-63000.0,38116000,261163000,2718000.0,1589000.0,-24515000,-0.10429296474502146,-26104000,-0.11105296967995269,-63000.0,-27036000,-0.11501793166821947,103000.0,-27139000,-0.1154561195274378,-0.479794,-0.479794,94004850,94004850,,,1620599620,18:33:40,20210509
