,date,symbol,reportedCurrency,fillingDate,acceptedDate,period,revenue,costOfRevenue,grossProfit,grossProfitRatio,researchAndDevelopmentExpenses,generalAndAdministrativeExpenses,sellingAndMarketingExpenses,otherExpenses,operatingExpenses,costAndExpenses,interestExpense,depreciationAndAmortization,ebitda,ebitdaratio,operatingIncome,operatingIncomeRatio,totalOtherIncomeExpensesNet,incomeBeforeTax,incomeBeforeTaxRatio,incomeTaxExpense,netIncome,netIncomeRatio,eps,epsdiluted,weightedAverageShsOut,weightedAverageShsOutDil,link,finalLink,timestamp,est_time,est_date
0,2020-12-31,VUZI,USD,2021-03-15,2021-03-15 16:12:10,Q4,4234217.0,13184.901,703203.0,0.1660762780934468,1874505.0,1942359.0,1153901.0,2554.395,5534991.0,18719892.0,0.0,534560.0,529728.212,0.12510653374638098,-4831.788,-0.001141129044638005,1240.716,-3591.072,-0.0008481076902766202,0.0,-3591.072,-0.0008481076902766202,-0.09014341099894745,-0.09014341099894745,39837321.0,39837321.0,https://www.sec.gov/Archives/edgar/data/1463972/000155837021003001/0001558370-21-003001-index.htm,https://www.sec.gov/Archives/edgar/data/1463972/000155837021003001/vuzi-20201231x10k.htm,1620599677,18:34:37,20210509
1,2020-09-30,VUZI,USD,2020-11-09,2020-11-09 16:02:28,Q3,2778721.0,2430751.0,347970.0,0.1252266780292084,1874243.0,1635076.0,936206.0,650.669,5096996.0,7527747.0,0.0,634669.0,-4114357.0,-1.4806657451395804,-4749026.0,-1.7090690285206755,-11784.0,-4760810.0,-1.7133098285146295,0.0,-4760810.0,-1.7133098285146295,-0.13,-0.13,39837321.0,39837321.0,https://www.sec.gov/Archives/edgar/data/1463972/000155837020013340/0001558370-20-013340-index.htm,https://www.sec.gov/Archives/edgar/data/1463972/000155837020013340/vuzi-20200930x10q.htm,1620599677,18:34:37,20210509
2,2020-06-30,VUZI,USD,2020-08-10,2020-08-10 16:03:24,Q2,3036843.0,2240923.0,795920.0,0.262087964376163,1796268.0,1799958.0,796857.0,0.0,5043173.0,7284096.0,0.0,640712.0,-3606541.0,-1.1875954733254237,-4247253.0,-1.3985750992066432,8587.0,-4238666.0,-1.395747491720843,0.0,-4238666.0,-1.395747491720843,-0.13,-0.13,36341616.0,36341616.0,https://www.sec.gov/Archives/edgar/data/1463972/000155837020010180/0001558370-20-010180-index.htm,https://www.sec.gov/Archives/edgar/data/1463972/000155837020010180/vuzi-20200630x10q.htm,1620599677,18:34:37,20210509
3,2020-03-31,VUZI,USD,2020-05-11,2020-05-11 06:32:16,Q1,1531715.0,1451199.0,80516.0,0.0525659146773388,2023058.0,1537820.0,1152808.0,-22381.0,5379913.0,6831112.0,0.0,648541.0,-4650856.0,-3.0363716487727808,-5299397.0,-3.4597800504663074,-62227.0,-5361624.0,-3.500405754334194,0.0,-5361624.0,-3.500405754334194,-0.18,-0.18,29786800.0,29786800.0,https://www.sec.gov/Archives/edgar/data/1463972/000110465920059065/0001104659-20-059065-index.htm,https://www.sec.gov/Archives/edgar/data/1463972/000110465920033613/tm205290-1_10k.htm,1620599677,18:34:37,20210509
4,2019-12-31,VUZI,USD,2020-03-16,2020-03-16 06:31:31,Q4,1952489.0,6321082.0,-4368593.0,-2.237448200732501,2060831.0,1351173.0,1198922.0,41331.0,5277290.0,11598372.0,0.0,645799.0,-9000084.0,-4.6095440230393105,-9645883.0,-4.940300816035327,61898.0,-9583985.0,-4.908598716817354,0.0,-9583985.0,-4.908598716817354,-0.31,-0.31,30916081.0,30916081.0,https://www.sec.gov/Archives/edgar/data/1463972/000110465920033613/0001104659-20-033613-index.htm,https://www.sec.gov/Archives/edgar/data/1463972/000110465920033613/tm205290-1_10k.htm,1620599677,18:34:37,20210509
5,2019-09-30,VUZI,USD,2019-11-07,2019-11-07 16:06:47,Q3,1158882.0,1390339.0,-231457.0,-0.19972438954095412,2336778.0,1548927.0,775975.0,0.0,5317148.0,6707487.0,0.0,628728.0,-4919877.0,-4.245364929302552,-5548605.0,-4.787894712317561,71915.0,-5476690.0,-4.7258392140010805,0.0,-5476690.0,-4.7258392140010805,-0.18,-0.18,32968952.0,32968952.0,https://www.sec.gov/Archives/edgar/data/1463972/000110465919061093/0001104659-19-061093-index.htm,https://www.sec.gov/Archives/edgar/data/1463972/000110465919061093/tm1919632d1_10q.htm,1620599677,18:34:37,20210509
6,2019-06-30,VUZI,USD,2019-08-09,2019-08-09 07:01:27,Q2,2185861.0,2033822.0,152039.0,0.06955565793067355,1987129.0,1803590.0,822749.0,0.0,5231734.0,7265556.0,0.0,607965.0,-4471730.0,-2.045752223037055,-5079695.0,-2.323887475004129,23761.0,-5055934.0,-2.3130171589135813,0.0,-5055934.0,-2.3130171589135813,-0.2,-0.2,27602014.0,27602014.0,https://www.sec.gov/Archives/edgar/data/1463972/000114420419038695/0001144204-19-038695-index.htm,https://www.sec.gov/Archives/edgar/data/1463972/000114420419038695/tv526113_10q.htm,1620599677,18:34:37,20210509
7,2019-03-31,VUZI,USD,2019-05-09,2019-05-09 16:06:44,Q1,1373371.0,1333481.0,39890.0,0.029045319873508325,2516100.0,1896402.0,1417966.0,-10094.0,6442219.0,7775700.0,0.0,559089.0,-5843240.0,-4.254669714155898,-6402329.0,-4.661762189532181,42568.0,-6359761.0,-4.630766923140214,0.0,-6359761.0,-4.630766923140214,-0.25,-0.25,25439044.0,25439044.0,https://www.sec.gov/Archives/edgar/data/1463972/000114420419024878/0001144204-19-024878-index.htm,https://www.sec.gov/Archives/edgar/data/1463972/000114420419014093/tv514947_10k.htm,1620599677,18:34:37,20210509
8,2018-12-31,VUZI,USD,2019-03-15,2019-03-15 06:31:47,Q4,1979491.0,1679426.0,300065.0,0.1515869483619779,3220372.0,1393738.0,774610.0,48124.0,5922299.0,7601725.0,204.0,523329.0,-5098905.0,-2.575866725334947,-5622234.0,-2.8402422642992566,58579.0,-5563859.0,-2.8107523600764033,0.0,-5563859.0,-2.8107523600764033,-0.22,-0.22,25290269.0,25290269.0,https://www.sec.gov/Archives/edgar/data/1463972/000114420419014093/0001144204-19-014093-index.htm,https://www.sec.gov/Archives/edgar/data/1463972/000114420419014093/tv514947_10k.htm,1620599677,18:34:37,20210509
9,2018-09-30,VUZI,USD,2018-11-08,2018-11-08 16:01:35,Q3,1923400.0,1302480.0,620920.0,0.3228241655401892,2468449.0,1666596.0,966294.0,0.0,5496872.0,6799352.0,2937.0,573948.0,-4302004.0,-2.23666632005823,-4875952.0,-2.5350691483830716,81133.0,-4797756.0,-2.494414058438182,0.0,-4797756.0,-2.494414058438182,-0.19,-0.19,27504626.0,27504626.0,https://www.sec.gov/Archives/edgar/data/1463972/000114420418058336/0001144204-18-058336-index.htm,https://www.sec.gov/Archives/edgar/data/1463972/000114420418058336/tv505981_10q.htm,1620599677,18:34:37,20210509
10,2018-06-30,VUZI,USD,2018-08-09,2018-08-09 16:02:43,Q2,2647583.0,1977410.0,670173.0,0.2531263420259157,2564119.0,2320151.0,1545160.0,0.0,6725734.0,8703144.0,6977.0,294988.0,-5760573.0,-2.175785612764548,-6055561.0,-2.2872034606658223,-85905.0,-6148443.0,-2.3222852692436837,0.0,-6148443.0,-2.3222852692436837,-0.24,-0.24,27326649.0,27326649.0,https://www.sec.gov/Archives/edgar/data/1463972/000114420418043275/0001144204-18-043275-index.htm,https://www.sec.gov/Archives/edgar/data/1463972/000114420418043275/tv499828_10q.htm,1620599677,18:34:37,20210509
11,2018-03-31,VUZI,USD,2018-05-10,2018-05-10 16:08:13,Q1,1543895.0,1366770.0,177125.0,0.11472606621564291,2055787.0,1665229.0,1534097.0,0.0,5557277.0,6924047.0,9213.0,273622.0,-5106530.0,-3.3075630143241606,-5380152.0,-3.4847913880153767,23715.0,-5365650.0,-3.475398262187519,0.0,-5365650.0,-3.475398262187519,-0.22,-0.22,26296188.0,26296188.0,https://www.sec.gov/Archives/edgar/data/1463972/000114420418027120/0001144204-18-027120-index.htm,https://www.sec.gov/Archives/edgar/data/1463972/000114420418015310/tv488149_10k.htm,1620599677,18:34:37,20210509
12,2017-12-31,VUZI,USD,2018-03-16,2018-03-16 16:32:21,Q4,1596728.0,1900564.0,-303836.0,-0.19028663617096964,2332488.0,1970375.0,954935.0,0.0,5512630.0,7413194.0,10385.0,264353.0,-5552113.0,-3.4771814610879246,-5816466.0,-3.6427406546387364,-52613.0,-5879464.0,-3.682195088956917,0.0,-5879464.0,-3.682195088956917,-0.22358617150135981,-0.22358617150135981,26296188.0,26296188.0,https://www.sec.gov/Archives/edgar/data/1463972/000114420418015310/0001144204-18-015310-index.htm,https://www.sec.gov/Archives/edgar/data/1463972/000114420418015310/tv488149_10k.htm,1620599677,18:34:37,20210509
13,2017-09-30,VUZI,USD,2017-11-09,2017-11-09 16:36:22,Q3,1405100.0,1497101.0,-92001.0,-0.06547647854245249,1506307.0,1612542.0,908797.0,0.0,4294746.0,5791847.0,12592.0,466204.0,-3920543.0,-2.7902234716390293,-4386747.0,-3.1220176499893246,-1102903.0,-5502242.0,-3.9159077645719167,0.0,-5502242.0,-3.9159077645719167,-0.28,-0.28,21366712.0,21366712.0,https://www.sec.gov/Archives/edgar/data/1463972/000114420417057779/0001144204-17-057779-index.htm,https://www.sec.gov/Archives/edgar/data/1463972/000114420417057779/tv478527_10q.htm,1620599677,18:34:37,20210509
14,2017-06-30,VUZI,USD,2017-08-09,2017-08-09 16:03:27,Q2,1325261.0,1754748.0,-429487.0,-0.32407729496302995,1198940.0,1308234.0,800329.0,0.0,3562082.0,5316830.0,45859.0,242979.0,-3748590.0,-2.8285673539023635,-3991569.0,-3.011911615900566,-24623.0,-4070099.0,-3.071167868065234,0.0,-4070099.0,-3.071167868065234,-0.22,-0.22,20446824.0,20446824.0,https://www.sec.gov/Archives/edgar/data/1463972/000114420417041651/0001144204-17-041651-index.htm,https://www.sec.gov/Archives/edgar/data/1463972/000114420417041651/v472294_10q.htm,1620599677,18:34:37,20210509
15,2017-03-31,VUZI,USD,2017-05-10,2017-05-10 16:11:54,Q1,1210663.0,1061903.0,148760.0,0.12287482148211352,1668956.0,1235183.0,1030999.0,0.0,4185518.0,5247421.0,175158.0,239830.0,-3796928.0,-3.136238573409776,-4036758.0,-3.334336640336741,41557.0,-4181812.0,-3.4541503291997855,0.0,-4181812.0,-3.4541503291997855,-0.23,-0.23,19714396.0,19714396.0,https://www.sec.gov/Archives/edgar/data/1463972/000114420417026040/0001144204-17-026040-index.htm,https://www.sec.gov/Archives/edgar/data/1463972/000114420417015161/v461282_10k.htm,1620599677,18:34:37,20210509
16,2016-12-31,VUZI,USD,2017-03-16,2017-03-16 17:20:46,Q4,620112.0,1181942.0,-561830.0,-0.9060137523544134,1826165.0,1763698.0,767037.0,-49930.0,4576846.0,5758788.0,125536.0,6588.0,-5132088.0,-8.276066258998375,-5138676.0,-8.286690146296152,-1038149.0,-6334991.0,-10.215881969708699,0.0,-6334991.0,-10.215881969708699,-0.323722,-0.323722,19569247.0,19569247.0,https://www.sec.gov/Archives/edgar/data/1463972/000114420417015161/0001144204-17-015161-index.htm,https://www.sec.gov/Archives/edgar/data/1463972/000114420417015161/v461282_10k.htm,1620599677,18:34:37,20210509
17,2016-09-30,VUZI,USD,2016-11-14,2016-11-14 06:40:24,Q3,582549.0,819116.0,-236567.0,-0.4060894448364,2177957.0,1274698.0,839497.0,0.0,4507646.0,5326762.0,189294.0,267981.0,-4476232.0,-7.683872086296604,-4744213.0,-8.143886608680129,-98791.0,-5035861.0,-8.644527756463404,0.0,-5035861.0,-8.644527756463404,-0.32,-0.32,17216374.0,17216374.0,https://www.sec.gov/Archives/edgar/data/1463972/000114420416133603/0001144204-16-133603-index.htm,https://www.sec.gov/Archives/edgar/data/1463972/000114420416133603/v452286_10q.htm,1620599677,18:34:37,20210509
18,2016-06-30,VUZI,USD,2016-08-15,2016-08-15 06:04:56,Q2,560877.0,686931.0,-126054.0,-0.22474446268968062,1669043.0,1199427.0,651547.0,0.0,3717607.0,4404538.0,148358.0,326911.0,-3516750.0,-6.270091303440862,-3843661.0,-6.852948150842342,-103215.0,-4103490.0,-7.31620301777395,0.0,-4103490.0,-7.31620301777395,-0.28,-0.28,16137419.0,16137419.0,https://www.sec.gov/Archives/edgar/data/1463972/000114420416118913/0001144204-16-118913-index.htm,https://www.sec.gov/Archives/edgar/data/1463972/000114420416118913/v446115_10q.htm,1620599677,18:34:37,20210509
19,2016-03-31,VUZI,USD,2016-05-12,2016-05-12 16:42:26,Q1,363839.0,602977.0,-239138.0,-0.6572632400594769,1274713.0,886315.0,1126499.0,0.0,3477436.0,4080413.0,166337.0,169188.0,-3547386.0,-9.749878380272593,-3716574.0,-10.214886254634605,107172.0,-3775739.0,-10.377499388465777,0.0,-3775739.0,-10.377499388465777,-0.26,-0.26,16102374.0,16102374.0,https://www.sec.gov/Archives/edgar/data/1463972/000114420416101293/0001144204-16-101293-index.htm,https://www.sec.gov/Archives/edgar/data/1463972/000114420416091496/v435085_10k.htm,1620599677,18:34:37,20210509
20,2015-12-31,VUZI,USD,2016-03-30,2016-03-30 16:11:45,Q4,542638.0,516182.0,26456.0,0.04875441823093849,1403813.0,1040970.0,625789.0,0.0,3234865.0,3751047.0,152549.0,440819.0,-2767590.0,-5.100250996059988,-3208409.0,-5.912613934151313,-124042.0,-3509328.0,-6.467162270242777,0.0,-3509328.0,-6.467162270242777,-0.2179385474464821,-0.2179385474464821,16102374.0,16102374.0,https://www.sec.gov/Archives/edgar/data/1463972/000114420416091496/0001144204-16-091496-index.htm,https://www.sec.gov/Archives/edgar/data/1463972/000114420416091496/v435085_10k.htm,1620599677,18:34:37,20210509
21,2015-09-30,VUZI,USD,2015-11-12,2015-11-12 16:41:56,Q3,970379.0,644246.0,326133.0,0.3360882706653792,944426.0,1120982.0,469443.0,0.0,2653579.0,3297825.0,156964.0,88285.0,-2239161.0,-2.307511807242325,-2327446.0,-2.398491723336964,58526.0,-2424971.0,-2.498993692155333,0.0,-2424971.0,-2.498993692155333,-0.17,-0.17,15934279.0,15934279.0,https://www.sec.gov/Archives/edgar/data/1463972/000114420415064767/0001144204-15-064767-index.htm,https://www.sec.gov/Archives/edgar/data/1463972/000114420415064767/v423739_10q.htm,1620599677,18:34:37,20210509
22,2015-06-30,VUZI,USD,2015-08-13,2015-08-13 16:30:56,Q2,427812.0,392548.0,35264.0,0.08242873037689452,732491.0,1023244.0,345262.0,0.0,2181835.0,2574383.0,216674.0,6935.0,-2139636.0,-5.00134638579563,-2146571.0,-5.017556777276,-27502.0,-2402327.0,-5.615380120239731,0.0,-2402327.0,-5.615380120239731,-0.17,-0.17,15934279.0,15934279.0,https://www.sec.gov/Archives/edgar/data/1463972/000114420415049041/0001144204-15-049041-index.htm,https://www.sec.gov/Archives/edgar/data/1463972/000114420415049041/v417226_10q.htm,1620599677,18:34:37,20210509
23,2015-03-31,VUZI,USD,2015-05-12,2015-05-12 16:03:19,Q1,809155.0,630822.0,178333.0,0.22039411484820584,514707.0,2934907.0,357547.0,0.0,3878573.0,4509395.0,392456.0,131252.0,-3568988.0,-4.410759372431734,-3700240.0,-4.572968096347424,-998156.0,-5090852.0,-6.291565892814108,0.0,-5090852.0,-6.291565892814108,-0.4,-0.4,13561206.0,13561206.0,https://www.sec.gov/Archives/edgar/data/1463972/000114420415029729/0001144204-15-029729-index.htm,https://www.sec.gov/Archives/edgar/data/1463972/000114420415020102/v405074_10k.htm,1620599677,18:34:37,20210509
24,2014-12-31,VUZI,USD,2015-03-31,2015-03-31 16:01:51,Q4,845814.0,729189.0,116625.0,0.1378849250544446,575076.0,988272.0,275098.0,0.0,1884077.0,2613266.0,157765.0,90107.0,-1677345.0,-1.983113308599763,-1767452.0,-2.089646186986737,-4393336.0,-6318553.0,-7.4703811949199235,0.0,-6318553.0,-7.4703811949199235,-0.4659285464729317,-0.4659285464729317,13561206.0,13561206.0,https://www.sec.gov/Archives/edgar/data/1463972/000114420415020102/0001144204-15-020102-index.htm,https://www.sec.gov/Archives/edgar/data/1463972/000114420415020102/v405074_10k.htm,1620599677,18:34:37,20210509
25,2014-09-30,VUZI,USD,2014-11-14,2014-11-14 16:06:26,Q3,664586.0,460234.0,204352.0,0.3074876690149958,484510.0,592914.0,336099.0,0.0,1482950.0,1943184.0,320310.0,59680.0,-1218918.0,-1.8341012299386386,-1278598.0,-1.9239014965707975,-1702413.0,-3301321.0,-4.96748502074976,0.0,-3301321.0,-4.96748502074976,-0.31,-0.31,10556420.0,10556420.0,https://www.sec.gov/Archives/edgar/data/1463972/000114420414068760/0001144204-14-068760-index.htm,https://www.sec.gov/Archives/edgar/data/1463972/000114420414068760/v393090_10q.htm,1620599677,18:34:37,20210509
26,2014-06-30,VUZI,USD,2014-08-14,2014-08-14 16:02:16,Q2,723258.0,462240.0,261018.0,0.3608919638635176,295552.0,532561.0,256767.0,0.0,1211411.0,1673651.0,62766.0,101438.0,-848955.0,-1.173792754452768,-950393.0,-1.314044227647672,1252269.0,239110.0,0.3306012515589181,0.0,239110.0,0.3306012515589181,0.023247396103992696,0.021297914183238665,10285453.0,11226921.0,https://www.sec.gov/Archives/edgar/data/1463972/000114420414050138/0001144204-14-050138-index.htm,https://www.sec.gov/Archives/edgar/data/1463972/000114420414050138/v385650_10-q.htm,1620599677,18:34:37,20210509
27,2014-03-31,VUZI,USD,2014-05-15,2014-05-15 16:09:15,Q1,798418.0,450249.0,348169.0,0.43607358551535663,397422.0,479637.0,364555.0,0.0,1362761.0,1813010.0,44813.0,99705.0,-914887.0,-1.1458747172533685,-1014592.0,-1.270752913887212,2571311.0,1511906.0,1.893627147684546,0.0,1511906.0,1.893627147684546,0.15,0.13,9972105.0,11517104.0,https://www.sec.gov/Archives/edgar/data/1463972/000114420414031190/0001144204-14-031190-index.htm,https://www.sec.gov/Archives/edgar/data/1463972/000114420414021666/v372331_10k.htm,1620599677,18:34:37,20210509
28,2013-12-31,VUZI,USD,2014-04-09,2014-04-09 17:17:18,Q4,610858.0,648060.0,-37202.0,-0.06090122417976027,542374.0,561330.0,335380.0,0.0,1620642.0,2268702.0,-854969.0,93284.0,-1564560.0,-2.5612499140553124,-1657844.0,-2.713959709130436,-4934844.0,-5737719.0,-9.392885089497067,-41225.0,-5696494.0,-9.32539804668188,-0.5712428820193931,-0.5712428820193931,9972105.0,9972105.0,https://www.sec.gov/Archives/edgar/data/1463972/000114420414021666/0001144204-14-021666-index.htm,https://www.sec.gov/Archives/edgar/data/1463972/000114420414021666/v372331_10k.htm,1620599677,18:34:37,20210509
29,2013-09-30,VUZI,USD,2013-11-19,2013-11-19 16:24:41,Q3,338816.0,190027.0,148789.0,0.4391439601435587,470302.0,585260.0,193650.0,0.0,1344807.0,1534834.0,900491.0,95596.0,-1100422.0,-3.247845438231961,-1196018.0,-3.5299926803928976,264097.0,-1832412.0,-5.4082806006800155,24288.0,-1856700.0,-5.479965527011712,-0.26,-0.26,7191649.0,7191649.0,https://www.sec.gov/Archives/edgar/data/1463972/000114420413063065/0001144204-13-063065-index.htm,https://www.sec.gov/Archives/edgar/data/1463972/000114420413063065/v359713_10q.htm,1620599677,18:34:37,20210509
30,2013-06-30,VUZI,USD,2013-08-14,2013-08-14 18:08:10,Q2,700195.0,406622.0,293573.0,0.4192732024650276,421026.0,602065.0,287741.0,0.0,1401444.0,1808066.0,268687.0,90612.0,-1017259.0,-1.4528224280379036,-1107871.0,-1.5822320924885211,-276937.0,-1653495.0,-2.3614778740208084,3241.0,-1656736.0,-2.3661065845942915,-0.47,-0.47,3536856.0,3536856.0,https://www.sec.gov/Archives/edgar/data/1463972/000114420413045991/0001144204-13-045991-index.htm,https://www.sec.gov/Archives/edgar/data/1463972/000114420413045991/v352471_10q.htm,1620599677,18:34:37,20210509
31,2013-03-31,VUZI,USD,2013-05-15,2013-05-15 17:27:23,Q1,739184.0,337387.0,401797.0,0.5435683131669516,317695.0,416686.0,274743.0,0.0,1107472.0,1444859.0,189570.0,98348.0,-607327.0,-0.821618162730795,-705675.0,-0.9546675793848352,-27357.0,-922602.0,-1.248135782159787,13696.0,-936298.0,-1.2666643217385658,-0.26,-0.26,3536865.0,3536865.0,https://www.sec.gov/Archives/edgar/data/1463972/000114420413029712/0001144204-13-029712-index.htm,https://www.sec.gov/Archives/edgar/data/1463972/000114420413016162/v337089_10k.htm,1620599677,18:34:37,20210509
32,2012-12-31,VUZI,USD,2013-03-19,2013-03-19 16:38:50,Q4,711006.0,560733.0,150273.0,0.21135264681310706,416985.0,537329.0,320167.0,0.0,1351768.0,1912501.0,128818.0,86555.0,-1114940.0,-1.5681161621702209,-1201495.0,-1.6898521250172291,-74229.0,-1404589.0,-1.975495284146688,-8292.0,-1416097.0,-1.991680801568482,-0.4003819766940497,-0.4003819766940497,3536865.0,3536865.0,https://www.sec.gov/Archives/edgar/data/1463972/000114420413016162/0001144204-13-016162-index.htm,https://www.sec.gov/Archives/edgar/data/1463972/000114420413016162/v337089_10k.htm,1620599677,18:34:37,20210509
33,2012-09-30,VUZI,USD,2012-11-19,2012-11-19 16:06:49,Q3,756495.0,557650.0,198845.0,0.2628503823554683,267230.0,507883.0,282011.0,0.0,1181107.0,1738757.0,128197.0,123983.0,-858279.0,-1.1345468244998314,-982262.0,-1.2984381919245995,157.0,-1110302.0,-1.4676924500492403,5721.0,-1181079.0,-1.561251561477604,-0.337508,-0.337508,3536702.0,3536702.0,https://www.sec.gov/Archives/edgar/data/1463972/000114420412063848/0001144204-12-063848-index.htm,https://www.sec.gov/Archives/edgar/data/1463972/000114420412063848/v328480_10q.htm,1620599677,18:34:37,20210509
34,2012-06-30,VUZI,USD,2012-08-20,2012-08-20 16:40:20,Q2,1037010.0,758626.0,278384.0,0.2684487131271637,353067.0,556028.0,388168.0,0.0,1419715.0,2178341.0,994199.0,122452.0,-1018879.0,-0.9825160798835112,-1141331.0,-1.1005978727302532,5905863.0,3770565.0,3.6359967599155265,5967.0,3764598.0,3.6302427170422655,1.065027,0.870022,3536702.0,4711313.0,https://www.sec.gov/Archives/edgar/data/1463972/000114420412047146/0001144204-12-047146-index.htm,https://www.sec.gov/Archives/edgar/data/1463972/000114420412047146/v321932_10q.htm,1620599677,18:34:37,20210509
35,2012-03-31,VUZI,USD,2012-05-16,2012-05-16 17:18:10,Q1,2851392.0,1737827.0,1113565.0,0.39053381646578234,411259.0,562591.0,452712.0,0.0,1562389.0,3300216.0,364495.0,135827.0,-312997.0,-0.1097698948443427,-448824.0,-0.15740522523735775,-14210.0,-827481.0,-0.29020246953067136,17002.0,-844483.0,-0.2961651712567055,-0.240006,-0.240006,3536702.0,3536702.0,https://www.sec.gov/Archives/edgar/data/1463972/000114420412030138/0001144204-12-030138-index.htm,https://www.sec.gov/Archives/edgar/data/1463972/000114420412021889/v309157_10k.htm,1620599677,18:34:37,20210509
36,2011-12-31,VUZI,USD,2012-04-16,2012-04-16 16:15:54,Q4,3809251.0,2926413.0,882838.0,0.23176157202557668,541633.0,594999.0,775040.0,0.0,2047294.0,4973707.0,313422.0,135622.0,-1028834.0,-0.2700882666959988,-1164456.0,-0.30569159133908475,-132702.0,-1610580.0,-0.42280752830412066,603.0,-1611183.0,-0.42296582714029607,-0.45556085867568147,-0.45556085867568147,3536702.0,3536702.0,https://www.sec.gov/Archives/edgar/data/1463972/000114420412021889/0001144204-12-021889-index.htm,https://www.sec.gov/Archives/edgar/data/1463972/000114420412021889/v309157_10k.htm,1620599677,18:34:37,20210509
37,2011-09-30,VUZI,USD,2011-11-21,2011-11-21 13:59:40,Q3,2843288.0,1760259.0,1083029.0,0.3809072454144638,511277.0,663871.0,414253.0,0.0,1700453.0,3460712.0,233643.0,111052.0,-506372.0,-0.1780938125156509,-617424.0,-0.21715141062038035,-63853.0,-914699.0,-0.3217046602384282,5854.0,-920553.0,-0.32376354417843006,-0.262507,-0.262507,3514908.0,3514908.0,https://www.sec.gov/Archives/edgar/data/1463972/000114420411066092/0001144204-11-066092-index.htm,https://www.sec.gov/Archives/edgar/data/1463972/000114420411066092/v241021_10q.htm,1620599677,18:34:37,20210509
38,2011-06-30,VUZI,USD,2011-08-15,2011-08-15 17:06:08,Q2,2328649.0,1251985.0,1076664.0,0.462355640545226,534728.0,647493.0,406458.0,0.0,1699731.0,2951716.0,234307.0,111051.0,-512016.0,-0.21987684704736524,-623067.0,-0.2675658718853722,-68504.0,-925583.0,-0.3974763908171648,1956.0,-927539.0,-0.3983163628352749,-0.262507,-0.262507,3514582.0,3514582.0,https://www.sec.gov/Archives/edgar/data/1463972/000114420411047403/0001144204-11-047403-index.htm,https://www.sec.gov/Archives/edgar/data/1463972/000114420411047403/v231137_10q.htm,1620599677,18:34:37,20210509
39,2011-03-31,VUZI,USD,2011-05-16,2011-05-16 15:54:19,Q1,4073109.0,2375710.0,1697399.0,0.4167330164746389,525722.0,684272.0,504761.0,0.0,1825853.0,4201563.0,214672.0,111098.0,-17356.0,-0.0042611184724003215,-128454.0,-0.0315370887447402,-58570.0,-401031.0,-0.09845820477674425,19275.0,-420306.0,-0.10319046212610564,-0.120003,-0.120003,3514582.0,3514582.0,https://www.sec.gov/Archives/edgar/data/1463972/000114420411029960/0001144204-11-029960-index.htm,https://www.sec.gov/Archives/edgar/data/1463972/000114420411019283/v217067_10k.htm,1620599677,18:34:37,20210509
40,2010-12-31,VUZI,USD,2011-03-31,2011-03-31 17:31:02,Q4,5552356.0,3482930.0,2069426.0,0.3727113319102738,560208.0,815176.0,661616.0,0.0,2137443.0,5620373.0,142904.0,100443.0,32426.0,0.005840043397793657,-68017.0,-0.01225011508628049,-257306.0,-468745.0,-0.08442272073332474,7340.0,-476085.0,-0.08574468207730196,-0.13545992098064577,-0.13545992098064577,3514582.0,3514582.0,https://www.sec.gov/Archives/edgar/data/1463972/000114420411019283/0001144204-11-019283-index.htm,https://www.sec.gov/Archives/edgar/data/1463972/000114420411019283/v217067_10k.htm,1620599677,18:34:37,20210509
41,2010-09-30,VUZI,USD,2010-11-12,2010-11-12 17:10:07,Q3,2725739.0,1945030.0,780709.0,0.2864210403123703,526541.0,707501.0,489607.0,0.0,1843308.0,3788338.0,106934.0,119659.0,-942940.0,-0.34593921134782163,-1062599.0,-0.3898388657167836,-15099.0,-1184630.0,-0.43460874280332784,2335.0,-1186965.0,-0.43546539122050937,-0.337508,-0.337508,3514582.0,3514582.0,https://www.sec.gov/Archives/edgar/data/1463972/000114420410059904/0001144204-10-059904-index.htm,https://www.sec.gov/Archives/edgar/data/1463972/000114420410059904/v202257_10q.htm,1620599677,18:34:37,20210509
42,2010-06-30,VUZI,USD,2010-08-16,2010-08-16 14:35:20,Q2,1915359.0,1522734.0,392625.0,0.20498768116055527,457864.0,588243.0,518066.0,0.0,1678163.0,3200897.0,91971.0,113990.0,-1171548.0,-0.6116597462929926,-1285538.0,-0.6711733936040188,-4341.0,-1381520.0,-0.7212851481106153,4388.0,-1385908.0,-0.7235761024434584,-0.39751,-0.39751,3514582.0,3514582.0,https://www.sec.gov/Archives/edgar/data/1463972/000114420410044410/0001144204-10-044410-index.htm,https://www.sec.gov/Archives/edgar/data/1463972/000114420410044410/v193981_10q.htm,1620599677,18:34:37,20210509
43,2010-03-31,VUZI,USD,2010-05-14,2010-05-14 15:31:21,Q1,2061959.0,1502075.0,559884.0,0.2715301322674214,494000.0,749664.0,617186.0,0.0,1971116.0,3473191.0,91307.0,110266.0,-1300966.0,-0.6309368905977277,-1411232.0,-0.684413220631448,-5174.0,-1507299.0,-0.7310033807655729,875.0,-1508174.0,-0.7314277344990856,-0.427511,-0.427511,3514582.0,3514582.0,https://www.sec.gov/Archives/edgar/data/1463972/000114420410027424/0001144204-10-027424-index.htm,https://www.sec.gov/Archives/edgar/data/1463972/000114420410027424/v185132_10q.htm,1620599677,18:34:37,20210509
44,2009-12-31,VUZI,USD,2009-12-31,2009-12-31,Q4,3965550.0,2540598.0,1424952.0,0.3593327533381246,626557.0,814913.0,657800.0,0.0,2214127.0,4754725.0,107557.0,114858.0,-674317.0,-0.17004375181248502,-789175.0,-0.19900770384940297,-10192.0,-906924.0,-0.22870068464651813,-477.0,-906447.0,-0.22858039868366306,-0.2579103290234799,-0.2579103290234799,3514582.0,3514582.0,,,1620599677,18:34:37,20210509
45,2009-09-30,VUZI,USD,2009-09-30,2009-09-30,Q3,2838461.0,1846632.0,991829.0,0.3494249172350791,645172.0,548931.0,509788.0,0.0,1805147.0,3651779.0,67547.0,101257.0,-712061.0,-0.2508616465049194,-813318.0,-0.2865348511041723,-7065.0,-887927.0,-0.3128198696406257,-31516.0,-856411.0,-0.3017166697023493,-0.300008,-0.300008,2936845.0,2936845.0,,,1620599677,18:34:37,20210509
46,2009-06-30,VUZI,USD,2009-06-30,2009-06-30,Q2,2063733.0,1390819.0,672914.0,0.32606640490799926,428737.0,534142.0,520257.0,0.0,1650645.0,3041464.0,56711.0,170000.0,-807731.0,-0.3913931695621478,-977731.0,-0.4737681667153648,-3657.0,-1038088.0,-0.5030146826164044,888.0,-1038976.0,-0.5034449708368283,-0.360009,-0.360009,2936845.0,2936845.0,,,1620599677,18:34:37,20210509
47,2009-03-31,VUZI,USD,2009-03-31,2009-03-31,Q1,3020000.0,1830000.0,1190000.0,0.39403973509933776,520000.0,910000.0,0.0,0.0,1569999.9999999998,3400000.0,-70000.0,140000.0,-240000.0,-0.07947019867549669,-380000.0,-0.12582781456953643,0.0,-450000.0,-0.1490066225165563,0.0,-450000.0,-0.1490066225165563,-0.15464,-0.15464,2910000.0,2910000.0,,,1620599677,18:34:37,20210509
48,2008-12-31,VUZI,USD,2008-12-31,2008-12-31,Q4,5290000.0,3650000.0,1650000.0,0.31190926275992437,640000.0,1530000.0,0.0,0.0,2310000.0,5960000.0,-120000.0,140000.0,-530000.0,-0.1001890359168242,-670000.0,-0.1266540642722117,0.0,-790000.0,-0.14933837429111532,0.0,-790000.0,-0.14933837429111532,-0.27431,-0.27431,2880000.0,2880000.0,,,1620599677,18:34:37,20210509
49,2008-09-30,VUZI,USD,2008-09-30,2008-09-30,Q3,2390000.0,1780000.0,610000.0,0.25523012552301255,770000.0,990000.0,0.0,0.0,1880000.0,3660000.0,-70000.0,370000.0,-900000.0,-0.37656903765690375,-1270000.0,-0.5313807531380753,0.0,-1340000.0,-0.5606694560669456,0.0,-1340000.0,-0.5606694560669456,-0.47687,-0.47687,2810000.0,2810000.0,,,1620599677,18:34:37,20210509
