,date,symbol,reportedCurrency,fillingDate,acceptedDate,period,revenue,costOfRevenue,grossProfit,grossProfitRatio,researchAndDevelopmentExpenses,generalAndAdministrativeExpenses,sellingAndMarketingExpenses,otherExpenses,operatingExpenses,costAndExpenses,interestExpense,depreciationAndAmortization,ebitda,ebitdaratio,operatingIncome,operatingIncomeRatio,totalOtherIncomeExpensesNet,incomeBeforeTax,incomeBeforeTaxRatio,incomeTaxExpense,netIncome,netIncomeRatio,eps,epsdiluted,weightedAverageShsOut,weightedAverageShsOutDil,link,finalLink,timestamp,est_time,est_date
0,2014-06-30,RTC.DE,EUR,2014-06-30,2014-06-30,Q2,8520761.0,4596750.0,3924011.0,0.4605235377450441,1161902.0,1277240.0,1867375.0,0.0,4185280.0,8782030.0,73124.0,288813.0,27544.0,0.003232575118583892,-261269.0,-0.030662636823166382,0.0,-323968.0,-0.03802101713684963,78286.0,-397127.0,-0.04660698733364309,-0.07,-0.07,5385652.0,5385652.0,https://www.bundesanzeiger.de/pub/de/suche;wwwsid=627BFD7A56A5CB624C47FDDEAB2FC509.web07-pub?0,https://www.bundesanzeiger.de/pub/de/suche;wwwsid=627BFD7A56A5CB624C47FDDEAB2FC509.web07-pub?0,1620597440,17:57:20,20210509
1,2014-03-31,RTC.DE,EUR,2014-03-31,2014-03-31,Q1,8408962.0,5020246.0,3388716.0,0.4029886209498866,1199233.0,1291225.0,2040620.0,0.0,4431119.0,9451365.0,78429.0,313164.0,-729239.0,-0.08672164293286139,-1042403.0,-0.12396333816230826,0.0,-1106371.0,-0.13157046018283827,16293.0,-1127228.0,-0.13405079009751739,-0.21,-0.21,5385652.0,5385652.0,https://www.bundesanzeiger.de/pub/de/suche;wwwsid=627BFD7A56A5CB624C47FDDEAB2FC509.web07-pub?0,https://www.bundesanzeiger.de/pub/de/suche;wwwsid=627BFD7A56A5CB624C47FDDEAB2FC509.web07-pub?0,1620597440,17:57:20,20210509
2,2013-12-31,RTC.DE,EUR,2013-12-31,2013-12-31,Q4,10874058.0,6646964.0,4227094.0,0.38873197108200086,1486098.0,2013678.0,3528555.0,0.0,7207294.0,13854258.0,0.0,453687.0,-2526513.0,-0.23234316020753246,-2980200.0,-0.2740651190199648,0.0,-3042034.0,-0.27975149663538673,-37831.0,-3027148.0,-0.2783825504701189,-0.5620764208307555,-0.5620764208307555,5385652.0,5385652.0,https://www.bundesanzeiger.de/pub/de/suche;wwwsid=627BFD7A56A5CB624C47FDDEAB2FC509.web07-pub?0,https://www.bundesanzeiger.de/pub/de/suche;wwwsid=627BFD7A56A5CB624C47FDDEAB2FC509.web07-pub?0,1620597440,17:57:20,20210509
3,2013-09-30,RTC.DE,EUR,2013-09-30,2013-09-30,Q3,9436183.0,5730778.0,3705405.0,0.39268049379712117,1172717.0,1201711.0,2267843.0,0.0,4538850.0,10269628.0,76035.0,328940.0,-504505.0,-0.05346494445900424,-833445.0,-0.0883243786179221,0.0,-891378.0,-0.0944638314030154,80548.0,-1068755.0,-0.11326136850037775,-0.2,-0.2,5385652.0,5385652.0,https://www.bundesanzeiger.de/pub/de/suche;wwwsid=627BFD7A56A5CB624C47FDDEAB2FC509.web07-pub?0,https://www.bundesanzeiger.de/pub/de/suche;wwwsid=627BFD7A56A5CB624C47FDDEAB2FC509.web07-pub?0,1620597440,17:57:20,20210509
4,2013-06-30,RTC.DE,EUR,2013-06-30,2013-06-30,Q2,9354085.0,5861661.0,3492424.0,0.37335816383964865,1231419.0,1262986.0,2764518.0,0.0,5297213.0,11158874.0,77006.0,450609.0,-1354180.0,-0.14476883628917206,-1804789.0,-0.19294126576784368,0.0,-1862573.0,-0.1991186738200476,62568.0,-1933187.0,-0.2066676751387228,-0.36,-0.36,5385652.0,5385652.0,https://www.bundesanzeiger.de/pub/de/suche;wwwsid=627BFD7A56A5CB624C47FDDEAB2FC509.web07-pub?0,https://www.bundesanzeiger.de/pub/de/suche;wwwsid=627BFD7A56A5CB624C47FDDEAB2FC509.web07-pub?0,1620597440,17:57:20,20210509
5,2013-03-31,RTC.DE,EUR,2013-03-31,2013-03-31,Q1,9478998.0,5551734.0,3927264.0,0.4143121456508378,1220847.0,1256177.0,2492014.0,0.0,4903702.0,10455436.0,0.0,307861.0,-668577.0,-0.07053245501265007,-976438.0,-0.10301067686690091,0.0,-1028750.0,-0.10852940363527876,157370.0,-1176155.0,-0.1240800979175225,-0.22,-0.22,5385652.0,5385652.0,https://www.bundesanzeiger.de/pub/de/suche;wwwsid=627BFD7A56A5CB624C47FDDEAB2FC509.web07-pub?0,https://www.bundesanzeiger.de/pub/de/suche;wwwsid=627BFD7A56A5CB624C47FDDEAB2FC509.web07-pub?0,1620597440,17:57:20,20210509
6,2012-12-31,RTC.DE,EUR,2012-12-31,2012-12-31,Q4,10750725.0,5913522.0,4837203.0,0.44994202716560977,1150492.0,1491326.0,2072005.0,0.0,4409306.0,10322828.0,0.0,299159.0,727056.0,0.06762855528348088,427897.0,0.039801687793148834,0.0,675408.0,0.06282441416741662,100845.0,511403.0,0.047569163940106365,0.09495656236236578,0.09495656236236578,5385652.0,5385652.0,https://www.bundesanzeiger.de/pub/de/suche;wwwsid=627BFD7A56A5CB624C47FDDEAB2FC509.web07-pub?0,https://www.bundesanzeiger.de/pub/de/suche;wwwsid=627BFD7A56A5CB624C47FDDEAB2FC509.web07-pub?0,1620597440,17:57:20,20210509
7,2012-09-30,RTC.DE,EUR,2012-09-30,2012-09-30,Q3,10220488.0,5176521.0,5043967.0,0.49351528028798625,1049246.0,1288964.0,1888989.0,0.0,4198720.0,9375241.0,0.0,296532.0,1141779.0,0.11171472438498044,845247.0,0.08270123696637577,0.0,825676.0,0.08078635775512871,-110260.0,817843.0,0.08001995599427346,0.15,0.15,5385652.0,5385652.0,https://www.bundesanzeiger.de/pub/de/suche;wwwsid=627BFD7A56A5CB624C47FDDEAB2FC509.web07-pub?0,https://www.bundesanzeiger.de/pub/de/suche;wwwsid=627BFD7A56A5CB624C47FDDEAB2FC509.web07-pub?0,1620597440,17:57:20,20210509
8,2012-06-30,RTC.DE,EUR,2012-06-30,2012-06-30,Q2,9424654.0,5309618.0,4115036.0,0.43662462303655925,1100697.0,1406350.0,1959846.0,0.0,4579965.0,9889583.0,85920.0,346810.0,-118119.0,-0.012532979990565171,-464929.0,-0.04933114785964556,0.0,-534550.0,-0.056718262548418226,286884.0,-821434.0,-0.08715800070750608,-0.16,-0.16,5385652.0,5385652.0,https://www.bundesanzeiger.de/pub/de/suche;wwwsid=627BFD7A56A5CB624C47FDDEAB2FC509.web07-pub?0,https://www.bundesanzeiger.de/pub/de/suche;wwwsid=627BFD7A56A5CB624C47FDDEAB2FC509.web07-pub?0,1620597440,17:57:20,20210509
9,2012-03-31,RTC.DE,EUR,2012-03-31,2012-03-31,Q1,9441698.0,5347503.0,4094195.0,0.43362909934208865,1063243.0,1251637.0,2301544.0,0.0,4484203.0,9831706.0,88375.0,287091.0,-102917.0,-0.010900263914393365,-390008.0,-0.04130697677472844,0.0,-456410.0,-0.04833982192609846,196787.0,-653197.0,-0.06918215346434507,-0.13,-0.13,5385652.0,5385652.0,https://www.bundesanzeiger.de/pub/de/suche;wwwsid=627BFD7A56A5CB624C47FDDEAB2FC509.web07-pub?0,https://www.bundesanzeiger.de/pub/de/suche;wwwsid=627BFD7A56A5CB624C47FDDEAB2FC509.web07-pub?0,1620597440,17:57:20,20210509
10,2011-12-31,RTC.DE,EUR,2011-12-31,2011-12-31,Q4,10612344.0,5671856.0,4940488.0,0.4655416371727113,1019930.0,1515638.0,1858551.0,0.0,3903352.0,9575208.0,0.0,461017.0,1498153.0,0.14117079129737972,1037136.0,0.09772921043645023,0.0,786066.0,0.07407091213778973,527055.0,722174.0,0.0680503760526421,0.13409221390464887,0.13409221390464887,5385652.0,5385652.0,https://www.bundesanzeiger.de/pub/de/suche;wwwsid=627BFD7A56A5CB624C47FDDEAB2FC509.web07-pub?0,https://www.bundesanzeiger.de/pub/de/suche;wwwsid=627BFD7A56A5CB624C47FDDEAB2FC509.web07-pub?0,1620597440,17:57:20,20210509
11,2011-09-30,RTC.DE,EUR,2011-09-30,2011-09-30,Q3,10175849.0,5840629.0,4335220.0,0.4260302997813745,1037670.0,1028399.0,2130896.0,55015.0,4298132.0,10138761.0,0.0,316092.0,353180.0,0.034707669109476764,37088.0,0.003644708171278878,0.0,127763.0,0.012555512567059515,114620.0,13142.0,0.0012914892899845507,-0.03,-0.03,5367402.0,5367402.0,https://www.bundesanzeiger.de/pub/de/suche;wwwsid=627BFD7A56A5CB624C47FDDEAB2FC509.web07-pub?0,https://www.bundesanzeiger.de/pub/de/suche;wwwsid=627BFD7A56A5CB624C47FDDEAB2FC509.web07-pub?0,1620597440,17:57:20,20210509
12,2011-06-30,RTC.DE,EUR,2011-06-30,2011-06-30,Q2,9060982.0,5357487.0,3703495.0,0.40872998092259755,1225005.0,1276222.0,1762162.0,-39909.0,4525999.0,9883486.0,0.0,174456.0,-648048.0,-0.07152072479561267,-822504.0,-0.09077426707171474,0.0,-824239.0,-0.09096574742119563,134945.0,473722.0,0.052281529750307414,0.11,0.1,5367402.0,5495402.0,https://www.bundesanzeiger.de/pub/de/suche;wwwsid=627BFD7A56A5CB624C47FDDEAB2FC509.web07-pub?0,https://www.bundesanzeiger.de/pub/de/suche;wwwsid=627BFD7A56A5CB624C47FDDEAB2FC509.web07-pub?0,1620597440,17:57:20,20210509
13,2011-03-31,RTC.DE,EUR,2011-03-31,2011-03-31,Q1,12909738.0,8475781.0,4433957.0,0.34345832580026026,1015265.0,1357238.0,2182521.0,-84283.0,4571673.0,13047454.0,0.0,286815.0,149099.0,0.011549343604029764,-137716.0,-0.010667606112533035,0.0,-205426.0,-0.01591248404886296,104926.0,-310352.0,-0.024040147057980573,-0.05801891589545408,-0.05626750926273086,5349152.0,5515652.0,https://www.bundesanzeiger.de/pub/de/suche;wwwsid=627BFD7A56A5CB624C47FDDEAB2FC509.web07-pub?0,https://www.bundesanzeiger.de/pub/de/suche;wwwsid=627BFD7A56A5CB624C47FDDEAB2FC509.web07-pub?0,1620597440,17:57:20,20210509
14,2010-12-31,RTC.DE,EUR,2010-12-31,2010-12-31,Q4,7991201.0,1438783.0,6552418.0,0.8199540970124516,1014593.0,736382.0,1476788.0,0.0,3293386.0,4732169.0,0.0,147464.0,3406496.0,0.4262808556561148,3259032.0,0.4078275593368256,0.0,3228700.0,0.4040318845690404,1863379.0,-2050985.0,-0.25665541387333396,-0.3808239002445758,-0.3808239002445758,5385652.0,5385652.0,https://www.bundesanzeiger.de/pub/de/suche;wwwsid=627BFD7A56A5CB624C47FDDEAB2FC509.web07-pub?0,https://www.bundesanzeiger.de/pub/de/suche;wwwsid=627BFD7A56A5CB624C47FDDEAB2FC509.web07-pub?0,1620597440,17:57:20,20210509
15,2010-09-30,RTC.DE,EUR,2010-09-30,2010-09-30,Q3,15276228.0,10127679.0,5148549.0,0.3370301228811196,866573.0,1529642.0,2093418.0,0.0,4274107.0,14401786.0,0.0,224319.0,1098761.0,0.07192619801170813,874442.0,0.057242010265885004,0.0,784373.0,0.05134598671871093,417410.0,366963.0,0.02402183313838992,0.06894493468546667,0.06685362062520085,5322552.0,5489052.0,https://www.bundesanzeiger.de/pub/de/suche;wwwsid=627BFD7A56A5CB624C47FDDEAB2FC509.web07-pub?0,https://www.bundesanzeiger.de/pub/de/suche;wwwsid=627BFD7A56A5CB624C47FDDEAB2FC509.web07-pub?0,1620597440,17:57:20,20210509
16,2010-06-30,RTC.DE,EUR,2010-06-30,2010-06-30,Q2,14893517.0,10396072.0,4497445.0,0.30197333510949764,826344.0,1489641.0,2093991.0,150593.0,4288180.0,14684252.0,0.0,318745.0,528010.0,0.03545233808777336,209265.0,0.014050744360784628,0.0,365460.0,0.024538193362924284,50843.0,314617.0,0.021124426151324767,0.059183566744018756,0.056801329938677377,5315952.0,5538902.0,https://www.bundesanzeiger.de/pub/de/suche;wwwsid=627BFD7A56A5CB624C47FDDEAB2FC509.web07-pub?0,https://www.bundesanzeiger.de/pub/de/suche;wwwsid=627BFD7A56A5CB624C47FDDEAB2FC509.web07-pub?0,1620597440,17:57:20,20210509
17,2010-03-31,RTC.DE,EUR,2010-03-31,2010-03-31,Q1,14358297.0,10132877.0,4225420.0,0.29428420376037634,915163.0,1520909.0,1973074.0,103172.0,4203388.0,14336265.0,0.0,277320.0,299352.0,0.020848712072190734,22032.0,0.001534443813218239,0.0,128675.0,0.008961717395872227,199410.0,-70736.0,-0.004926489541203946,-0.013328303689966955,-0.01275349316547917,5307202.0,5546402.0,https://www.bundesanzeiger.de/pub/de/suche;wwwsid=627BFD7A56A5CB624C47FDDEAB2FC509.web07-pub?0,https://www.bundesanzeiger.de/pub/de/suche;wwwsid=627BFD7A56A5CB624C47FDDEAB2FC509.web07-pub?0,1620597440,17:57:20,20210509
18,2009-12-31,RTC.DE,EUR,2009-12-31,2009-12-31,Q4,15598174.0,10485554.0,5112620.0,0.3277704172296065,869249.0,1587673.0,1873822.0,0.0,3815595.0,14301149.0,0.0,586187.0,1883212.0,0.12073284988358253,1297025.0,0.08315236129562345,0.0,1230000.0,0.07885538396994417,344317.0,885682.0,0.0567811334839578,0.16445214061361557,0.16445214061361557,5385652.0,5385652.0,https://www.bundesanzeiger.de/pub/de/suche;wwwsid=627BFD7A56A5CB624C47FDDEAB2FC509.web07-pub?0,https://www.bundesanzeiger.de/pub/de/suche;wwwsid=627BFD7A56A5CB624C47FDDEAB2FC509.web07-pub?0,1620597440,17:57:20,20210509
19,2009-09-30,RTC.DE,EUR,2009-09-30,2009-09-30,Q3,15464844.0,9491860.0,5972984.0,0.38622982553202606,931810.0,1637435.0,2036742.0,0.0,4488972.0,13980832.0,0.0,297802.0,1781814.0,0.11521706911495519,1484012.0,0.09596036015623566,0.0,1452697.0,0.09393544480629744,489363.0,963334.0,0.06229186663635275,0.16,0.15,5274952.0,5540052.0,https://www.bundesanzeiger.de/pub/de/suche;wwwsid=627BFD7A56A5CB624C47FDDEAB2FC509.web07-pub?0,https://www.bundesanzeiger.de/pub/de/suche;wwwsid=627BFD7A56A5CB624C47FDDEAB2FC509.web07-pub?0,1620597440,17:57:20,20210509
20,2009-06-30,RTC.DE,EUR,2009-06-30,2009-06-30,Q2,14917425.0,9700142.0,5217283.0,0.34974420853464994,947931.0,1561413.0,2082204.0,-83948.0,4443409.0,14143551.0,0.0,100724.0,874598.0,0.058629287561358615,773874.0,0.05187718389735494,0.0,704077.0,0.04719829327112421,238988.0,943065.0,0.06321902070900307,0.18,0.17,5274952.0,5540052.0,https://www.bundesanzeiger.de/pub/de/suche;wwwsid=627BFD7A56A5CB624C47FDDEAB2FC509.web07-pub?0,https://www.bundesanzeiger.de/pub/de/suche;wwwsid=627BFD7A56A5CB624C47FDDEAB2FC509.web07-pub?0,1620597440,17:57:20,20210509
21,2009-03-31,RTC.DE,EUR,2009-03-31,2009-03-31,Q1,15694624.0,11144640.0,4549984.0,0.28990716821250384,1096078.0,1891181.0,2488882.0,785.0,5527341.0,16671981.0,0.0,148332.0,-829025.0,-0.05282222753472782,-977357.0,-0.06227336188493589,0.0,-959058.0,-0.061107421241821405,527636.0,-1486694.0,-0.09472632157355283,-0.2826171591338539,-0.2683344247003674,5260452.0,5540452.0,https://www.bundesanzeiger.de/pub/de/suche;wwwsid=627BFD7A56A5CB624C47FDDEAB2FC509.web07-pub?0,https://www.bundesanzeiger.de/pub/de/suche;wwwsid=627BFD7A56A5CB624C47FDDEAB2FC509.web07-pub?0,1620597440,17:57:20,20210509
