,date,symbol,reportedCurrency,fillingDate,acceptedDate,period,revenue,costOfRevenue,grossProfit,grossProfitRatio,researchAndDevelopmentExpenses,generalAndAdministrativeExpenses,sellingAndMarketingExpenses,otherExpenses,operatingExpenses,costAndExpenses,interestExpense,depreciationAndAmortization,ebitda,ebitdaratio,operatingIncome,operatingIncomeRatio,totalOtherIncomeExpensesNet,incomeBeforeTax,incomeBeforeTaxRatio,incomeTaxExpense,netIncome,netIncomeRatio,eps,epsdiluted,weightedAverageShsOut,weightedAverageShsOutDil,link,finalLink,timestamp,est_time,est_date
0,2019-06-30,CHF.L,GBP,2019-06-30,2019-06-30,Q2,0.0,0.0,0.0,0.0,0.0,58344.75,16706.25,0.0,0.0,120777.75,0.0,2050.25,-118727.5,0.0,-120777.75,0.0,0.0,-134030.25,0.0,0.0,-134030.25,0.0,-0.002165,-0.002165,61907736,61907736,https://find-and-update.company-information.service.gov.uk/search/companies?q=Chesterfield+Resources+PLC,https://find-and-update.company-information.service.gov.uk/search/companies?q=Chesterfield+Resources+PLC,1620590231,15:57:11,20210509
1,2019-03-31,CHF.L,GBP,2019-03-31,2019-03-31,Q1,0.0,0.0,0.0,0.0,0.0,58344.75,16706.25,0.0,0.0,120777.75,0.0,2050.25,-118727.5,0.0,-120777.75,0.0,0.0,-134030.25,0.0,0.0,-134030.25,0.0,-0.002165,-0.002165,61907736,61907736,https://find-and-update.company-information.service.gov.uk/search/companies?q=Chesterfield+Resources+PLC,https://find-and-update.company-information.service.gov.uk/search/companies?q=Chesterfield+Resources+PLC,1620590231,15:57:11,20210509
2,2019-01-31,CHF.L,GBP,2019-01-31,2019-01-31,Q1,0.0,0.0,0.0,0.0,0.0,58344.75,16706.25,0.0,0.0,120777.75,0.0,2050.25,-118727.5,0.0,-120777.75,0.0,0.0,-134030.25,0.0,0.0,-134030.25,0.0,-0.002165,-0.002165,61907736,61907736,https://find-and-update.company-information.service.gov.uk/search/companies?q=Chesterfield+Resources+PLC,https://find-and-update.company-information.service.gov.uk/search/companies?q=Chesterfield+Resources+PLC,1620590231,15:57:11,20210509
3,2018-06-30,CHF.L,GBP,2018-06-30,2018-06-30,Q2,0.0,0.0,0.0,0.0,0.0,109019.0,12166.0,0.0,0.0,160595.75,0.0,716.0,-159879.75,0.0,-160595.75,0.0,0.0,-172341.75,0.0,0.0,-172341.75,0.0,-0.00381,-0.00381,45234055,45234055,https://find-and-update.company-information.service.gov.uk/search/companies?q=Chesterfield+Resources+PLC,https://find-and-update.company-information.service.gov.uk/search/companies?q=Chesterfield+Resources+PLC,1620590231,15:57:11,20210509
4,2018-03-31,CHF.L,GBP,2018-03-31,2018-03-31,Q1,0.0,0.0,0.0,0.0,0.0,109019.0,12166.0,0.0,0.0,160595.75,0.0,716.0,-159879.75,0.0,-160595.75,0.0,0.0,-172341.75,0.0,0.0,-172341.75,0.0,-0.00381,-0.00381,45234055,45234055,https://find-and-update.company-information.service.gov.uk/search/companies?q=Chesterfield+Resources+PLC,https://find-and-update.company-information.service.gov.uk/search/companies?q=Chesterfield+Resources+PLC,1620590231,15:57:11,20210509
5,2018-01-31,CHF.L,GBP,2018-01-31,2018-01-31,Q1,0.0,0.0,0.0,0.0,0.0,109019.0,12166.0,0.0,0.0,160595.75,0.0,716.0,-159879.75,0.0,-160595.75,0.0,0.0,-172341.75,0.0,0.0,-172341.75,0.0,-0.00381,-0.00381,45234055,45234055,https://find-and-update.company-information.service.gov.uk/search/companies?q=Chesterfield+Resources+PLC,https://find-and-update.company-information.service.gov.uk/search/companies?q=Chesterfield+Resources+PLC,1620590231,15:57:11,20210509
6,2017-06-30,CHF.L,GBP,2017-06-30,2017-06-30,Q2,0.0,0.0,0.0,0.0,0.0,27753.0,0.0,0.0,0.0,27753.0,0.0,0.0,-27753.0,0.0,-27753.0,0.0,0.0,-27753.0,0.0,0.0,-27753.0,0.0,-0.002525,-0.002525,10970166,10970166,https://find-and-update.company-information.service.gov.uk/search/companies?q=Chesterfield+Resources+PLC,https://find-and-update.company-information.service.gov.uk/search/companies?q=Chesterfield+Resources+PLC,1620590231,15:57:11,20210509
7,2017-03-31,CHF.L,GBP,2017-03-31,2017-03-31,Q1,0.0,0.0,0.0,0.0,0.0,27753.0,0.0,0.0,0.0,27753.0,0.0,0.0,-27753.0,0.0,-27753.0,0.0,0.0,-27753.0,0.0,0.0,-27753.0,0.0,-0.002525,-0.002525,10970166,10970166,https://find-and-update.company-information.service.gov.uk/search/companies?q=Chesterfield+Resources+PLC,https://find-and-update.company-information.service.gov.uk/search/companies?q=Chesterfield+Resources+PLC,1620590231,15:57:11,20210509
8,2017-01-31,CHF.L,GBP,2017-01-31,2017-01-31,Q1,0.0,0.0,0.0,0.0,0.0,27753.0,0.0,0.0,0.0,27753.0,0.0,0.0,-27753.0,0.0,-27753.0,0.0,0.0,-27753.0,0.0,0.0,-27753.0,0.0,-0.002525,-0.002525,10970166,10970166,https://find-and-update.company-information.service.gov.uk/search/companies?q=Chesterfield+Resources+PLC,https://find-and-update.company-information.service.gov.uk/search/companies?q=Chesterfield+Resources+PLC,1620590231,15:57:11,20210509
