,date,symbol,reportedCurrency,fillingDate,acceptedDate,period,revenue,costOfRevenue,grossProfit,grossProfitRatio,researchAndDevelopmentExpenses,generalAndAdministrativeExpenses,sellingAndMarketingExpenses,otherExpenses,operatingExpenses,costAndExpenses,interestExpense,depreciationAndAmortization,ebitda,ebitdaratio,operatingIncome,operatingIncomeRatio,totalOtherIncomeExpensesNet,incomeBeforeTax,incomeBeforeTaxRatio,incomeTaxExpense,netIncome,netIncomeRatio,eps,epsdiluted,weightedAverageShsOut,weightedAverageShsOutDil,link,finalLink,timestamp,est_time,est_date
0,2019-12-31,RTN,USD,2020-02-12 00:00:00,2020-02-12 16:04:56,Q4,7842000000,5832000000,2010000000,0.2563121652639633,166000000,565000000.0,0.0,5832000000.0,731000000,12395000000.0,-46000000.0,159000000,1438000000,0.18337158888038765,1279000000,0.16309614894159652,-181000000.0,1064000000,0.13567967355266514,185000000.0,885000000,0.11285386381025249,3.1675,3.1675,279400000,279400000,https://www.sec.gov/Archives/edgar/data/1047122/000104712220000009/0001047122-20-000009-index.html,https://www.sec.gov/Archives/edgar/data/1047122/000104712220000009/rtn-12312019x10k.htm,1620597446,17:57:26,20210509
1,2019-09-29,RTN,USD,2019-10-24 00:00:00,2019-10-24 10:05:57,Q3,7446000000,5499000000,1947000000,0.26148267526188557,171000000,570000000.0,0.0,152000000.0,741000000,6240000000.0,45000000.0,155000000,1361000000,0.18278270212194467,1206000000,0.16196615632554393,-135000000.0,1036000000,0.13913510609723342,175000000.0,860000000,0.115498254096159,3.07802,3.07802,279400000,279400000,https://www.sec.gov/Archives/edgar/data/1047122/000104712219000193/0001047122-19-000193-index.html,https://www.sec.gov/Archives/edgar/data/1047122/000104712219000193/rtn-09292019x10q.htm,1620597446,17:57:26,20210509
2,2019-06-30,RTN,USD,2019-07-25,2019-07-25 10:21:24,Q2,7159000000,5205000000,1954000000,0.2729431484844252,200000000,578000000.0,0.0,181000000.0,778000000,5983000000.0,45000000.0,151000000,1327000000,0.18536108395027237,1176000000,0.1642687526190809,-173000000.0,965000000,0.1347953624807934,152000000.0,817000000,0.1141220840899567,2.9189,2.9189,279900000,279900000,https://www.sec.gov/Archives/edgar/data/1047122/000104712219000173/rtn-06302019x10q.htm,https://www.sec.gov/Archives/edgar/data/1047122/000104712219000173/rtn-06302019x10q.htm,1620597446,17:57:26,20210509
3,2019-03-31,RTN,USD,2019-04-25 00:00:00,2019-04-25 10:30:02,Q1,6729000000,4877000000,1852000000,0.2752266310001486,195000000,544000000.0,0.0,181000000.0,739000000,5616000000.0,44000000.0,140000000,1253000000,0.18620894635161242,1113000000,0.1654034774855105,-161000000.0,921000000,0.13687026304057068,146000000.0,781000000,0.11606479417446872,2.76754,2.76754,282200000,282200000,https://www.sec.gov/Archives/edgar/data/1047122/000104712219000126/0001047122-19-000126-index.html,https://www.sec.gov/Archives/edgar/data/1047122/000104712219000126/rtn-03312019x10qq1.htm,1620597446,17:57:26,20210509
4,2018-12-31,RTN,USD,2019-02-13 00:00:00,2019-02-13 10:49:55,Q4,7360000000,5393000000,1967000000,0.2672554347826087,248000000,505000000.0,0.0,5393000000.0,753000000,6146000000.0,46000000.0,151000000,1365000000,0.18546195652173914,1214000000,0.16494565217391305,-251000000.0,927000000,0.12595108695652174,111000000.0,832000000,0.11304347826086956,2.92237,2.92237,284700000,284700000,https://www.sec.gov/Archives/edgar/data/1047122/000104712219000007/0001047122-19-000007-index.html,https://www.sec.gov/Archives/edgar/data/1047122/000104712219000007/rtn-12312018x10k.htm,1620597446,17:57:26,20210509
5,2018-09-30,RTN,USD,2018-10-25 00:00:00,2018-10-25 11:49:16,Q3,6806000000,4871000000,1935000000,0.28430796356156335,219000000,533000000.0,0.0,516000000.0,752000000,5623000000.0,45000000.0,143000000,1326000000,0.19482809285924185,1183000000,0.17381722009991185,-508000000.0,636000000,0.0934469585659712,-5000000.0,644000000,0.0946223920070526,2.25175,2.25175,286000000,286000000,https://www.sec.gov/Archives/edgar/data/1047122/000104712218000221/0001047122-18-000221-index.html,https://www.sec.gov/Archives/edgar/data/1047122/000104712218000221/rtn-09302018x10q.htm,1620597446,17:57:26,20210509
6,2018-07-01,RTN,USD,2018-07-26 00:00:00,2018-07-26 10:15:20,Q2,6625000000,4777000000,1848000000,0.2789433962264151,208000000,540000000.0,0.0,238000000.0,748000000,5525000000.0,46000000.0,139000000,1239000000,0.1870188679245283,1100000000,0.1660377358490566,-235000000.0,827000000,0.12483018867924528,39000000.0,800000000,0.12075471698113208,2.78164,2.78164,287600000,287600000,https://www.sec.gov/Archives/edgar/data/1047122/000104712218000201/0001047122-18-000201-index.html,https://www.sec.gov/Archives/edgar/data/1047122/000104712218000201/rtn-07012018x10q.htm,1620597446,17:57:26,20210509
7,2018-04-01,RTN,USD,2018-04-26 00:00:00,2018-04-26 10:11:46,Q1,6267000000,4532000000,1735000000,0.2768469762246689,166000000,528000000.0,0.0,239000000.0,694000000,5226000000.0,47000000.0,135000000,1176000000,0.18764959310674964,1041000000,0.16610818573480135,-244000000.0,757000000,0.12079144726344343,120000000.0,633000000,0.10100526567735758,2.19183,2.19183,288800000,288800000,https://www.sec.gov/Archives/edgar/data/1047122/000104712218000128/0001047122-18-000128-index.html,https://www.sec.gov/Archives/edgar/data/1047122/000104712218000128/rtn-04012018x10qq1.htm,1620597446,17:57:26,20210509
8,2017-12-31,RTN,USD,2018-02-14 00:00:00,2018-02-14 10:22:29,Q4,6783000000,4985000000,1798000000,0.26507445083296477,168000000,530000000.0,0.0,5171000000.0,698000000,5913000000.0,48000000.0,149000000,1249000000,0.18413681261978476,1100000000,0.16217013121037888,-225000000.0,834000000,0.12295444493586909,276000000.0,393000000,0.057938965059708095,1.35564,1.35564,289900000,289900000,https://www.sec.gov/Archives/edgar/data/1047122/000104712218000022/0001047122-18-000022-index.html,https://www.sec.gov/Archives/edgar/data/1047122/000104712218000022/rtn-12312017x10k.htm,1620597446,17:57:26,20210509
9,2017-10-01,RTN,USD,2017-10-26 00:00:00,2017-10-26 10:14:26,Q3,6284000000,4468000000,1816000000,0.28898790579248884,178000000,510000000.0,0.0,4690000000.0,688000000,5426000000.0,48000000.0,138000000,1266000000,0.20146403564608528,1128000000,0.17950350095480586,-268000000.0,816000000,0.12985359643539146,248000000.0,572000000,0.0910248249522597,1.96564,1.96564,291000000,291000000,https://www.sec.gov/Archives/edgar/data/1047122/000104712217000171/0001047122-17-000171-index.html,https://www.sec.gov/Archives/edgar/data/1047122/000104712217000171/rtn-10012017x10q.htm,1620597446,17:57:26,20210509
10,2017-07-02,RTN,USD,2017-07-27 00:00:00,2017-07-27 10:08:21,Q2,6281000000,4521000000,1760000000,0.28021015761821366,191000000,514000000.0,0.0,4685000000.0,705000000,5432000000.0,51000000.0,133000000,1188000000,0.18914185639229422,1055000000,0.16796688425409967,-241000000.0,768000000,0.12227352332431142,221000000.0,553000000,0.08804330520617736,1.88544,1.88544,293300000,293300000,https://www.sec.gov/Archives/edgar/data/1047122/000104712217000148/0001047122-17-000148-index.html,https://www.sec.gov/Archives/edgar/data/1047122/000104712217000148/rtn-07022017x10q.htm,1620597446,17:57:26,20210509
11,2017-04-02,RTN,USD,2017-04-27 00:00:00,2017-04-27 12:18:01,Q1,6000000000,4366000000,1634000000,0.2723333333333333,163000000,523000000.0,0.0,4530000000.0,686000000,5259000000.0,58000000.0,130000000,1078000000,0.17966666666666667,948000000,0.158,-200000000.0,695000000,0.11583333333333333,198000000.0,506000000,0.08433333333333333,1.72814,1.72814,292800000,292800000,https://www.sec.gov/Archives/edgar/data/1047122/000104712217000090/0001047122-17-000090-index.html,https://www.sec.gov/Archives/edgar/data/1047122/000104712217000090/rtn-04022017x10q.htm,1620597446,17:57:26,20210509
12,2016-12-31,RTN,USD,2017-02-15 00:00:00,2017-02-15 09:05:54,Q4,6279000000,4230000000,2049000000,0.3263258480649785,166000000,402000000.0,0.0,4655000000.0,568000000,5376000000.0,58000000.0,138000000,1619000000,0.2578436056696926,1481000000,0.23586558369167065,-602000000.0,825000000,0.13139034878165312,272000000.0,555000000,0.08838987099856666,1.88327,1.88327,294700000,294700000,https://www.sec.gov/Archives/edgar/data/1047122/000104712217000018/0001047122-17-000018-index.html,https://www.sec.gov/Archives/edgar/data/1047122/000104712217000018/rtn-12312016x10k.htm,1620597446,17:57:26,20210509
13,2016-10-02,RTN,USD,2016-10-27 00:00:00,2016-10-27 10:24:42,Q3,6014000000,4474000000,1540000000,0.2560691719321583,179000000,531000000.0,0.0,4512000000.0,710000000,5227000000.0,58000000.0,130000000,960000000,0.15962753574991687,830000000,0.13801130695044894,4000000.0,780000000,0.12969737279680746,239000000.0,544000000,0.09045560359161955,1.84095,1.84095,295500000,295500000,https://www.sec.gov/Archives/edgar/data/1047122/000104712216000329/0001047122-16-000329-index.html,https://www.sec.gov/Archives/edgar/data/1047122/000104712216000329/rtn-10022016x10q.htm,1620597446,17:57:26,20210509
14,2016-07-03,RTN,USD,2016-07-28 00:00:00,2016-07-28 10:09:11,Q2,6029000000,4362000000,1667000000,0.27649693149776083,181000000,514000000.0,0.0,4380000000.0,695000000,5075000000.0,58000000.0,123000000,1095000000,0.18162215956211644,972000000,0.16122076629623486,1000000.0,919000000,0.15242992204345662,205000000.0,717000000,0.11892519489135843,2.40927,2.40927,297600000,297600000,https://www.sec.gov/Archives/edgar/data/1047122/000104712216000311/0001047122-16-000311-index.html,https://www.sec.gov/Archives/edgar/data/1047122/000104712216000311/rtn-07032016x10q.htm,1620597446,17:57:26,20210509
15,2016-04-03,RTN,USD,2016-04-28 00:00:00,2016-04-28 10:11:40,Q1,5763000000,4400000000,1363000000,0.23650876279715427,199000000,552000000.0,0.0,4400000000.0,751000000,5151000000.0,58000000.0,124000000,736000000,0.12771126149574874,612000000,0.10619469026548672,2000000.0,560000000,0.09717161200763491,156000000.0,429000000,0.07444039562727746,1.43191,1.43191,299600000,299600000,https://www.sec.gov/Archives/edgar/data/1047122/000104712216000254/0001047122-16-000254-index.html,https://www.sec.gov/Archives/edgar/data/1047122/000104712216000254/rtn-04032016x10q.htm,1620597446,17:57:26,20210509
16,2015-12-31,RTN,USD,2016-02-10 00:00:00,2016-02-10 08:47:56,Q4,6402000000,4842000000,1560000000,0.2436738519212746,195000000,483000000.0,0.0,4808000000.0,678000000,5500000000.0,58000000.0,136000000,1018000000,0.1590128084973446,882000000,0.13776944704779756,2000000.0,828000000,0.12933458294283037,234000000.0,607000000,0.09481412058731646,2.0086,2.0086,302200000,302200000,https://www.sec.gov/Archives/edgar/data/1047122/000104712216000210/0001047122-16-000210-index.html,https://www.sec.gov/Archives/edgar/data/1047122/000104712216000210/rtn-1231201510k.htm,1620597446,17:57:26,20210509
17,2015-09-27,RTN,USD,2015-10-22 00:00:00,2015-10-22 10:05:13,Q3,5783000000,4408000000,1375000000,0.2377658654677503,183000000,495000000.0,0.0,4408000000.0,678000000,5086000000.0,58000000.0,130000000,827000000,0.14300536053951238,697000000,0.12052567871347052,-9000000.0,633000000,0.10945875842988069,189000000.0,447000000,0.07729552135569774,1.46895,1.46895,304300000,304300000,https://www.sec.gov/Archives/edgar/data/1047122/000104712215000196/0001047122-15-000196-index.html,https://www.sec.gov/Archives/edgar/data/1047122/000104712215000196/rtn-09272015x10q.htm,1620597446,17:57:26,20210509
18,2015-06-28,RTN,USD,2015-07-23 00:00:00,2015-07-23 10:05:51,Q2,5848000000,4525000000,1323000000,0.2262311901504788,186000000,489000000.0,0.0,4525000000.0,675000000,5200000000.0,59000000.0,116000000,764000000,0.13064295485636115,648000000,0.11080711354309165,1000000.0,592000000,0.1012311901504788,90000000.0,505000000,0.08635430916552668,1.65195,1.65195,305700000,305700000,https://www.sec.gov/Archives/edgar/data/1047122/000104712215000170/0001047122-15-000170-index.html,https://www.sec.gov/Archives/edgar/data/1047122/000104712215000170/rtn-06282015x10q.htm,1620597446,17:57:26,20210509
19,2015-03-29,RTN,USD,2015-04-23 00:00:00,2015-04-23 10:16:17,Q1,5288000000,3833000000,1455000000,0.2751512859304085,142000000,473000000.0,0.0,3833000000.0,615000000,4448000000.0,58000000.0,107000000,947000000,0.17908472012102875,840000000,0.1588502269288956,2000000.0,788000000,0.14901664145234494,234000000.0,551000000,0.1041981845688351,1.78548,1.78548,308600000,308600000,https://www.sec.gov/Archives/edgar/data/1047122/000104712215000091/0001047122-15-000091-index.html,https://www.sec.gov/Archives/edgar/data/1047122/000104712215000091/rtn-03292015x10q.htm,1620597446,17:57:26,20210509
20,2014-12-31,RTN,USD,2015-02-11,2015-02-11 08:33:29,Q4,6143000000,4662000000,1481000000,0.24108741657170762,144000000,468000000.0,0.0,4662000000.0,612000000,5274000000.0,55000000.0,112000000,981000000,0.15969396060556731,869000000,0.14146182646915187,2000000.0,818000000,0.13315969396060556,238000000.0,582000000,0.09474198274458734,1.87984,1.87984,309600000,309600000,https://www.sec.gov/Archives/edgar/data/1047122/000104712215000026/rtn-1231201410k.htm,https://www.sec.gov/Archives/edgar/data/1047122/000104712215000026/rtn-1231201410k.htm,1620597446,17:57:26,20210509
21,2014-09-28,RTN,USD,2014-10-23 00:00:00,2014-10-23 10:08:29,Q3,5474000000,4171000000,1303000000,0.2380343441724516,121000000,419000000.0,0.0,4171000000.0,540000000,4711000000.0,53000000.0,111000000,874000000,0.15966386554621848,763000000,0.13938618925831203,-1000000.0,712000000,0.1300694190719766,193000000.0,515000000,0.09408111070515163,1.65382,1.65382,311400000,311400000,https://www.sec.gov/Archives/edgar/data/1047122/000104712214000215/0001047122-14-000215-index.html,https://www.sec.gov/Archives/edgar/data/1047122/000104712214000215/rtn-09282014x10q.htm,1620597446,17:57:26,20210509
22,2014-06-29,RTN,USD,2014-07-24 00:00:00,2014-07-24 10:24:24,Q2,5701000000,4301000000,1400000000,0.2455709524644799,124000000,517000000.0,0.0,4301000000.0,641000000,4942000000.0,54000000.0,109000000,868000000,0.15225399052797756,759000000,0.1331345378003859,6000000.0,713000000,0.12506577793369583,212000000.0,551000000,0.09664971057709174,1.75758,1.75758,313500000,313500000,https://www.sec.gov/Archives/edgar/data/1047122/000104712214000183/0001047122-14-000183-index.html,https://www.sec.gov/Archives/edgar/data/1047122/000104712214000183/rtn-06292014x10q.htm,1620597446,17:57:26,20210509
23,2014-03-30,RTN,USD,2014-04-24 00:00:00,2014-04-24 10:14:59,Q1,5508000000,4161000000,1347000000,0.2445533769063181,111000000,448000000.0,0.0,4161000000.0,559000000,4720000000.0,51000000.0,107000000,895000000,0.16249092229484385,788000000,0.1430646332607117,0.0,740000000,0.13435003631082063,147000000.0,596000000,0.10820624546114742,1.88727,1.88727,315800000,315800000,https://www.sec.gov/Archives/edgar/data/1047122/000104712214000061/0001047122-14-000061-index.html,https://www.sec.gov/Archives/edgar/data/1047122/000104712214000061/rtn-3302014x10q.htm,1620597446,17:57:26,20210509
24,2013-12-31,RTN,USD,2014-02-11,2014-02-11 16:14:06,Q4,5870000000,4640000000,1230000000,0.20954003407155025,-35000000,1771000000.0,-1215000000.0,4640000000.0,521000000,5161000000.0,51000000.0,113000000,822000000,0.14003407155025555,709000000,0.12078364565587735,8000000.0,669000000,0.11396933560477002,200000000.0,531000000,0.09045996592844975,1.66093,1.66093,319700000,319700000,https://www.sec.gov/Archives/edgar/data/1047122/000104712214000013/rtn-1231201310k.htm,https://www.sec.gov/Archives/edgar/data/1047122/000104712214000013/rtn-1231201310k.htm,1620597446,17:57:26,20210509
25,2013-09-29,RTN,USD,2013-10-24 00:00:00,2013-10-24 10:36:26,Q3,5842000000,4534000000,1308000000,0.22389592605272168,164000000,0.0,387000000.0,4534000000.0,551000000,5085000000.0,53000000.0,111000000,868000000,0.1485792536802465,757000000,0.1295789113317357,5000000.0,712000000,0.1218760698390962,221000000.0,489000000,0.08370421088668265,1.51253,1.51253,323300000,323300000,https://www.sec.gov/Archives/edgar/data/1047122/000104712213000185/0001047122-13-000185-index.html,https://www.sec.gov/Archives/edgar/data/1047122/000104712213000185/rtn-09292013x10q.htm,1620597446,17:57:26,20210509
26,2013-06-30,RTN,USD,2013-07-25 00:00:00,2013-07-25 10:08:08,Q2,6115000000,4753000000,1362000000,0.22273098937040064,176000000,0.0,420000000.0,4753000000.0,596000000,5349000000.0,53000000.0,113000000,879000000,0.1437448896156991,766000000,0.12526573998364676,-3000000.0,713000000,0.11659852820932134,220000000.0,488000000,0.07980376124284547,1.49877,1.49877,325600000,325600000,https://www.sec.gov/Archives/edgar/data/1047122/000104712213000157/0001047122-13-000157-index.html,https://www.sec.gov/Archives/edgar/data/1047122/000104712213000157/rtn-06302013x10q.htm,1620597446,17:57:26,20210509
27,2013-03-31,RTN,USD,2013-04-25 00:00:00,2013-04-25 10:11:30,Q1,5879000000,4605000000,1274000000,0.216703521006974,160000000,0.0,408000000.0,4605000000.0,568000000,5173000000.0,53000000.0,108000000,814000000,0.13845892158530362,706000000,0.12008845041673755,7000000.0,663000000,0.112774281340364,167000000.0,488000000,0.08300731416907638,1.4869,1.4869,328200000,328200000,https://www.sec.gov/Archives/edgar/data/1047122/000104712213000058/0001047122-13-000058-index.html,https://www.sec.gov/Archives/edgar/data/1047122/000104712213000058/rtn-03312013x10q.htm,1620597446,17:57:26,20210509
28,2012-12-31,RTN,USD,2013-02-13 00:00:00,2013-02-13 08:05:12,Q4,6439000000,5092000000,1347000000,0.20919397421959932,161000000,0.0,431000000.0,5092000000.0,592000000,5684000000.0,52000000.0,114000000,869000000,0.13495884454107782,755000000,0.11725423202360614,-28000000.0,678000000,0.10529585339338407,210000000.0,469000000,0.07283739711135269,1.4182,1.4182,330700000,330700000,https://www.sec.gov/Archives/edgar/data/1047122/000104712213000015/0001047122-13-000015-index.html,https://www.sec.gov/Archives/edgar/data/1047122/000104712213000015/rtn-12312012x10k.htm,1620597446,17:57:26,20210509
29,2012-09-30,RTN,USD,2012-10-25 00:00:00,2012-10-25 15:22:38,Q3,6045000000,4689000000,1356000000,0.22431761786600496,181000000,0.0,389000000.0,4689000000.0,570000000,5259000000.0,49000000.0,113000000,899000000,0.14871794871794872,786000000,0.13002481389578163,5000000.0,745000000,0.12324234904880066,237000000.0,500000000,0.0827129859387924,1.5015,1.5015,333000000,333000000,https://www.sec.gov/Archives/edgar/data/1047122/000104712212000186/0001047122-12-000186-index.html,https://www.sec.gov/Archives/edgar/data/1047122/000104712212000186/rtn-09302012x10q.htm,1620597446,17:57:26,20210509
30,2012-07-01,RTN,USD,2012-07-26 00:00:00,2012-07-26 10:07:26,Q2,5992000000,4652000000,1340000000,0.22363150867823764,194000000,0.0,404000000.0,4652000000.0,598000000,5250000000.0,50000000.0,116000000,858000000,0.1431909212283044,742000000,0.12383177570093458,-3000000.0,690000000,0.11515353805073432,219000000.0,471000000,0.07860480640854473,1.40849,1.40849,334400000,334400000,https://www.sec.gov/Archives/edgar/data/1047122/000104712212000167/0001047122-12-000167-index.html,https://www.sec.gov/Archives/edgar/data/1047122/000104712212000167/rtn-07012012x10q.htm,1620597446,17:57:26,20210509
31,2012-04-01,RTN,USD,2012-04-26,2012-04-26 10:44:34,Q1,5938000000,4659000000,1279000000,0.21539238800943078,168000000,0.0,405000000.0,4659000000.0,573000000,5232000000.0,50000000.0,112000000,818000000,0.1377568204782755,706000000,0.11889525092623779,8000000.0,666000000,0.11215897608622431,212000000.0,448000000,0.07544627820815089,1.3227,1.3227,338700000,338700000,https://www.sec.gov/Archives/edgar/data/1047122/000104712212000064/rtn-04012012x10q.htm,https://www.sec.gov/Archives/edgar/data/1047122/000104712212000064/rtn-04012012x10q.htm,1620597446,17:57:26,20210509
32,2011-12-31,RTN,USD,2012-02-22 00:00:00,2012-02-22 16:37:34,Q4,6422000000,5018000000,1404000000,0.21862348178137653,171000000,-1000000.0,385000000.0,-14660000000.0,555000000,5581000000.0,45000000.0,113000000,962000000,0.14979757085020243,849000000,0.1322018062908751,3000000.0,809000000,0.12597321706633446,261000000.0,543000000,0.08455309872313921,1.57346,1.57346,345100000,345100000,https://www.sec.gov/Archives/edgar/data/1047122/000104712212000044/0001047122-12-000044-index.html,https://www.sec.gov/Archives/edgar/data/1047122/000104712212000044/rtn-12312011x10k.htm,1620597446,17:57:26,20210509
33,2011-10-02,RTN,USD,2011-10-27 00:00:00,2011-10-27 11:04:52,Q3,6116000000,4815000000,1301000000,0.21272073250490517,153000000,-2000000.0,428000000.0,4826000000.0,579000000,5407000000.0,41000000.0,116000000,838000000,0.13701765860039242,722000000,0.11805101373446697,-14000000.0,672000000,0.10987573577501634,165000000.0,501000000,0.08191628515369523,1.42573,1.42573,351400000,351400000,https://www.sec.gov/Archives/edgar/data/1047122/000104712211000144/0001047122-11-000144-index.html,https://www.sec.gov/Archives/edgar/data/1047122/000104712211000144/rtn-9302011x10q.htm,1620597446,17:57:26,20210509
34,2011-07-03,RTN,USD,2011-07-28 00:00:00,2011-07-28 11:35:18,Q2,6201000000,4933000000,1268000000,0.2044831478793743,162000000,-1000000.0,437000000.0,4942000000.0,598000000,5541000000.0,43000000.0,109000000,779000000,0.12562489920980488,670000000,0.10804708917916465,-1000000.0,629000000,0.1014352523786486,192000000.0,438000000,0.0706337687469763,1.22655,1.22655,357100000,357100000,https://www.sec.gov/Archives/edgar/data/1047122/000119312511200221/0001193125-11-200221-index.html,https://www.sec.gov/Archives/edgar/data/1047122/000119312511200221/d10q.htm,1620597446,17:57:26,20210509
35,2011-04-03,RTN,USD,2011-04-28 00:00:00,2011-04-28 12:20:45,Q1,6052000000,4898000000,1154000000,0.19068076668869796,139000000,-2000000.0,428000000.0,4904000000.0,565000000,5471000000.0,43000000.0,106000000,695000000,0.11483807005948447,589000000,0.09732319894249834,0.0,550000000,0.0908790482485129,164000000.0,384000000,0.06345009914077991,1.0643,1.0643,360800000,360800000,https://www.sec.gov/Archives/edgar/data/1047122/000119312511114019/0001193125-11-114019-index.html,https://www.sec.gov/Archives/edgar/data/1047122/000119312511114019/d10q.htm,1620597446,17:57:26,20210509
36,2010-12-31,RTN,USD,2011-02-23,2011-02-23 09:09:43,Q4,6885000000,5506000000,1379000000,0.20029048656499637,143000000,0.0,432000000.0,5506000000.0,575000000,22576000000.0,126000000.0,103000000,907000000,0.13173565722585331,804000000,0.11677559912854031,-67000000.0,715000000,0.10384894698620188,201000000.0,459000000,0.06666666666666667,1.2541,1.2541,366000000,366000000,https://www.sec.gov/Archives/edgar/data/1047122/000119312511043015/d10k.htm,https://www.sec.gov/Archives/edgar/data/1047122/000119312511043015/d10k.htm,1620597446,17:57:26,20210509
37,2010-10-26,RTN,USD,2010-10-28 00:00:00,2010-10-28 10:37:41,Q3,6272000000,4975000000,1297000000,0.2067920918367347,154000000,-1216000000.0,394000000.0,4975000000.0,5523000000,10498000000.0,-65000000.0,-206000000,543000000,0.08657525510204081,749000000,0.11941964285714286,63000000.0,726000000,0.11575255102040816,-311000000.0,737000000,0.1175063775510204,-1.73,-1.7,374500000,374500000,https://www.sec.gov/Archives/edgar/data/1047122/000119312510239131/0001193125-10-239131-index.html,https://www.sec.gov/Archives/edgar/data/1047122/000119312510239131/d10q.htm,1620597446,17:57:26,20210509
38,2010-09-26,RTN,USD,2010-10-28 00:00:00,2010-10-28 10:37:41,Q3,6272000000,4975000000,1297000000,0.2067920918367347,154000000,394000000.0,0.0,0.0,548000000,0.0,0.0,105000000,854000000,0.13616071428571427,749000000,0.11941964285714286,7000000.0,726000000,0.11575255102040816,77000000.0,728000000,0.11607142857142858,1.94393,1.94393,374500000,374500000,https://www.sec.gov/Archives/edgar/data/1047122/000119312510239131/0001193125-10-239131-index.html,https://www.sec.gov/Archives/edgar/data/1047122/000119312510239131/d10q.htm,1620597446,17:57:26,20210509
39,2010-06-27,RTN,USD,2010-07-29 00:00:00,2010-07-29 12:11:07,Q2,5973000000,5038000000,935000000,0.15653775322283608,176000000,0.0,414000000.0,5038000000.0,590000000,5628000000.0,33000000.0,103000000,448000000,0.07500418550142307,345000000,0.057759919638372674,-6000000.0,310000000,0.051900217646074,91000000.0,208000000,0.034823371839946424,0.54294,0.54294,383100000,383100000,https://www.sec.gov/Archives/edgar/data/1047122/000119312510170267/0001193125-10-170267-index.html,https://www.sec.gov/Archives/edgar/data/1047122/000119312510170267/d10q.htm,1620597446,17:57:26,20210509
40,2010-03-28,RTN,USD,2010-04-22 00:00:00,2010-04-22 10:38:03,Q1,6053000000,4784000000,1269000000,0.2096481083760119,152000000,0.0,408000000.0,4784000000.0,560000000,5344000000.0,32000000.0,103000000,812000000,0.1341483561870147,709000000,0.11713200066082934,1000000.0,681000000,0.11250619527507022,220000000.0,445000000,0.073517264166529,1.15765,1.15765,384400000,384400000,https://www.sec.gov/Archives/edgar/data/1047122/000119312510089671/0001193125-10-089671-index.html,https://www.sec.gov/Archives/edgar/data/1047122/000119312510089671/d10q.htm,1620597446,17:57:26,20210509
41,2009-12-31,RTN,USD,2010-02-24 00:00:00,2010-02-24 10:09:09,Q4,6667000000,5317000000,1350000000,0.2024898755062247,158000000,0.0,392000000.0,5317000000.0,550000000,11184000000.0,-28000000.0,107000000,907000000,0.136043197840108,800000000,0.119994000299985,-21000000.0,754000000,0.11309434528273586,237000000.0,504000000,0.07559622018899055,1.29763,1.29763,388400000,388400000,https://www.sec.gov/Archives/edgar/data/1047122/000119312510038391/0001193125-10-038391-index.html,https://www.sec.gov/Archives/edgar/data/1047122/000119312510038391/d10k.htm,1620597446,17:57:26,20210509
42,2009-09-27,RTN,USD,2009-10-22 00:00:00,2009-10-22 17:23:10,Q3,6205000000,4894000000,1311000000,0.2112812248186946,145000000,0.0,401000000.0,4894000000.0,546000000,10334000000.0,-32000000.0,101000000,866000000,0.13956486704270749,765000000,0.1232876712328767,10000000.0,747000000,0.12038678485092667,248000000.0,490000000,0.0789685737308622,1.24555,1.24555,393400000,393400000,https://www.sec.gov/Archives/edgar/data/1047122/000119312509212087/0001193125-09-212087-index.html,https://www.sec.gov/Archives/edgar/data/1047122/000119312509212087/d10q.htm,1620597446,17:57:26,20210509
43,2009-06-28,RTN,USD,2009-07-23 00:00:00,2009-07-23 11:48:03,Q2,6125000000,4839000000,1286000000,0.20995918367346939,151000000,-364000000.0,734000000.0,9536000000.0,521000000,20068000000.0,-63000000.0,97000000,862000000,0.14073469387755103,765000000,0.12489795918367347,13000000.0,750000000,0.12244897959183673,246000000.0,489000000,0.07983673469387755,1.23081,1.23081,397300000,397300000,https://www.sec.gov/Archives/edgar/data/1047122/000119312509153752/0001193125-09-153752-index.html,https://www.sec.gov/Archives/edgar/data/1047122/000119312509153752/d10q.htm,1620597446,17:57:26,20210509
44,2009-03-29,RTN,USD,2009-04-23 00:00:00,2009-04-23 11:01:56,Q1,5884000000,4697000000,1187000000,0.20173351461590755,111000000,0.0,364000000.0,4697000000.0,475000000,9869000000.0,-32000000.0,97000000,809000000,0.13749150237933377,712000000,0.12100611828687967,-5000000.0,679000000,0.1153976886471788,222000000.0,452000000,0.07681849082256968,1.11881,1.11881,404000000,404000000,https://www.sec.gov/Archives/edgar/data/1047122/000119312509085370/0001193125-09-085370-index.html,https://www.sec.gov/Archives/edgar/data/1047122/000119312509085370/d10q.htm,1620597446,17:57:26,20210509
45,2008-12-31,RTN,USD,2009-02-25 00:00:00,2009-02-25 11:08:04,Q4,6086000000,4903000000,1183000000,0.1943805455142951,138000000,0.0,392000000.0,4910000000.0,530000000,10350000000.0,-32000000.0,102000000,755000000,0.12405520867564904,653000000,0.10729543213933618,-12000000.0,617000000,0.10138021689122577,189000000.0,421000000,0.06917515609595794,1.01105,1.01105,416400000,416400000,https://www.sec.gov/Archives/edgar/data/1047122/000119312509037012/0001193125-09-037012-index.html,https://www.sec.gov/Archives/edgar/data/1047122/000119312509037012/d10k.htm,1620597446,17:57:26,20210509
46,2008-09-28,RTN,USD,2008-10-23 00:00:00,2008-10-23 12:25:03,Q3,5864000000,4664000000,1200000000,0.20463847203274216,130000000,0.0,380000000.0,4674000000.0,510000000,9858000000.0,-29000000.0,99000000,789000000,0.13454979536152797,690000000,0.11766712141882674,-18000000.0,659000000,0.1123806275579809,222000000.0,427000000,0.07281718963165075,1.00494,1.00494,424900000,424900000,https://www.sec.gov/Archives/edgar/data/1047122/000119312508215003/0001193125-08-215003-index.html,https://www.sec.gov/Archives/edgar/data/1047122/000119312508215003/d10q.htm,1620597446,17:57:26,20210509
47,2008-06-29,RTN,USD,2008-07-24 00:00:00,2008-07-24 10:02:38,Q2,5870000000,4664000000,1206000000,0.20545144804088586,142000000,0.0,396000000.0,4670000000.0,538000000,9878000000.0,-34000000.0,97000000,765000000,0.1303236797274276,668000000,0.11379897785349233,2000000.0,653000000,0.11124361158432709,221000000.0,426000000,0.07257240204429302,0.9907,0.9907,430000000,430000000,https://www.sec.gov/Archives/edgar/data/1047122/000119312508156934/0001193125-08-156934-index.html,https://www.sec.gov/Archives/edgar/data/1047122/000119312508156934/d10q.htm,1620597446,17:57:26,20210509
48,2008-03-30,RTN,USD,2008-04-24 00:00:00,2008-04-24 10:35:17,Q1,5354000000,4258000000,1096000000,0.20470676129996265,107000000,0.0,380000000.0,4259000000.0,487000000,9005000000.0,-34000000.0,92000000,701000000,0.13093014568546882,609000000,0.11374673141576391,-5000000.0,593000000,0.11075831154277176,192000000.0,398000000,0.07433694434067986,0.91557,0.91557,434700000,434700000,https://www.sec.gov/Archives/edgar/data/1047122/000119312508088859/0001193125-08-088859-index.html,https://www.sec.gov/Archives/edgar/data/1047122/000119312508088859/d10q.htm,1620597446,17:57:26,20210509
49,2007-12-31,RTN,USD,2008-02-27,2008-02-27 13:39:54,Q4,6000000000,4837000000,1163000000,0.19383333333333333,125000000,125000000.0,267000000.0,4454000000.0,517000000,9300000000.0,-41000000.0,97000000,743000000,0.12383333333333334,646000000,0.10766666666666666,-2000000.0,639000000,0.1065,5000000.0,598000000,0.09966666666666667,1.36905,1.36905,436800000,436800000,https://www.sec.gov/Archives/edgar/data/1047122/000119312508039853/d10k.htm,https://www.sec.gov/Archives/edgar/data/1047122/000119312508039853/d10k.htm,1620597446,17:57:26,20210509
50,2007-09-23,RTN,USD,2007-10-25 00:00:00,2007-10-25 12:36:03,Q3,5219000000,4150000000,1069000000,0.20482851120904388,142000000,-105000000.0,460000000.0,4276000000.0,497000000,9154000000.0,-41000000.0,95000000,667000000,0.1278022609695344,572000000,0.10959954014178962,-9000000.0,564000000,0.10806667944050584,184000000.0,299000000,0.057290668710480934,0.67494,0.67494,443000000,443000000,https://www.sec.gov/Archives/edgar/data/1047122/000119312507225579/0001193125-07-225579-index.html,https://www.sec.gov/Archives/edgar/data/1047122/000119312507225579/d10q.htm,1620597446,17:57:26,20210509
51,2007-06-24,RTN,USD,2007-07-26 00:00:00,2007-07-26 11:47:51,Q2,5278000000,4194000000,1084000000,0.20538082607048125,138000000,-10000000.0,367000000.0,4326000000.0,495000000,9157000000.0,-54000000.0,94000000,683000000,0.12940507768093976,589000000,0.11159530125047366,-56000000.0,536000000,0.10155361879499811,181000000.0,1335000000,0.2529367184539598,2.9746,2.9746,448800000,448800000,https://www.sec.gov/Archives/edgar/data/1047122/000119312507162623/0001193125-07-162623-index.html,https://www.sec.gov/Archives/edgar/data/1047122/000119312507162623/d10q.htm,1620597446,17:57:26,20210509
52,2007-03-25,RTN,USD,2007-04-25 00:00:00,2007-04-25 10:59:04,Q1,4804000000,3856000000,948000000,0.19733555370524564,97000000,-10000000.0,340000000.0,3981000000.0,427000000,8399000000.0,-60000000.0,86000000,607000000,0.12635303913405496,521000000,0.10845129059117402,-3000000.0,486000000,0.10116569525395504,162000000.0,346000000,0.0720233139050791,0.76295,0.76295,453500000,453500000,https://www.sec.gov/Archives/edgar/data/1047122/000119312507089721/0001193125-07-089721-index.html,https://www.sec.gov/Archives/edgar/data/1047122/000119312507089721/d10q.htm,1620597446,17:57:26,20210509
53,2006-12-31,RTN,USD,2007-02-22,2007-02-22 17:18:16,Q4,5561000000,4525000000,1036000000,0.18629742852005035,122000000,63000000.0,298000000.0,3036000000.0,483000000,6434000000.0,-72000000.0,86000000,639000000,0.11490739075705808,553000000,0.09944254630462147,2000000.0,513000000,0.09224959539651142,169000000.0,365000000,0.06563567703650422,0.80699,0.80699,452300000,452300000,https://www.sec.gov/Archives/edgar/data/1047122/000119312507037249/d10k.htm,https://www.sec.gov/Archives/edgar/data/1047122/000119312507037249/d10k.htm,1620597446,17:57:26,20210509
54,2006-09-24,RTN,USD,2006-10-26,2006-10-26 12:54:57,Q3,4513000000,3613000000,900000000,0.19942388654996676,106000000,-76000000.0,373000000.0,4656000000.0,403000000,9812000000.0,-64000000.0,91000000,588000000,0.13029027254597828,497000000,0.11012630179481497,3000000.0,448000000,0.09926877908265012,153000000.0,321000000,0.07112785286948814,0.70752,0.70752,453700000,453700000,https://www.sec.gov/Archives/edgar/data/1047122/000119312506215624/d10q.htm,https://www.sec.gov/Archives/edgar/data/1047122/000119312506215624/d10q.htm,1620597446,17:57:26,20210509
55,2006-06-25,RTN,USD,2006-07-27,2006-07-27 14:06:54,Q2,4973000000,4032000000,941000000,0.18922179770762115,135000000,-45000000.0,390000000.0,4655000000.0,480000000,9854000000.0,-69000000.0,96000000,557000000,0.11200482606072792,461000000,0.09270058314900463,13000000.0,419000000,0.08425497687512568,143000000.0,310000000,0.062336617735773175,0.68751,0.68751,450900000,450900000,https://www.sec.gov/Archives/edgar/data/1047122/000119312506154741/d10q.htm,https://www.sec.gov/Archives/edgar/data/1047122/000119312506154741/d10q.htm,1620597446,17:57:26,20210509
56,2006-03-26,RTN,USD,2006-04-27,2006-04-27 15:04:58,Q1,4660000000,3807000000,853000000,0.1830472103004292,101000000,-42000000.0,361000000.0,4218000000.0,420000000,8916000000.0,-68000000.0,88000000,521000000,0.11180257510729613,433000000,0.09291845493562231,26000000.0,411000000,0.08819742489270387,139000000.0,287000000,0.06158798283261802,0.63948,0.63948,448800000,448800000,https://www.sec.gov/Archives/edgar/data/1047122/000119312506090884/d10q.htm,https://www.sec.gov/Archives/edgar/data/1047122/000119312506090884/d10q.htm,1620597446,17:57:26,20210509
57,2005-12-31,RTN,USD,2006-03-02,2006-03-01 19:01:06,Q4,5124000000,4239000000,885000000,0.17271662763466042,126000000,-57000000.0,421000000.0,-13066000000.0,490000000,-9042000000.0,-75000000.0,21000000,416000000,0.08118657298985169,395000000,0.07708821233411398,25000000.0,356000000,0.06947697111631537,125000000.0,276000000,0.053864168618266976,0.6147,0.6147,449000000,449000000,https://www.sec.gov/Archives/edgar/data/1047122/000119312506042984/d10k.htm,https://www.sec.gov/Archives/edgar/data/1047122/000119312506042984/d10k.htm,1620597446,17:57:26,20210509
58,2005-09-25,RTN,USD,2005-10-27,2005-10-27 16:20:49,Q3,4690000000,3913000000,777000000,0.16567164179104477,105000000,-46000000.0,348000000.0,4445000000.0,407000000,9362000000.0,-79000000.0,109000000,479000000,0.10213219616204691,370000000,0.07889125799573561,4000000.0,306000000,0.06524520255863539,107000000.0,228000000,0.04861407249466951,0.50431,0.50431,452100000,452100000,https://www.sec.gov/Archives/edgar/data/1047122/000119312505209989/d10q.htm,https://www.sec.gov/Archives/edgar/data/1047122/000119312505209989/d10q.htm,1620597446,17:57:26,20210509
59,2005-06-26,RTN,USD,2005-07-28,2005-07-28 11:03:23,Q2,4722000000,3906000000,816000000,0.17280813214739518,116000000,-36000000.0,356000000.0,4490000000.0,436000000,9472000000.0,-82000000.0,110000000,490000000,0.10376958915713681,380000000,0.08047437526471835,0.0,307000000,0.06501482422702244,107000000.0,201000000,0.042566709021601014,0.44166,0.44166,455100000,455100000,https://www.sec.gov/Archives/edgar/data/1047122/000119312505150910/d10q.htm,https://www.sec.gov/Archives/edgar/data/1047122/000119312505150910/d10q.htm,1620597446,17:57:26,20210509
60,2005-03-27,RTN,USD,2005-04-29,2005-04-28 18:29:51,Q1,4502000000,3748000000,754000000,0.16748111950244335,84000000,-46000000.0,349000000.0,4118000000.0,387000000,8685000000.0,-76000000.0,108000000,475000000,0.10550866281652599,367000000,0.08151932474455797,-17000000.0,284000000,0.06308307418924922,96000000.0,166000000,0.0368725011106175,0.36356,0.36356,456600000,456600000,https://www.sec.gov/Archives/edgar/data/1047122/000119312505088933/d10q.htm,https://www.sec.gov/Archives/edgar/data/1047122/000119312505088933/d10q.htm,1620597446,17:57:26,20210509
61,2004-12-31,RTN,USD,2005-03-15 00:00:00,2005-03-15 13:18:31,Q4,5704000000,4739000000,965000000,0.169179523141655,126000000,-12000000.0,411000000.0,4727000000.0,525000000,9991000000.0,-92000000.0,28000000,468000000,0.0820476858345021,440000000,0.07713884992987377,-68000000.0,292000000,0.05119214586255259,46000000.0,245000000,0.0429523141654979,0.53681,0.53681,456400000,456400000,https://www.sec.gov/Archives/edgar/data/1047122/000119312505050699/0001193125-05-050699-index.html,https://www.sec.gov/Archives/edgar/data/1047122/000119312505050699/d10k.htm,1620597446,17:57:26,20210509
62,2004-09-26,RTN,USD,2004-10-28 00:00:00,2004-10-28 13:05:17,Q3,4936000000,4129000000,807000000,0.16349270664505672,123000000,-12000000.0,339000000.0,4117000000.0,450000000,8696000000.0,-100000000.0,112000000,469000000,0.09501620745542949,357000000,0.0723257698541329,-5000000.0,263000000,0.05328200972447326,77000000.0,152000000,0.03079416531604538,0.33517,0.33517,453500000,453500000,https://www.sec.gov/Archives/edgar/data/1047122/000119312504180330/0001193125-04-180330-index.html,https://www.sec.gov/Archives/edgar/data/1047122/000119312504180330/d10q.htm,1620597446,17:57:26,20210509
63,2004-06-27,RTN,USD,2004-07-29 00:00:00,2004-07-29 11:22:59,Q2,4929000000,4117000000,812000000,0.16473929803205517,127000000,-12000000.0,357000000.0,4105000000.0,472000000,8694000000.0,-109000000.0,108000000,448000000,0.09089064719009941,340000000,0.06897950902820045,-363000000.0,-122000000,-0.02475147088658957,-28000000.0,-108000000,-0.021911138161898967,-0.2485,-0.2485,434600000,434600000,https://www.sec.gov/Archives/edgar/data/1047122/000119312504126930/0001193125-04-126930-index.html,https://www.sec.gov/Archives/edgar/data/1047122/000119312504126930/d10q.htm,1620597446,17:57:26,20210509
64,2004-03-28,RTN,USD,2004-04-29 00:00:00,2004-04-29 10:05:43,Q1,4676000000,3996000000,680000000,0.1454234388366125,115000000,-12000000.0,326000000.0,3984000000.0,429000000,8409000000.0,-117000000.0,101000000,352000000,0.07527801539777587,251000000,0.05367835757057314,-6000000.0,146000000,0.03122326775021386,45000000.0,128000000,0.02737382378100941,0.30382,0.30382,421300000,421300000,https://www.sec.gov/Archives/edgar/data/1047122/000119312504073219/0001193125-04-073219-index.html,https://www.sec.gov/Archives/edgar/data/1047122/000119312504073219/d10q.htm,1620597446,17:57:26,20210509
65,2003-12-31,RTN,USD,2004-03-15 00:00:00,2004-03-15 14:53:06,Q4,5101000000,4232000000,869000000,0.17035875318564989,121000000,0.0,354000000.0,4174000000.0,405000000,8823000000.0,-122000000.0,114000000,578000000,0.11331111546755539,464000000,0.09096255636149775,-57000000.0,307000000,0.0601842775926289,90000000.0,205000000,0.04018819839247206,0.48961,0.48961,418700000,418700000,https://www.sec.gov/Archives/edgar/data/1047122/000119312504042073/0001193125-04-042073-index.html,https://www.sec.gov/Archives/edgar/data/1047122/000119312504042073/d10k.htm,1620597446,17:57:26,20210509
66,2003-09-28,RTN,USD,2003-11-12 00:00:00,2003-11-12 13:12:35,Q3,4378000000,3776000000,602000000,0.13750571037003198,129000000,0.0,305000000.0,3776000000.0,434000000,7986000000.0,-137000000.0,98000000,266000000,0.060758337140246685,168000000,0.03837368661489265,0.0,29000000,0.006624029237094564,8000000.0,-35000000,-0.007994518044769302,-0.08377,-0.08377,417800000,417800000,https://www.sec.gov/Archives/edgar/data/1047122/000119312503078092/0001193125-03-078092-index.html,https://www.sec.gov/Archives/edgar/data/1047122/000119312503078092/d10q.htm,1620597446,17:57:26,20210509
67,2003-06-29,RTN,USD,2003-08-04 00:00:00,2003-08-01 18:53:32,Q2,4429000000,3541000000,888000000,0.2004967261232784,131000000,0.0,345000000.0,3570000000.0,517000000,7616000000.0,-135000000.0,92000000,463000000,0.10453827048995258,371000000,0.08376608715285618,0.0,267000000,0.06028448859787763,81000000.0,100000000,0.022578460149017838,0.24102,0.24102,414900000,414900000,https://www.sec.gov/Archives/edgar/data/1047122/000119312503028018/0001193125-03-028018-index.html,https://www.sec.gov/Archives/edgar/data/1047122/000119312503028018/d10q.htm,1620597446,17:57:26,20210509
68,2003-03-30,RTN,USD,2003-05-01 00:00:00,2003-05-01 11:18:48,Q1,4201000000,3451000000,750000000,0.178528921685313,106000000,0.0,302000000.0,3480000000.0,437000000,7368000000.0,-143000000.0,89000000,402000000,0.09569150202332778,313000000,0.0745060699833373,-10000000.0,159000000,0.037848131397286364,48000000.0,95000000,0.022613663413472984,0.23109,0.23109,411100000,411100000,https://www.sec.gov/Archives/edgar/data/1047122/000092701603002272/0000927016-03-002272-index.html,https://www.sec.gov/Archives/edgar/data/1047122/000092701603002272/d10q.htm,1620597446,17:57:26,20210509
69,2002-12-31,RTN,USD,2003-03-24 00:00:00,2003-03-24 11:48:47,Q4,4662000000,3751000000,911000000,0.1954096954096954,112000000,0.0,307000000.0,3751000000.0,565000000,7921000000.0,-109000000.0,97000000,443000000,0.09502359502359502,346000000,0.07421707421707421,-28000000.0,212000000,0.045474045474045474,57000000.0,-68000000,-0.014586014586014585,-0.16618,-0.16618,409200000,409200000,https://www.sec.gov/Archives/edgar/data/1047122/000092701603001276/0000927016-03-001276-index.html,https://www.sec.gov/Archives/edgar/data/1047122/000092701603001276/d10k.htm,1620597446,17:57:26,20210509
70,2002-09-29,RTN,USD,2002-11-06 00:00:00,2002-11-06 13:49:00,Q3,4092000000,3240000000,852000000,0.20821114369501467,112000000,285000000.0,0.0,0.0,397000000,0.0,0.0,92000000,547000000,0.1336754643206256,455000000,0.11119257086999022,-7000000.0,329000000,0.08040078201368524,101000000.0,147000000,0.03592375366568915,0.35968,0.35968,408700000,408700000,https://www.sec.gov/Archives/edgar/data/1047122/000092701602005278/0000927016-02-005278-index.html,https://www.sec.gov/Archives/edgar/data/1047122/000092701602005278/d10q.htm,1620597446,17:57:26,20210509
71,2002-06-30,RTN,USD,2002-08-14 00:00:00,2002-08-14 10:20:37,Q2,4095000000,3207000000,888000000,0.21684981684981686,121000000,313000000.0,0.0,0.0,434000000,0.0,0.0,87000000,541000000,0.13211233211233211,454000000,0.11086691086691086,-3000000.0,320000000,0.07814407814407814,97000000.0,-136000000,-0.03321123321123321,-0.32938,-0.32938,412900000,412900000,https://www.sec.gov/Archives/edgar/data/1047122/000092701602004090/0000927016-02-004090-index.html,https://www.sec.gov/Archives/edgar/data/1047122/000092701602004090/d10q.txt,1620597446,17:57:26,20210509
72,2002-03-31,RTN,USD,2002-04-24 00:00:00,2002-04-24 00:00:00,Q1,3911000000,3160000000,751000000,0.19202250063922272,104000000,294000000.0,0.0,0.0,398000000,0.0,0.0,88000000,441000000,0.11275888519560215,353000000,0.09025824597289696,-8000000.0,213000000,0.05446177448222961,64000000.0,-583000000,-0.14906673485042188,-1.43986,-1.43986,404900000,404900000,https://www.sec.gov/Archives/edgar/data/1047122/000092701602002251/0000927016-02-002251-index.html,https://www.sec.gov/Archives/edgar/data/1047122/000092701602002251/d10q.txt,1620597446,17:57:26,20210509
73,2001-12-31,RTN,USD,2002-03-19 00:00:00,2002-03-19 00:00:00,Q4,4393000000,3502000000,891000000,0.2028226724334168,106000000,278000000.0,0.0,0.0,464000000,0.0,0.0,174000000,601000000,0.13680855907124972,427000000,0.09720009105394946,-10000000.0,271000000,0.06168905076257682,203000000.0,-158000000,-0.03596631003869793,-0.41232,-0.41232,383200000,383200000,https://www.sec.gov/Archives/edgar/data/1047122/000092701602001497/0000927016-02-001497-index.html,https://www.sec.gov/Archives/edgar/data/1047122/000092701602001497/d10k.txt,1620597446,17:57:26,20210509
74,2001-09-30,RTN,USD,2001-11-14 00:00:00,2001-11-14 00:00:00,Q3,3755000000,2897000000,858000000,0.2284953395472703,105000000,287000000.0,0.0,0.0,1222000000,0.0,0.0,170000000,-194000000,-0.05166444740346205,-364000000,-0.09693741677762982,-8000000.0,-547000000,-0.14567243675099867,-267000000.0,-285000000,-0.0758988015978695,-0.79299,-0.79299,359400000,359400000,https://www.sec.gov/Archives/edgar/data/1047122/000092701601503748/0000927016-01-503748-index.html,https://www.sec.gov/Archives/edgar/data/1047122/000092701601503748/d10q.txt,1620597446,17:57:26,20210509
75,2001-07-01,RTN,USD,2001-08-15 00:00:00,2001-08-15 00:00:00,Q2,4097000000,3199000000,898000000,0.21918476934342201,123000000,296000000.0,0.0,0.0,503000000,0.0,0.0,169000000,564000000,0.13766170368562364,395000000,0.09641200878691726,-8000000.0,242000000,0.05906761044666829,106000000.0,-188000000,-0.04588723456187454,-0.53062,-0.53062,354300000,354300000,https://www.sec.gov/Archives/edgar/data/1047122/000092701601502530/0000927016-01-502530-index.html,https://www.sec.gov/Archives/edgar/data/1047122/000092701601502530/d10q.txt,1620597446,17:57:26,20210509
76,2001-04-01,RTN,USD,2001-04-26 00:00:00,2001-04-26 00:00:00,Q1,3772000000,2987000000,785000000,0.20811240721102864,122000000,270000000.0,0.0,0.0,477000000,0.0,0.0,164000000,472000000,0.12513255567338283,308000000,0.0816542948038176,-3000000.0,158000000,0.04188759278897137,64000000.0,-124000000,-0.032873806998939555,-0.35932,-0.35932,345100000,345100000,https://www.sec.gov/Archives/edgar/data/1047122/000092701601500385/0000927016-01-500385-index.html,https://www.sec.gov/Archives/edgar/data/1047122/000092701601500385/d10q.txt,1620597446,17:57:26,20210509
77,2000-12-31,RTN,USD,2000-12-31,2000-12-31,Q4,4380000000,3443000000,937000000,0.2139269406392694,131000000,298000000.0,0.0,0.0,429000000,0.0,0.0,118000000,626000000,0.14292237442922373,508000000,0.11598173515981736,1000000.0,331000000,0.07557077625570777,141000000.0,168000000,0.038356164383561646,0.48823,0.48823,344100000,344100000,,,1620597446,17:57:26,20210509
78,2000-10-01,RTN,USD,2000-11-15 00:00:00,2000-11-15 00:00:00,Q3,4160000000,3317000000,843000000,0.20264423076923077,122000000,288000000.0,0.0,0.0,410000000,0.0,0.0,183000000,616000000,0.14807692307692308,433000000,0.10408653846153847,-4000000.0,236000000,0.05673076923076923,103000000.0,105000000,0.025240384615384616,0.30738,0.30738,341600000,341600000,https://www.sec.gov/Archives/edgar/data/1047122/000104712200000018/0001047122-00-000018-index.html,https://www.sec.gov/Archives/edgar/data/1047122/000104712200000018/0001047122-00-000018-0001.txt,1620597446,17:57:26,20210509
79,2000-07-02,RTN,USD,2000-08-16 00:00:00,2000-08-16 00:00:00,Q2,4124000000,3289000000,835000000,0.2024733268671193,150000000,317000000.0,0.0,0.0,467000000,0.0,0.0,170000000,538000000,0.13045586808923376,368000000,0.0892337536372454,-14000000.0,169000000,0.040979631425800196,74000000.0,49000000,0.011881668283220174,0.14412,0.14412,340000000,340000000,https://www.sec.gov/Archives/edgar/data/1047122/000104712200000013/0001047122-00-000013-index.html,https://www.sec.gov/Archives/edgar/data/1047122/000104712200000013/0001047122-00-000013-0001.txt,1620597446,17:57:26,20210509
80,2000-04-02,RTN,USD,2000-05-17 00:00:00,2000-05-17 00:00:00,Q1,4231000000,3481000000,750000000,0.1772630583786339,123000000,311000000.0,0.0,0.0,434000000,0.0,0.0,171000000,487000000,0.11510281257385961,316000000,0.07468683526353108,5000000.0,141000000,0.033325454975183175,61000000.0,-181000000,-0.04277948475537698,-0.5344,-0.5344,338700000,338700000,https://www.sec.gov/Archives/edgar/data/1047122/000104712200000011/0001047122-00-000011-index.html,https://www.sec.gov/Archives/edgar/data/1047122/0001047122-00-000011.txt,1620597446,17:57:26,20210509
81,1999-12-31,RTN,USD,2000-03-28 00:00:00,2000-03-28 00:00:00,Q4,4178000000,3326000000,852000000,0.20392532312111059,147000000,387000000.0,0.0,0.0,534000000,0.0,0.0,195000000,513000000,0.12278602202010531,318000000,0.07611297271421733,21000000.0,162000000,0.038774533269506944,88000000.0,72000000,0.01723312589755864,0.21102,0.21102,341200000,341200000,https://www.sec.gov/Archives/edgar/data/1047122/000104712200000007/0001047122-00-000007-index.html,https://www.sec.gov/Archives/edgar/data/1047122/0001047122-00-000007.txt,1620597446,17:57:26,20210509
82,1999-10-03,RTN,USD,1999-11-17 00:00:00,1999-11-17 00:00:00,Q3,4122000000,3577000000,545000000,0.13221737020863658,115000000,361000000.0,0.0,0.0,476000000,0.0,0.0,171000000,240000000,0.05822416302765648,69000000,0.016739446870451237,-10000000.0,-118000000,-0.028626880155264434,-29000000.0,-163000000,-0.03954391072295002,-0.48225,-0.48225,338000000,338000000,https://www.sec.gov/Archives/edgar/data/1047122/000100547799005435/0001005477-99-005435-index.html,https://www.sec.gov/Archives/edgar/data/1047122/0001005477-99-005435.txt,1620597446,17:57:26,20210509
83,1999-07-04,RTN,USD,1999-08-18 00:00:00,1999-08-18 00:00:00,Q2,4565000000,3440000000,1125000000,0.24644030668127054,135000000,364000000.0,0.0,0.0,499000000,0.0,0.0,161000000,787000000,0.1723986856516977,626000000,0.1371303395399781,7000000.0,459000000,0.10054764512595837,182000000.0,290000000,0.06352683461117196,0.84376,0.84376,343700000,343700000,https://www.sec.gov/Archives/edgar/data/1047122/000104712299000019/0001047122-99-000019-index.html,https://www.sec.gov/Archives/edgar/data/1047122/0001047122-99-000019.txt,1620597446,17:57:26,20210509
84,1999-04-04,RTN,USD,1999-05-19 00:00:00,1999-05-19 00:00:00,Q1,4336000000,3341000000,995000000,0.2294741697416974,111000000,305000000.0,0.0,0.0,416000000,0.0,0.0,172000000,751000000,0.1732011070110701,579000000,0.13353321033210333,-9000000.0,395000000,0.09109778597785978,155000000.0,205000000,0.04727859778597786,0.60259,0.60259,340200000,340200000,https://www.sec.gov/Archives/edgar/data/1047122/000104712299000004/0001047122-99-000004-index.html,https://www.sec.gov/Archives/edgar/data/1047122/0001047122-99-000004.txt,1620597446,17:57:26,20210509
85,1998-12-31,RTN,USD,1999-03-30 00:00:00,1999-03-30 00:00:00,Q4,5442000000,4073000000,1369000000,0.2515619257625873,150000000,458000000.0,0.0,0.0,608000000,0.0,0.0,146000000,907000000,0.16666666666666666,761000000,0.1398382947445792,61000000.0,616000000,0.11319367879456083,248000000.0,368000000,0.06762219772142594,1.08363,1.08363,339600000,339600000,https://www.sec.gov/Archives/edgar/data/1047122/000104712299000002/0001047122-99-000002-index.html,https://www.sec.gov/Archives/edgar/data/1047122/0001047122-99-000002.txt,1620597446,17:57:26,20210509
86,1998-09-27,RTN,USD,1998-11-02 00:00:00,1998-11-02 00:00:00,Q3,4436000000,3678000000,758000000,0.1708746618575293,134000000,404000000.0,0.0,0.0,538000000,0.0,0.0,195000000,415000000,0.09355275022542832,220000000,0.04959422903516682,7000000.0,47000000,0.010595130748422003,36000000.0,11000000,0.0024797114517583407,0.03221,0.03221,341500000,341500000,https://www.sec.gov/Archives/edgar/data/1047122/000104712298000021/0001047122-98-000021-index.html,https://www.sec.gov/Archives/edgar/data/1047122/0001047122-98-000021.txt,1620597446,17:57:26,20210509
87,1998-06-28,RTN,USD,1998-08-12 00:00:00,1998-08-12 00:00:00,Q2,5078000000,3939000000,1139000000,0.22430090586845214,154000000,456000000.0,0.0,0.0,610000000,0.0,0.0,197000000,726000000,0.14296967309964553,529000000,0.10417487199684915,99000000.0,446000000,0.08782985427333596,176000000.0,270000000,0.0531705395825128,0.78694,0.78694,343100000,343100000,https://www.sec.gov/Archives/edgar/data/1047122/000104712298000018/0001047122-98-000018-index.html,https://www.sec.gov/Archives/edgar/data/1047122/0001047122-98-000018.txt,1620597446,17:57:26,20210509
