,date,symbol,reportedCurrency,fillingDate,acceptedDate,period,revenue,costOfRevenue,grossProfit,grossProfitRatio,researchAndDevelopmentExpenses,generalAndAdministrativeExpenses,sellingAndMarketingExpenses,otherExpenses,operatingExpenses,costAndExpenses,interestExpense,depreciationAndAmortization,ebitda,ebitdaratio,operatingIncome,operatingIncomeRatio,totalOtherIncomeExpensesNet,incomeBeforeTax,incomeBeforeTaxRatio,incomeTaxExpense,netIncome,netIncomeRatio,eps,epsdiluted,weightedAverageShsOut,weightedAverageShsOutDil,link,finalLink,timestamp,est_time,est_date
0,2020-12-31,GTLS,USD,2021-03-01,2021-03-01 16:24:07,Q4,312400000,224500000,87900000.0,0.2813700384122919,0.0,41000000.0,0.0,-2200000.0,49400000.0,273900000,-3500000.0,19100000.0,57600000.0,0.18437900128040974,38500000.0,0.12323943661971831,3000000.0,43900000.0,0.14052496798975672,6000000.0,257800000.0,0.825224071702945,7.63,7.0,35340000.0,38550000.0,https://www.sec.gov/Archives/edgar/data/892553/000089255321000032/0000892553-21-000032-index.htm,https://www.sec.gov/Archives/edgar/data/892553/000089255321000032/gtls-20201231.htm,1620592855,16:40:55,20210509
1,2020-09-30,GTLS,USD,2020-10-22,2020-10-22 14:13:02,Q3,273200000,194600000,78600000.0,0.287701317715959,0.0,41100000.0,0.0,9000.0,50500000.0,245100000,6500000.0,18600000.0,46700000.0,0.17093704245973645,28100000.0,0.10285505124450951,1500000.0,22000000.0,0.08052708638360176,6200000.0,21700000.0,0.07942898975109809,0.62,0.6,35230000.0,35940000.0,https://www.sec.gov/Archives/edgar/data/892553/000089255320000102/0000892553-20-000102-index.htm,https://www.sec.gov/Archives/edgar/data/892553/000089255320000102/gtls-20200930.htm,1620592855,16:40:55,20210509
2,2020-06-30,GTLS,USD,2020-07-23,2020-07-23 13:42:43,Q2,310400000,218000000,92400000.0,0.297680412371134,0.0,45000000.0,0.0,0.0,59000000.0,277000000,7500000.0,23600000.0,57000000.0,0.18363402061855671,33400000.0,0.10760309278350516,100000.0,24900000.0,0.08021907216494846,3900000.0,20100000.0,0.06475515463917526,0.5713473564525299,0.5692438402718777,35180000.0,35310000.0,https://www.sec.gov/Archives/edgar/data/892553/000089255320000083/0000892553-20-000083-index.htm,https://www.sec.gov/Archives/edgar/data/892553/000089255320000083/gtls-20200630.htm,1620592855,16:40:55,20210509
3,2020-03-31,GTLS,USD,2020-04-23,2020-04-23 13:34:28,Q1,321100000,229700000,91400000.0,0.2846465275615073,0.0,53900000.0,0.0,0.0,67900000.0,297600000,7200000.0,23900000.0,47400000.0,0.1476175646216132,23500000.0,0.07318592338835254,-5100000.0,10200000.0,0.031765805045157275,1700000.0,8500000.0,0.026471504204297728,0.23762929829466034,0.2360455429047487,35770000.0,36010000.0,https://www.sec.gov/Archives/edgar/data/892553/000089255320000057/0000892553-20-000057-index.htm,https://www.sec.gov/Archives/edgar/data/892553/000089255320000034/gtls-20191231x10xk.htm,1620592855,16:40:55,20210509
4,2019-12-31,GTLS,USD,2020-02-14,2020-02-14 16:55:47,Q4,342400000,256700000,85700000.0,0.25029205607476634,0.0,53100000.0,0.0,-5100000.0,64600000.0,321300000,6800000.0,22700000.0,43800000.0,0.12792056074766356,21100000.0,0.06162383177570094,-2100000.0,9200000.0,0.026869158878504672,-3300000.0,12400000.0,0.036214953271028034,0.35,0.34,35770000.0,36120000.0,https://www.sec.gov/Archives/edgar/data/892553/000089255320000034/0000892553-20-000034-index.htm,https://www.sec.gov/Archives/edgar/data/892553/000089255320000034/gtls-20191231x10xk.htm,1620592855,16:40:55,20210509
5,2019-09-30,GTLS,USD,2019-10-17,2019-10-17 13:21:47,Q3,357800000,256600000,101200000.0,0.28283957518166575,0.0,57500000.0,0.0,3000000.0,71300000.0,327900000,7800000.0,24100000.0,54000000.0,0.1509223029625489,29900000.0,0.08356623812185579,3000000.0,25100000.0,0.07015092230296255,6400000.0,18700000.0,0.05226383454443823,0.52,0.51,35760000.0,36730000.0,https://www.sec.gov/Archives/edgar/data/892553/000089255319000136/0000892553-19-000136-index.htm,https://www.sec.gov/Archives/edgar/data/892553/000089255319000136/gtls-20190930x10q.htm,1620592855,16:40:55,20210509
6,2019-06-30,GTLS,USD,2019-07-18,2019-07-18 14:01:30,Q2,309600000,226800000,82800000.0,0.26744186046511625,0.0,50200000.0,0.0,0.0,57500000.0,284300000,5400000.0,16000000.0,41300000.0,0.13339793281653747,25300000.0,0.08171834625322998,200000.0,19500000.0,0.06298449612403101,4900000.0,14400000.0,0.046511627906976744,0.44,0.41,32470000.0,34720000.0,https://www.sec.gov/Archives/edgar/data/892553/000089255319000108/0000892553-19-000108-index.htm,https://www.sec.gov/Archives/edgar/data/892553/000089255319000108/gtls-20190630x10q.htm,1620592855,16:40:55,20210509
7,2019-03-31,GTLS,USD,2019-04-18,2019-04-18 14:43:07,Q1,289300000,222200000,67100000.0,0.23193916349809887,0.0,55300000.0,0.0,0.0,62500000.0,284700000,5300000.0,16000000.0,20600000.0,0.07120636017974422,4600000.0,0.015900449360525405,100000.0,-1000000.0,-0.0034566194262011752,-2000000.0,900000.0,0.0031109574835810577,0.028508077288565095,0.026619343389529725,31570000.0,33810000.0,https://www.sec.gov/Archives/edgar/data/892553/000089255319000077/0000892553-19-000077-index.htm,https://www.sec.gov/Archives/edgar/data/892553/000089255319000040/gtls-20181231x10xk.htm,1620592855,16:40:55,20210509
8,2018-12-31,GTLS,USD,2019-02-22,2019-02-22 17:17:54,Q4,290100000,216200000,73900000.0,0.25473974491554635,0.0,41400000.0,0.0,0.0,47600000.0,263800000,3500000.0,13900000.0,40200000.0,0.13857290589451912,26300000.0,0.09065839365735953,-600000.0,21900000.0,0.07549120992761117,3700000.0,47700000.0,0.16442605997931747,1.52,1.47,31290000.0,32390000.0,https://www.sec.gov/Archives/edgar/data/892553/000089255319000040/0000892553-19-000040-index.htm,https://www.sec.gov/Archives/edgar/data/892553/000089255319000040/gtls-20181231x10xk.htm,1620592855,16:40:55,20210509
9,2018-09-30,GTLS,USD,2018-10-18,2018-10-18 13:19:31,Q3,272200000,189900000,82300000.0,0.3023512123438648,0.0,45800000.0,0.0,0.0,50800000.0,240700000,5300000.0,10000000.0,41500000.0,0.15246142542248348,31500000.0,0.11572373254959588,300000.0,26200000.0,0.09625275532696546,4200000.0,22200000.0,0.08155767817781043,0.72,0.67,31030000.0,32950000.0,https://www.sec.gov/Archives/edgar/data/892553/000089255318000122/0000892553-18-000122-index.htm,https://www.sec.gov/Archives/edgar/data/892553/000089255318000122/gtls-2018930x10q.htm,1620592855,16:40:55,20210509
10,2018-06-30,GTLS,USD,2018-07-19,2018-07-19 11:35:36,Q2,319900000,235400000,84500000.0,0.2641450453266646,0.0,55300000.0,0.0,0.0,61000000.0,296400000,6200000.0,13200000.0,36700000.0,0.11472335104720226,23500000.0,0.07346045639262269,1200000.0,18100000.0,0.05658018130665833,5000000.0,12300000.0,0.038449515473585494,0.4,0.38,30950000.0,32080000.0,https://www.sec.gov/Archives/edgar/data/892553/000089255318000101/0000892553-18-000101-index.htm,https://www.sec.gov/Archives/edgar/data/892553/000089255318000101/gtls-2018630x10q.htm,1620592855,16:40:55,20210509
11,2018-03-31,GTLS,USD,2018-04-19,2018-04-19 11:44:26,Q1,279700000,202600000,77100000.0,0.27565248480514837,0.0,54100000.0,0.0,0.0,60200000.0,262800000,6400000.0,13700000.0,30600000.0,0.10940293171254915,16900000.0,0.060421880586342507,-1600000.0,8600000.0,0.030747229174115123,2300000.0,5800000.0,0.020736503396496245,0.19,0.18,30910000.0,31660000.0,https://www.sec.gov/Archives/edgar/data/892553/000089255318000058/0000892553-18-000058-index.htm,https://www.sec.gov/Archives/edgar/data/892553/000089255318000039/gtls-20171231x10xk.htm,1620592855,16:40:55,20210509
12,2017-12-31,GTLS,USD,2018-02-22,2018-02-22 17:14:32,Q4,305961000,223138000,82823000.0,0.2706978994054798,0.0,55754000.0,0.0,0.0,61453000.0,284591000,6355000.0,13241000.0,34611000.0,0.11312226068028278,21370000.0,0.06984550318504645,-5910000.0,8768000.0,0.02865724716548841,-18246000.0,26619000.0,0.0870012844774334,0.87,0.85,30780000.0,31510000.0,https://www.sec.gov/Archives/edgar/data/892553/000089255318000039/0000892553-18-000039-index.htm,https://www.sec.gov/Archives/edgar/data/892553/000089255318000039/gtls-20171231x10xk.htm,1620592855,16:40:55,20210509
13,2017-09-30,GTLS,USD,2017-10-26,2017-10-26 14:33:43,Q3,240531000,170129000,70402000.0,0.29269408101242667,0.0,56714000.0,0.0,0.0,59954000.0,230083000,4828000.0,10178000.0,20626000.0,0.08575194049831415,10448000.0,0.043437228465353736,-1286000.0,4013000.0,0.01668392015997938,1907000.0,1510000.0,0.0062777770848663995,0.049097707689806536,0.04822586311519913,30755000.0,31311000.0,https://www.sec.gov/Archives/edgar/data/892553/000089255317000067/0000892553-17-000067-index.htm,https://www.sec.gov/Archives/edgar/data/892553/000089255317000067/gtls-2017930x10q.htm,1620592855,16:40:55,20210509
14,2017-06-30,GTLS,USD,2017-07-27,2017-07-27 16:36:05,Q2,238213000,174998000,63215000.0,0.2653717471338676,0.0,50205000.0,0.0,0.0,53280000.0,228278000,3839000.0,9320000.0,19255000.0,0.08083102097702477,9935000.0,0.04170637202839476,-240000.0,5535000.0,0.023235507717882735,2203000.0,2783000.0,0.011682821676398853,0.0905718098089628,0.08897058823529412,30727000.0,31280000.0,https://www.sec.gov/Archives/edgar/data/892553/000089255317000036/0000892553-17-000036-index.htm,https://www.sec.gov/Archives/edgar/data/892553/000089255317000036/gtls-2017630x10q.htm,1620592855,16:40:55,20210509
15,2017-03-31,GTLS,USD,2017-04-27,2017-04-27 17:21:04,Q1,204095000,148435000,55660000.0,0.2727161370930204,0.0,52427000.0,0.0,0.0,55413000.0,203848000,4378000.0,9161000.0,9408000.0,0.04609618070016414,247000.0,0.0012102207305421495,-264000.0,-4716000.0,-0.02310688649893432,-1764000.0,-2912000.0,-0.01426786545481271,-0.09,-0.09,30698000.0,30698000.0,https://www.sec.gov/Archives/edgar/data/892553/000089255317000027/0000892553-17-000027-index.htm,https://www.sec.gov/Archives/edgar/data/892553/000089255317000010/gtls-20161231x10xk.htm,1620592855,16:40:55,20210509
16,2016-12-31,GTLS,USD,2017-02-23,2017-02-23 17:06:02,Q4,214372000,157274000,57098000.0,0.26635008303323193,0.0,52049000.0,0.0,0.0,54766000.0,212040000,4782000.0,8904000.0,11236000.0,0.052413561472580375,2332000.0,0.010878286343365738,-234000.0,-3005000.0,-0.014017688877278748,873000.0,-3290000.0,-0.015347153546172075,-0.11,-0.11,30596000.0,30596000.0,https://www.sec.gov/Archives/edgar/data/892553/000089255317000010/0000892553-17-000010-index.htm,https://www.sec.gov/Archives/edgar/data/892553/000089255317000010/gtls-20161231x10xk.htm,1620592855,16:40:55,20210509
17,2016-09-30,GTLS,USD,2016-10-27,2016-10-27 16:42:50,Q3,203930000,134307000,69623000.0,0.34140636492914234,0.0,45430000.0,0.0,0.0,48342000.0,182649000,4291000.0,9419000.0,30700000.0,0.15054185259647918,21281000.0,0.10435443534546168,-1221000.0,15448000.0,0.07575148335213064,1764000.0,15025000.0,0.07367724219094787,0.49,0.48,30585000.0,31064000.0,https://www.sec.gov/Archives/edgar/data/892553/000089255316000077/0000892553-16-000077-index.htm,https://www.sec.gov/Archives/edgar/data/892553/000089255316000077/gtls-2016930x10q.htm,1620592855,16:40:55,20210509
18,2016-06-30,GTLS,USD,2016-07-28,2016-07-28 16:29:51,Q2,247095000,160144000,86951000.0,0.3518929966207329,0.0,48896000.0,0.0,0.0,52012000.0,212156000,4171000.0,9707000.0,44646000.0,0.18068354276695198,34939000.0,0.14139905704283778,93000.0,30540000.0,0.12359618770108663,10977000.0,21153000.0,0.08560675044011412,0.69,0.68,30582000.0,30939000.0,https://www.sec.gov/Archives/edgar/data/892553/000089255316000069/0000892553-16-000069-index.htm,https://www.sec.gov/Archives/edgar/data/892553/000089255316000069/gtls-2016630x10q.htm,1620592855,16:40:55,20210509
19,2016-03-31,GTLS,USD,2016-04-28,2016-04-28 17:01:10,Q1,193757000,141056000,52701000.0,0.2719953343621134,0.0,49536000.0,0.0,0.0,52664000.0,193720000,4094000.0,9479000.0,9516000.0,0.049113064302192956,37000.0,0.00019096084270503775,-206000.0,-4584000.0,-0.02365850007999711,88000.0,-4651000.0,-0.024004294038408935,-0.15,-0.15,30568000.0,30568000.0,https://www.sec.gov/Archives/edgar/data/892553/000089255316000057/0000892553-16-000057-index.htm,https://www.sec.gov/Archives/edgar/data/892553/000089255316000049/gtls-20151231x10xk.htm,1620592855,16:40:55,20210509
20,2015-12-31,GTLS,USD,2016-02-26,2016-02-25 21:10:45,Q4,260756000,187984000,72772000.0,0.27908082651981164,0.0,53896000.0,0.0,0.0,58130000.0,246114000,3977000.0,11314000.0,25956000.0,0.09954133366058691,14642000.0,0.05615211155256255,-254137000.0,-243793000.0,-0.9349468468606666,-12649000.0,-230123000.0,-0.882522358066545,-7.54,-7.54,30512000.0,30512000.0,https://www.sec.gov/Archives/edgar/data/892553/000089255316000049/0000892553-16-000049-index.htm,https://www.sec.gov/Archives/edgar/data/892553/000089255316000049/gtls-20151231x10xk.htm,1620592855,16:40:55,20210509
21,2015-09-30,GTLS,USD,2015-10-29,2015-10-29 16:51:03,Q3,264047000,195758000,68289000.0,0.25862441156309296,0.0,48108000.0,0.0,0.0,52680000.0,248438000,4073000.0,11550000.0,27159000.0,0.10285668839259678,15609000.0,0.05911447583195416,-848000.0,10366000.0,0.03925816237260791,6095000.0,4760000.0,0.018027093661355742,0.16,0.15,30498000.0,30745000.0,https://www.sec.gov/Archives/edgar/data/892553/000089255315000042/0000892553-15-000042-index.htm,https://www.sec.gov/Archives/edgar/data/892553/000089255315000042/gtls-2015930x10q.htm,1620592855,16:40:55,20210509
22,2015-06-30,GTLS,USD,2015-07-30,2015-07-30 17:30:11,Q2,270252000,195372000,74880000.0,0.27707473025176504,0.0,45628000.0,0.0,0.0,49751000.0,245123000,3999000.0,11208000.0,36337000.0,0.1344559892248716,25129000.0,0.09298358569039267,3141000.0,23950000.0,0.08862099077897666,6868000.0,17157000.0,0.06348519159895209,0.5626168224299065,0.558223523670083,30495000.0,30735000.0,https://www.sec.gov/Archives/edgar/data/892553/000089255315000034/0000892553-15-000034-index.htm,https://www.sec.gov/Archives/edgar/data/892553/000089255315000034/gtls-2015630x10q.htm,1620592855,16:40:55,20210509
23,2015-03-31,GTLS,USD,2015-04-30,2015-04-30 14:12:41,Q1,245105000,172582000,72523000.0,0.29588543685359336,0.0,53162000.0,0.0,0.0,57566000.0,230148000,3922000.0,11376000.0,26333000.0,0.10743558882927724,14957000.0,0.06102282695171457,-3064000.0,7645000.0,0.03119071418371718,2370000.0,5246000.0,0.021403072152750863,0.1721919516838443,0.17114707033798773,30466000.0,30652000.0,https://www.sec.gov/Archives/edgar/data/892553/000089255315000020/0000892553-15-000020-index.htm,https://www.sec.gov/Archives/edgar/data/892553/000089255315000008/gtls-20141231x10xk.htm,1620592855,16:40:55,20210509
24,2014-12-31,GTLS,USD,2015-02-24,2015-02-24 16:02:02,Q4,326061000,229167000,96894000.0,0.2971652543542466,0.0,50802000.0,0.0,0.0,55282000.0,284449000,4111000.0,11580000.0,53192000.0,0.1631351188887969,41612000.0,0.12762029190856924,46000.0,37134000.0,0.11388666537856414,9924000.0,26947000.0,0.08264404513265923,0.8844941902448631,0.8844941902448631,30466000.0,30466000.0,https://www.sec.gov/Archives/edgar/data/892553/000089255315000008/0000892553-15-000008-index.htm,https://www.sec.gov/Archives/edgar/data/892553/000089255315000008/gtls-20141231x10xk.htm,1620592855,16:40:55,20210509
25,2014-09-30,GTLS,USD,2014-10-30,2014-10-30 15:15:54,Q3,293841000,202608000,91233000.0,0.3104842414775338,0.0,46377000.0,0.0,0.0,50878000.0,253486000,4234000.0,11236000.0,51591000.0,0.17557454541741963,40355000.0,0.1373361784094119,-507000.0,35288000.0,0.1200921586844586,12136000.0,22851000.0,0.07776654721430978,0.75,0.74,30396000.0,30771000.0,https://www.sec.gov/Archives/edgar/data/892553/000089255314000047/0000892553-14-000047-index.htm,https://www.sec.gov/Archives/edgar/data/892553/000089255314000047/gtls-2014930x10q.htm,1620592855,16:40:55,20210509
26,2014-06-30,GTLS,USD,2014-07-31,2014-07-31 15:12:03,Q2,306810000,214629000,92181000.0,0.3004497897721717,0.0,53662000.0,0.0,0.0,58137000.0,272766000,4137000.0,10188000.0,44232000.0,0.14416740001955608,34044000.0,0.11096118118705388,-391000.0,29189000.0,0.09513705550666536,8818000.0,20069000.0,0.06541181838923112,0.66,0.65,30389000.0,30978000.0,https://www.sec.gov/Archives/edgar/data/892553/000089255314000039/0000892553-14-000039-index.htm,https://www.sec.gov/Archives/edgar/data/892553/000089255314000039/gtls-2014630x10q.htm,1620592855,16:40:55,20210509
27,2014-03-31,GTLS,USD,2014-04-29,2014-04-29 14:52:01,Q1,266240000,188694000,77546000.0,0.2912635216346154,0.0,50911000.0,0.0,0.0,55400000.0,244094000,4149000.0,10172000.0,32318000.0,0.12138671875,22146000.0,0.08318058894230769,-118000.0,17553000.0,0.06592923677884616,5214000.0,11997000.0,0.04506084735576923,0.4,0.38,30346000.0,31427000.0,https://www.sec.gov/Archives/edgar/data/892553/000089255314000018/0000892553-14-000018-index.htm,https://www.sec.gov/Archives/edgar/data/892553/000089255314000010/gtls-20131231x10xk.htm,1620592855,16:40:55,20210509
28,2013-12-31,GTLS,USD,2014-02-25,2014-02-25 15:12:34,Q4,303767000,209945000,93822000.0,0.3088617262572959,0.0,49453000.0,0.0,0.0,54041000.0,263986000,4164000.0,10146000.0,49927000.0,0.16435952555741737,39781000.0,0.13095892575559556,286000.0,35576000.0,0.11711607910009975,9772000.0,23196000.0,0.07636115838784331,0.7643841033414618,0.7643841033414618,30346000.0,30346000.0,https://www.sec.gov/Archives/edgar/data/892553/000089255314000010/0000892553-14-000010-index.htm,https://www.sec.gov/Archives/edgar/data/892553/000089255314000010/gtls-20131231x10xk.htm,1620592855,16:40:55,20210509
29,2013-09-30,GTLS,USD,2013-10-31,2013-10-31 14:01:22,Q3,301757000,213112000,88645000.0,0.2937628621705545,0.0,47934000.0,0.0,0.0,52759000.0,265871000,4143000.0,10280000.0,46166000.0,0.15299065141819412,35886000.0,0.1189235046742909,393000.0,31810000.0,0.10541594726882889,6963000.0,24445000.0,0.08100889126018618,0.81,0.74,30275000.0,32851000.0,https://www.sec.gov/Archives/edgar/data/892553/000089255313000030/0000892553-13-000030-index.htm,https://www.sec.gov/Archives/edgar/data/892553/000089255313000030/gtls-2013930x10q.htm,1620592855,16:40:55,20210509
30,2013-06-30,GTLS,USD,2013-07-30,2013-07-30 16:46:52,Q2,298266000,208460000,89806000.0,0.30109365465725224,0.0,51905000.0,0.0,0.0,56827000.0,265287000,3977000.0,10049000.0,43028000.0,0.14426049231223137,32979000.0,0.11056908933636418,-91000.0,28584000.0,0.09583392005793487,7981000.0,20000000.0,0.06705424017487746,0.66,0.64,30249000.0,31428000.0,https://www.sec.gov/Archives/edgar/data/892553/000089255313000022/0000892553-13-000022-index.htm,https://www.sec.gov/Archives/edgar/data/892553/000089255313000022/gtls-2013630x10q.htm,1620592855,16:40:55,20210509
31,2013-03-31,GTLS,USD,2013-04-25,2013-04-25 15:00:47,Q1,273648000,194198000,79450000.0,0.29033649067415074,0.0,47204000.0,0.0,0.0,52099000.0,246297000,3991000.0,9914000.0,37265000.0,0.13617859439864352,27351000.0,0.09994957025083319,-346000.0,22688000.0,0.08290943109396012,6580000.0,15535000.0,0.05677001110916213,0.52,0.51,30035000.0,30426000.0,https://www.sec.gov/Archives/edgar/data/892553/000089255313000011/0000892553-13-000011-index.htm,https://www.sec.gov/Archives/edgar/data/892553/000089255313000004/gtls-20121231x10xk.htm,1620592855,16:40:55,20210509
32,2012-12-31,GTLS,USD,2013-02-28,2013-02-28 15:21:44,Q4,303858000,218393000,85465000.0,0.28126624936648037,0.0,47966000.0,0.0,0.0,52628000.0,271021000,4022000.0,9425000.0,42262000.0,0.13908470403938683,32837000.0,0.10806692599832816,1584000.0,28869000.0,0.09500819461722251,7718000.0,20760000.0,0.06832138696364749,0.6939894363843017,0.6858275520317145,29914000.0,30270000.0,https://www.sec.gov/Archives/edgar/data/892553/000089255313000004/0000892553-13-000004-index.htm,https://www.sec.gov/Archives/edgar/data/892553/000089255313000004/gtls-20121231x10xk.htm,1620592855,16:40:55,20210509
33,2012-09-30,GTLS,USD,2012-11-01,2012-11-01 16:03:32,Q3,254249000,176237000,78012000.0,0.30683306522346204,0.0,42170000.0,0.0,0.0,45980000.0,222217000,4006000.0,8213000.0,40245000.0,0.15828970812077925,32032000.0,0.12598672954465898,-787000.0,27239000.0,0.10713513130828439,8354000.0,18516000.0,0.07282624513764066,0.62,0.61,29839000.0,30243000.0,https://www.sec.gov/Archives/edgar/data/892553/000144530512003343/0001445305-12-003343-index.htm,https://www.sec.gov/Archives/edgar/data/892553/000144530512003343/gtls-2012930x10q.htm,1620592855,16:40:55,20210509
34,2012-06-30,GTLS,USD,2012-08-02,2012-08-02 17:13:30,Q2,239939000,165810000,74129000.0,0.3089493579618153,0.0,34726000.0,0.0,0.0,37976000.0,203786000,3689000.0,7335000.0,43488000.0,0.18124606670862178,36153000.0,0.1506757967650111,-5396000.0,27068000.0,0.11281200638495617,8932000.0,17936000.0,0.07475233288460817,0.6,0.59,29797000.0,30200000.0,https://www.sec.gov/Archives/edgar/data/892553/000144530512002435/0001445305-12-002435-index.htm,https://www.sec.gov/Archives/edgar/data/892553/000144530512002435/gtls-2012630x10q.htm,1620592855,16:40:55,20210509
35,2012-03-31,GTLS,USD,2012-04-26,2012-04-26 15:40:51,Q1,216106000,148549000,67557000.0,0.312610478191258,0.0,40626000.0,0.0,0.0,43696000.0,192245000,3962000.0,7223000.0,31084000.0,0.1438368208194127,23861000.0,0.11041340823484772,31000.0,19930000.0,0.09222326080719646,5778000.0,14083000.0,0.06516709392612885,0.48,0.47,29593000.0,30061000.0,https://www.sec.gov/Archives/edgar/data/892553/000144530512001202/0001445305-12-001202-index.htm,https://www.sec.gov/Archives/edgar/data/892553/000144530512000510/gtls-20111231x10xk.htm,1620592855,16:40:55,20210509
36,2011-12-31,GTLS,USD,2012-02-29,2012-02-28 17:52:02,Q4,219635000,155636000,63999000.0,0.2913879846108316,0.0,35209000.0,0.0,0.0,38638000.0,194274000,9013000.0,7505000.0,32866000.0,0.14963917408427618,25361000.0,0.11546884604002094,-5294000.0,11054000.0,0.05032895485692171,2738000.0,8415000.0,0.03831356568852869,0.2843577873145676,0.2843577873145676,29593000.0,29593000.0,https://www.sec.gov/Archives/edgar/data/892553/000144530512000510/0001445305-12-000510-index.htm,https://www.sec.gov/Archives/edgar/data/892553/000144530512000510/gtls-20111231x10xk.htm,1620592855,16:40:55,20210509
37,2011-09-30,GTLS,USD,2011-10-27,2011-10-27 14:56:41,Q3,211311000,144680000,66631000.0,0.31532196620147557,0.0,34127000.0,0.0,0.0,37469000.0,182149000,6361000.0,7021000.0,36183000.0,0.17123102914661328,29162000.0,0.13800512041493343,1826000.0,24627000.0,0.11654386189076764,7122000.0,17540000.0,0.08300561731287061,0.6,0.59,29288000.0,29966000.0,https://www.sec.gov/Archives/edgar/data/892553/000119312511283959/0001193125-11-283959-index.htm,https://www.sec.gov/Archives/edgar/data/892553/000119312511283959/d228393d10q.htm,1620592855,16:40:55,20210509
38,2011-06-30,GTLS,USD,2011-07-27,2011-07-27 16:45:52,Q2,200698000,138368000,62330000.0,0.3105661242264497,0.0,36337000.0,0.0,0.0,39625000.0,177993000,0.0,6737000.0,29442000.0,0.14669802389660086,22705000.0,0.11313017568685288,-2156000.0,16486000.0,0.08214331981384966,5466000.0,10591000.0,0.05277082980398409,0.36,0.35,29202000.0,29966000.0,https://www.sec.gov/Archives/edgar/data/892553/000119312511199003/0001193125-11-199003-index.htm,https://www.sec.gov/Archives/edgar/data/892553/000119312511199003/d10q.htm,1620592855,16:40:55,20210509
39,2011-03-31,GTLS,USD,2011-05-05,2011-05-04 17:49:43,Q1,162941000,110455000,52486000.0,0.3221165943501022,0.0,34862000.0,0.0,0.0,38179000.0,148634000,0.0,6652000.0,20959000.0,0.12862938118705544,14307000.0,0.08780478823623275,434000.0,10807000.0,0.06632462056818111,3404000.0,7530000.0,0.0462130464401225,0.26,0.25,28768000.0,29678000.0,https://www.sec.gov/Archives/edgar/data/892553/000119312511126474/0001193125-11-126474-index.htm,https://www.sec.gov/Archives/edgar/data/892553/000119312511049498/d10k.htm,1620592855,16:40:55,20210509
40,2010-12-31,GTLS,USD,2011-02-28,2011-02-28 14:38:15,Q4,158838000,108191000,50647000.0,0.31885946687820294,0.0,29262000.0,0.0,0.0,32084000.0,140275000,0.0,6002000.0,24565000.0,0.15465442778176508,18563000.0,0.11686750022035029,-552000.0,14309000.0,0.09008549591407598,4346000.0,9802000.0,0.06171067376824186,0.3407258064516129,0.3407258064516129,28768000.0,28768000.0,https://www.sec.gov/Archives/edgar/data/892553/000119312511049498/0001193125-11-049498-index.htm,https://www.sec.gov/Archives/edgar/data/892553/000119312511049498/d10k.htm,1620592855,16:40:55,20210509
41,2010-09-30,GTLS,USD,2010-10-28,2010-10-28 16:51:18,Q3,139205000,96404000,42801000.0,0.30746740418806795,0.0,26225000.0,0.0,0.0,28953000.0,125357000,4447000.0,5945000.0,19793000.0,0.14218598469882548,13848000.0,0.09947918537408858,-382000.0,8935000.0,0.06418591286232535,2270000.0,6575000.0,0.04723249883265687,0.22913935363325624,0.22538735774029892,28694329.0,29172000.0,https://www.sec.gov/Archives/edgar/data/892553/000119312510239860/0001193125-10-239860-index.htm,https://www.sec.gov/Archives/edgar/data/892553/000119312510239860/d10q.htm,1620592855,16:40:55,20210509
42,2010-06-30,GTLS,USD,2010-07-29,2010-07-29 16:14:11,Q2,139144000,101569000,37575000.0,0.27004398321163686,0.0,25529000.0,0.0,0.0,28312000.0,129881000,0.0,5853000.0,15116000.0,0.10863565802334273,9263000.0,0.06657132179612488,-1804000.0,3278000.0,0.023558328063013854,820000.0,2399000.0,0.017241131489679755,0.08411051118434892,0.08198345977718542,28522000.0,29262000.0,https://www.sec.gov/Archives/edgar/data/892553/000119312510170665/0001193125-10-170665-index.htm,https://www.sec.gov/Archives/edgar/data/892553/000119312510170665/d10q.htm,1620592855,16:40:55,20210509
43,2010-03-31,GTLS,USD,2010-04-29,2010-04-29 16:50:51,Q1,116734000,82458000,34276000.0,0.2936248222454469,0.0,23957000.0,0.0,0.0,26673000.0,109131000,0.0,5777000.0,13380000.0,0.11461956242397245,7603000.0,0.06513098154779241,1567000.0,1976000.0,0.01692737334452687,557000.0,1384000.0,0.011856014528757688,0.048547776062859545,0.047442753325106266,28508000.0,29172000.0,https://www.sec.gov/Archives/edgar/data/892553/000119312510099500/0001193125-10-099500-index.htm,https://www.sec.gov/Archives/edgar/data/892553/000119312510040985/d10k.htm,1620592855,16:40:55,20210509
44,2009-12-31,GTLS,USD,2010-02-26,2010-02-25 17:41:40,Q4,128851000,84933000,43918000.0,0.3408432996251484,0.0,25359000.0,0.0,0.0,28063000.0,112996000,0.0,5475000.0,21330000.0,0.1655400423745256,15855000.0,0.1230491032277592,-7698000.0,17702000.0,0.13738348945681447,2131000.0,15524000.0,0.12048024462363505,0.5445488985547916,0.5445488985547916,28508000.0,28508000.0,https://www.sec.gov/Archives/edgar/data/892553/000119312510040985/0001193125-10-040985-index.htm,https://www.sec.gov/Archives/edgar/data/892553/000119312510040985/d10k.htm,1620592855,16:40:55,20210509
45,2009-09-30,GTLS,USD,2009-10-29,2009-10-29 15:59:14,Q3,127172000,87798000,39374000.0,0.3096121787814928,0.0,20831000.0,0.0,0.0,23576000.0,111374000,4352000.0,5399000.0,21197000.0,0.1666797722769163,15798000.0,0.12422545843424654,442000.0,11740000.0,0.09231591859843362,3513000.0,8248000.0,0.06485704400339698,0.28,0.28,29105000.0,29105000.0,https://www.sec.gov/Archives/edgar/data/892553/000119312509217408/0001193125-09-217408-index.htm,https://www.sec.gov/Archives/edgar/data/892553/000119312509217408/d10q.htm,1620592855,16:40:55,20210509
46,2009-06-30,GTLS,USD,2009-07-30,2009-07-30 17:13:55,Q2,155301000,99378000,55923000.0,0.360094268549462,0.0,23478000.0,0.0,0.0,26094000.0,125472000,4372000.0,5270000.0,35099000.0,0.226006271691747,29829000.0,0.19207216952885042,84000.0,25945000.0,0.16706267184370996,8180000.0,17776000.0,0.11446159393693538,0.624807,0.61,28417000.0,29014000.0,https://www.sec.gov/Archives/edgar/data/892553/000119312509159697/0001193125-09-159697-index.htm,https://www.sec.gov/Archives/edgar/data/892553/000119312509159697/d10q.htm,1620592855,16:40:55,20210509
47,2009-03-31,GTLS,USD,2009-04-30,2009-04-30 17:17:29,Q1,180192000,117526000,62666000.0,0.3477734860593145,0.0,25934000.0,0.0,0.0,28585000.0,146111000,0.0,5268000.0,39349000.0,0.218372624755816,34081000.0,0.18913714260344522,1085000.0,29154000.0,0.1617940863079382,9562000.0,19462000.0,0.10800701473983307,0.684871731709892,0.6795628338978317,28417000.0,28639000.0,https://www.sec.gov/Archives/edgar/data/892553/000119312509094684/0001193125-09-094684-index.htm,https://www.sec.gov/Archives/edgar/data/892553/000119312509037557/d10k.htm,1620592855,16:40:55,20210509
48,2008-12-31,GTLS,USD,2009-02-25,2009-02-25 17:30:08,Q4,187474000,130190000,57284000.0,0.3055570372424976,0.0,24648000.0,0.0,0.0,21626000.0,151816000,0.0,5467000.0,41125000.0,0.21936375177357928,35658000.0,0.1902023747292958,-3932000.0,27692000.0,0.14771114927936674,5918000.0,21674000.0,0.11561069801679166,0.762712460850899,0.762712460850899,28417000.0,28417000.0,https://www.sec.gov/Archives/edgar/data/892553/000119312509037557/0001193125-09-037557-index.htm,https://www.sec.gov/Archives/edgar/data/892553/000119312509037557/d10k.htm,1620592855,16:40:55,20210509
49,2008-09-30,GTLS,USD,2008-10-31,2008-10-31 14:10:24,Q3,188808000,122644000,66164000.0,0.350430066522605,0.0,26780000.0,0.0,0.0,29510000.0,152154000,0.0,5668000.0,42322000.0,0.2241536375577306,36654000.0,0.19413372314732427,-2660000.0,29352000.0,0.15545951442735478,8806000.0,20402000.0,0.108056861997373,0.72,0.7,28383000.0,29147000.0,https://www.sec.gov/Archives/edgar/data/892553/000095015208008508/0000950152-08-008508-index.htm,https://www.sec.gov/Archives/edgar/data/892553/000095015208008508/l34261ae10vq.htm,1620592855,16:40:55,20210509
50,2008-06-30,GTLS,USD,2008-07-31,2008-07-31 17:01:53,Q2,197752000,133752000,64000000.0,0.323637687608722,0.0,26345000.0,0.0,0.0,29167000.0,162919000,0.0,4885000.0,39718000.0,0.20084752619442534,34833000.0,0.17614486831991585,1050000.0,31351000.0,0.15853695537845383,9192000.0,22192000.0,0.11222136817832437,0.78,0.76,28343000.0,29100000.0,https://www.sec.gov/Archives/edgar/data/892553/000095015208005859/0000950152-08-005859-index.htm,https://www.sec.gov/Archives/edgar/data/892553/000095015208005859/l32683ae10vq.htm,1620592855,16:40:55,20210509
51,2008-03-31,GTLS,USD,2008-05-01,2008-05-01 16:31:48,Q1,170329000,118388000,51941000.0,0.3049451355905336,0.0,23075000.0,0.0,0.0,25733000.0,144121000,0.0,5293000.0,31501000.0,0.1849420826752931,26208000.0,0.15386692812145905,150000.0,21200000.0,0.12446500595905571,6573000.0,14656000.0,0.08604524185546794,0.52,0.51,28252000.0,28959000.0,https://www.sec.gov/Archives/edgar/data/892553/000095015208003320/0000950152-08-003320-index.htm,https://www.sec.gov/Archives/edgar/data/892553/000095015208001529/l29877ae10vk.htm,1620592855,16:40:55,20210509
52,2007-12-31,GTLS,USD,2008-02-28,2008-02-28 17:24:45,Q4,182675000,129641000,53034000.0,0.29031887231421927,0.0,23683000.0,0.0,0.0,26283000.0,155924000,0.0,5449000.0,32200000.0,0.17626933077870535,26751000.0,0.1464403996168058,-236000.0,21290000.0,0.11654577802107569,4951000.0,16418000.0,0.08987546188586287,0.5811269998584171,0.5811269998584171,28252000.0,28252000.0,https://www.sec.gov/Archives/edgar/data/892553/000095015208001529/0000950152-08-001529-index.htm,https://www.sec.gov/Archives/edgar/data/892553/000095015208001529/l29877ae10vk.htm,1620592855,16:40:55,20210509
53,2007-09-30,GTLS,USD,2007-11-13,2007-11-13 16:40:05,Q3,163670000,118280000,45390000.0,0.2773263273660414,0.0,20769000.0,0.0,0.0,23841000.0,142121000,0.0,4909000.0,26458000.0,0.16165454878719374,21549000.0,0.1316612696279098,-61000.0,16406000.0,0.10023828435266084,4312000.0,12112000.0,0.0740025661391825,0.44,0.42,27671000.0,28665000.0,https://www.sec.gov/Archives/edgar/data/892553/000095015207008982/0000950152-07-008982-index.htm,https://www.sec.gov/Archives/edgar/data/892553/000095015207008982/l28820ae10vq.htm,1620592855,16:40:55,20210509
54,2007-06-30,GTLS,USD,2007-08-13,2007-08-13 17:18:54,Q2,167587000,116329000,51258000.0,0.30585904634607697,0.0,28753000.0,0.0,0.0,31459000.0,147788000,0.0,5003000.0,24802000.0,0.14799477286424365,19799000.0,0.11814162196351746,-759000.0,12732000.0,0.0759724799656298,4343000.0,8448000.0,0.050409637979079526,0.3233560437877976,0.31773732510907177,26126000.0,26588000.0,https://www.sec.gov/Archives/edgar/data/892553/000095015207006790/0000950152-07-006790-index.htm,https://www.sec.gov/Archives/edgar/data/892553/000095015207006790/l27524ae10vq.htm,1620592855,16:40:55,20210509
55,2007-03-31,GTLS,USD,2007-05-14,2007-05-14 17:11:05,Q1,152463000,112604000,39859000.0,0.26143392167279933,0.0,19445000.0,0.0,0.0,22473000.0,135077000,0.0,4991000.0,22377000.0,0.14677003600873656,17386000.0,0.11403422469713963,255000.0,10891000.0,0.07143372490374714,3713000.0,7178000.0,0.04708027521431429,0.28034682080924855,0.2781092599767532,25604000.0,25810000.0,https://www.sec.gov/Archives/edgar/data/892553/000095015207004421/0000950152-07-004421-index.htm,https://www.sec.gov/Archives/edgar/data/892553/000095015207002173/l25046ae10vk.htm,1620592855,16:40:55,20210509
56,2006-12-31,GTLS,USD,2007-03-15,2007-03-15 17:18:26,Q4,144422000,102043000,42379000.0,0.2934386727783856,0.0,19238000.0,0.0,0.0,23291000.0,125334000,0.0,6066000.0,25154000.0,0.17417014028333633,19088000.0,0.1321682292171553,660000.0,13139000.0,0.09097644403207268,4182000.0,8609000.0,0.059610031712619964,0.3362365255428839,0.3362365255428839,25604000.0,25604000.0,https://www.sec.gov/Archives/edgar/data/892553/000095015207002173/0000950152-07-002173-index.htm,https://www.sec.gov/Archives/edgar/data/892553/000095015207002173/l25046ae10vk.htm,1620592855,16:40:55,20210509
57,2006-09-30,GTLS,USD,2006-11-14,2006-11-14 13:23:22,Q3,142825000,103385000,39440000.0,0.27614213197969545,0.0,18208000.0,0.0,0.0,22498000.0,125883000,0.0,6038000.0,22980000.0,0.16089620164537022,16942000.0,0.11862068965517242,-47000.0,10377000.0,0.07265534745317696,3372000.0,6932000.0,0.04853492035708034,0.3424055322301803,0.3398372389449946,20245000.0,20398000.0,https://www.sec.gov/Archives/edgar/data/892553/000095015206009369/0000950152-06-009369-index.htm,https://www.sec.gov/Archives/edgar/data/892553/000095015206009369/l23250ae10vq.htm,1620592855,16:40:55,20210509
58,2006-06-30,GTLS,USD,2006-08-21,2006-08-21 17:22:26,Q2,129367000,93254000,36113000.0,0.27915156106271305,0.0,21221000.0,0.0,0.0,21221000.0,114475000,0.0,5151000.0,20043000.0,0.15493131942458277,14892000.0,0.11511436455974089,-66000.0,7871000.0,0.06084240957894981,2510000.0,5308000.0,0.04103055647885473,0.56,0.5,9540000.0,10636000.0,https://www.sec.gov/Archives/edgar/data/892553/000095015206007144/0000950152-06-007144-index.htm,https://www.sec.gov/Archives/edgar/data/892553/000095015206007144/l22010ae10vq.htm,1620592855,16:40:55,20210509
59,2006-03-31,GTLS,USD,2006-03-31,2006-03-31,Q1,120840000,83853000,36987000.0,0.3060824230387289,0.0,0.0,0.0,0.0,21039000.0,104892000,0.0,5194000.0,21142000.0,0.17495862297252565,15948000.0,0.13197616683217478,-14000.0,6039000.0,0.04997517378351539,2980000.0,6045000.0,0.05002482621648461,0.76,0.73,7952000.0,8285000.0,,,1620592855,16:40:55,20210509
60,2005-12-31,GTLS,USD,2005-12-31,2005-12-31,Q4,-193026000,-130014000,-63012000.0,0.326443069845513,0.0,0.0,0.0,0.0,-30491000.0,-160505000,0.0,-1574000.0,-34095000.0,0.17663423580243076,-32521000.0,0.16847989390030357,241000.0,-34141000.0,0.17687254566742305,-11921000.0,-22187000.0,0.1149430646648638,0.0,0.0,0.0,0.0,,,1620592855,16:40:55,20210509
61,2005-09-30,GTLS,USD,2005-09-30,2005-09-30,Q3,105787000,75686000,30101000.0,0.28454346942440945,0.0,0.0,0.0,0.0,17595000.0,93281000,0.0,2018000.0,14524000.0,0.13729475266337074,12506000.0,0.11821868471551325,-402000.0,10791000.0,0.10200686284704169,3534000.0,7228000.0,0.06832597578152325,1.35,1.28,5372000.0,5626000.0,,,1620592855,16:40:55,20210509
62,2005-06-30,GTLS,USD,2005-08-12,2005-08-12 15:46:26,Q2,99721000,70049000,29672000.0,0.29755016496023906,0.0,15501000.0,0.0,0.0,15702000.0,85751000,0.0,2008000.0,15978000.0,0.16022703342325087,13970000.0,0.14009085348121258,1102000.0,13446000.0,0.13483619297840976,4875000.0,8536000.0,0.08559882070978028,1.59,1.51,5360000.0,5635000.0,https://www.sec.gov/Archives/edgar/data/892553/000119312505166890/0001193125-05-166890-index.htm,https://www.sec.gov/Archives/edgar/data/892553/000119312505166890/d10q.htm,1620592855,16:40:55,20210509
63,2005-03-31,GTLS,USD,2005-05-16,2005-05-16 11:57:04,Q1,85170000,60532000,24638000.0,0.289280263003405,0.0,14401000.0,0.0,0.0,15005000.0,75537000,0.0,1944000.0,11577000.0,0.13592814371257486,9633000.0,0.11310320535399788,17000.0,8627000.0,0.10129153457790302,3071000.0,5535000.0,0.06498767171539274,1.03,0.99,5358000.0,5609000.0,https://www.sec.gov/Archives/edgar/data/892553/000119312505108371/0001193125-05-108371-index.htm,https://www.sec.gov/Archives/edgar/data/892553/000119312505065286/d10k.htm,1620592855,16:40:55,20210509
64,2004-12-31,GTLS,USD,2005-03-30,2005-03-30 17:26:14,Q4,85749000,59597000,26152000.0,0.3049831484915276,0.0,13699000.0,0.0,0.0,14510000.0,74107000,0.0,1937000.0,13579000.0,0.15835753186626084,11642000.0,0.13576834715273647,615000.0,11122000.0,0.12970413649138765,3718000.0,7419000.0,0.08651995941643634,1.3846584546472565,1.3846584546472565,5358000.0,5358000.0,https://www.sec.gov/Archives/edgar/data/892553/000119312505065286/0001193125-05-065286-index.htm,https://www.sec.gov/Archives/edgar/data/892553/000119312505065286/d10k.htm,1620592855,16:40:55,20210509
65,2004-09-30,GTLS,USD,2004-11-12,2004-11-12 15:52:55,Q3,76380000,52693000,23687000.0,0.31012045037968056,0.0,13576000.0,0.0,0.0,14194000.0,66887000,0.0,2170000.0,11663000.0,0.15269704111023827,9493000.0,0.12428646242471851,-119000.0,8235000.0,0.10781618224666142,1296000.0,6924000.0,0.09065200314218382,1.29,1.24,5357000.0,5565000.0,https://www.sec.gov/Archives/edgar/data/892553/000119312504195291/0001193125-04-195291-index.htm,https://www.sec.gov/Archives/edgar/data/892553/000119312504195291/d10q.htm,1620592855,16:40:55,20210509
66,2004-06-30,GTLS,USD,2004-08-13,2004-08-13 17:20:30,Q2,74665000,52529000,22136000.0,0.2964709033683788,0.0,13087000.0,0.0,0.0,13863000.0,66392000,0.0,2192000.0,10465000.0,0.14015937855755708,8273000.0,0.11080158039241947,-137000.0,6946000.0,0.09302886225138954,2674000.0,4223000.0,0.0565592981986205,0.79,0.77,5354000.0,5507000.0,https://www.sec.gov/Archives/edgar/data/892553/000119312504140650/0001193125-04-140650-index.htm,https://www.sec.gov/Archives/edgar/data/892553/000119312504140650/d10q.htm,1620592855,16:40:55,20210509
67,2004-03-31,GTLS,USD,2004-05-13,2004-05-13 12:53:34,Q1,68782000,46951000,21831000.0,0.31739408566194643,0.0,13012000.0,0.0,0.0,14027000.0,60978000,0.0,2191000.0,9995000.0,0.1453141810357361,7804000.0,0.1134599168387078,21000.0,6529000.0,0.0949230903434038,2446000.0,4034000.0,0.05864906516239714,0.7559970014992504,0.7530334142243793,5336000.0,5357000.0,https://www.sec.gov/Archives/edgar/data/892553/000119312504087133/0001193125-04-087133-index.htm,https://www.sec.gov/Archives/edgar/data/892553/000119312504053838/d10k.htm,1620592855,16:40:55,20210509
68,2003-12-31,GTLS,USD,2004-03-30,2004-03-30 15:52:55,Q4,68570000,52509000,16061000.0,0.23422779641242525,0.0,14147000.0,0.0,0.0,15198000.0,67707000,0.0,2225000.0,3088000.0,0.0450342715473239,863000.0,0.012585678868309757,453000.0,-74000.0,-0.0010791891497739536,4875000.0,-4969000.0,-0.07246609304360507,-0.9312218890554723,-0.9312218890554723,5336000.0,5336000.0,https://www.sec.gov/Archives/edgar/data/892553/000119312504053838/0001193125-04-053838-index.htm,https://www.sec.gov/Archives/edgar/data/892553/000119312504053838/d10k.htm,1620592855,16:40:55,20210509
69,2003-09-30,GTLS,USD,2003-11-19,2003-11-19 15:28:35,Q3,63232000,44552000,18680000.0,0.29542004048583,0.0,11908000.0,0.0,0.0,11717000.0,56269000,0.0,2511000.0,9474000.0,0.1498292004048583,6963000.0,0.11011829453441295,9036000.0,15211000.0,0.24055857793522267,-3481000.0,18654000.0,0.29500885627530365,0.7,0.698887,26627000.0,26691000.0,https://www.sec.gov/Archives/edgar/data/892553/000119312503083902/0001193125-03-083902-index.htm,https://www.sec.gov/Archives/edgar/data/892553/000119312503083902/d10q.htm,1620592855,16:40:55,20210509
70,2003-06-30,GTLS,USD,2003-06-30,2003-06-30,Q2,71841000,50838000,21003000.0,0.29235394830250133,0.0,0.0,0.0,0.0,17806000.0,68644000,0.0,2489000.0,5686000.0,0.07914700519202127,3197000.0,0.0445010509319191,-72000.0,-1983000.0,-0.027602622457927925,1119000.0,-2661000.0,-0.037040130287718714,-0.1,-0.1,26504000.0,26504000.0,,,1620592855,16:40:55,20210509
71,2003-03-31,GTLS,USD,2003-05-15,2003-05-15 14:39:46,Q1,66239000,49169000,17070000.0,0.2577031658086626,0.0,15407000.0,0.0,0.0,29858000.0,79027000,0.0,2607000.0,-10181000.0,-0.15370099186279987,-12788000.0,-0.19305847008559912,-863000.0,-17666000.0,-0.266700886184876,409000.0,-18078000.0,-0.27292078684762755,-0.7,-0.7,25867000.0,25867000.0,https://www.sec.gov/Archives/edgar/data/892553/000102140803007905/0001021408-03-007905-index.htm,https://www.sec.gov/Archives/edgar/data/892553/000102140803006133/d10k.htm,1620592855,16:40:55,20210509
72,2002-12-31,GTLS,USD,2003-04-15,2003-04-15 17:16:39,Q4,75171000,55376000,19795000.0,0.2633329342432587,0.0,22888000.0,0.0,0.0,125684000.0,181060000,0.0,3032000.0,-102857000.0,-1.3683069268733954,-105889000.0,-1.4086416304159848,-1646000.0,-112063000.0,-1.4907743677748069,-7394000.0,-126969000.0,-1.6890689228558886,-4.908532106545019,-4.908532106545019,25867000.0,25867000.0,https://www.sec.gov/Archives/edgar/data/892553/000102140803006133/0001021408-03-006133-index.htm,https://www.sec.gov/Archives/edgar/data/892553/000102140803006133/d10k.htm,1620592855,16:40:55,20210509
73,2002-09-30,GTLS,USD,2002-11-14,2002-11-13 21:12:58,Q3,74225000,55073000,19152000.0,0.25802627147187607,0.0,13558000.0,0.0,0.0,15630000.0,70703000,0.0,3047000.0,6569000.0,0.08850117884809701,3522000.0,0.0474503199730549,-1339000.0,-2146000.0,-0.028912091613337826,-1447000.0,-722000.0,-0.009727180868979455,-0.03,-0.03,25129000.0,25129000.0,https://www.sec.gov/Archives/edgar/data/892553/000102140802013967/0001021408-02-013967-index.htm,https://www.sec.gov/Archives/edgar/data/892553/000102140802013967/d10q.htm,1620592855,16:40:55,20210509
74,2002-06-30,GTLS,USD,2002-08-14,2002-08-14 17:54:49,Q2,79180000,58589000,20591000.0,0.2600530436979035,0.0,15049000.0,0.0,0.0,15044000.0,73633000,0.0,2860000.0,8407000.0,0.1061758019701945,5547000.0,0.07005556958827987,-332000.0,549000.0,0.006933569083101793,234000.0,359000.0,0.00453397322556201,0.014388200873712476,0.014336488159418554,24951000.0,25041000.0,https://www.sec.gov/Archives/edgar/data/892553/000102140802010993/0001021408-02-010993-index.htm,https://www.sec.gov/Archives/edgar/data/892553/000102140802010993/d10q.htm,1620592855,16:40:55,20210509
75,2002-03-31,GTLS,USD,2002-05-13,2002-05-13 15:54:17,Q1,67708000,50949000,16759000.0,0.24751875701541914,0.0,16317000.0,0.0,0.0,17351000.0,68300000,0.0,2770000.0,2178000.0,0.03216754297867313,-592000.0,-0.008743427659951557,-1256000.0,-5937000.0,-0.08768535475866958,-2529000.0,-3453000.0,-0.0509984049152242,-0.14,-0.14,24849000.0,24849000.0,https://www.sec.gov/Archives/edgar/data/892553/000102140802006732/0001021408-02-006732-index.htm,https://www.sec.gov/Archives/edgar/data/892553/000102140802006732/d10q.htm,1620592855,16:40:55,20210509
76,2001-12-31,GTLS,USD,2002-04-01,2002-04-01,Q4,73566000,56985000,16581000.0,0.22538944621156512,0.0,0.0,0.0,0.0,17155000.0,74140000,0.0,4477000.0,3903000.0,0.05305440013049507,-574000.0,-0.007802517467308268,-198000.0,-4896000.0,-0.06655248348421826,-942000.0,-3969000.0,-0.05395155370687546,0.0,0.0,0.0,0.0,https://www.sec.gov/Archives/edgar/data/892553/000102140802004634/0001021408-02-004634-index.htm,https://www.sec.gov/Archives/edgar/data/892553/000102140802004634/d10k405.txt,1620592855,16:40:55,20210509
77,2001-09-30,GTLS,USD,2001-11-09,2001-11-09 00:00:00,Q3,80595000,59415000,21180000.0,0.26279545877535826,0.0,14106000.0,0.0,0.0,15447000.0,74862000,0.0,4617000.0,10350000.0,0.12841987716359576,5733000.0,0.07113344500279174,-1078000.0,-614000.0,-0.007618338606613313,506000.0,-1170000.0,-0.014517029592406477,-0.05,-0.05,24634000.0,24634000.0,https://www.sec.gov/Archives/edgar/data/892553/000095010901504859/0000950109-01-504859-index.htm,https://www.sec.gov/Archives/edgar/data/892553/000095010901504859/d10q.htm,1620592855,16:40:55,20210509
78,2001-06-30,GTLS,USD,2001-08-08,2001-08-08 00:00:00,Q2,84797000,63266000,21531000.0,0.25391228463271104,0.0,12827000.0,0.0,0.0,15537000.0,78803000,0.0,4222000.0,10216000.0,0.12047596023444225,5994000.0,0.07068646296449167,0.0,-139000.0,-0.0016392089342783353,260000.0,-424000.0,-0.005000176893050462,-0.02,-0.02,24534000.0,24534000.0,https://www.sec.gov/Archives/edgar/data/892553/000095010901502656/0000950109-01-502656-index.htm,https://www.sec.gov/Archives/edgar/data/892553/000095010901502656/d10q.htm,1620592855,16:40:55,20210509
79,2001-03-31,GTLS,USD,2001-03-31,2001-03-31,Q1,89032000,61963000,27069000.0,0.30403675083116183,0.0,0.0,0.0,0.0,18856000.0,80819000,0.0,4871000.0,13084000.0,0.1469583969808608,8213000.0,0.09224773115284392,0.0,1088000.0,0.01222032527630515,574000.0,405000.0,0.004548926228771678,0.02,0.02,24382000.0,24612000.0,,,1620592855,16:40:55,20210509
80,2000-12-31,GTLS,USD,2001-03-16,2001-03-16,Q4,89772000,64107000,25665000.0,0.2858909236733057,0.0,0.0,0.0,0.0,15860000.0,79967000,0.0,3820000.0,13625000.0,0.15177338145524216,9805000.0,0.10922113799402931,61000.0,2890000.0,0.03219266586463485,1624000.0,1211000.0,0.013489729537049414,0.0,0.0,0.0,0.0,https://www.sec.gov/Archives/edgar/data/892553/000102140801001739/0001021408-01-001739-index.htm,https://www.sec.gov/Archives/edgar/data/892553/000102140801001739/0001021408-01-001739-0001.htm,1620592855,16:40:55,20210509
81,2000-09-30,GTLS,USD,2000-09-30,2000-09-30,Q3,88012000,61061000,26951000.0,0.3062196064173067,0.0,0.0,0.0,0.0,17445000.0,78506000,0.0,4586000.0,14092000.0,0.16011452983684044,9506000.0,0.10800799890923965,0.0,2489000.0,0.028280234513475434,1435000.0,1038000.0,0.011793846293687224,0.04,0.04,24108000.0,24403000.0,,,1620592855,16:40:55,20210509
82,2000-06-30,GTLS,USD,2000-06-30,2000-06-30,Q2,78924000,55271000,23653000.0,0.2996933759059348,0.0,0.0,0.0,0.0,16518000.0,71789000,0.0,4616000.0,11751000.0,0.1488900714611525,7135000.0,0.09040342608078658,0.0,689000.0,0.008729917388880442,340000.0,291000.0,0.003687091379048198,0.01,0.01,24061000.0,24226000.0,,,1620592855,16:40:55,20210509
83,2000-03-31,GTLS,USD,2000-03-31,2000-03-31,Q1,68992000,49232000,19760000.0,0.2864100185528757,0.0,0.0,0.0,0.0,14673000.0,63905000,0.0,4842000.0,9929000.0,0.14391523654916513,5087000.0,0.07373318645640074,366000.0,-784000.0,-0.011363636363636364,-451000.0,-385000.0,-0.005580357142857143,-0.02,-0.02,23899000.0,23899000.0,,,1620592855,16:40:55,20210509
84,1999-12-31,GTLS,USD,1999-12-31,1999-12-31,Q4,79537000,65556000,13981000.0,0.1757798257414788,0.0,0.0,0.0,0.0,29235000.0,94791000,0.0,28509000.0,13255000.0,0.16665199844097717,-15254000.0,-0.19178495542954851,25223000.0,3915000.0,0.04922237449237462,2006000.0,1620000.0,0.020367879100292946,0.0,0.0,0.0,0.0,,,1620592855,16:40:55,20210509
85,1999-09-30,GTLS,USD,1999-09-30,1999-09-30,Q3,84100000,59400000,24700000.0,0.29369797859690844,0.0,0.0,0.0,0.0,19600000.0,79000000,0.0,5200000.0,10300000.0,0.12247324613555291,5100000.0,0.06064209274673008,-9000000.0,-9400000.0,-0.1117717003567182,-500000.0,-8900000.0,-0.10582639714625446,-0.932914,-0.932914,9540000.0,10636000.0,,,1620592855,16:40:55,20210509
86,1999-06-30,GTLS,USD,1999-06-30,1999-06-30,Q2,84700000,59900000,24800000.0,0.29279811097992914,0.0,0.0,0.0,0.0,19100000.0,79000000,0.0,4500000.0,10200000.0,0.1204250295159386,5700000.0,0.06729634002361275,-25500000.0,-24000000.0,-0.2833530106257379,100000.0,-31900000.0,-0.37662337662337664,-3.343816,-3.343816,9540000.0,10636000.0,,,1620592855,16:40:55,20210509
87,1999-03-31,GTLS,USD,1999-03-31,1999-03-31,Q1,44600000,30500000,14100000.0,0.31614349775784756,0.0,0.0,0.0,0.0,9400000.0,39900000,0.0,1800000.0,6500000.0,0.14573991031390135,4700000.0,0.10538116591928251,0.0,4400000.0,0.09865470852017937,1500000.0,2900000.0,0.06502242152466367,0.303983,0.272659,9540000.0,10636000.0,,,1620592855,16:40:55,20210509
88,1998-12-31,GTLS,USD,1998-12-31,1998-12-31,Q4,58423000,45766000,12657000.0,0.21664412988035534,0.0,0.0,0.0,0.0,2902000.0,48668000,0.0,11826000.0,21581000.0,0.3693921914314568,9755000.0,0.16697191174708592,0.0,9654000.0,0.16524314054396386,3339000.0,6315000.0,0.10809099156154255,0.0,0.0,0.0,0.0,,,1620592855,16:40:55,20210509
89,1998-09-30,GTLS,USD,1998-09-30,1998-09-30,Q3,57800000,36700000,21100000.0,0.36505190311418684,0.0,0.0,0.0,0.0,10600000.0,47300000,0.0,1400000.0,11900000.0,0.20588235294117646,10500000.0,0.18166089965397925,0.0,10100000.0,0.17474048442906576,3400000.0,6700000.0,0.11591695501730104,0.702306,0.629936,9540000.0,10636000.0,,,1620592855,16:40:55,20210509
90,1998-06-30,GTLS,USD,1998-06-30,1998-06-30,Q2,57000000,34900000,22100000.0,0.387719298245614,0.0,0.0,0.0,0.0,10500000.0,45400000,0.0,2100000.0,13700000.0,0.24035087719298245,11600000.0,0.20350877192982456,0.0,11000000.0,0.19298245614035087,3800000.0,7200000.0,0.12631578947368421,0.754717,0.676946,9540000.0,10636000.0,,,1620592855,16:40:55,20210509
91,1998-03-31,GTLS,USD,1998-03-31,1998-03-31,Q1,56100000,34400000,21700000.0,0.3868092691622103,0.0,0.0,0.0,0.0,9400000.0,43800000,0.0,1300000.0,13600000.0,0.24242424242424243,12300000.0,0.2192513368983957,200000.0,12400000.0,0.22103386809269163,4500000.0,7900000.0,0.1408199643493761,0.828092,0.74276,9540000.0,10636000.0,,,1620592855,16:40:55,20210509
92,1997-12-31,GTLS,USD,1997-12-31,1997-12-31,Q4,56149000,39609000,16540000.0,0.2945733672906018,0.0,0.0,0.0,0.0,4706000.0,44315000,0.0,5911000.0,17745000.0,0.3160341234928494,11834000.0,0.21076065468663735,0.0,11784000.0,0.20987016687741544,4157000.0,7627000.0,0.13583501041870738,0.0,0.0,0.0,0.0,,,1620592855,16:40:55,20210509
93,1997-09-30,GTLS,USD,1997-09-30,1997-09-30,Q3,51900000,34300000,17600000.0,0.33911368015414256,0.0,0.0,0.0,0.0,8400000.0,42700000,0.0,1000000.0,10200000.0,0.19653179190751446,9200000.0,0.17726396917148363,0.0,9000000.0,0.17341040462427745,3200000.0,5800000.0,0.11175337186897881,0.607966,0.545318,9540000.0,10636000.0,,,1620592855,16:40:55,20210509
94,1997-06-30,GTLS,USD,1997-06-30,1997-06-30,Q2,41800000,27600000,14200000.0,0.3397129186602871,0.0,0.0,0.0,0.0,7000000.0,34600000,0.0,700000.0,7900000.0,0.18899521531100477,7200000.0,0.1722488038277512,0.0,7100000.0,0.16985645933014354,2400000.0,4700000.0,0.11244019138755981,0.492662,0.441895,9540000.0,10636000.0,,,1620592855,16:40:55,20210509
95,1997-03-31,GTLS,USD,1997-03-31,1997-03-31,Q1,42400000,29600000,12800000.0,0.3018867924528302,0.0,0.0,0.0,0.0,6100000.0,35700000,0.0,700000.0,7400000.0,0.17452830188679244,6700000.0,0.1580188679245283,0.0,6800000.0,0.16037735849056603,2300000.0,4500000.0,0.10613207547169812,0.471698,0.423091,9540000.0,10636000.0,,,1620592855,16:40:55,20210509
96,1996-12-31,GTLS,USD,1996-12-31,1996-12-31,Q4,45100000,33298000,11802000.0,0.2616851441241685,0.0,0.0,0.0,0.0,5045000.0,38343000,0.0,4808000.0,11565000.0,0.256430155210643,6757000.0,0.14982261640798225,0.0,6734000.0,0.14931263858093127,2305000.0,4429000.0,0.0982039911308204,0.0,0.0,0.0,0.0,,,1620592855,16:40:55,20210509
97,1996-09-30,GTLS,USD,1996-09-30,1996-09-30,Q3,38000000,26000000,12000000.0,0.3157894736842105,0.0,0.0,0.0,0.0,6000000.0,32000000,0.0,700000.0,6700000.0,0.1763157894736842,6000000.0,0.15789473684210525,0.0,5800000.0,0.15263157894736842,2000000.0,3800000.0,0.1,0.398323,0.357277,9540000.0,10636000.0,,,1620592855,16:40:55,20210509
98,1996-06-30,GTLS,USD,1996-06-30,1996-06-30,Q2,30600000,20100000,10500000.0,0.3431372549019608,0.0,0.0,0.0,0.0,5100000.0,25200000,0.0,700000.0,6100000.0,0.19934640522875818,5400000.0,0.17647058823529413,0.0,5200000.0,0.16993464052287582,1700000.0,3500000.0,0.11437908496732026,0.366876,0.329071,9540000.0,10636000.0,,,1620592855,16:40:55,20210509
99,1996-03-31,GTLS,USD,1996-03-31,1996-03-31,Q1,34700000,24000000,10700000.0,0.30835734870317005,0.0,0.0,0.0,0.0,5600000.0,29600000,0.0,700000.0,5800000.0,0.16714697406340057,5100000.0,0.14697406340057637,0.0,4900000.0,0.14121037463976946,1700000.0,3200000.0,0.09221902017291066,0.33543,0.300865,9540000.0,10636000.0,,,1620592855,16:40:55,20210509
100,1995-12-31,GTLS,USD,1995-12-31,1995-12-31,Q4,31000000,21400000,9600000.0,0.3096774193548387,0.0,0.0,0.0,0.0,5300000.0,26700000,0.0,600000.0,4900000.0,0.15806451612903225,4300000.0,0.13870967741935483,0.0,3900000.0,0.12580645161290321,1300000.0,2600000.0,0.08387096774193549,0.0,0.0,0.0,0.0,,,1620592855,16:40:55,20210509
101,1995-09-30,GTLS,USD,1995-09-30,1995-09-30,Q3,26700000,18800000,7900000.0,0.2958801498127341,0.0,0.0,0.0,0.0,4500000.0,23300000,0.0,700000.0,4100000.0,0.15355805243445692,3400000.0,0.12734082397003746,0.0,3000000.0,0.11235955056179775,900000.0,2100000.0,0.07865168539325842,0.220126,0.197443,9540000.0,10636000.0,,,1620592855,16:40:55,20210509
102,1995-06-30,GTLS,USD,1995-06-30,1995-06-30,Q2,29200000,20600000,8600000.0,0.2945205479452055,0.0,0.0,0.0,0.0,5400000.0,26000000,0.0,700000.0,3900000.0,0.13356164383561644,3200000.0,0.1095890410958904,0.0,2600000.0,0.08904109589041095,1000000.0,1600000.0,0.0547945205479452,0.167715,0.150432,9540000.0,10636000.0,,,1620592855,16:40:55,20210509
103,1995-03-31,GTLS,USD,1995-03-31,1995-03-31,Q1,25500000,18200000,7300000.0,0.28627450980392155,0.0,0.0,0.0,0.0,5600000.0,23800000,0.0,700000.0,2400000.0,0.09411764705882353,1700000.0,0.06666666666666667,0.0,1300000.0,0.050980392156862744,500000.0,800000.0,0.03137254901960784,0.083857,0.075216,9540000.0,10636000.0,,,1620592855,16:40:55,20210509
104,1994-12-31,GTLS,USD,1994-12-31,1994-12-31,Q4,24200000,19700000,4500000.0,0.1859504132231405,0.0,0.0,0.0,0.0,3400000.0,23100000,0.0,1000000.0,2100000.0,0.08677685950413223,1100000.0,0.045454545454545456,0.0,700000.0,0.028925619834710745,300000.0,400000.0,0.01652892561983471,0.0,0.0,0.0,0.0,,,1620592855,16:40:55,20210509
105,1994-09-30,GTLS,USD,1994-09-30,1994-09-30,Q3,18800000,15100000,3700000.0,0.19680851063829788,0.0,0.0,0.0,0.0,2900000.0,18000000,0.0,600000.0,1400000.0,0.07446808510638298,800000.0,0.0425531914893617,0.0,500000.0,0.026595744680851064,200000.0,300000.0,0.015957446808510637,0.031447,0.028206,9540000.0,10636000.0,,,1620592855,16:40:55,20210509
106,1994-06-30,GTLS,USD,1994-06-30,1994-06-30,Q2,20000000,16000000,4000000.0,0.2,0.0,0.0,0.0,0.0,7300000.0,23300000,0.0,500000.0,-2800000.0,-0.14,-3300000.0,-0.165,0.0,-3500000.0,-0.175,-1300000.0,-2200000.0,-0.11,-0.230608,-0.230608,9540000.0,10636000.0,,,1620592855,16:40:55,20210509
107,1994-03-31,GTLS,USD,1994-03-31,1994-03-31,Q1,21300000,17300000,4000000.0,0.18779342723004694,0.0,0.0,0.0,0.0,4100000.0,21400000,0.0,600000.0,500000.0,0.023474178403755867,-100000.0,-0.004694835680751174,0.0,-200000.0,-0.009389671361502348,-100000.0,-100000.0,-0.004694835680751174,-0.010482,-0.010482,9540000.0,10636000.0,,,1620592855,16:40:55,20210509
108,1993-12-31,GTLS,USD,1993-12-31,1993-12-31,Q4,18300000,15000000,3300000.0,0.18032786885245902,0.0,0.0,0.0,0.0,4000000.0,19000000,0.0,300000.0,-400000.0,-0.02185792349726776,-700000.0,-0.03825136612021858,0.0,-800000.0,-0.04371584699453552,-300000.0,-500000.0,-0.0273224043715847,-0.05241090146750524,-0.05241090146750524,9540000.0,9540000.0,,,1620592855,16:40:55,20210509
109,1993-09-30,GTLS,USD,1993-09-30,1993-09-30,Q3,21400000,16600000,4800000.0,0.22429906542056074,0.0,0.0,0.0,0.0,4800000.0,21400000,0.0,500000.0,500000.0,0.02336448598130841,0.0,0.0,0.0,0.0,0.0,0.0,-200000.0,-0.009345794392523364,-0.020964,-0.020964,9540000.0,10636000.0,,,1620592855,16:40:55,20210509
110,1993-06-30,GTLS,USD,1993-06-30,1993-06-30,Q2,23200000,16000000,7200000.0,0.3103448275862069,0.0,0.0,0.0,0.0,5200000.0,21200000,0.0,800000.0,2800000.0,0.1206896551724138,2000000.0,0.08620689655172414,0.0,1800000.0,0.07758620689655173,600000.0,1200000.0,0.05172413793103448,0.125786,0.112824,9540000.0,10636000.0,,,1620592855,16:40:55,20210509
111,1993-03-31,GTLS,USD,1993-03-31,1993-03-31,Q1,20800000,16300000,4500000.0,0.21634615384615385,0.0,0.0,0.0,0.0,4000000.0,20300000,0.0,500000.0,1000000.0,0.04807692307692308,500000.0,0.02403846153846154,0.0,300000.0,0.014423076923076924,100000.0,200000.0,0.009615384615384616,0.020964,0.018804,9540000.0,10636000.0,,,1620592855,16:40:55,20210509
