,date,symbol,reportedCurrency,fillingDate,acceptedDate,period,revenue,costOfRevenue,grossProfit,grossProfitRatio,researchAndDevelopmentExpenses,generalAndAdministrativeExpenses,sellingAndMarketingExpenses,otherExpenses,operatingExpenses,costAndExpenses,interestExpense,depreciationAndAmortization,ebitda,ebitdaratio,operatingIncome,operatingIncomeRatio,totalOtherIncomeExpensesNet,incomeBeforeTax,incomeBeforeTaxRatio,incomeTaxExpense,netIncome,netIncomeRatio,eps,epsdiluted,weightedAverageShsOut,weightedAverageShsOutDil,link,finalLink,timestamp,est_time,est_date
0,2021-03-31,ALBO,USD,2021-05-06,2021-05-06 09:10:49,Q1,1966000.0,0.0,1966.0,0.001,19943000.0,15273000.0,0.0,6528.0,41744000.0,41744000.0,3955000.0,115000.0,75222.0,0.03826144455747711,-39778.0,-0.02023296032553408,0.0,-43733.0,-0.022244659206510684,0.0,-43733.0,-0.022244659206510684,-2.2917300630934516,-2.2917300630934516,19082963.0,19082963.0,https://www.sec.gov/Archives/edgar/data/1322505/000155837021006101/0001558370-21-006101-index.htm,https://www.sec.gov/Archives/edgar/data/1322505/000155837021006101/albo-20210331x10q.htm,1620586476,14:54:36,20210509
1,2020-12-31,ALBO,USD,2021-02-25,2021-02-25 08:45:01,Q4,2716000.0,0.0,2716000.0,1.0,20050000.0,14158000.0,0.0,-10018000.0,24118000.0,24118000.0,3397000.0,73000.0,-21329000.0,-7.853092783505154,-21402000.0,-7.879970544918999,-10018000.0,-24799000.0,-9.130706921944036,0.0,-24799000.0,-9.130706921944036,-1.3,-1.3,19082963.0,19082963.0,https://www.sec.gov/Archives/edgar/data/1322505/000155837021001730/0001558370-21-001730-index.htm,https://www.sec.gov/Archives/edgar/data/1322505/000155837021001730/albo-20201231x10k.htm,1620586476,14:54:36,20210509
2,2020-09-30,ALBO,USD,2020-11-05,2020-11-05 08:15:04,Q3,2131000.0,0.0,2131000.0,1.0,22200000.0,11663000.0,0.0,-4628000.0,29235000.0,29235000.0,3639000.0,42000.0,-27062000.0,-12.699202252463632,-27104000.0,-12.718911309244486,-4628000.0,-30743000.0,-14.426560300328484,0.0,-30743000.0,-14.426560300328484,-1.96,-1.96,15704293.0,15704293.0,https://www.sec.gov/Archives/edgar/data/1322505/000155837020012727/0001558370-20-012727-index.htm,https://www.sec.gov/Archives/edgar/data/1322505/000155837020012727/albo-20200930x10q.htm,1620586476,14:54:36,20210509
3,2020-06-30,ALBO,USD,2020-08-06,2020-08-06 08:31:01,Q2,1912000.0,0.0,0.0,0.0,18397000.0,8474000.0,0.0,0.0,20127000.0,20127000.0,2388000.0,38000.0,-18177000.0,-9.506799163179917,-18215000.0,-9.526673640167363,0.0,-20603000.0,-10.775627615062762,0.0,-20603000.0,-10.775627615062762,-1.38,-1.38,14981756.0,14981756.0,https://www.sec.gov/Archives/edgar/data/1322505/000155837020009519/0001558370-20-009519-index.htm,https://www.sec.gov/Archives/edgar/data/1322505/000155837020009519/albo-20200630x10q.htm,1620586476,14:54:36,20210509
4,2020-03-31,ALBO,USD,2020-05-07,2020-05-07 08:06:48,Q1,1549000.0,0.0,0.0,0.0,16130000.0,8153000.0,0.0,0.0,31099000.0,31099000.0,1938000.0,39000.0,-29511000.0,-19.051646223369914,-29550000.0,-19.07682375726275,0.0,-31488000.0,-20.327953518398967,0.0,-31488000.0,-20.327953518398967,-2.23,-2.23,14132217.0,14132217.0,https://www.sec.gov/Archives/edgar/data/1322505/000155837020005554/0001558370-20-005554-index.htm,https://www.sec.gov/Archives/edgar/data/1322505/000155837020001905/albo-20191231x10k.htm,1620586476,14:54:36,20210509
5,2019-12-31,ALBO,USD,2020-03-02,2020-03-02 17:10:32,Q4,6431000.0,0.0,0.0,0.0,14216000.0,6175000.0,0.0,3691000.0,16282000.0,16282000.0,1362000.0,38000.0,-9813000.0,-1.5258902192505053,-9851000.0,-1.5317990981184886,3691000.0,-7522000.0,-1.1696470222360442,0.0,-7522000.0,-1.1696470222360442,-0.57,-0.57,12698492.0,12698492.0,https://www.sec.gov/Archives/edgar/data/1322505/000155837020001905/0001558370-20-001905-index.htm,https://www.sec.gov/Archives/edgar/data/1322505/000155837020001905/albo-20191231x10k.htm,1620586476,14:54:36,20210509
6,2019-09-30,ALBO,USD,2019-11-06,2019-11-06 09:06:31,Q3,1385000.0,0.0,0.0,0.0,11996000.0,6010000.0,0.0,0.0,22021000.0,22021000.0,1274000.0,39000.0,-20597000.0,-14.871480144404332,-20636000.0,-14.899638989169675,0.0,-21910000.0,-15.819494584837544,0.0,-21910000.0,-15.819494584837544,-1.73,-1.73,12685000.0,12685000.0,https://www.sec.gov/Archives/edgar/data/1322505/000155837019010084/0001558370-19-010084-index.htm,https://www.sec.gov/Archives/edgar/data/1322505/000155837019010084/albo-20190930x10q.htm,1620586476,14:54:36,20210509
7,2019-06-30,ALBO,USD,2019-08-08,2019-08-08 08:29:37,Q2,1250000.0,0.0,0.0,0.0,11034000.0,5485000.0,0.0,0.0,16527000.0,16527000.0,1351000.0,39000.0,-15238000.0,-12.1904,-15277000.0,-12.2216,0.0,-16628000.0,-13.3024,0.0,-16628000.0,-13.3024,-1.35,-1.35,12355969.0,12355969.0,https://www.sec.gov/Archives/edgar/data/1322505/000155837019007596/0001558370-19-007596-index.htm,https://www.sec.gov/Archives/edgar/data/1322505/000155837019007596/albo-20190630x10q.htm,1620586476,14:54:36,20210509
8,2019-03-31,ALBO,USD,2019-05-09,2019-05-09 10:09:52,Q1,570000.0,0.0,0.0,0.0,8329000.0,5293000.0,0.0,0.0,15918000.0,15918000.0,0.0,11000.0,-15337000.0,-26.90701754385965,-15348000.0,-26.926315789473684,0.0,-16657000.0,-29.22280701754386,0.0,-16657000.0,-29.22280701754386,-1.39,-1.39,12001125.0,12001125.0,https://www.sec.gov/Archives/edgar/data/1322505/000155837019004584/0001558370-19-004584-index.htm,https://www.sec.gov/Archives/edgar/data/1322505/000155837019001601/albo-20181231x10k.htm,1620586476,14:54:36,20210509
9,2018-12-31,ALBO,USD,2019-03-06,2019-03-06 17:22:26,Q4,571000.0,0.0,0.0,0.0,9504000.0,5845000.0,0.0,-817000.0,14809000.0,14809000.0,0.0,12000.0,-14226000.0,-24.914185639229423,-14238000.0,-24.935201401050787,-817000.0,-15844000.0,-27.74781085814361,0.0,-15864000.0,-27.782837127845884,-1.3218760741180515,-1.3218760741180515,12001125.0,12001125.0,https://www.sec.gov/Archives/edgar/data/1322505/000155837019001601/0001558370-19-001601-index.htm,https://www.sec.gov/Archives/edgar/data/1322505/000155837019001601/albo-20181231x10k.htm,1620586476,14:54:36,20210509
10,2018-09-30,ALBO,USD,2018-11-08,2018-11-08 16:14:46,Q3,237000.0,0.0,0.0,0.0,9666000.0,3850000.0,0.0,7000.0,12902000.0,12902000.0,0.0,11000.0,-12654000.0,-53.392405063291136,-12665000.0,-53.438818565400844,7000.0,-14025000.0,-59.177215189873415,0.0,-14025000.0,-59.177215189873415,-1.17,-1.17,11969791.0,11969791.0,https://www.sec.gov/Archives/edgar/data/1322505/000155837018009015/0001558370-18-009015-index.htm,https://www.sec.gov/Archives/edgar/data/1322505/000155837018009015/albo-20180930x10q.htm,1620586476,14:54:36,20210509
11,2018-06-30,ALBO,USD,2018-08-09,2018-08-09 15:06:54,Q2,730000.0,0.0,0.0,0.0,6411000.0,4238000.0,0.0,-2531000.0,11136000.0,11136000.0,0.0,-31000.0,-10437000.0,-14.297260273972602,-10406000.0,-14.254794520547945,-2531000.0,-14603000.0,-20.004109589041096,0.0,-14603000.0,-20.004109589041096,-1.22,-1.22,11938357.0,11938357.0,https://www.sec.gov/Archives/edgar/data/1322505/000156459018020960/0001564590-18-020960-index.htm,https://www.sec.gov/Archives/edgar/data/1322505/000156459018020960/albo-10q_20180630.htm,1620586476,14:54:36,20210509
12,2018-03-31,ALBO,USD,2018-05-10,2018-05-10 16:04:25,Q1,11202000.0,0.0,0.0,0.0,6151000.0,4128000.0,0.0,-22000.0,11783000.0,11783000.0,0.0,53000.0,-528000.0,-0.04713444027852169,-581000.0,-0.051865738261024814,-22000.0,-1619000.0,-0.14452776289948224,0.0,-1619000.0,-0.14452776289948224,-0.15,-0.15,10896575.0,10896575.0,https://www.sec.gov/Archives/edgar/data/1322505/000156459018012934/0001564590-18-012934-index.htm,https://www.sec.gov/Archives/edgar/data/1322505/000156459018006847/albo-10k_20171231.htm,1620586476,14:54:36,20210509
13,2017-12-31,ALBO,USD,2018-03-27,2018-03-27 14:45:35,Q4,-1000.0,0.0,0.0,0.0,3991000.0,4612000.0,0.0,75000.0,5336000.0,5336000.0,0.0,12000.0,-5325000.0,5325.0,-5337000.0,5337.0,75000.0,-4844000.0,4844.0,212000.0,-5056000.0,5056.0,-0.46399900886287665,-0.46399900886287665,10896575.0,10896575.0,https://www.sec.gov/Archives/edgar/data/1322505/000156459018006847/0001564590-18-006847-index.htm,https://www.sec.gov/Archives/edgar/data/1322505/000156459018006847/albo-10k_20171231.htm,1620586476,14:54:36,20210509
14,2017-09-30,ALBO,USD,2017-11-14,2017-11-14 16:01:45,Q3,0.0,0.0,0.0,0.0,3226000.0,3709000.0,0.0,0.0,6534000.0,6534000.0,0.0,10000.0,-6524000.0,0.0,-6534000.0,0.0,0.0,-6511000.0,0.0,0.0,-6511000.0,0.0,-0.73,-0.73,8878430.0,8878430.0,https://www.sec.gov/Archives/edgar/data/1322505/000156459017023765/0001564590-17-023765-index.htm,https://www.sec.gov/Archives/edgar/data/1322505/000156459017023765/albo-10q_20170930.htm,1620586476,14:54:36,20210509
15,2017-06-30,ALBO,USD,2017-08-21,2017-08-21 06:04:48,Q2,1000.0,0.0,0.0,0.0,2962000.0,3713000.0,0.0,585000.0,6610000.0,6610000.0,152000.0,8000.0,-6601000.0,-6601.0,-6609000.0,-6609.0,585000.0,-6176000.0,-6176.0,0.0,-6176000.0,-6176.0,-0.86,-0.86,7171610.0,7171610.0,https://www.sec.gov/Archives/edgar/data/1322505/000156459017017854/0001564590-17-017854-index.htm,https://www.sec.gov/Archives/edgar/data/1322505/000156459017017854/albo-10q_20170630.htm,1620586476,14:54:36,20210509
16,2017-03-31,ALBO,USD,2017-05-11,2017-05-11 15:37:52,Q1,1000.0,0.0,0.0,0.0,2812000.0,3212000.0,0.0,-325000.0,6098000.0,6098000.0,249000.0,5000.0,-6092000.0,-6092.0,-6097000.0,-6097.0,-325000.0,-6671000.0,-6671.0,0.0,-6671000.0,-6671.0,-1.06,-1.06,6292644.0,6292644.0,https://www.sec.gov/Archives/edgar/data/1322505/000156459017010510/0001564590-17-010510-index.htm,https://www.sec.gov/Archives/edgar/data/1322505/000156459017005341/albo-10k_20161231.htm,1620586476,14:54:36,20210509
17,2016-12-31,ALBO,USD,2017-03-27,2017-03-27 16:38:07,Q4,0.0,0.0,0.0,0.0,0.0,0.0,0.0,0.0,11000000.0,0.0,0.0,10000.0,0.0,0.0,0.0,0.0,0.0,0.0,0.0,0.0,0.0,0.0,-13.19,-13.19,1239694.0,1239694.0,https://www.sec.gov/Archives/edgar/data/1322505/000156459017005341/0001564590-17-005341-index.htm,https://www.sec.gov/Archives/edgar/data/1322505/000156459016030440/albo-10k_20160930.htm,1620586476,14:54:36,20210509
18,2016-09-30,ALBO,USD,2016-12-22,2016-12-22 16:01:22,Q3,0.0,0.0,0.0,0.0,-67000.0,1632000.0,0.0,0.0,1565000.0,1565000.0,15000.0,0.0,-1571000.0,0.0,-1565000.0,0.0,6000.0,-1544000.0,0.0,33000.0,-1577000.0,0.0,-1.2720881120663647,-1.2720881120663647,1239694.0,1239694.0,https://www.sec.gov/Archives/edgar/data/1322505/000156459016030440/0001564590-16-030440-index.htm,https://www.sec.gov/Archives/edgar/data/1322505/000156459016030440/albo-10k_20160930.htm,1620586476,14:54:36,20210509
19,2016-06-30,ALBO,USD,2016-06-30,2016-06-30,Q2,0.0,0.0,0.0,0.0,64000.0,3036000.0,0.0,0.0,3100000.0,3100000.0,12000.0,1000.0,-3099000.0,0.0,-3100000.0,0.0,-4000.0,-3092000.0,0.0,3000.0,-3095000.0,0.0,-1.500015,-1.500015,2138254.0,2138254.0,processing...,processing...,1620586476,14:54:36,20210509
20,2016-03-31,ALBO,USD,2016-05-10 00:00:00,2016-05-10 16:01:23,Q1,0.0,0.0,0.0,0.0,2091000.0,3989000.0,0.0,0.0,6080000.0,6080000.0,220000.0,50000.0,-6030000.0,0.0,-6080000.0,0.0,0.0,-5860000.0,0.0,8000.0,-5868000.0,0.0,-2.700027,-2.700027,2138254.0,2138254.0,https://www.sec.gov/Archives/edgar/data/1322505/000114544316001794/0001145443-16-001794-index.html,https://www.sec.gov/Archives/edgar/data/1322505/000114544316001794/d306831.htm,1620586476,14:54:36,20210509
21,2015-12-31,ALBO,USD,2016-02-16 00:00:00,2016-02-16 08:55:59,Q4,0.0,0.0,0.0,0.0,1594000.0,1632000.0,0.0,0.0,3226000.0,3226000.0,17000.0,30000.0,-3196000.0,0.0,-3226000.0,0.0,2000.0,-3207000.0,0.0,8000.0,-3215000.0,0.0,-1.500015,-1.500015,2119416.0,2119416.0,https://www.sec.gov/Archives/edgar/data/1322505/000114544316001498/0001145443-16-001498-index.html,https://www.sec.gov/Archives/edgar/data/1322505/000114544316001498/d302328.htm,1620586476,14:54:36,20210509
22,2015-09-30,ALBO,USD,2015-12-22 00:00:00,2015-12-22 16:36:23,Q3,0.0,0.0,0.0,0.0,1987000.0,1433000.0,0.0,0.0,3420000.0,3420000.0,18000.0,-14000.0,-3434000.0,0.0,-3420000.0,0.0,176000.0,-3226000.0,0.0,6000.0,-3232000.0,0.0,-1.524948382007119,-1.524948382007119,2119416.0,2119416.0,https://www.sec.gov/Archives/edgar/data/1322505/000114544315001341/0001145443-15-001341-index.html,https://www.sec.gov/Archives/edgar/data/1322505/000114544315001341/d299162_10k.htm,1620586476,14:54:36,20210509
23,2015-06-30,ALBO,USD,2015-08-14 00:00:00,2015-08-14 15:24:46,Q2,0.0,0.0,0.0,0.0,5054000.0,1525000.0,0.0,0.0,6579000.0,6579000.0,18000.0,47000.0,-6532000.0,0.0,-6579000.0,0.0,119000.0,-6442000.0,0.0,20000.0,-6462000.0,0.0,-3.600036,-3.600036,1796420.0,1796420.0,https://www.sec.gov/Archives/edgar/data/1322505/000114544315000988/0001145443-15-000988-index.html,https://www.sec.gov/Archives/edgar/data/1322505/000114544315000988/d290541_10q.htm,1620586476,14:54:36,20210509
24,2015-03-31,ALBO,USD,2015-05-07 00:00:00,2015-05-07 17:05:27,Q1,0.0,0.0,0.0,0.0,2917000.0,1611000.0,0.0,0.0,4528000.0,4528000.0,7000.0,62000.0,-4466000.0,0.0,-4528000.0,0.0,166000.0,-4355000.0,0.0,1000.0,-4356000.0,0.0,-5.400054,-5.400054,812300.0,812300.0,https://www.sec.gov/Archives/edgar/data/1322505/000114544315000645/0001145443-15-000645-index.html,https://www.sec.gov/Archives/edgar/data/1322505/000114544315000645/d32224_10q.htm,1620586476,14:54:36,20210509
25,2014-12-31,ALBO,USD,2015-02-12,2015-02-12,Q4,0.0,0.0,0.0,0.0,3407000.0,1833000.0,0.0,0.0,5240000.0,5240000.0,9000.0,102000.0,-5138000.0,0.0,-5240000.0,0.0,546000.0,-4685000.0,0.0,2000.0,-4687000.0,0.0,-6.00006,-6.00006,781186.0,781186.0,https://www.sec.gov/Archives/edgar/data/1322505/000114544315000217/0001145443-15-000217-index.htm,https://www.sec.gov/Archives/edgar/data/1322505/000114544315000217/d31985_10q.htm,1620586476,14:54:36,20210509
26,2014-09-30,ALBO,USD,2014-12-19 00:00:00,2014-12-19 16:03:05,Q3,0.0,0.0,0.0,0.0,2568000.0,1123000.0,0.0,0.0,3691000.0,3691000.0,9000.0,141000.0,-3550000.0,0.0,-3691000.0,0.0,1399000.0,-2283000.0,0.0,3000.0,-2286000.0,0.0,-2.9263197241117993,-2.9263197241117993,781186.0,781186.0,https://www.sec.gov/Archives/edgar/data/1322505/000114544314001571/0001145443-14-001571-index.html,https://www.sec.gov/Archives/edgar/data/1322505/000114544314001571/d31682_10k.htm,1620586476,14:54:36,20210509
27,2014-06-30,ALBO,USD,2014-08-13 00:00:00,2014-08-13 17:02:03,Q2,0.0,0.0,0.0,0.0,3628000.0,1348000.0,0.0,0.0,4749000.0,4749000.0,11000.0,152000.0,-4597000.0,0.0,-4749000.0,0.0,1548000.0,-3190000.0,0.0,14000.0,-3204000.0,0.0,-4.500045,-4.500045,703938.0,703938.0,https://www.sec.gov/Archives/edgar/data/1322505/000114544314001063/0001145443-14-001063-index.html,https://www.sec.gov/Archives/edgar/data/1322505/000114544314001063/d31433_10q.htm,1620586476,14:54:36,20210509
28,2014-03-31,ALBO,USD,2014-05-14 00:00:00,2014-05-14 17:17:05,Q1,0.0,0.0,0.0,0.0,4257000.0,1731000.0,0.0,0.0,5781000.0,5781000.0,0.0,154000.0,-5627000.0,0.0,-5781000.0,0.0,-426000.0,-6194000.0,0.0,4000.0,-6198000.0,0.0,-8.700087,-8.700087,702767.0,702767.0,https://www.sec.gov/Archives/edgar/data/1322505/000114544314000763/0001145443-14-000763-index.html,https://www.sec.gov/Archives/edgar/data/1322505/000114544314000763/d31196_10q.htm,1620586476,14:54:36,20210509
29,2013-12-31,ALBO,USD,2013-12-31,2013-12-31,Q4,0.0,0.0,0.0,0.0,3741000.0,1396000.0,0.0,0.0,5040000.0,5040000.0,0.0,156000.0,-4884000.0,0.0,-5040000.0,0.0,2586000.0,-2438000.0,0.0,5000.0,-2443000.0,0.0,-3.600036,-3.600036,702448.0,702448.0,,,1620586476,14:54:36,20210509
30,2013-09-30,ALBO,USD,2013-12-20 00:00:00,2013-12-20 16:02:43,Q3,0.0,0.0,0.0,0.0,2950000.0,1703000.0,0.0,0.0,4356000.0,4356000.0,0.0,157000.0,-4199000.0,0.0,-4356000.0,0.0,3536000.0,-803000.0,0.0,12000.0,-815000.0,0.0,-1.1602282304170557,-1.1602282304170557,702448.0,702448.0,https://www.sec.gov/Archives/edgar/data/1322505/000114544313002284/0001145443-13-002284-index.html,https://www.sec.gov/Archives/edgar/data/1322505/000114544313002284/d30729_10k.htm,1620586476,14:54:36,20210509
31,2013-06-30,ALBO,USD,2013-08-14,2013-08-14 17:45:19,Q2,0.0,0.0,0.0,0.0,3568000.0,1674000.0,0.0,0.0,5217000.0,5217000.0,0.0,158000.0,-5059000.0,0.0,-5217000.0,0.0,-4431000.0,-9637000.0,0.0,-6000.0,-9631000.0,0.0,-19.800198,-19.800198,485765.0,485765.0,https://www.sec.gov/Archives/edgar/data/1322505/000114544313001691/0001145443-13-001691-index.htm,https://www.sec.gov/Archives/edgar/data/1322505/000114544313001691/d30517_10q.htm,1620586476,14:54:36,20210509
32,2013-03-31,ALBO,USD,2013-05-13 00:00:00,2013-05-13 17:31:18,Q1,0.0,0.0,0.0,0.0,3044000.0,2096000.0,0.0,0.0,5111000.0,5111000.0,0.0,159000.0,-4952000.0,0.0,-5111000.0,0.0,-116000.0,-5215000.0,0.0,5000.0,-5220000.0,0.0,-11.100111,-11.100111,472743.0,472743.0,https://www.sec.gov/Archives/edgar/data/1322505/000114544313001314/0001145443-13-001314-index.html,https://www.sec.gov/Archives/edgar/data/1322505/000114544313001314/d30339_10q.htm,1620586476,14:54:36,20210509
33,2012-12-31,ALBO,USD,2013-02-14,2013-02-14 16:29:40,Q4,0.0,0.0,0.0,0.0,4735000.0,1370000.0,0.0,0.0,5909000.0,5909000.0,16000.0,167000.0,-5742000.0,0.0,-5909000.0,0.0,2228000.0,-3665000.0,0.0,4000.0,-3669000.0,0.0,-7.800078,-7.800078,472530.0,472530.0,https://www.sec.gov/Archives/edgar/data/1322505/000114544313000396/0001145443-13-000396-index.htm,https://www.sec.gov/Archives/edgar/data/1322505/000114544312001417/d29879.htm,1620586476,14:54:36,20210509
34,2012-09-30,ALBO,USD,2012-12-21,2012-12-21 16:33:06,Q3,0.0,0.0,0.0,0.0,4619000.0,1190000.0,0.0,0.0,5721000.0,5721000.0,0.0,170000.0,-5551000.0,0.0,-5721000.0,0.0,156000.0,-5853000.0,0.0,26000.0,-5879000.0,0.0,-12.441538103400843,-12.441538103400843,472530.0,472530.0,https://www.sec.gov/Archives/edgar/data/1322505/000114544312001417/0001145443-12-001417-index.htm,https://www.sec.gov/Archives/edgar/data/1322505/000114544312001417/d29879.htm,1620586476,14:54:36,20210509
35,2012-06-30,ALBO,USD,2012-08-14,2012-08-14 17:04:49,Q2,0.0,0.0,0.0,0.0,2956000.0,1776000.0,0.0,0.0,4732000.0,4732000.0,0.0,173000.0,-4559000.0,0.0,-4732000.0,0.0,1355000.0,-6072000.0,0.0,-21000.0,-6051000.0,0.0,-15.600156,-15.600156,386662.0,386662.0,https://www.sec.gov/Archives/edgar/data/1322505/000114544312000968/0001145443-12-000968-index.htm,https://www.sec.gov/Archives/edgar/data/1322505/000114544312000968/d29491.htm,1620586476,14:54:36,20210509
36,2012-03-31,ALBO,USD,2012-05-15,2012-05-15 15:56:51,Q1,0.0,0.0,0.0,0.0,2643000.0,1830000.0,0.0,0.0,4473000.0,4473000.0,0.0,188000.0,-4285000.0,0.0,-4473000.0,0.0,146000.0,-4310000.0,0.0,6000.0,-4316000.0,0.0,-13.200132,-13.200132,322948.0,322948.0,https://www.sec.gov/Archives/edgar/data/1322505/000114544312000728/0001145443-12-000728-index.htm,https://www.sec.gov/Archives/edgar/data/1322505/000114544312000728/d29459.htm,1620586476,14:54:36,20210509
37,2011-12-31,ALBO,USD,2012-02-09,2012-02-09 14:43:07,Q4,0.0,0.0,0.0,0.0,2353000.0,2020000.0,0.0,0.0,4373000.0,4373000.0,0.0,194000.0,-4179000.0,0.0,-4373000.0,0.0,-145000.0,-4494000.0,0.0,7000.0,-4501000.0,0.0,-14.400144,-14.400144,322449.0,322449.0,https://www.sec.gov/Archives/edgar/data/1322505/000114544312000102/0001145443-12-000102-index.htm,https://www.sec.gov/Archives/edgar/data/1322505/000114544311001243/d28925.htm,1620586476,14:54:36,20210509
38,2011-09-30,ALBO,USD,2011-12-15,2011-12-15 16:43:17,Q3,0.0,0.0,0.0,0.0,2552000.0,2057000.0,0.0,0.0,4609000.0,4609000.0,0.0,206000.0,-4403000.0,0.0,-4609000.0,0.0,-8721000.0,4142000.0,0.0,9000.0,4133000.0,0.0,12.81753083433349,12.81753083433349,322449.0,322449.0,https://www.sec.gov/Archives/edgar/data/1322505/000114544311001243/0001145443-11-001243-index.htm,https://www.sec.gov/Archives/edgar/data/1322505/000114544311001243/d28925.htm,1620586476,14:54:36,20210509
39,2011-06-30,ALBO,USD,2011-08-09,2011-08-09 16:23:12,Q2,0.0,0.0,0.0,0.0,2941000.0,2382000.0,0.0,0.0,5323000.0,5323000.0,0.0,230000.0,-5093000.0,0.0,-5323000.0,0.0,-1355000.0,-3948000.0,0.0,26000.0,-3974000.0,0.0,-14.400144,-14.400144,275146.0,275146.0,https://www.sec.gov/Archives/edgar/data/1322505/000114544311000747/0001145443-11-000747-index.htm,https://www.sec.gov/Archives/edgar/data/1322505/000114544311000747/d28280.htm,1620586476,14:54:36,20210509
40,2011-03-31,ALBO,USD,2011-05-09,2011-05-09 14:45:20,Q1,0.0,0.0,0.0,0.0,2902000.0,2305000.0,0.0,0.0,5207000.0,5207000.0,0.0,250000.0,-4957000.0,0.0,-5207000.0,0.0,-237000.0,-5439000.0,0.0,3000.0,-5442000.0,0.0,-25.200252,-25.200252,220580.0,220580.0,https://www.sec.gov/Archives/edgar/data/1322505/000114544311000475/0001145443-11-000475-index.htm,https://www.sec.gov/Archives/edgar/data/1322505/000114544311000475/d28192_10q.htm,1620586476,14:54:36,20210509
41,2010-12-31,ALBO,USD,2011-02-07,2011-02-07 14:23:44,Q4,0.0,0.0,0.0,0.0,5505000.0,2577000.0,0.0,0.0,8082000.0,8082000.0,0.0,252000.0,-7830000.0,0.0,-8082000.0,0.0,2772000.0,-5305000.0,0.0,3000.0,-5308000.0,0.0,-24.00024,-24.00024,220157.0,220157.0,https://www.sec.gov/Archives/edgar/data/1322505/000095012311009662/0000950123-11-009662-index.htm,https://www.sec.gov/Archives/edgar/data/1322505/000095012310113450/y88343e10vk.htm,1620586476,14:54:36,20210509
42,2010-09-30,ALBO,USD,2010-12-14,2010-12-14 15:08:25,Q3,0.0,0.0,0.0,0.0,4519000.0,2407000.0,0.0,0.0,6926000.0,6926000.0,0.0,255000.0,-6671000.0,0.0,-6926000.0,0.0,0.0,-8173000.0,0.0,-69000.0,-8104000.0,0.0,-36.81009461429798,-36.81009461429798,220157.0,220157.0,https://www.sec.gov/Archives/edgar/data/1322505/000095012310113450/0000950123-10-113450-index.htm,https://www.sec.gov/Archives/edgar/data/1322505/000095012310113450/y88343e10vk.htm,1620586476,14:54:36,20210509
43,2010-06-30,ALBO,USD,2010-08-06,2010-08-06 11:25:11,Q2,0.0,0.0,0.0,0.0,5890000.0,2780000.0,0.0,0.0,8670000.0,8670000.0,0.0,249000.0,-8421000.0,0.0,-8670000.0,0.0,0.0,-8667000.0,0.0,-38000.0,-8629000.0,0.0,-43.200432,-43.200432,199534.0,199534.0,https://www.sec.gov/Archives/edgar/data/1322505/000095012310073953/0000950123-10-073953-index.htm,https://www.sec.gov/Archives/edgar/data/1322505/000095012310073953/y85984e10vq.htm,1620586476,14:54:36,20210509
44,2010-03-31,ALBO,USD,2010-05-07,2010-05-07 14:59:26,Q1,0.0,0.0,0.0,0.0,7014000.0,3377000.0,0.0,0.0,10391000.0,10391000.0,0.0,242000.0,-10149000.0,0.0,-10391000.0,0.0,0.0,-10389000.0,0.0,20000.0,-10409000.0,0.0,-52.800528,-52.800528,199046.0,199046.0,https://www.sec.gov/Archives/edgar/data/1322505/000095012310046289/0000950123-10-046289-index.htm,https://www.sec.gov/Archives/edgar/data/1322505/000095012310046289/y84397e10vq.htm,1620586476,14:54:36,20210509
45,2009-12-31,ALBO,USD,2010-02-05,2010-02-05 15:18:45,Q4,0.0,0.0,0.0,0.0,8754000.0,2417000.0,0.0,0.0,11171000.0,11171000.0,0.0,245000.0,-10926000.0,0.0,-11171000.0,0.0,0.0,-11166000.0,0.0,-18000.0,-11148000.0,0.0,-56.400564,-56.400564,198738.0,198738.0,https://www.sec.gov/Archives/edgar/data/1322505/000095012310009203/0000950123-10-009203-index.htm,https://www.sec.gov/Archives/edgar/data/1322505/000095012309070499/y80991e10vk.htm,1620586476,14:54:36,20210509
46,2009-09-30,ALBO,USD,2009-12-14,2009-12-14 14:58:40,Q3,0.0,0.0,0.0,0.0,7938000.0,2586000.0,0.0,0.0,10524000.0,10524000.0,0.0,234000.0,-10290000.0,0.0,-10524000.0,0.0,0.0,-10512000.0,0.0,-43000.0,-10469000.0,0.0,-52.677394358401514,-52.677394358401514,198738.0,198738.0,https://www.sec.gov/Archives/edgar/data/1322505/000095012309070499/0000950123-09-070499-index.htm,https://www.sec.gov/Archives/edgar/data/1322505/000095012309070499/y80991e10vk.htm,1620586476,14:54:36,20210509
47,2009-06-30,ALBO,USD,2009-08-07,2009-08-07 14:11:58,Q2,0.0,0.0,0.0,0.0,7991000.0,2692000.0,0.0,0.0,10683000.0,10683000.0,0.0,223000.0,-10460000.0,0.0,-10683000.0,0.0,-54000.0,-10629000.0,0.0,519000.0,-11148000.0,0.0,-56.400564,-56.400564,197995.0,197995.0,https://www.sec.gov/Archives/edgar/data/1322505/000095012309031954/0000950123-09-031954-index.htm,https://www.sec.gov/Archives/edgar/data/1322505/000095012309031954/y78699e10vq.htm,1620586476,14:54:36,20210509
48,2009-03-31,ALBO,USD,2009-05-08,2009-05-08 16:34:49,Q1,0.0,0.0,0.0,0.0,8361000.0,3435000.0,0.0,0.0,11796000.0,11796000.0,0.0,211000.0,-11585000.0,0.0,-11796000.0,0.0,-78000.0,-11718000.0,0.0,-89000.0,-11629000.0,0.0,-58.800588,-58.800588,197646.0,197646.0,https://www.sec.gov/Archives/edgar/data/1322505/000095012309008419/0000950123-09-008419-index.htm,https://www.sec.gov/Archives/edgar/data/1322505/000095012309008419/y77078e10vq.htm,1620586476,14:54:36,20210509
49,2008-12-31,ALBO,USD,2009-02-06,2009-02-06 14:27:14,Q4,0.0,0.0,0.0,0.0,8035000.0,2281000.0,0.0,0.0,10316000.0,10316000.0,0.0,209000.0,-10107000.0,0.0,-10316000.0,0.0,0.0,-10074000.0,0.0,-50000.0,-10024000.0,0.0,-50.400504,-50.400504,197549.0,197549.0,https://www.sec.gov/Archives/edgar/data/1322505/000095012309002134/0000950123-09-002134-index.htm,https://www.sec.gov/Archives/edgar/data/1322505/000095012308017383/y73101e10vk.htm,1620586476,14:54:36,20210509
50,2008-09-30,ALBO,USD,2008-12-11,2008-12-11 16:41:55,Q3,0.0,0.0,0.0,0.0,11029000.0,2964000.0,0.0,0.0,13993000.0,13993000.0,0.0,181000.0,-13812000.0,0.0,-13993000.0,0.0,0.0,-12174000.0,0.0,-492000.0,-12665000.0,0.0,-64.11067633852866,-64.11067633852866,197549.0,197549.0,https://www.sec.gov/Archives/edgar/data/1322505/000095012308017383/0000950123-08-017383-index.htm,https://www.sec.gov/Archives/edgar/data/1322505/000095012308017383/y73101e10vk.htm,1620586476,14:54:36,20210509
51,2008-06-30,ALBO,USD,2008-08-11,2008-08-11 15:19:04,Q2,0.0,0.0,0.0,0.0,6884000.0,4161000.0,0.0,0.0,11045000.0,11045000.0,0.0,185000.0,-10860000.0,0.0,-11045000.0,0.0,0.0,-10655000.0,0.0,-544000.0,-10111000.0,0.0,-51.600516,-51.600516,197114.0,197114.0,https://www.sec.gov/Archives/edgar/data/1322505/000095012308009285/0000950123-08-009285-index.htm,https://www.sec.gov/Archives/edgar/data/1322505/000095012308009285/y64478e10vq.htm,1620586476,14:54:36,20210509
52,2008-03-31,ALBO,USD,2008-05-09,2008-05-09 14:03:39,Q1,0.0,0.0,0.0,0.0,7105000.0,3532000.0,0.0,0.0,10637000.0,10637000.0,0.0,133000.0,-10504000.0,0.0,-10637000.0,0.0,0.0,-9526000.0,0.0,31000.0,-9557000.0,0.0,-51.600516,-51.600516,183709.0,183709.0,https://www.sec.gov/Archives/edgar/data/1322505/000095012308005423/0000950123-08-005423-index.htm,https://www.sec.gov/Archives/edgar/data/1322505/000095012308005423/y57725e10vq.htm,1620586476,14:54:36,20210509
53,2007-12-31,ALBO,USD,2008-02-14,2008-02-14 16:18:13,Q4,0.0,0.0,0.0,0.0,7543000.0,4133000.0,0.0,0.0,11676000.0,11676000.0,0.0,68000.0,-11608000.0,0.0,-11676000.0,0.0,0.0,-11004000.0,0.0,21000.0,-11025000.0,0.0,-66.00066,-66.00066,168321.0,168321.0,https://www.sec.gov/Archives/edgar/data/1322505/000095012308001696/0000950123-08-001696-index.htm,https://www.sec.gov/Archives/edgar/data/1322505/000095012307016969/y44742e10vk.htm,1620586476,14:54:36,20210509
54,2007-09-30,ALBO,USD,2007-12-21,2007-12-21 15:50:53,Q3,0.0,0.0,0.0,0.0,7059000.0,3911000.0,0.0,0.0,10970000.0,10970000.0,0.0,-21000.0,-10991000.0,0.0,-10970000.0,0.0,0.0,-9958000.0,0.0,42000.0,-10000000.0,0.0,-59.410293427439235,-59.410293427439235,168321.0,168321.0,https://www.sec.gov/Archives/edgar/data/1322505/000095012307016969/0000950123-07-016969-index.htm,https://www.sec.gov/Archives/edgar/data/1322505/000095012307016969/y44742e10vk.htm,1620586476,14:54:36,20210509
55,2007-06-30,ALBO,USD,2007-08-01,2007-08-01 14:58:23,Q2,0.0,0.0,0.0,0.0,2550000.0,1649000.0,0.0,0.0,4199000.0,4199000.0,0.0,99000.0,-4100000.0,0.0,-4199000.0,0.0,0.0,-3631000.0,0.0,37000.0,-3668000.0,0.0,-25.200252,-25.200252,147241.0,147241.0,https://www.sec.gov/Archives/edgar/data/1322505/000095012307010616/0000950123-07-010616-index.htm,https://www.sec.gov/Archives/edgar/data/1322505/000095012307010616/y37763e10vq.htm,1620586476,14:54:36,20210509
56,2007-03-31,ALBO,USD,2007-03-31,2007-03-31,Q1,0.0,0.0,0.0,0.0,3815000.0,1504000.0,0.0,0.0,5319000.0,5319000.0,0.0,90000.0,-5229000.0,0.0,-5319000.0,0.0,0.0,-5187000.0,0.0,28000.0,-5215000.0,0.0,-214.802148,-214.802148,44968.0,44968.0,,,1620586476,14:54:36,20210509
57,2006-12-31,ALBO,USD,2006-12-31,2006-12-31,Q4,0.0,0.0,0.0,0.0,2515000.0,1343000.0,0.0,0.0,3858000.0,3858000.0,0.0,86000.0,-3772000.0,0.0,-3858000.0,0.0,0.0,-3668000.0,0.0,0.0,-3668000.0,0.0,-81.600816,-81.600816,44663.0,44663.0,,,1620586476,14:54:36,20210509
58,2006-09-30,ALBO,USD,2006-09-30,2006-09-30,Q3,0.0,0.0,0.0,0.0,0.0,0.0,0.0,0.0,0.0,0.0,0.0,0.0,0.0,0.0,0.0,0.0,0.0,0.0,0.0,0.0,-2306000.0,0.0,-51.64497995565609,-51.64497995565609,44651.0,44651.0,,,1620586476,14:54:36,20210509
59,2006-06-30,ALBO,USD,2006-06-30,2006-06-30,Q2,0.0,0.0,0.0,0.0,0.0,0.0,0.0,0.0,0.0,0.0,0.0,0.0,0.0,0.0,0.0,0.0,0.0,0.0,0.0,0.0,-2306000.0,0.0,-56.400564,-56.400564,44651.0,44651.0,,,1620586476,14:54:36,20210509
60,2006-03-31,ALBO,USD,2006-03-31,2006-03-31,Q1,0.0,0.0,0.0,0.0,0.0,0.0,0.0,0.0,0.0,0.0,0.0,0.0,0.0,0.0,0.0,0.0,0.0,0.0,0.0,0.0,-2306000.0,0.0,-56.400564,-56.400564,44651.0,44651.0,,,1620586476,14:54:36,20210509
61,2005-12-31,ALBO,USD,2005-12-31,2005-12-31,Q4,0.0,0.0,0.0,0.0,0.0,0.0,0.0,0.0,0.0,0.0,0.0,0.0,0.0,0.0,0.0,0.0,0.0,0.0,0.0,0.0,-1151000.0,0.0,-25.200252,-25.200252,44637.0,44637.0,,,1620586476,14:54:36,20210509
62,2005-09-30,ALBO,USD,2005-09-30,2005-09-30,Q3,0.0,0.0,0.0,0.0,0.0,0.0,0.0,0.0,0.0,0.0,0.0,0.0,0.0,0.0,0.0,0.0,0.0,0.0,0.0,0.0,-846000.0,0.0,-19.07381521396041,-19.07381521396041,44354.0,44354.0,,,1620586476,14:54:36,20210509
63,2005-06-30,ALBO,USD,2005-06-30,2005-06-30,Q2,0.0,0.0,0.0,0.0,0.0,0.0,0.0,0.0,0.0,0.0,0.0,0.0,0.0,0.0,0.0,0.0,0.0,0.0,0.0,0.0,-846000.0,0.0,-19.200192,-19.200192,44354.0,44354.0,,,1620586476,14:54:36,20210509
64,2005-03-31,ALBO,USD,2005-03-31,2005-03-31,Q1,0.0,0.0,0.0,0.0,0.0,0.0,0.0,0.0,0.0,0.0,0.0,0.0,0.0,0.0,0.0,0.0,0.0,0.0,0.0,0.0,-846000.0,0.0,-19.200192,-19.200192,44354.0,44354.0,,,1620586476,14:54:36,20210509
65,2004-12-31,ALBO,USD,2004-12-31,2004-12-31,Q4,0.0,0.0,0.0,0.0,0.0,0.0,0.0,0.0,0.0,0.0,0.0,0.0,0.0,0.0,0.0,0.0,0.0,0.0,0.0,0.0,-846000.0,0.0,-19.200192,-19.200192,44354.0,44354.0,,,1620586476,14:54:36,20210509
