,date,symbol,reportedCurrency,fillingDate,acceptedDate,period,revenue,costOfRevenue,grossProfit,grossProfitRatio,researchAndDevelopmentExpenses,generalAndAdministrativeExpenses,sellingAndMarketingExpenses,otherExpenses,operatingExpenses,costAndExpenses,interestExpense,depreciationAndAmortization,ebitda,ebitdaratio,operatingIncome,operatingIncomeRatio,totalOtherIncomeExpensesNet,incomeBeforeTax,incomeBeforeTaxRatio,incomeTaxExpense,netIncome,netIncomeRatio,eps,epsdiluted,weightedAverageShsOut,weightedAverageShsOutDil,link,finalLink,timestamp,est_time,est_date
0,2020-12-31,RANEENGINE.NS,INR,2020-12-31,2020-12-31,Q4,899628000,370431000,529197000,0.5882398057863917,0.0,0.0,0.0,9903000.0,538434000,908865000,20950000.0,55334000,46097000.0,0.05124006811704394,-9237000.0,-0.010267577265269645,0.0,214610000.0,0.23855415794083776,72961000.0,141649000.0,0.1574528582925387,21.08,21.08,6719592.0,6719592.0,https://www.nseindia.com/companies-listing/corporate-filings-annual-reports,https://www.nseindia.com/companies-listing/corporate-filings-annual-reports,1620597065,17:51:05,20210509
1,2020-09-30,RANEENGINE.NS,INR,2020-09-30,2020-09-30,Q3,805304000,381055000,424249000,0.5268184437181487,0.0,0.0,0.0,12961000.0,464407000,845462000,25656000.0,57672000,17514000.0,0.021748308713231277,-40158000.0,-0.04986688256857038,0.0,-52853000.0,-0.06563111570288983,-18226000.0,-34627000.0,-0.042998668825685704,-5.15,-5.15,6723689.0,6723689.0,https://www.nseindia.com/companies-listing/corporate-filings-annual-reports,https://www.nseindia.com/companies-listing/corporate-filings-annual-reports,1620597065,17:51:05,20210509
2,2020-06-30,RANEENGINE.NS,INR,2020-06-30,2020-06-30,Q2,296413000,167093000,129320000,0.43628315897076037,0.0,0.0,0.0,2377000.0,359889000,526982000,22818000.0,62999000,-167570000.0,-0.5653260821893776,-230569000.0,-0.7778639938194344,0.0,-251010000.0,-0.8468252067217025,-87944000.0,-163066000.0,-0.5501310671259357,-24.27,-24.27,6718830.0,6718830.0,https://www.nseindia.com/companies-listing/corporate-filings-annual-reports,https://www.nseindia.com/companies-listing/corporate-filings-annual-reports,1620597065,17:51:05,20210509
3,2020-03-31,RANEENGINE.NS,INR,2020-03-31,2020-03-31,Q1,755027000,538852000,216175000,0.28631426425809936,0.0,0.0,0.0,-32867000.0,203745000,742597000,19843000.0,68573000,81003000.0,0.1072849050431309,12430000.0,0.01646298741634405,0.0,-55080000.0,-0.07295103353919793,-21168000.0,-33912000.0,-0.044914950061388535,-5.043659812344087,-5.043659812344087,6723689.0,6723689.0,https://www.nseindia.com/companies-listing/corporate-filings-annual-reports,https://www.nseindia.com/companies-listing/corporate-filings-annual-reports,1620597065,17:51:05,20210509
4,2019-12-31,RANEENGINE.NS,INR,2019-12-31,2019-12-31,Q4,807828000,310670000,497158000,0.6154255608867234,0.0,0.0,0.0,9184000.0,556032000,866702000,26179000.0,68118000,9244000.0,0.011443029951920458,-58874000.0,-0.07287937531256654,0.0,-75869000.0,-0.09391726951776863,-25717000.0,-50152000.0,-0.062082522517169496,-7.46,-7.46,6722788.0,6722788.0,https://www.nseindia.com/companies-listing/corporate-filings-annual-reports,https://www.nseindia.com/companies-listing/corporate-filings-annual-reports,1620597065,17:51:05,20210509
5,2019-09-30,RANEENGINE.NS,INR,2019-09-30,2019-09-30,Q3,903351000,377235000,526116000,0.5824048459568872,0.0,0.0,0.0,19804000.0,572462000,949697000,30227000.0,71312000,24966000.0,0.027637097872255635,-46346000.0,-0.05130453168259071,0.0,-56769000.0,-0.06284268241248418,-19837000.0,-36932000.0,-0.04088333327798386,-5.5,-5.5,6714909.0,6714909.0,https://www.nseindia.com/companies-listing/corporate-filings-annual-reports,https://www.nseindia.com/companies-listing/corporate-filings-annual-reports,1620597065,17:51:05,20210509
6,2019-06-30,RANEENGINE.NS,INR,2019-06-30,2019-06-30,Q2,1008094000,456043000,552051000,0.547618575251911,0.0,0.0,0.0,10179000.0,602361000,1058404000,25051000.0,72897000,22587000.0,0.022405648679587418,-50310000.0,-0.04990606034754695,0.0,-65182000.0,-0.06465865286372104,-22778000.0,-42404000.0,-0.0420635377256486,-6.31,-6.31,6720127.0,6720127.0,https://www.nseindia.com/companies-listing/corporate-filings-annual-reports,https://www.nseindia.com/companies-listing/corporate-filings-annual-reports,1620597065,17:51:05,20210509
7,2019-03-31,RANEENGINE.NS,INR,2019-03-31,2019-03-31,Q1,1126384000,708442000,417942000,0.37104752908421995,0.0,0.0,0.0,-14303000.0,378793000,1087235000,21630000.0,76768000,115917000.0,0.10291073026605492,39149000.0,0.03475635307319706,0.0,-23484000.0,-0.020849017741729287,-6832000.0,-16652000.0,-0.01478359067600392,-2.4766166311380555,-2.4766166311380555,6723689.0,6723689.0,https://www.nseindia.com/companies-listing/corporate-filings-annual-reports,https://www.nseindia.com/companies-listing/corporate-filings-annual-reports,1620597065,17:51:05,20210509
8,2018-12-31,RANEENGINE.NS,INR,2018-12-31,2018-12-31,Q4,1040988000,432345000,608643000,0.5846782095470842,0.0,0.0,0.0,10998000.0,643956000,1076301000,26911000.0,76100000,40787000.0,0.03918104723589513,-35313000.0,-0.03392258124012957,0.0,-51226000.0,-0.04920902066114115,-16873000.0,-34353000.0,-0.03300038040784332,-5.11,-5.11,6722701.0,6722701.0,https://www.nseindia.com/companies-listing/corporate-filings-annual-reports,https://www.nseindia.com/companies-listing/corporate-filings-annual-reports,1620597065,17:51:05,20210509
9,2018-09-30,RANEENGINE.NS,INR,2018-09-30,2018-09-30,Q3,1052198000,467648000,584550000,0.5555513315934834,0.0,0.0,0.0,1331000.0,628741000,1096389000,20706000.0,76381000,32190000.0,0.03059310129842482,-44191000.0,-0.041998749284830425,0.0,-63566000.0,-0.060412583943326256,-22437000.0,-41129000.0,-0.039088650615188396,-6.12,-6.12,6720425.0,6720425.0,https://www.nseindia.com/companies-listing/corporate-filings-annual-reports,https://www.nseindia.com/companies-listing/corporate-filings-annual-reports,1620597065,17:51:05,20210509
10,2018-06-30,RANEENGINE.NS,INR,2018-06-30,2018-06-30,Q2,1006730000,440072000,566658000,0.5628698856694446,0.0,0.0,0.0,6621000.0,614663000,1054735000,25243000.0,76052000,28047000.0,0.02785950552779792,-48005000.0,-0.047684086100543345,0.0,-66627000.0,-0.0661815978464931,-23058000.0,-43569000.0,-0.043277740804386476,-6.48,-6.48,6723611.0,6723611.0,https://www.nseindia.com/companies-listing/corporate-filings-annual-reports,https://www.nseindia.com/companies-listing/corporate-filings-annual-reports,1620597065,17:51:05,20210509
11,2018-03-31,RANEENGINE.NS,INR,2018-03-31,2018-03-31,Q1,985433000,370825000,614608000,0.6236933408968444,0.0,0.0,0.0,3838000.0,680759000,1051584000,19218000.0,79615000,13464000.0,0.013663029348519888,-66151000.0,-0.06712886619384575,0.0,-81531000.0,-0.08273621849481395,6503000.0,-88034000.0,-0.08933534801452762,-13.1,-13.1,6720153.0,6720153.0,https://www.nseindia.com/companies-listing/corporate-filings-annual-reports,https://www.nseindia.com/companies-listing/corporate-filings-annual-reports,1620597065,17:51:05,20210509
12,2017-12-31,RANEENGINE.NS,INR,2017-12-31,2017-12-31,Q4,927049000,311982000,615067000,0.6634676268460459,0.0,0.0,0.0,0.0,647451000,959433000,20438000.0,71398000,39014000.0,0.0420840753832861,-32384000.0,-0.034932349854214825,0.0,-52822000.0,-0.05697864945650122,-20699000.0,-32123000.0,-0.03465081133791202,-4.78,-4.78,6720293.0,6720293.0,https://www.nseindia.com/companies-listing/corporate-filings-annual-reports,https://www.nseindia.com/companies-listing/corporate-filings-annual-reports,1620597065,17:51:05,20210509
13,2017-09-30,RANEENGINE.NS,INR,2017-09-30,2017-09-30,Q3,917976000,338669000,579307000,0.6310698754651538,0.0,0.0,0.0,5123000.0,601738000,940407000,19023000.0,68891000,46460000.0,0.0506113449589096,-22431000.0,-0.024435279353708594,0.0,-36231000.0,-0.039468352113780754,-12430000.0,-23801000.0,-0.02592769309873025,-3.54,-3.54,6723446.0,6723446.0,https://www.nseindia.com/companies-listing/corporate-filings-annual-reports,https://www.nseindia.com/companies-listing/corporate-filings-annual-reports,1620597065,17:51:05,20210509
14,2017-06-30,RANEENGINE.NS,INR,2017-06-30,2017-06-30,Q2,890441000,306672000,583769000,0.6555953735283977,0.0,0.0,0.0,0.0,607399000,914071000,17151000.0,70089000,46459000.0,0.052175270455875236,-23630000.0,-0.026537412360841426,0.0,-40781000.0,-0.045798654823845715,-14113000.0,-26668000.0,-0.029949204944516257,-3.97,-3.97,6717380.0,6717380.0,https://www.nseindia.com/companies-listing/corporate-filings-annual-reports,https://www.nseindia.com/companies-listing/corporate-filings-annual-reports,1620597065,17:51:05,20210509
15,2017-03-31,RANEENGINE.NS,INR,2017-03-31,2017-03-31,Q1,960188000,344895000,615293000,0.6408047174095073,0.0,0.0,0.0,0.0,599870000,944765000,19239000.0,69030000,84453000.0,0.0879546505476011,15423000.0,0.016062479431111408,0.0,-3816000.0,-0.003974221714914163,989000.0,-4805000.0,-0.005004228338617021,-0.715137,-0.715137,6718992.0,6718992.0,https://www.nseindia.com/companies-listing/corporate-filings-annual-reports,https://www.nseindia.com/companies-listing/corporate-filings-annual-reports,1620597065,17:51:05,20210509
16,2016-12-31,RANEENGINE.NS,INR,2016-12-31,2016-12-31,Q4,811432000,264081000,547351000,0.6745494385234992,0.0,0.0,0.0,0.0,581136000,845217000,18316000.0,67630000,33845000.0,0.04171021108361514,-33785000.0,-0.041636267734079996,0.0,-52101000.0,-0.06420870756884126,-34181000.0,-17920000.0,-0.02208441372782932,-2.67,-2.67,6711610.0,6711610.0,https://www.nseindia.com/companies-listing/corporate-filings-annual-reports,https://www.nseindia.com/companies-listing/corporate-filings-annual-reports,1620597065,17:51:05,20210509
17,2016-09-30,RANEENGINE.NS,INR,2016-09-30,2016-09-30,Q3,906963000,314761000,592202000,0.6529505613790199,0.0,0.0,0.0,0.0,641714000,956475000,28046000.0,70230000,20718000.0,0.022843269240310795,-49512000.0,-0.05459098110948297,0.0,861442000.0,0.9498094189068352,242162000.0,619280000.0,0.6828062445766806,92.17,92.17,6718889.0,6718889.0,https://www.nseindia.com/companies-listing/corporate-filings-annual-reports,https://www.nseindia.com/companies-listing/corporate-filings-annual-reports,1620597065,17:51:05,20210509
18,2016-06-30,RANEENGINE.NS,INR,2016-06-30,2016-06-30,Q2,923102000,349173000,573929000,0.6217395260762083,0.0,0.0,0.0,0.0,580424000,929597000,33208000.0,70658000,64163000.0,0.06950802836522942,-6495000.0,-0.007036058853734473,0.0,-39703000.0,-0.04301041488372899,-13788000.0,-25915000.0,-0.02807382066120537,-3.86,-3.86,6713731.0,6713731.0,https://www.nseindia.com/companies-listing/corporate-filings-annual-reports,https://www.nseindia.com/companies-listing/corporate-filings-annual-reports,1620597065,17:51:05,20210509
19,2016-03-31,RANEENGINE.NS,INR,2016-03-31,2016-03-31,Q1,931631000,402252000,529379000,0.5682281933512303,0.0,0.0,0.0,0.0,596086000,998338000,34077000.0,70594000,3887000.0,0.004172252748137407,-66707000.0,-0.0716023833470548,0.0,-100784000.0,-0.1081801700458658,-34239000.0,-66545000.0,-0.07142849475811776,-9.904015,-9.904015,6718992.0,6718992.0,https://www.nseindia.com/companies-listing/corporate-filings-annual-reports,https://www.nseindia.com/companies-listing/corporate-filings-annual-reports,1620597065,17:51:05,20210509
20,2015-12-31,RANEENGINE.NS,INR,2015-12-31,2015-12-31,Q4,820065000,301445000,518620000,0.6324132843128288,0.0,0.0,0.0,0.0,580254000,881699000,0.0,70148000,8514000.0,0.010382103857621042,-61634000.0,-0.07515745703084512,0.0,-122300000.0,-0.14913451982464804,-37630000.0,-84670000.0,-0.10324791327516722,-12.6,-12.6,6719841.0,6719841.0,https://www.nseindia.com/companies-listing/corporate-filings-annual-reports,https://www.nseindia.com/companies-listing/corporate-filings-annual-reports,1620597065,17:51:05,20210509
21,2015-09-30,RANEENGINE.NS,INR,2015-09-30,2015-09-30,Q3,876181000,335075000,541106000,0.6175733096243813,0.0,0.0,0.0,0.0,593531000,928606000,0.0,67980000,15555000.0,0.017753181134948143,-52425000.0,-0.059833527547390325,0.0,-166005000.0,-0.18946427735821708,-40894000.0,-125111000.0,-0.1427912725795241,-18.62,-18.62,6719173.0,6719173.0,https://www.nseindia.com/companies-listing/corporate-filings-annual-reports,https://www.nseindia.com/companies-listing/corporate-filings-annual-reports,1620597065,17:51:05,20210509
22,2015-06-30,RANEENGINE.NS,INR,2015-06-30,2015-06-30,Q2,868113000,306640000,561473000,0.6467740950774842,0.0,0.0,0.0,0.0,589910000,896550000,34466000.0,66660000,38223000.0,0.04402998227189318,-28437000.0,-0.03275725625581002,0.0,212490000.0,0.2447722819494697,61610000.0,150880000.0,0.17380225846174405,22.46,22.46,6717720.0,6717720.0,https://www.nseindia.com/companies-listing/corporate-filings-annual-reports,https://www.nseindia.com/companies-listing/corporate-filings-annual-reports,1620597065,17:51:05,20210509
23,2015-03-31,RANEENGINE.NS,INR,2015-03-31,2015-03-31,Q1,1945773000,800909000,1144864000,0.5883851816219056,0.0,0.0,0.0,0.0,1176469000,1977378000,0.0,132762000,101157000.0,0.05198807877383436,-31605000.0,-0.016242901921241584,0.0,368824000.0,0.18955140193640266,98231000.0,270593000.0,0.1390670956992414,40.244722800236595,40.244722800236595,6723689.0,6723689.0,https://www.nseindia.com/companies-listing/corporate-filings-annual-reports,https://www.nseindia.com/companies-listing/corporate-filings-annual-reports,1620597065,17:51:05,20210509
24,2014-12-31,RANEENGINE.NS,INR,2014-12-31,2014-12-31,Q4,598936000,157141000,441795000,0.7376330693095756,0.0,0.0,0.0,0.0,450909000,608050000,0.0,52466000,43352000.0,0.07238169019728319,-9114000.0,-0.015216984786354469,0.0,-48283000.0,-0.08061462326525706,-16412000.0,-31871000.0,-0.05321269718300453,-6.19,-6.19,5148788.0,5148788.0,https://www.nseindia.com/companies-listing/corporate-filings-annual-reports,https://www.nseindia.com/companies-listing/corporate-filings-annual-reports,1620597065,17:51:05,20210509
25,2014-09-30,RANEENGINE.NS,INR,2014-09-30,2014-09-30,Q3,689227000,210278000,478949000,0.6949074833110136,0.0,0.0,0.0,0.0,446759000,657037000,0.0,49587000,81777000.0,0.11865031404747638,32190000.0,0.04670449648664373,0.0,-4278000.0,-0.006206953587134572,-1454000.0,-2824000.0,-0.004097343835920531,-0.55,-0.55,5134545.0,5134545.0,https://www.nseindia.com/companies-listing/corporate-filings-annual-reports,https://www.nseindia.com/companies-listing/corporate-filings-annual-reports,1620597065,17:51:05,20210509
26,2014-06-30,RANEENGINE.NS,INR,2014-06-30,2014-06-30,Q2,717864000,235272000,482592000,0.6722610410885628,0.0,0.0,0.0,0.0,449263000,684535000,0.0,48785000,82114000.0,0.11438656904371859,33329000.0,0.04642801421996367,0.0,-1663000.0,-0.002316594786756266,-565000.0,-1098000.0,-0.001529537628297282,-0.21,-0.21,5150992.0,5150992.0,https://www.nseindia.com/companies-listing/corporate-filings-annual-reports,https://www.nseindia.com/companies-listing/corporate-filings-annual-reports,1620597065,17:51:05,20210509
27,2014-03-31,RANEENGINE.NS,INR,2014-03-31,2014-03-31,Q1,730346000,233585000,496761000,0.6801721375895808,0.0,0.0,0.0,0.0,427597000,661182000,0.0,49963000,119127000.0,0.1631103613903547,69164000.0,0.09470032012224343,0.0,38060000.0,0.052112286505300226,13306000.0,24754000.0,0.033893524439101465,3.681609901945197,3.681609901945197,6723689.0,6723689.0,https://www.nseindia.com/companies-listing/corporate-filings-annual-reports,https://www.nseindia.com/companies-listing/corporate-filings-annual-reports,1620597065,17:51:05,20210509
28,2013-12-31,RANEENGINE.NS,INR,2013-12-31,2013-12-31,Q4,646473000,184046000,462427000,0.7153075225106076,0.0,0.0,0.0,0.0,428359000,612405000,0.0,50638000,84706000.0,0.13102790062384662,34068000.0,0.05269825653971628,0.0,-4337000.0,-0.006708710185885567,-1496000.0,-2841000.0,-0.004394615088333155,-0.55,-0.55,5150992.0,5150992.0,https://www.nseindia.com/companies-listing/corporate-filings-annual-reports,https://www.nseindia.com/companies-listing/corporate-filings-annual-reports,1620597065,17:51:05,20210509
29,2013-09-30,RANEENGINE.NS,INR,2013-09-30,2013-09-30,Q3,641053000,194466000,446587000,0.6966459871492685,0.0,0.0,0.0,0.0,420795000,615261000,0.0,51291000,77083000.0,0.12024434797122859,25792000.0,0.040233802821295586,0.0,-6882000.0,-0.010735461810489929,-1972000.0,-4910000.0,-0.007659273102223997,-0.95,-0.95,5150992.0,5150992.0,https://www.nseindia.com/companies-listing/corporate-filings-annual-reports,https://www.nseindia.com/companies-listing/corporate-filings-annual-reports,1620597065,17:51:05,20210509
30,2013-06-30,RANEENGINE.NS,INR,2013-06-30,2013-06-30,Q2,622545000,193303000,429242000,0.6894955384751303,0.0,0.0,0.0,0.0,448166000,641469000,0.0,52108000,33184000.0,0.053303777236986885,-18924000.0,-0.030397802568489025,0.0,-462441000.0,-0.7428234103558778,-154538000.0,-307903000.0,-0.49458753985655657,-59.78,-59.78,5150992.0,5150992.0,https://www.nseindia.com/companies-listing/corporate-filings-annual-reports,https://www.nseindia.com/companies-listing/corporate-filings-annual-reports,1620597065,17:51:05,20210509
31,2013-03-31,RANEENGINE.NS,INR,2013-03-31,2013-03-31,Q1,720215000,254713000,465502000,0.6463375519810056,0.0,0.0,0.0,0.0,524749000,779462000,0.0,56319000,-2928000.0,-0.004065452677325521,-59247000.0,-0.08226293537346487,0.0,-52313000.0,-0.07263525475031761,-19213000.0,-33100000.0,-0.04595849850391897,-4.92289277508225,-4.92289277508225,6723689.0,6723689.0,https://www.nseindia.com/companies-listing/corporate-filings-annual-reports,https://www.nseindia.com/companies-listing/corporate-filings-annual-reports,1620597065,17:51:05,20210509
32,2012-12-31,RANEENGINE.NS,INR,2012-12-31,2012-12-31,Q4,588291000,400321000,187970000,0.31951874157517285,0.0,0.0,0.0,23589000.0,209807000,610128000,23589000.0,53074000,31237000.0,0.05309787163155649,-21837000.0,-0.03711938479425998,0.0,-57813000.0,-0.09827279356644926,-18757000.0,-39056000.0,-0.06638891296994175,-7.58,-7.58,5150992.0,5150992.0,https://www.nseindia.com/companies-listing/corporate-filings-annual-reports,https://www.nseindia.com/companies-listing/corporate-filings-annual-reports,1620597065,17:51:05,20210509
33,2012-09-30,RANEENGINE.NS,INR,2012-09-30,2012-09-30,Q3,627861000,448439000,179422000,0.2857670726482454,0.0,0.0,0.0,0.0,206063000,654502000,24802000.0,52629000,25988000.0,0.041391327061244446,-26641000.0,-0.04243136617818275,0.0,-51443000.0,-0.08193374011126667,-16306000.0,-35137000.0,-0.0559630236628808,-6.82,-6.82,5150992.0,5150992.0,https://www.nseindia.com/companies-listing/corporate-filings-annual-reports,https://www.nseindia.com/companies-listing/corporate-filings-annual-reports,1620597065,17:51:05,20210509
34,2012-06-30,RANEENGINE.NS,INR,2012-06-30,2012-06-30,Q2,691233000,477565000,213668000,0.30911139948468896,0.0,0.0,0.0,23931000.0,216543000,694108000,23931000.0,49878000,47003000.0,0.06799877899347977,-2875000.0,-0.004159234295816316,0.0,-27631000.0,-0.039973496635721965,-8824000.0,-18807000.0,-0.027207902400493034,-3.65,-3.65,5150992.0,5150992.0,https://www.nseindia.com/companies-listing/corporate-filings-annual-reports,https://www.nseindia.com/companies-listing/corporate-filings-annual-reports,1620597065,17:51:05,20210509
35,2012-03-31,RANEENGINE.NS,INR,2012-03-31,2012-03-31,Q1,808434000,1301358000,-492924000,-0.6097269535917589,0.0,0.0,0.0,-59453000.0,-561466000,739892000,22490000.0,49887000,118429000.0,0.14649185957047822,68542000.0,0.084783668178231,0.0,30999000.0,0.03834450307631792,13429000.0,17570000.0,0.02173337588473518,2.613148823510427,2.613148823510427,6723689.0,6723689.0,https://www.nseindia.com/companies-listing/corporate-filings-annual-reports,https://www.nseindia.com/companies-listing/corporate-filings-annual-reports,1620597065,17:51:05,20210509
36,2011-12-31,RANEENGINE.NS,INR,2011-12-31,2011-12-31,Q4,718541000,217588000,500953000,0.6971808150126437,0.0,0.0,0.0,133093000.0,463847000,681435000,20798000.0,47945000,85051000.0,0.11836624493243948,37106000.0,0.05164075536399454,0.0,149401000.0,0.20792272118083727,31181000.0,118220000.0,0.16452784183505187,22.95,22.95,5151198.0,5151198.0,https://www.nseindia.com/companies-listing/corporate-filings-annual-reports,https://www.nseindia.com/companies-listing/corporate-filings-annual-reports,1620597065,17:51:05,20210509
37,2011-09-30,RANEENGINE.NS,INR,2011-09-30,2011-09-30,Q3,788240000,232932000,555308000,0.7044910179640719,0.0,0.0,0.0,2664000.0,482712000,715644000,19043000.0,45797000,118393000.0,0.15019917791535572,72596000.0,0.09209885314117527,0.0,56217000.0,0.07131964883791739,18475000.0,37742000.0,0.04788135593220339,7.33,7.33,5148977.0,5148977.0,https://www.nseindia.com/companies-listing/corporate-filings-annual-reports,https://www.nseindia.com/companies-listing/corporate-filings-annual-reports,1620597065,17:51:05,20210509
38,2011-06-30,RANEENGINE.NS,INR,2011-06-30,2011-06-30,Q2,754985000,231521000,523464000,0.6933435763624443,0.0,0.0,0.0,1396000.0,458908000,690429000,15369000.0,42771000,107327000.0,0.14215779121439498,64556000.0,0.08550633456293834,0.0,50583000.0,0.06699868209302172,16415000.0,34168000.0,0.0452565282753962,6.63,6.63,5153544.0,5153544.0,https://www.nseindia.com/companies-listing/corporate-filings-annual-reports,https://www.nseindia.com/companies-listing/corporate-filings-annual-reports,1620597065,17:51:05,20210509
39,2011-03-31,RANEENGINE.NS,INR,2011-03-31,2011-03-31,Q1,791435000,1818795000,-1027360000,-1.2980977591337255,0.0,0.0,0.0,0.0,-1107315000,711480000,14392000.0,43553000,123508000.0,0.15605577211015434,79955000.0,0.1010253526821533,0.0,69848000.0,0.08825487879611087,22872000.0,46976000.0,0.05935547454939445,6.986640815778362,6.986640815778362,6723689.0,6723689.0,https://www.nseindia.com/companies-listing/corporate-filings-annual-reports,https://www.nseindia.com/companies-listing/corporate-filings-annual-reports,1620597065,17:51:05,20210509
40,2010-12-31,RANEENGINE.NS,INR,2010-12-31,2010-12-31,Q4,735697000,237320000,498377000,0.6774215471858659,0.0,0.0,0.0,-8839000.0,431315000,668635000,17085000.0,43605000,110667000.0,0.15042469929876023,67062000.0,0.09115437469501711,0.0,41138000.0,0.055917041934383314,13677000.0,27461000.0,0.037326508059703924,5.34,5.34,5142509.0,5142509.0,https://www.nseindia.com/companies-listing/corporate-filings-annual-reports,https://www.nseindia.com/companies-listing/corporate-filings-annual-reports,1620597065,17:51:05,20210509
41,2010-09-30,RANEENGINE.NS,INR,2010-09-30,2010-09-30,Q3,699675000,232044000,467631000,0.6683545932039876,0.0,0.0,0.0,3777000.0,413507000,645551000,16839000.0,41919000,96043000.0,0.13726801729374352,54124000.0,0.07735591524636438,0.0,41062000.0,0.05868724765069497,13630000.0,27432000.0,0.039206774573909316,5.33,5.33,5146717.0,5146717.0,https://www.nseindia.com/companies-listing/corporate-filings-annual-reports,https://www.nseindia.com/companies-listing/corporate-filings-annual-reports,1620597065,17:51:05,20210509
42,2010-06-30,RANEENGINE.NS,INR,2010-06-30,2010-06-30,Q2,657731000,214700000,443031000,0.6735747592860911,0.0,0.0,0.0,777000.0,420399000,635099000,14219000.0,41331000,63963000.0,0.09724796307304961,22632000.0,0.03440920376263244,0.0,9190000.0,0.01397227742040439,3045000.0,6145000.0,0.00934272521745212,1.19,1.19,5163866.0,5163866.0,https://www.nseindia.com/companies-listing/corporate-filings-annual-reports,https://www.nseindia.com/companies-listing/corporate-filings-annual-reports,1620597065,17:51:05,20210509
