,date,symbol,reportedCurrency,fillingDate,acceptedDate,period,revenue,costOfRevenue,grossProfit,grossProfitRatio,researchAndDevelopmentExpenses,generalAndAdministrativeExpenses,sellingAndMarketingExpenses,otherExpenses,operatingExpenses,costAndExpenses,interestExpense,depreciationAndAmortization,ebitda,ebitdaratio,operatingIncome,operatingIncomeRatio,totalOtherIncomeExpensesNet,incomeBeforeTax,incomeBeforeTaxRatio,incomeTaxExpense,netIncome,netIncomeRatio,eps,epsdiluted,weightedAverageShsOut,weightedAverageShsOutDil,link,finalLink,timestamp,est_time,est_date
0,2020-11-30,ACCD,USD,2021-01-07,2021-01-07 16:07:36,Q3,38444000,22743000,15701000,0.4084122359796067,0.0,8414000.0,8644000.0,15132.0,32190.0,54933000,35000.0,6090000.0,6073511.0,0.15798332639683696,-16489.0,-0.000428909582769743,0.0,-16566.0,-0.0004309124960982208,-29000.0,-16595.0,-0.00043166684007907606,-0.5024350159572695,-0.5024350159572695,33029147,33029147,https://www.sec.gov/Archives/edgar/data/1481646/000155837021000085/0001558370-21-000085-index.htm,https://www.sec.gov/Archives/edgar/data/1481646/000155837021000085/tmb-20201130x10q.htm,1620586103,14:48:23,20210509
1,2020-08-31,ACCD,USD,2020-10-14,2020-10-14,Q2,36788000,21071000,15717000,0.42723170599108407,12236000.0,6453000.0,7881000.0,-104000.0,28619000.0,49690000,2347000.0,2049000.0,-10853000.0,-0.2950146786995759,-12902000.0,-0.35071218875720345,-104000.0,-15353000.0,-0.4173371751658149,18000.0,-15371000.0,-0.41782646515167987,-0.47,-0.47,33029147,33029147,https://www.sec.gov/Archives/edgar/data/1481646/000155837020011470/0001558370-20-011470-index.htm,https://www.sec.gov/Archives/edgar/data/1481646/000155837020011470/tmb-20200831x10q.htm,1620586103,14:48:23,20210509
2,2020-05-31,ACCD,USD,2020-08-13,2020-08-13,Q1,35894000,22239000,13655000,0.38042569788822644,11370000.0,5667000.0,7315000.0,-15000.0,26280000.0,48519000,1282000.0,1928000.0,-10697000.0,-0.2980163815679501,-12625000.0,-0.3517300941661559,-15000.0,-13922000.0,-0.38786426700841364,38000.0,-13960000.0,-0.38892293976709197,-0.299228,-0.299228,46653451,46653451,https://www.sec.gov/Archives/edgar/data/1481646/000155837020010546/0001558370-20-010546-index.htm,https://www.sec.gov/ix?doc=/Archives/edgar/data/1481646/000155837020010546/tmb-20200531x10q.htm,1620586103,14:48:23,20210509
3,2020-02-29,ACCD,USD,2020-02-29,2020-02-29,Q4,44441000,21948000,22493000,0.5061317252087036,8711000.0,6029000.0,6848000.0,-9000.0,23689000.0,45637000,854000.0,2101000.0,905000.0,0.020364078216061746,-1196000.0,-0.026912085686640715,-9000.0,-2059000.0,-0.04633109065952611,80000.0,-2139000.0,-0.0481312301703382,-0.04584869830958486,-0.04584869830958486,46653451,46653451,,,1620586103,14:48:23,20210509
4,2019-11-30,ACCD,USD,2019-11-30,2019-11-30,Q1,29652000,17538000,12114000,0.4085390530149737,11046000.0,8551000.0,7924000.0,-18000.0,29554000.0,47092000,827000.0,2033000.0,-15407000.0,-0.5195939565627951,-17440000.0,-0.588155942263591,-18000.0,-18285000.0,-0.6166531768514771,12000.0,-18297000.0,-0.617057871307163,-0.528304253355975,-0.528304253355975,34633452,34633452,,,1620586103,14:48:23,20210509
5,2019-08-31,ACCD,USD,2019-08-31,2019-08-31,Q2,29651000,16764000,12887000,0.4346227783211359,11303000.0,6011000.0,7616000.0,-46000.0,27152000.0,43916000,701000.0,2222000.0,-12043000.0,-0.4061583083201241,-14265000.0,-0.48109675896259824,-46000.0,-15012000.0,-0.5062898384540151,14000.0,-15026000.0,-0.5067619979090081,-0.433858,-0.433858,34633452,34633452,,,1620586103,14:48:23,20210509
6,2019-05-31,ACCD,USD,2019-05-31,2019-05-31,Q1,28763000,17435000,11328000,0.39383930744359075,11246000.0,5563000.0,7662000.0,-34000.0,26631000.0,44066000,543000.0,2160000.0,-13143000.0,-0.4569412091923652,-15303000.0,-0.5320376873066092,-34000.0,-15880000.0,-0.5520981816917567,23000.0,-15903000.0,-0.5528978201161214,-0.45918,-0.45918,34633452,34633452,,,1620586103,14:48:23,20210509
7,2019-02-28,ACCD,USD,2019-02-28,2019-02-28,Q4,35090000,17623000,17467000,0.49777714448560845,9822000.0,5065000.0,6212000.0,-15000.0,23615000.0,41238000,731000.0,2516000.0,-3632000.0,-0.10350527215730977,-6148000.0,-0.17520661157024794,-15000.0,-6894000.0,-0.19646622969506983,55000.0,-6949000.0,-0.19803362781419206,-0.2006441633366492,-0.2006441633366492,34633452,34633452,,,1620586103,14:48:23,20210509
