,date,symbol,reportedCurrency,fillingDate,acceptedDate,period,revenue,costOfRevenue,grossProfit,grossProfitRatio,researchAndDevelopmentExpenses,generalAndAdministrativeExpenses,sellingAndMarketingExpenses,otherExpenses,operatingExpenses,costAndExpenses,interestExpense,depreciationAndAmortization,ebitda,ebitdaratio,operatingIncome,operatingIncomeRatio,totalOtherIncomeExpensesNet,incomeBeforeTax,incomeBeforeTaxRatio,incomeTaxExpense,netIncome,netIncomeRatio,eps,epsdiluted,weightedAverageShsOut,weightedAverageShsOutDil,link,finalLink,timestamp,est_time,est_date
0,2020-12-31,SUPERSPIN.NS,INR,2020-12-31,2020-12-31,Q4,157895000,101402000.0,56493000,0.35778840368599385,0.0,0.0,0.0,0.0,65708000,167110000,14976000,10720000.0,1505000.0,0.009531650780582032,-9215000.0,-0.058361569397384336,0.0,12588000.0,0.07972386712688811,0.0,12588000,0.07972386712688811,0.23,0.23,54730435,54730435,https://www.nseindia.com/companies-listing/corporate-filings-annual-reports,https://www.nseindia.com/companies-listing/corporate-filings-annual-reports,1620598447,18:14:07,20210509
1,2020-09-30,SUPERSPIN.NS,INR,2020-09-30,2020-09-30,Q3,125015000,96590000.0,28425000,0.2273727152741671,0.0,0.0,0.0,2084000.0,42449000,139039000,18491000,4446000.0,-9578000.0,-0.07661480622325322,-14024000.0,-0.11217853857537095,0.0,-25729000.0,-0.20580730312362516,0.0,-70167000,-0.5612686477622685,-1.28,-1.28,54817969,54817969,https://www.nseindia.com/companies-listing/corporate-filings-annual-reports,https://www.nseindia.com/companies-listing/corporate-filings-annual-reports,1620598447,18:14:07,20210509
2,2020-06-30,SUPERSPIN.NS,INR,2020-06-30,2020-06-30,Q2,28689000,6782000.0,21907000,0.7636027745825926,0.0,0.0,0.0,10503000.0,68027000,74809000,16919000,9108000.0,-37012000.0,-1.2901111924430966,-46120000.0,-1.607584788594932,0.0,-39595000.0,-1.3801457004426785,0.0,-39595000,-1.3801457004426785,-0.72,-0.72,54993056,54993056,https://www.nseindia.com/companies-listing/corporate-filings-annual-reports,https://www.nseindia.com/companies-listing/corporate-filings-annual-reports,1620598447,18:14:07,20210509
3,2020-03-31,SUPERSPIN.NS,INR,2020-03-31,2020-03-31,Q1,248315000,188910000.0,59405000,0.23923242655498056,0.0,0.0,0.0,9234000.0,90312000,279222000,17863000,9323000.0,-21584000.0,-0.08692185329118257,-30907000.0,-0.12446690695286229,0.0,-29838000.0,-0.12016189114632624,0.0,-29838000,-0.12016189114632624,-0.5443105708640902,-0.5443105708640902,54817969,54817969,https://www.nseindia.com/companies-listing/corporate-filings-annual-reports,https://www.nseindia.com/companies-listing/corporate-filings-annual-reports,1620598447,18:14:07,20210509
4,2019-12-31,SUPERSPIN.NS,INR,2019-12-31,2019-12-31,Q4,420845000,264877000.0,155968000,0.37060675545628435,0.0,0.0,0.0,9814000.0,166314000,431191000,21840000,9650000.0,-696000.0,-0.0016538155377870713,-10346000.0,-0.024583872922334826,0.0,-57729000.0,-0.13717401893808884,0.0,-57729000,-0.13717401893808884,-1.05,-1.05,54980000,54980000,https://www.nseindia.com/companies-listing/corporate-filings-annual-reports,https://www.nseindia.com/companies-listing/corporate-filings-annual-reports,1620598447,18:14:07,20210509
5,2019-09-30,SUPERSPIN.NS,INR,2019-09-30,2019-09-30,Q3,367017000,226675000.0,140342000,0.3823855570722882,0.0,0.0,0.0,10413000.0,173487000,400162000,24173000,9993000.0,-23152000.0,-0.06308154663135496,-33145000.0,-0.09030916824016326,0.0,61729000.0,0.16819111921246155,0.0,61729000,0.16819111921246155,1.12,1.12,55115179,55115179,https://www.nseindia.com/companies-listing/corporate-filings-annual-reports,https://www.nseindia.com/companies-listing/corporate-filings-annual-reports,1620598447,18:14:07,20210509
6,2019-06-30,SUPERSPIN.NS,INR,2019-06-30,2019-06-30,Q2,419884000,309148000.0,110736000,0.2637299825666136,0.0,0.0,0.0,10361000.0,184112000,493260000,24174000,9990000.0,-63386000.0,-0.1509607415381391,-73376000.0,-0.17475302702651208,0.0,-87189000.0,-0.2076502081527279,0.0,-87189000,-0.2076502081527279,-1.59,-1.59,54835849,54835849,https://www.nseindia.com/companies-listing/corporate-filings-annual-reports,https://www.nseindia.com/companies-listing/corporate-filings-annual-reports,1620598447,18:14:07,20210509
7,2019-03-31,SUPERSPIN.NS,INR,2019-03-31,2019-03-31,Q1,512270000,452769000.0,59501000,0.11615163878423487,0.0,0.0,0.0,9783000.0,111823000,564592000,33038000,9835000.0,-42487000.0,-0.08293868467800183,-52322000.0,-0.10213754465418627,0.0,-77512000.0,-0.15131083217834346,0.0,-93160000,-0.1818572237296738,-1.6994427502412575,-1.6994427502412575,54817969,54817969,https://www.nseindia.com/companies-listing/corporate-filings-annual-reports,https://www.nseindia.com/companies-listing/corporate-filings-annual-reports,1620598447,18:14:07,20210509
8,2018-12-31,SUPERSPIN.NS,INR,2018-12-31,2018-12-31,Q4,517565000,326691000.0,190874000,0.36879232560161523,0.0,0.0,0.0,875000.0,211677000,538368000,29557000,10869000.0,-9934000.0,-0.019193724459729694,-20803000.0,-0.0401939852965328,0.0,10973000.0,0.02120120178141876,0.0,10973000,0.02120120178141876,0.2,0.2,54865000,54865000,https://www.nseindia.com/companies-listing/corporate-filings-annual-reports,https://www.nseindia.com/companies-listing/corporate-filings-annual-reports,1620598447,18:14:07,20210509
9,2018-09-30,SUPERSPIN.NS,INR,2018-09-30,2018-09-30,Q3,599270000,379980000.0,219290000,0.3659285463981177,0.0,0.0,0.0,1183000.0,199327000,579307000,31405000,10064000.0,30027000.0,0.05010596225407579,19963000.0,0.03331219650574866,0.0,-10261000.0,-0.017122499040499273,0.0,-10261000,-0.017122499040499273,-0.19,-0.19,54005263,54005263,https://www.nseindia.com/companies-listing/corporate-filings-annual-reports,https://www.nseindia.com/companies-listing/corporate-filings-annual-reports,1620598447,18:14:07,20210509
10,2018-06-30,SUPERSPIN.NS,INR,2018-06-30,2018-06-30,Q2,452119000,283503000.0,168616000,0.37294606066102065,0.0,0.0,0.0,2548000.0,204460000,487963000,32563000,10125000.0,-25719000.0,-0.056885465994572226,-35844000.0,-0.07928001256306415,0.0,-67809000.0,-0.14998042550744384,0.0,-67809000,-0.14998042550744384,-1.23,-1.23,55129268,55129268,https://www.nseindia.com/companies-listing/corporate-filings-annual-reports,https://www.nseindia.com/companies-listing/corporate-filings-annual-reports,1620598447,18:14:07,20210509
11,2018-03-31,SUPERSPIN.NS,INR,2018-03-31,2018-03-31,Q1,585461000,376222000.0,209239000,0.3573918672635752,0.0,0.0,0.0,3697000.0,247893000,624115000,32650000,11383000.0,-27271000.0,-0.04658038707958344,-38654000.0,-0.06602318514811405,0.0,-67607000.0,-0.11547652192033286,0.0,-67607000,-0.11547652192033286,-1.23,-1.23,54965041,54965041,https://www.nseindia.com/companies-listing/corporate-filings-annual-reports,https://www.nseindia.com/companies-listing/corporate-filings-annual-reports,1620598447,18:14:07,20210509
12,2017-12-31,SUPERSPIN.NS,INR,2017-12-31,2017-12-31,Q4,630000000,422500000.0,207500000,0.32936507936507936,0.0,0.0,0.0,0.0,230000000,652500000,34000000,14400000.0,-8100000.0,-0.012857142857142857,-22500000.0,-0.03571428571428571,0.0,-56500000.0,-0.08968253968253968,0.0,-56500000,-0.08968253968253968,-1.03,-1.03,54854369,54854369,https://www.nseindia.com/companies-listing/corporate-filings-annual-reports,https://www.nseindia.com/companies-listing/corporate-filings-annual-reports,1620598447,18:14:07,20210509
13,2017-09-30,SUPERSPIN.NS,INR,2017-09-30,2017-09-30,Q3,704600000,428400000.0,276200000,0.3919954584161226,0.0,0.0,0.0,0.0,275500000,703900000,35100000,14800000.0,15500000.0,0.021998296906045982,700000.0,0.0009934714731762702,0.0,-34400000.0,-0.048822026681805276,0.0,-34400000,-0.048822026681805276,-0.63,-0.63,54603175,54603175,https://www.nseindia.com/companies-listing/corporate-filings-annual-reports,https://www.nseindia.com/companies-listing/corporate-filings-annual-reports,1620598447,18:14:07,20210509
14,2017-06-30,SUPERSPIN.NS,INR,2017-06-30,2017-06-30,Q2,705831000,440004000.0,265827000,0.3766156487884494,0.0,0.0,0.0,2945000.0,289670000,729674000,36440000,14890000.0,-8953000.0,-0.012684339452361826,-23843000.0,-0.03378004083130381,0.0,-57338000.0,-0.08123474316089829,0.0,-57338000,-0.08123474316089829,-1.04,-1.04,55132692,55132692,https://www.nseindia.com/companies-listing/corporate-filings-annual-reports,https://www.nseindia.com/companies-listing/corporate-filings-annual-reports,1620598447,18:14:07,20210509
15,2017-03-31,SUPERSPIN.NS,INR,2017-03-31,2017-03-31,Q1,845361000,526562000.0,318799000,0.377115812061356,0.0,0.0,0.0,35539000.0,316229000,842791000,41258000,23019000.0,25589000.0,0.030269908358677534,2570000.0,0.003040121320950458,0.0,-3149000.0,-0.0037250358131023314,24393000.0,-27542000,-0.032580163977283076,-0.5,-0.5,55084000,55084000,https://www.nseindia.com/companies-listing/corporate-filings-annual-reports,https://www.nseindia.com/companies-listing/corporate-filings-annual-reports,1620598447,18:14:07,20210509
16,2016-12-31,SUPERSPIN.NS,INR,2016-12-31,2016-12-31,Q4,652900000,413500000.0,239400000,0.36667177209373564,0.0,0.0,0.0,0.0,236200000,649700000,41300000,15900000.0,19100000.0,0.02925409710522285,3200000.0,0.0049012099862153465,0.0,-38100000.0,-0.05835503139837647,0.0,-38100000,-0.05835503139837647,-0.69,-0.69,55217391,55217391,https://www.nseindia.com/companies-listing/corporate-filings-annual-reports,https://www.nseindia.com/companies-listing/corporate-filings-annual-reports,1620598447,18:14:07,20210509
17,2016-09-30,SUPERSPIN.NS,INR,2016-09-30,2016-09-30,Q3,739500000,413200000.0,326300000,0.44124408384043273,0.0,0.0,0.0,0.0,324800000,738000000,42700000,19700000.0,21200000.0,0.028668018931710615,1500000.0,0.002028397565922921,0.0,-41200000.0,-0.05571331981068289,0.0,-41200000,-0.05571331981068289,-0.75,-0.75,54933333,54933333,https://www.nseindia.com/companies-listing/corporate-filings-annual-reports,https://www.nseindia.com/companies-listing/corporate-filings-annual-reports,1620598447,18:14:07,20210509
