,date,symbol,reportedCurrency,fillingDate,acceptedDate,period,revenue,costOfRevenue,grossProfit,grossProfitRatio,researchAndDevelopmentExpenses,generalAndAdministrativeExpenses,sellingAndMarketingExpenses,otherExpenses,operatingExpenses,costAndExpenses,interestExpense,depreciationAndAmortization,ebitda,ebitdaratio,operatingIncome,operatingIncomeRatio,totalOtherIncomeExpensesNet,incomeBeforeTax,incomeBeforeTaxRatio,incomeTaxExpense,netIncome,netIncomeRatio,eps,epsdiluted,weightedAverageShsOut,weightedAverageShsOutDil,link,finalLink,timestamp,est_time,est_date
0,2020-09-30,MAC.L,GBP,2020-09-30,2020-09-30,Q3,119185.75,13646.75,105539.0,0.8855001541711153,0.0,111765.75,0.0,0.0,3093.0,125412.5,74.0,0.0,-6215.5,-19.175569141661974,-6226.75,-0.05224408119259224,0.0,-9382.5,-0.07872165925876205,0.0,-9382.5,-0.07872165925876205,-0.000162661455906107,-0.000162661455906107,57681151,57681151,https://find-and-update.company-information.service.gov.uk/search/companies?q=Marechale+Capital+PLC,https://find-and-update.company-information.service.gov.uk/search/companies?q=Marechale+Capital+PLC,1620594708,17:11:48,20210509
1,2020-06-30,MAC.L,GBP,2020-06-30,2020-06-30,Q2,119185.75,13646.75,105539.0,0.8855001541711153,0.0,111765.75,0.0,0.0,3093.0,125412.5,74.0,0.0,-6215.5,-19.175569141661974,-6226.75,-0.05224408119259224,0.0,-9382.5,-0.07872165925876205,0.0,-9382.5,-0.07872165925876205,-0.000162661455906107,-0.000162661455906107,57681151,57681151,https://find-and-update.company-information.service.gov.uk/search/companies?q=Marechale+Capital+PLC,https://find-and-update.company-information.service.gov.uk/search/companies?q=Marechale+Capital+PLC,1620594708,17:11:48,20210509
2,2020-03-31,MAC.L,GBP,2020-03-31,2020-03-31,Q1,119185.75,13646.75,105539.0,0.8855001541711153,0.0,111765.75,0.0,0.0,3093.0,125412.5,74.0,0.0,-6215.5,-19.175569141661974,-6226.75,-0.05224408119259224,0.0,-9382.5,-0.07872165925876205,0.0,-9382.5,-0.07872165925876205,-0.000162661455906107,-0.000162661455906107,57681151,57681151,https://find-and-update.company-information.service.gov.uk/search/companies?q=Marechale+Capital+PLC,https://find-and-update.company-information.service.gov.uk/search/companies?q=Marechale+Capital+PLC,1620594708,17:11:48,20210509
3,2020-01-31,MAC.L,GBP,2020-01-31,2020-01-31,Q1,119185.75,13646.75,105539.0,0.8855001541711153,0.0,111765.75,0.0,0.0,3093.0,125412.5,74.0,0.0,-6215.5,-19.175569141661974,-6226.75,-0.05224408119259224,0.0,-9382.5,-0.07872165925876205,0.0,-9382.5,-0.07872165925876205,-0.000162661455906107,-0.000162661455906107,57681151,57681151,https://find-and-update.company-information.service.gov.uk/search/companies?q=Marechale+Capital+PLC,https://find-and-update.company-information.service.gov.uk/search/companies?q=Marechale+Capital+PLC,1620594708,17:11:48,20210509
4,2019-06-30,MAC.L,GBP,2019-06-30,2019-06-30,Q2,127922.75,27830.75,100092.0,0.7824409653482277,0.0,172042.75,0.0,0.0,48.75,199922.25,48.5,0.0,-72366.5,-1.7677067427608077,-71999.5,-0.5628357739338781,0.0,-74504.25,-0.5824159502512258,0.0,-74504.25,-0.5824159502512258,-0.0013,-0.0013,57681151,57681151,https://find-and-update.company-information.service.gov.uk/search/companies?q=Marechale+Capital+PLC,https://find-and-update.company-information.service.gov.uk/search/companies?q=Marechale+Capital+PLC,1620594708,17:11:48,20210509
5,2019-03-31,MAC.L,GBP,2019-03-31,2019-03-31,Q1,127922.75,27830.75,100092.0,0.7824409653482277,0.0,172042.75,0.0,0.0,48.75,199922.25,48.5,0.0,-72366.5,-1.7677067427608077,-71999.5,-0.5628357739338781,0.0,-74504.25,-0.5824159502512258,0.0,-74504.25,-0.5824159502512258,-0.0013,-0.0013,57681151,57681151,https://find-and-update.company-information.service.gov.uk/search/companies?q=Marechale+Capital+PLC,https://find-and-update.company-information.service.gov.uk/search/companies?q=Marechale+Capital+PLC,1620594708,17:11:48,20210509
6,2019-01-31,MAC.L,GBP,2019-01-31,2019-01-31,Q1,127922.75,27830.75,100092.0,0.7824409653482277,0.0,172042.75,0.0,0.0,48.75,199922.25,48.5,0.0,-72366.5,-1.7677067427608077,-71999.5,-0.5628357739338781,0.0,-74504.25,-0.5824159502512258,0.0,-74504.25,-0.5824159502512258,-0.0013,-0.0013,57681151,57681151,https://find-and-update.company-information.service.gov.uk/search/companies?q=Marechale+Capital+PLC,https://find-and-update.company-information.service.gov.uk/search/companies?q=Marechale+Capital+PLC,1620594708,17:11:48,20210509
7,2018-06-30,MAC.L,GBP,2018-06-30,2018-06-30,Q2,168689.0,19930.25,148758.75,0.8818521065392527,0.0,152953.25,0.0,-29625.0,14900.0,187783.5,33.5,0.0,-19953.5,-8.454105795975643,-19094.5,-0.1131935099502635,0.0,-49612.0,-0.29410334995168624,0.0,-49612.0,-0.29410334995168624,-0.00085,-0.00085,57681151,57681151,https://find-and-update.company-information.service.gov.uk/search/companies?q=Marechale+Capital+PLC,https://find-and-update.company-information.service.gov.uk/search/companies?q=Marechale+Capital+PLC,1620594708,17:11:48,20210509
8,2018-03-31,MAC.L,GBP,2018-03-31,2018-03-31,Q1,168689.0,19930.25,148758.75,0.8818521065392527,0.0,152953.25,0.0,-29625.0,14900.0,187783.5,33.5,0.0,-19953.5,-8.454105795975643,-19094.5,-0.1131935099502635,0.0,-49612.0,-0.29410334995168624,0.0,-49612.0,-0.29410334995168624,-0.00085,-0.00085,57681151,57681151,https://find-and-update.company-information.service.gov.uk/search/companies?q=Marechale+Capital+PLC,https://find-and-update.company-information.service.gov.uk/search/companies?q=Marechale+Capital+PLC,1620594708,17:11:48,20210509
9,2018-01-31,MAC.L,GBP,2018-01-31,2018-01-31,Q1,168689.0,19930.25,148758.75,0.8818521065392527,0.0,152953.25,0.0,-29625.0,14900.0,187783.5,33.5,0.0,-19953.5,-8.454105795975643,-19094.5,-0.1131935099502635,0.0,-49612.0,-0.29410334995168624,0.0,-49612.0,-0.29410334995168624,-0.00085,-0.00085,57681151,57681151,https://find-and-update.company-information.service.gov.uk/search/companies?q=Marechale+Capital+PLC,https://find-and-update.company-information.service.gov.uk/search/companies?q=Marechale+Capital+PLC,1620594708,17:11:48,20210509
10,2016-06-30,MAC.L,GBP,2016-06-30,2016-06-30,Q2,185420.0,73878.0,111542.0,0.6015640168266638,0.0,142743.0,0.0,4807.75,-28750.0,187871.0,0.0,0.0,-8690.25,-21.33655533500187,-2451.0,-0.013218638766044656,0.0,-22773.0,-0.12281846618487757,0.0,-22773.0,-0.12281846618487757,-0.00039480834909136955,-0.0003572926227992764,57681151,63737672,https://find-and-update.company-information.service.gov.uk/search/companies?q=Marechale+Capital+PLC,https://find-and-update.company-information.service.gov.uk/search/companies?q=Marechale+Capital+PLC,1620594708,17:11:48,20210509
11,2016-03-31,MAC.L,GBP,2016-03-31,2016-03-31,Q1,185420.0,73878.0,111542.0,0.6015640168266638,0.0,142743.0,0.0,4807.75,-28750.0,187871.0,0.0,0.0,-8690.25,-21.33655533500187,-2451.0,-0.013218638766044656,0.0,-22773.0,-0.12281846618487757,0.0,-22773.0,-0.12281846618487757,-0.00039480834909136955,-0.0003572926227992764,57681151,63737672,https://find-and-update.company-information.service.gov.uk/search/companies?q=Marechale+Capital+PLC,https://find-and-update.company-information.service.gov.uk/search/companies?q=Marechale+Capital+PLC,1620594708,17:11:48,20210509
12,2016-01-31,MAC.L,GBP,2016-01-31,2016-01-31,Q1,185420.0,73878.0,111542.0,0.6015640168266638,0.0,142743.0,0.0,4807.75,-28750.0,187871.0,0.0,0.0,-8690.25,-21.33655533500187,-2451.0,-0.013218638766044656,0.0,-22773.0,-0.12281846618487757,0.0,-22773.0,-0.12281846618487757,-0.00039480834909136955,-0.0003572926227992764,57681151,63737672,https://find-and-update.company-information.service.gov.uk/search/companies?q=Marechale+Capital+PLC,https://find-and-update.company-information.service.gov.uk/search/companies?q=Marechale+Capital+PLC,1620594708,17:11:48,20210509
13,2015-09-30,MAC.L,GBP,2015-09-30,2015-09-30,Q3,241330.5,61576.75,179753.75,0.7448447253869693,0.0,165555.0,0.0,18114.5,28750.0,255881.75,0.0,0.0,-74200.75,-3.2523997398948126,-14551.25,-0.06029594270098475,0.0,37544.0,0.15557088722726717,0.0,37544.0,0.15557088722726717,0.00065,0.000625,57681151,59988397,https://find-and-update.company-information.service.gov.uk/search/companies?q=Marechale+Capital+PLC,https://find-and-update.company-information.service.gov.uk/search/companies?q=Marechale+Capital+PLC,1620594708,17:11:48,20210509
14,2015-06-30,MAC.L,GBP,2015-06-30,2015-06-30,Q2,241330.5,61576.75,179753.75,0.7448447253869693,0.0,165555.0,0.0,18114.5,28750.0,255881.75,0.0,0.0,-74200.75,-3.2523997398948126,-14551.25,-0.06029594270098475,0.0,37544.0,0.15557088722726717,0.0,37544.0,0.15557088722726717,0.00065,0.000625,57681151,59988397,https://find-and-update.company-information.service.gov.uk/search/companies?q=Marechale+Capital+PLC,https://find-and-update.company-information.service.gov.uk/search/companies?q=Marechale+Capital+PLC,1620594708,17:11:48,20210509
15,2015-03-31,MAC.L,GBP,2015-03-31,2015-03-31,Q1,241330.5,61576.75,179753.75,0.7448447253869693,0.0,165555.0,0.0,18114.5,28750.0,255881.75,0.0,0.0,-74200.75,-3.2523997398948126,-14551.25,-0.06029594270098475,0.0,37544.0,0.15557088722726717,0.0,37544.0,0.15557088722726717,0.00065,0.000625,57681151,59988397,https://find-and-update.company-information.service.gov.uk/search/companies?q=Marechale+Capital+PLC,https://find-and-update.company-information.service.gov.uk/search/companies?q=Marechale+Capital+PLC,1620594708,17:11:48,20210509
16,2015-01-31,MAC.L,GBP,2015-01-31,2015-01-31,Q1,241330.5,61576.75,179753.75,0.7448447253869693,0.0,165555.0,0.0,18114.5,28750.0,255881.75,0.0,0.0,-74200.75,-3.2523997398948126,-14551.25,-0.06029594270098475,0.0,37544.0,0.15557088722726717,0.0,37544.0,0.15557088722726717,0.00065,0.000625,57681151,59988397,https://find-and-update.company-information.service.gov.uk/search/companies?q=Marechale+Capital+PLC,https://find-and-update.company-information.service.gov.uk/search/companies?q=Marechale+Capital+PLC,1620594708,17:11:48,20210509
17,2014-09-30,MAC.L,GBP,2014-09-30,2014-09-30,Q3,188204.5,58808.5,129396.0,0.6875287254024213,0.0,147652.75,0.0,7840.25,0.0,206461.25,0.0,0.0,-61378.25,-3.0663060611861694,-18256.75,-0.09700485376279526,0.0,19851.75,0.10547967769102226,0.0,19851.75,0.10547967769102226,0.00035,0.00035,57681151,57681151,https://find-and-update.company-information.service.gov.uk/search/companies?q=Marechale+Capital+PLC,https://find-and-update.company-information.service.gov.uk/search/companies?q=Marechale+Capital+PLC,1620594708,17:11:48,20210509
18,2014-06-30,MAC.L,GBP,2014-06-30,2014-06-30,Q2,188204.5,58808.5,129396.0,0.6875287254024213,0.0,147652.75,0.0,7840.25,0.0,206461.25,0.0,0.0,-61378.25,-3.0663060611861694,-18256.75,-0.09700485376279526,0.0,19851.75,0.10547967769102226,0.0,19851.75,0.10547967769102226,0.00035,0.00035,57681151,57681151,https://find-and-update.company-information.service.gov.uk/search/companies?q=Marechale+Capital+PLC,https://find-and-update.company-information.service.gov.uk/search/companies?q=Marechale+Capital+PLC,1620594708,17:11:48,20210509
19,2014-03-31,MAC.L,GBP,2014-03-31,2014-03-31,Q1,188204.5,58808.5,129396.0,0.6875287254024213,0.0,147652.75,0.0,7840.25,0.0,206461.25,0.0,0.0,-61378.25,-3.0663060611861694,-18256.75,-0.09700485376279526,0.0,19851.75,0.10547967769102226,0.0,19851.75,0.10547967769102226,0.00035,0.00035,57681151,57681151,https://find-and-update.company-information.service.gov.uk/search/companies?q=Marechale+Capital+PLC,https://find-and-update.company-information.service.gov.uk/search/companies?q=Marechale+Capital+PLC,1620594708,17:11:48,20210509
20,2014-01-31,MAC.L,GBP,2014-01-31,2014-01-31,Q1,188204.5,58808.5,129396.0,0.6875287254024213,0.0,147652.75,0.0,7840.25,0.0,206461.25,0.0,0.0,-61378.25,-3.0663060611861694,-18256.75,-0.09700485376279526,0.0,19851.75,0.10547967769102226,0.0,19851.75,0.10547967769102226,0.00035,0.00035,57681151,57681151,https://find-and-update.company-information.service.gov.uk/search/companies?q=Marechale+Capital+PLC,https://find-and-update.company-information.service.gov.uk/search/companies?q=Marechale+Capital+PLC,1620594708,17:11:48,20210509
21,2013-09-30,MAC.L,GBP,2013-09-30,2013-09-30,Q3,147748.25,30202.0,117546.25,0.7955847192775549,0.0,143511.5,0.0,21928.5,0.0,173713.5,0.0,0.0,-47893.75,-3.084917134281613,-25965.25,-0.17573981417715606,0.0,-4036.75,-0.027321812610301643,58.75,-4095.5,-0.02771944845370419,-7.5e-05,-7.5e-05,53748345,53748345,https://find-and-update.company-information.service.gov.uk/search/companies?q=Marechale+Capital+PLC,https://find-and-update.company-information.service.gov.uk/search/companies?q=Marechale+Capital+PLC,1620594708,17:11:48,20210509
22,2013-06-30,MAC.L,GBP,2013-06-30,2013-06-30,Q2,147748.25,30202.0,117546.25,0.7955847192775549,0.0,143511.5,0.0,21928.5,0.0,173713.5,0.0,0.0,-47893.75,-3.084917134281613,-25965.25,-0.17573981417715606,0.0,-4036.75,-0.027321812610301643,58.75,-4095.5,-0.02771944845370419,-7.5e-05,-7.5e-05,53748345,53748345,https://find-and-update.company-information.service.gov.uk/search/companies?q=Marechale+Capital+PLC,https://find-and-update.company-information.service.gov.uk/search/companies?q=Marechale+Capital+PLC,1620594708,17:11:48,20210509
23,2013-03-31,MAC.L,GBP,2013-03-31,2013-03-31,Q1,147748.25,30202.0,117546.25,0.7955847192775549,0.0,143511.5,0.0,21928.5,0.0,173713.5,0.0,0.0,-47893.75,-3.084917134281613,-25965.25,-0.17573981417715606,0.0,-4036.75,-0.027321812610301643,58.75,-4095.5,-0.02771944845370419,-7.5e-05,-7.5e-05,53748345,53748345,https://find-and-update.company-information.service.gov.uk/search/companies?q=Marechale+Capital+PLC,https://find-and-update.company-information.service.gov.uk/search/companies?q=Marechale+Capital+PLC,1620594708,17:11:48,20210509
24,2013-01-31,MAC.L,GBP,2013-01-31,2013-01-31,Q1,147748.25,30202.0,117546.25,0.7955847192775549,0.0,143511.5,0.0,21928.5,0.0,173713.5,0.0,0.0,-47893.75,-3.084917134281613,-25965.25,-0.17573981417715606,0.0,-4036.75,-0.027321812610301643,58.75,-4095.5,-0.02771944845370419,-7.5e-05,-7.5e-05,53748345,53748345,https://find-and-update.company-information.service.gov.uk/search/companies?q=Marechale+Capital+PLC,https://find-and-update.company-information.service.gov.uk/search/companies?q=Marechale+Capital+PLC,1620594708,17:11:48,20210509
25,2012-09-30,MAC.L,GBP,2012-09-30,2012-09-30,Q3,173600.75,11777.5,161823.25,0.9321575511626534,0.0,155444.75,0.0,-500.0,0.0,167222.25,0.0,0.0,6378.5,27.21654777769068,6378.5,0.036742352783614124,0.0,4416.0,0.02543767812063024,0.0,4416.0,0.02543767812063024,7.5e-05,7.5e-05,52437410,52437410,https://find-and-update.company-information.service.gov.uk/search/companies?q=Marechale+Capital+PLC,https://find-and-update.company-information.service.gov.uk/search/companies?q=Marechale+Capital+PLC,1620594708,17:11:48,20210509
26,2012-06-30,MAC.L,GBP,2012-06-30,2012-06-30,Q2,173600.75,11777.5,161823.25,0.9321575511626534,0.0,155444.75,0.0,-500.0,0.0,167222.25,0.0,0.0,6378.5,27.21654777769068,6378.5,0.036742352783614124,0.0,4416.0,0.02543767812063024,0.0,4416.0,0.02543767812063024,7.5e-05,7.5e-05,52437410,52437410,https://find-and-update.company-information.service.gov.uk/search/companies?q=Marechale+Capital+PLC,https://find-and-update.company-information.service.gov.uk/search/companies?q=Marechale+Capital+PLC,1620594708,17:11:48,20210509
27,2012-03-31,MAC.L,GBP,2012-03-31,2012-03-31,Q1,173600.75,11777.5,161823.25,0.9321575511626534,0.0,155444.75,0.0,-500.0,0.0,167222.25,0.0,0.0,6378.5,27.21654777769068,6378.5,0.036742352783614124,0.0,4416.0,0.02543767812063024,0.0,4416.0,0.02543767812063024,7.5e-05,7.5e-05,52437410,52437410,https://find-and-update.company-information.service.gov.uk/search/companies?q=Marechale+Capital+PLC,https://find-and-update.company-information.service.gov.uk/search/companies?q=Marechale+Capital+PLC,1620594708,17:11:48,20210509
28,2012-01-31,MAC.L,GBP,2012-01-31,2012-01-31,Q1,173600.75,11777.5,161823.25,0.9321575511626534,0.0,155444.75,0.0,-500.0,0.0,167222.25,0.0,0.0,6378.5,27.21654777769068,6378.5,0.036742352783614124,0.0,4416.0,0.02543767812063024,0.0,4416.0,0.02543767812063024,7.5e-05,7.5e-05,52437410,52437410,https://find-and-update.company-information.service.gov.uk/search/companies?q=Marechale+Capital+PLC,https://find-and-update.company-information.service.gov.uk/search/companies?q=Marechale+Capital+PLC,1620594708,17:11:48,20210509
29,2011-09-30,MAC.L,GBP,2011-09-30,2011-09-30,Q3,157750.0,13500.0,144250.0,0.9144215530903328,0.0,159000.0,0.0,-1000.0,148250.0,172250.0,0.0,0.0,-14500.0,-10.879310344827585,-14500.0,-0.0919175911251981,0.0,-6500.0,-0.04120443740095087,0.0,-6500.0,-0.04120443740095087,-0.00015,-0.00015,47437410,47437410,https://find-and-update.company-information.service.gov.uk/search/companies?q=Marechale+Capital+PLC,https://find-and-update.company-information.service.gov.uk/search/companies?q=Marechale+Capital+PLC,1620594708,17:11:48,20210509
30,2011-06-30,MAC.L,GBP,2011-06-30,2011-06-30,Q2,157750.0,13500.0,144250.0,0.9144215530903328,0.0,159000.0,0.0,-1000.0,148250.0,172250.0,0.0,0.0,-14500.0,-10.879310344827585,-14500.0,-0.0919175911251981,0.0,-6500.0,-0.04120443740095087,0.0,-6500.0,-0.04120443740095087,-0.00015,-0.00015,47437410,47437410,https://find-and-update.company-information.service.gov.uk/search/companies?q=Marechale+Capital+PLC,https://find-and-update.company-information.service.gov.uk/search/companies?q=Marechale+Capital+PLC,1620594708,17:11:48,20210509
31,2011-03-31,MAC.L,GBP,2011-03-31,2011-03-31,Q1,157750.0,13500.0,144250.0,0.9144215530903328,0.0,159000.0,0.0,-1000.0,148250.0,172250.0,0.0,0.0,-14500.0,-10.879310344827585,-14500.0,-0.0919175911251981,0.0,-6500.0,-0.04120443740095087,0.0,-6500.0,-0.04120443740095087,-0.00015,-0.00015,47437410,47437410,https://find-and-update.company-information.service.gov.uk/search/companies?q=Marechale+Capital+PLC,https://find-and-update.company-information.service.gov.uk/search/companies?q=Marechale+Capital+PLC,1620594708,17:11:48,20210509
32,2011-01-31,MAC.L,GBP,2011-01-31,2011-01-31,Q1,157750.0,13500.0,144250.0,0.9144215530903328,0.0,159000.0,0.0,-1000.0,148250.0,172250.0,0.0,0.0,-14500.0,-10.879310344827585,-14500.0,-0.0919175911251981,0.0,-6500.0,-0.04120443740095087,0.0,-6500.0,-0.04120443740095087,-0.00015,-0.00015,47437410,47437410,https://find-and-update.company-information.service.gov.uk/search/companies?q=Marechale+Capital+PLC,https://find-and-update.company-information.service.gov.uk/search/companies?q=Marechale+Capital+PLC,1620594708,17:11:48,20210509
33,2010-09-30,MAC.L,GBP,2010-09-30,2010-09-30,Q3,13500.0,0.0,0.0,0.0,0.0,140500.0,0.0,-1000.0,32000.0,68750.0,0.0,9250.0,-46000.0,-3.4074074074074074,-55250.0,-4.092592592592593,0.0,-209000.0,-15.481481481481481,0.0,-299750.0,-22.203703703703702,-0.006875,-0.006875,43650169,43650169,https://find-and-update.company-information.service.gov.uk/search/companies?q=Marechale+Capital+PLC,https://find-and-update.company-information.service.gov.uk/search/companies?q=Marechale+Capital+PLC,1620594708,17:11:48,20210509
34,2010-06-30,MAC.L,GBP,2010-06-30,2010-06-30,Q2,13500.0,0.0,0.0,0.0,0.0,140500.0,0.0,-1000.0,32000.0,68750.0,0.0,9250.0,-46000.0,-3.4074074074074074,-55250.0,-4.092592592592593,0.0,-209000.0,-15.481481481481481,0.0,-299750.0,-22.203703703703702,-0.006875,-0.006875,43650169,43650169,https://find-and-update.company-information.service.gov.uk/search/companies?q=Marechale+Capital+PLC,https://find-and-update.company-information.service.gov.uk/search/companies?q=Marechale+Capital+PLC,1620594708,17:11:48,20210509
35,2010-03-31,MAC.L,GBP,2010-03-31,2010-03-31,Q1,13500.0,0.0,0.0,0.0,0.0,140500.0,0.0,-1000.0,32000.0,68750.0,0.0,9250.0,-46000.0,-3.4074074074074074,-55250.0,-4.092592592592593,0.0,-209000.0,-15.481481481481481,0.0,-299750.0,-22.203703703703702,-0.006875,-0.006875,43650169,43650169,https://find-and-update.company-information.service.gov.uk/search/companies?q=Marechale+Capital+PLC,https://find-and-update.company-information.service.gov.uk/search/companies?q=Marechale+Capital+PLC,1620594708,17:11:48,20210509
36,2010-01-31,MAC.L,GBP,2010-01-31,2010-01-31,Q1,13500.0,0.0,0.0,0.0,0.0,140500.0,0.0,-1000.0,32000.0,68750.0,0.0,9250.0,-46000.0,-3.4074074074074074,-55250.0,-4.092592592592593,0.0,-209000.0,-15.481481481481481,0.0,-299750.0,-22.203703703703702,-0.006875,-0.006875,43650169,43650169,https://find-and-update.company-information.service.gov.uk/search/companies?q=Marechale+Capital+PLC,https://find-and-update.company-information.service.gov.uk/search/companies?q=Marechale+Capital+PLC,1620594708,17:11:48,20210509
37,2009-09-30,MAC.L,GBP,2009-09-30,2009-09-30,Q3,0.0,0.0,0.0,0.0,0.0,180750.0,0.0,-26500.0,134000.0,180750.0,0.0,13250.0,-167500.0,0.0,-180750.0,0.0,0.0,-183000.0,0.0,0.0,-326500.0,0.0,-0.007675,-0.007675,42476093,42476093,https://find-and-update.company-information.service.gov.uk/search/companies?q=Marechale+Capital+PLC,https://find-and-update.company-information.service.gov.uk/search/companies?q=Marechale+Capital+PLC,1620594708,17:11:48,20210509
38,2009-06-30,MAC.L,GBP,2009-06-30,2009-06-30,Q2,0.0,0.0,0.0,0.0,0.0,180750.0,0.0,-26500.0,134000.0,180750.0,0.0,13250.0,-167500.0,0.0,-180750.0,0.0,0.0,-183000.0,0.0,0.0,-326500.0,0.0,-0.007675,-0.007675,42476093,42476093,https://find-and-update.company-information.service.gov.uk/search/companies?q=Marechale+Capital+PLC,https://find-and-update.company-information.service.gov.uk/search/companies?q=Marechale+Capital+PLC,1620594708,17:11:48,20210509
39,2009-03-31,MAC.L,GBP,2009-03-31,2009-03-31,Q1,0.0,0.0,0.0,0.0,0.0,180750.0,0.0,-26500.0,134000.0,180750.0,0.0,13250.0,-167500.0,0.0,-180750.0,0.0,0.0,-183000.0,0.0,0.0,-326500.0,0.0,-0.007675,-0.007675,42476093,42476093,https://find-and-update.company-information.service.gov.uk/search/companies?q=Marechale+Capital+PLC,https://find-and-update.company-information.service.gov.uk/search/companies?q=Marechale+Capital+PLC,1620594708,17:11:48,20210509
40,2009-01-31,MAC.L,GBP,2009-01-31,2009-01-31,Q1,0.0,0.0,0.0,0.0,0.0,180750.0,0.0,-26500.0,134000.0,180750.0,0.0,13250.0,-167500.0,0.0,-180750.0,0.0,0.0,-183000.0,0.0,0.0,-326500.0,0.0,-0.007675,-0.007675,42476093,42476093,https://find-and-update.company-information.service.gov.uk/search/companies?q=Marechale+Capital+PLC,https://find-and-update.company-information.service.gov.uk/search/companies?q=Marechale+Capital+PLC,1620594708,17:11:48,20210509
41,2008-09-30,MAC.L,GBP,2008-09-30,2008-09-30,Q3,679750.0,65500.0,614250.0,0.903641044501655,0.0,622750.0,0.0,-48000.0,586000.0,688250.0,0.0,2500.0,-6000.0,-0.008826774549466716,-8500.0,-0.01250459727841118,0.0,35250.0,0.05185730047811696,4750.0,30500.0,0.04486943729312247,0.00075,0.000725,41218795,41661482,https://find-and-update.company-information.service.gov.uk/search/companies?q=Marechale+Capital+PLC,https://find-and-update.company-information.service.gov.uk/search/companies?q=Marechale+Capital+PLC,1620594708,17:11:48,20210509
42,2008-06-30,MAC.L,GBP,2008-06-30,2008-06-30,Q2,679750.0,65500.0,614250.0,0.903641044501655,0.0,622750.0,0.0,-48000.0,586000.0,688250.0,0.0,2500.0,-6000.0,-0.008826774549466716,-8500.0,-0.01250459727841118,0.0,35250.0,0.05185730047811696,4750.0,30500.0,0.04486943729312247,0.00075,0.000725,41218795,41661482,https://find-and-update.company-information.service.gov.uk/search/companies?q=Marechale+Capital+PLC,https://find-and-update.company-information.service.gov.uk/search/companies?q=Marechale+Capital+PLC,1620594708,17:11:48,20210509
43,2008-03-31,MAC.L,GBP,2008-03-31,2008-03-31,Q1,679750.0,65500.0,614250.0,0.903641044501655,0.0,622750.0,0.0,-48000.0,586000.0,688250.0,0.0,2500.0,-6000.0,-0.008826774549466716,-8500.0,-0.01250459727841118,0.0,35250.0,0.05185730047811696,4750.0,30500.0,0.04486943729312247,0.00075,0.000725,41218795,41661482,https://find-and-update.company-information.service.gov.uk/search/companies?q=Marechale+Capital+PLC,https://find-and-update.company-information.service.gov.uk/search/companies?q=Marechale+Capital+PLC,1620594708,17:11:48,20210509
44,2008-01-31,MAC.L,GBP,2008-01-31,2008-01-31,Q1,679750.0,65500.0,614250.0,0.903641044501655,0.0,622750.0,0.0,-48000.0,586000.0,688250.0,0.0,2500.0,-6000.0,-0.008826774549466716,-8500.0,-0.01250459727841118,0.0,35250.0,0.05185730047811696,4750.0,30500.0,0.04486943729312247,0.00075,0.000725,41218795,41661482,https://find-and-update.company-information.service.gov.uk/search/companies?q=Marechale+Capital+PLC,https://find-and-update.company-information.service.gov.uk/search/companies?q=Marechale+Capital+PLC,1620594708,17:11:48,20210509
45,2007-09-30,MAC.L,GBP,2007-09-30,2007-09-30,Q3,217750.0,15250.0,202500.0,0.9299655568312285,0.0,0.0,0.0,0.0,338750.0,369250.0,2750.0,0.0,-141500.0,-1.53886925795053,-151500.0,-0.695752009184845,0.0,-144250.0,-0.6624569460390356,0.0,-144250.0,-0.6624569460390356,-0.00675,-0.00675,21025000,21025000,https://find-and-update.company-information.service.gov.uk/search/companies?q=Marechale+Capital+PLC,https://find-and-update.company-information.service.gov.uk/search/companies?q=Marechale+Capital+PLC,1620594708,17:11:48,20210509
46,2007-06-30,MAC.L,GBP,2007-06-30,2007-06-30,Q2,217750.0,15250.0,202500.0,0.9299655568312285,0.0,0.0,0.0,0.0,338750.0,369250.0,2750.0,0.0,-141500.0,-1.53886925795053,-151500.0,-0.695752009184845,0.0,-144250.0,-0.6624569460390356,0.0,-144250.0,-0.6624569460390356,-0.00675,-0.00675,21025000,21025000,https://find-and-update.company-information.service.gov.uk/search/companies?q=Marechale+Capital+PLC,https://find-and-update.company-information.service.gov.uk/search/companies?q=Marechale+Capital+PLC,1620594708,17:11:48,20210509
47,2007-03-31,MAC.L,GBP,2007-03-31,2007-03-31,Q1,217750.0,15250.0,202500.0,0.9299655568312285,0.0,0.0,0.0,0.0,338750.0,369250.0,2750.0,0.0,-141500.0,-1.53886925795053,-151500.0,-0.695752009184845,0.0,-144250.0,-0.6624569460390356,0.0,-144250.0,-0.6624569460390356,-0.00675,-0.00675,21025000,21025000,https://find-and-update.company-information.service.gov.uk/search/companies?q=Marechale+Capital+PLC,https://find-and-update.company-information.service.gov.uk/search/companies?q=Marechale+Capital+PLC,1620594708,17:11:48,20210509
48,2007-01-31,MAC.L,GBP,2007-01-31,2007-01-31,Q1,217750.0,15250.0,202500.0,0.9299655568312285,0.0,0.0,0.0,0.0,338750.0,369250.0,2750.0,0.0,-141500.0,-1.53886925795053,-151500.0,-0.695752009184845,0.0,-144250.0,-0.6624569460390356,0.0,-144250.0,-0.6624569460390356,-0.00675,-0.00675,21025000,21025000,https://find-and-update.company-information.service.gov.uk/search/companies?q=Marechale+Capital+PLC,https://find-and-update.company-information.service.gov.uk/search/companies?q=Marechale+Capital+PLC,1620594708,17:11:48,20210509
49,2006-09-30,MAC.L,GBP,2006-09-30,2006-09-30,Q3,243250.0,33250.0,210000.0,0.8633093525179856,0.0,0.0,0.0,0.0,0.0,302750.0,2000.0,0.0,40750.0,5.969325153374233,-59500.0,-0.2446043165467626,0.0,38750.0,0.1593011305241521,0.0,38750.0,0.1593011305241521,0.001,0.001,42656000,42656000,https://find-and-update.company-information.service.gov.uk/search/companies?q=Marechale+Capital+PLC,https://find-and-update.company-information.service.gov.uk/search/companies?q=Marechale+Capital+PLC,1620594708,17:11:48,20210509
50,2006-06-30,MAC.L,GBP,2006-06-30,2006-06-30,Q2,243250.0,33250.0,210000.0,0.8633093525179856,0.0,0.0,0.0,0.0,0.0,302750.0,2000.0,0.0,40750.0,5.969325153374233,-59500.0,-0.2446043165467626,0.0,38750.0,0.1593011305241521,0.0,38750.0,0.1593011305241521,0.001,0.001,42656000,42656000,https://find-and-update.company-information.service.gov.uk/search/companies?q=Marechale+Capital+PLC,https://find-and-update.company-information.service.gov.uk/search/companies?q=Marechale+Capital+PLC,1620594708,17:11:48,20210509
51,2006-03-31,MAC.L,GBP,2006-03-31,2006-03-31,Q1,243250.0,33250.0,210000.0,0.8633093525179856,0.0,0.0,0.0,0.0,0.0,302750.0,2000.0,0.0,40750.0,5.969325153374233,-59500.0,-0.2446043165467626,0.0,38750.0,0.1593011305241521,0.0,38750.0,0.1593011305241521,0.001,0.001,42656000,42656000,https://find-and-update.company-information.service.gov.uk/search/companies?q=Marechale+Capital+PLC,https://find-and-update.company-information.service.gov.uk/search/companies?q=Marechale+Capital+PLC,1620594708,17:11:48,20210509
52,2006-01-31,MAC.L,GBP,2006-01-31,2006-01-31,Q1,243250.0,33250.0,210000.0,0.8633093525179856,0.0,0.0,0.0,0.0,0.0,302750.0,2000.0,0.0,40750.0,5.969325153374233,-59500.0,-0.2446043165467626,0.0,38750.0,0.1593011305241521,0.0,38750.0,0.1593011305241521,0.001,0.001,42656000,42656000,https://find-and-update.company-information.service.gov.uk/search/companies?q=Marechale+Capital+PLC,https://find-and-update.company-information.service.gov.uk/search/companies?q=Marechale+Capital+PLC,1620594708,17:11:48,20210509
53,2005-09-30,MAC.L,GBP,2005-09-30,2005-09-30,Q3,227250.0,93000.0,134250.0,0.5907590759075908,0.0,0.0,0.0,0.0,203500.0,297250.0,2000.0,750.0,-69250.0,-0.3047304730473047,-70000.0,-0.30803080308030806,0.0,-75750.0,-0.3333333333333333,0.0,-75750.0,-0.3333333333333333,-0.00175,-0.00175,42656000,42656000,https://find-and-update.company-information.service.gov.uk/search/companies?q=Marechale+Capital+PLC,https://find-and-update.company-information.service.gov.uk/search/companies?q=Marechale+Capital+PLC,1620594708,17:11:48,20210509
54,2005-06-30,MAC.L,GBP,2005-06-30,2005-06-30,Q2,227250.0,93000.0,134250.0,0.5907590759075908,0.0,0.0,0.0,0.0,203500.0,297250.0,2000.0,750.0,-69250.0,-0.3047304730473047,-70000.0,-0.30803080308030806,0.0,-75750.0,-0.3333333333333333,0.0,-75750.0,-0.3333333333333333,-0.00175,-0.00175,42656000,42656000,https://find-and-update.company-information.service.gov.uk/search/companies?q=Marechale+Capital+PLC,https://find-and-update.company-information.service.gov.uk/search/companies?q=Marechale+Capital+PLC,1620594708,17:11:48,20210509
55,2005-03-31,MAC.L,GBP,2005-03-31,2005-03-31,Q1,227250.0,93000.0,134250.0,0.5907590759075908,0.0,0.0,0.0,0.0,203500.0,297250.0,2000.0,750.0,-69250.0,-0.3047304730473047,-70000.0,-0.30803080308030806,0.0,-75750.0,-0.3333333333333333,0.0,-75750.0,-0.3333333333333333,-0.00175,-0.00175,42656000,42656000,https://find-and-update.company-information.service.gov.uk/search/companies?q=Marechale+Capital+PLC,https://find-and-update.company-information.service.gov.uk/search/companies?q=Marechale+Capital+PLC,1620594708,17:11:48,20210509
56,2005-01-31,MAC.L,GBP,2005-01-31,2005-01-31,Q1,227250.0,93000.0,134250.0,0.5907590759075908,0.0,0.0,0.0,0.0,203500.0,297250.0,2000.0,750.0,-69250.0,-0.3047304730473047,-70000.0,-0.30803080308030806,0.0,-75750.0,-0.3333333333333333,0.0,-75750.0,-0.3333333333333333,-0.00175,-0.00175,42656000,42656000,https://find-and-update.company-information.service.gov.uk/search/companies?q=Marechale+Capital+PLC,https://find-and-update.company-information.service.gov.uk/search/companies?q=Marechale+Capital+PLC,1620594708,17:11:48,20210509
