,date,symbol,reportedCurrency,fillingDate,acceptedDate,period,revenue,costOfRevenue,grossProfit,grossProfitRatio,researchAndDevelopmentExpenses,generalAndAdministrativeExpenses,sellingAndMarketingExpenses,otherExpenses,operatingExpenses,costAndExpenses,interestExpense,depreciationAndAmortization,ebitda,ebitdaratio,operatingIncome,operatingIncomeRatio,totalOtherIncomeExpensesNet,incomeBeforeTax,incomeBeforeTaxRatio,incomeTaxExpense,netIncome,netIncomeRatio,eps,epsdiluted,weightedAverageShsOut,weightedAverageShsOutDil,link,finalLink,timestamp,est_time,est_date
0,2019-09-30,0419.HK,HKD,2019-09-30,2019-09-30,Q3,24831500.0,15078750.0,9752750.0,0.39275718341622534,0.0,18066250.0,0.0,142750.0,0.0,33145000,2508000.0,6381750.0,-1931750.0,-0.07779433380987859,-8313500.0,-0.33479652860278275,0.0,-6996250.0,-0.28174898818033545,196250.0,-7192500.0,-0.28965225620683405,-0.000525,-0.000525,13498107000,13498107000,https://www1.hkexnews.hk/search/titlesearch.xhtml,https://www1.hkexnews.hk/search/titlesearch.xhtml,1620584724,14:25:24,20210509
1,2019-06-30,0419.HK,HKD,2019-06-30,2019-06-30,Q2,24831500.0,15078750.0,9752750.0,0.39275718341622534,0.0,18066250.0,0.0,142750.0,0.0,33145000,2508000.0,6381750.0,-1931750.0,-0.07779433380987859,-8313500.0,-0.33479652860278275,0.0,-6996250.0,-0.28174898818033545,196250.0,-7192500.0,-0.28965225620683405,-0.000525,-0.000525,13498107000,13498107000,https://www1.hkexnews.hk/search/titlesearch.xhtml,https://www1.hkexnews.hk/search/titlesearch.xhtml,1620584724,14:25:24,20210509
2,2019-03-31,0419.HK,HKD,2019-03-31,2019-03-31,Q1,24831500.0,15078750.0,9752750.0,0.39275718341622534,0.0,18066250.0,0.0,142750.0,0.0,33145000,2508000.0,6381750.0,-1931750.0,-0.07779433380987859,-8313500.0,-0.33479652860278275,0.0,-6996250.0,-0.28174898818033545,196250.0,-7192500.0,-0.28965225620683405,-0.000525,-0.000525,13498107000,13498107000,https://www1.hkexnews.hk/search/titlesearch.xhtml,https://www1.hkexnews.hk/search/titlesearch.xhtml,1620584724,14:25:24,20210509
3,2019-01-31,0419.HK,HKD,2019-01-31,2019-01-31,Q1,24831500.0,15078750.0,9752750.0,0.39275718341622534,0.0,18066250.0,0.0,142750.0,0.0,33145000,2508000.0,6381750.0,-1931750.0,-0.07779433380987859,-8313500.0,-0.33479652860278275,0.0,-6996250.0,-0.28174898818033545,196250.0,-7192500.0,-0.28965225620683405,-0.000525,-0.000525,13498107000,13498107000,https://www1.hkexnews.hk/search/titlesearch.xhtml,https://www1.hkexnews.hk/search/titlesearch.xhtml,1620584724,14:25:24,20210509
4,2018-09-30,0419.HK,HKD,2018-09-30,2018-09-30,Q3,27292000.0,17738500.0,9553500.0,0.3500476330060091,0.0,24777750.0,74000.0,-971750.0,0.0,42590250,13500.0,1198500.0,-14099750.0,-0.516625751135864,-15298250.0,-0.5605397185988568,0.0,-16581250.0,-0.6075498314524402,32500.0,18434250.0,0.6754451854023157,0.001375,0.001375,13498107000,13498107000,https://www1.hkexnews.hk/search/titlesearch.xhtml,https://www1.hkexnews.hk/search/titlesearch.xhtml,1620584724,14:25:24,20210509
5,2018-06-30,0419.HK,HKD,2018-06-30,2018-06-30,Q2,27292000.0,17738500.0,9553500.0,0.3500476330060091,0.0,24777750.0,74000.0,-971750.0,0.0,42590250,13500.0,1198500.0,-14099750.0,-0.516625751135864,-15298250.0,-0.5605397185988568,0.0,-16581250.0,-0.6075498314524402,32500.0,18434250.0,0.6754451854023157,0.001375,0.001375,13498107000,13498107000,https://www1.hkexnews.hk/search/titlesearch.xhtml,https://www1.hkexnews.hk/search/titlesearch.xhtml,1620584724,14:25:24,20210509
6,2018-03-31,0419.HK,HKD,2018-03-31,2018-03-31,Q1,27292000.0,17738500.0,9553500.0,0.3500476330060091,0.0,24777750.0,74000.0,-971750.0,0.0,42590250,13500.0,1198500.0,-14099750.0,-0.516625751135864,-15298250.0,-0.5605397185988568,0.0,-16581250.0,-0.6075498314524402,32500.0,18434250.0,0.6754451854023157,0.001375,0.001375,13498107000,13498107000,https://www1.hkexnews.hk/search/titlesearch.xhtml,https://www1.hkexnews.hk/search/titlesearch.xhtml,1620584724,14:25:24,20210509
7,2018-01-31,0419.HK,HKD,2018-01-31,2018-01-31,Q1,27292000.0,17738500.0,9553500.0,0.3500476330060091,0.0,24777750.0,74000.0,-971750.0,0.0,42590250,13500.0,1198500.0,-14099750.0,-0.516625751135864,-15298250.0,-0.5605397185988568,0.0,-16581250.0,-0.6075498314524402,32500.0,18434250.0,0.6754451854023157,0.001375,0.001375,13498107000,13498107000,https://www1.hkexnews.hk/search/titlesearch.xhtml,https://www1.hkexnews.hk/search/titlesearch.xhtml,1620584724,14:25:24,20210509
8,2017-09-30,0419.HK,HKD,2017-09-30,2017-09-30,Q3,41916500.0,39242500.0,2674000.0,0.06379349420872449,0.0,39120500.0,6649750.0,31000.0,0.0,85012750,31500.0,9294500.0,-33801750.0,-0.8064067849176338,-43096250.0,-1.0281452411341596,0.0,-35189750.0,-0.8395202366609807,91000.0,-25917250.0,-0.6183066334259778,-0.001925,-0.001925,13498107000,13498107000,https://www1.hkexnews.hk/search/titlesearch.xhtml,https://www1.hkexnews.hk/search/titlesearch.xhtml,1620584724,14:25:24,20210509
9,2017-06-30,0419.HK,HKD,2017-06-30,2017-06-30,Q2,41916500.0,39242500.0,2674000.0,0.06379349420872449,0.0,39120500.0,6649750.0,31000.0,0.0,85012750,31500.0,9294500.0,-33801750.0,-0.8064067849176338,-43096250.0,-1.0281452411341596,0.0,-35189750.0,-0.8395202366609807,91000.0,-25917250.0,-0.6183066334259778,-0.001925,-0.001925,13498107000,13498107000,https://www1.hkexnews.hk/search/titlesearch.xhtml,https://www1.hkexnews.hk/search/titlesearch.xhtml,1620584724,14:25:24,20210509
10,2017-03-31,0419.HK,HKD,2017-03-31,2017-03-31,Q1,41916500.0,39242500.0,2674000.0,0.06379349420872449,0.0,39120500.0,6649750.0,31000.0,0.0,85012750,31500.0,9294500.0,-33801750.0,-0.8064067849176338,-43096250.0,-1.0281452411341596,0.0,-35189750.0,-0.8395202366609807,91000.0,-25917250.0,-0.6183066334259778,-0.001925,-0.001925,13498107000,13498107000,https://www1.hkexnews.hk/search/titlesearch.xhtml,https://www1.hkexnews.hk/search/titlesearch.xhtml,1620584724,14:25:24,20210509
11,2017-01-31,0419.HK,HKD,2017-01-31,2017-01-31,Q1,41916500.0,39242500.0,2674000.0,0.06379349420872449,0.0,39120500.0,6649750.0,31000.0,0.0,85012750,31500.0,9294500.0,-33801750.0,-0.8064067849176338,-43096250.0,-1.0281452411341596,0.0,-35189750.0,-0.8395202366609807,91000.0,-25917250.0,-0.6183066334259778,-0.001925,-0.001925,13498107000,13498107000,https://www1.hkexnews.hk/search/titlesearch.xhtml,https://www1.hkexnews.hk/search/titlesearch.xhtml,1620584724,14:25:24,20210509
12,2016-09-30,0419.HK,HKD,2016-09-30,2016-09-30,Q3,33908250.0,28460500.0,5447750.0,0.1606614909350969,0.0,29495750.0,1017250.0,398250.0,0.0,58973500,8250.0,3112000.0,-21953250.0,-0.6474309349494592,-25065250.0,-0.7392080098501103,0.0,-34678500.0,-1.0227157107783504,21500.0,-34876500.0,-1.0285549976775563,-0.002725,-0.002725,12844236000,12844236000,https://www1.hkexnews.hk/search/titlesearch.xhtml,https://www1.hkexnews.hk/search/titlesearch.xhtml,1620584724,14:25:24,20210509
13,2016-06-30,0419.HK,HKD,2016-06-30,2016-06-30,Q2,33908250.0,28460500.0,5447750.0,0.1606614909350969,0.0,29495750.0,1017250.0,398250.0,0.0,58973500,8250.0,3112000.0,-21953250.0,-0.6474309349494592,-25065250.0,-0.7392080098501103,0.0,-34678500.0,-1.0227157107783504,21500.0,-34876500.0,-1.0285549976775563,-0.002725,-0.002725,12844236000,12844236000,https://www1.hkexnews.hk/search/titlesearch.xhtml,https://www1.hkexnews.hk/search/titlesearch.xhtml,1620584724,14:25:24,20210509
14,2016-03-31,0419.HK,HKD,2016-03-31,2016-03-31,Q1,33908250.0,28460500.0,5447750.0,0.1606614909350969,0.0,29495750.0,1017250.0,398250.0,0.0,58973500,8250.0,3112000.0,-21953250.0,-0.6474309349494592,-25065250.0,-0.7392080098501103,0.0,-34678500.0,-1.0227157107783504,21500.0,-34876500.0,-1.0285549976775563,-0.002725,-0.002725,12844236000,12844236000,https://www1.hkexnews.hk/search/titlesearch.xhtml,https://www1.hkexnews.hk/search/titlesearch.xhtml,1620584724,14:25:24,20210509
15,2016-01-31,0419.HK,HKD,2016-01-31,2016-01-31,Q1,33908250.0,28460500.0,5447750.0,0.1606614909350969,0.0,29495750.0,1017250.0,398250.0,0.0,58973500,8250.0,3112000.0,-21953250.0,-0.6474309349494592,-25065250.0,-0.7392080098501103,0.0,-34678500.0,-1.0227157107783504,21500.0,-34876500.0,-1.0285549976775563,-0.002725,-0.002725,12844236000,12844236000,https://www1.hkexnews.hk/search/titlesearch.xhtml,https://www1.hkexnews.hk/search/titlesearch.xhtml,1620584724,14:25:24,20210509
16,2015-09-30,0419.HK,HKD,2015-09-30,2015-09-30,Q3,30709500.0,16914750.0,13794750.0,0.4492013871928882,0.0,34141000.0,5855250.0,133500.0,0.0,56911000,382000.0,772000.0,-25429500.0,-0.8280662335759292,-26201500.0,-0.853205034272782,0.0,-32008250.0,-1.0422914733225874,1153000.0,-123417500.0,-4.018870382129308,-0.018675,-0.018675,6612389000,6612389000,https://www1.hkexnews.hk/search/titlesearch.xhtml,https://www1.hkexnews.hk/search/titlesearch.xhtml,1620584724,14:25:24,20210509
17,2015-06-30,0419.HK,HKD,2015-06-30,2015-06-30,Q2,30709500.0,16914750.0,13794750.0,0.4492013871928882,0.0,34141000.0,5855250.0,133500.0,0.0,56911000,382000.0,772000.0,-25429500.0,-0.8280662335759292,-26201500.0,-0.853205034272782,0.0,-32008250.0,-1.0422914733225874,1153000.0,-123417500.0,-4.018870382129308,-0.018675,-0.018675,6612389000,6612389000,https://www1.hkexnews.hk/search/titlesearch.xhtml,https://www1.hkexnews.hk/search/titlesearch.xhtml,1620584724,14:25:24,20210509
18,2015-03-31,0419.HK,HKD,2015-03-31,2015-03-31,Q1,30709500.0,16914750.0,13794750.0,0.4492013871928882,0.0,34141000.0,5855250.0,133500.0,0.0,56911000,382000.0,772000.0,-25429500.0,-0.8280662335759292,-26201500.0,-0.853205034272782,0.0,-32008250.0,-1.0422914733225874,1153000.0,-123417500.0,-4.018870382129308,-0.018675,-0.018675,6612389000,6612389000,https://www1.hkexnews.hk/search/titlesearch.xhtml,https://www1.hkexnews.hk/search/titlesearch.xhtml,1620584724,14:25:24,20210509
19,2015-01-31,0419.HK,HKD,2015-01-31,2015-01-31,Q1,30709500.0,16914750.0,13794750.0,0.4492013871928882,0.0,34141000.0,5855250.0,133500.0,0.0,56911000,382000.0,772000.0,-25429500.0,-0.8280662335759292,-26201500.0,-0.853205034272782,0.0,-32008250.0,-1.0422914733225874,1153000.0,-123417500.0,-4.018870382129308,-0.018675,-0.018675,6612389000,6612389000,https://www1.hkexnews.hk/search/titlesearch.xhtml,https://www1.hkexnews.hk/search/titlesearch.xhtml,1620584724,14:25:24,20210509
20,2014-09-30,0419.HK,HKD,2014-09-30,2014-09-30,Q3,27534250.0,21082750.0,6451500.0,0.23430817981241545,0.0,17254750.0,96000.0,68750.0,0.0,38433500,0.0,8077250.0,-2822000.0,-0.10249053451610267,-10899250.0,-0.3958433587259504,0.0,11950000.0,0.4340049211436665,-1058750.0,13794500.0,0.5009942162942517,0.002675,0.002625,5156237000,5264574000,https://www1.hkexnews.hk/search/titlesearch.xhtml,https://www1.hkexnews.hk/search/titlesearch.xhtml,1620584724,14:25:24,20210509
21,2014-06-30,0419.HK,HKD,2014-06-30,2014-06-30,Q2,27534250.0,21082750.0,6451500.0,0.23430817981241545,0.0,17254750.0,96000.0,68750.0,0.0,38433500,0.0,8077250.0,-2822000.0,-0.10249053451610267,-10899250.0,-0.3958433587259504,0.0,11950000.0,0.4340049211436665,-1058750.0,13794500.0,0.5009942162942517,0.002675,0.002625,5156237000,5264574000,https://www1.hkexnews.hk/search/titlesearch.xhtml,https://www1.hkexnews.hk/search/titlesearch.xhtml,1620584724,14:25:24,20210509
22,2014-03-31,0419.HK,HKD,2014-03-31,2014-03-31,Q1,27534250.0,21082750.0,6451500.0,0.23430817981241545,0.0,17254750.0,96000.0,68750.0,0.0,38433500,0.0,8077250.0,-2822000.0,-0.10249053451610267,-10899250.0,-0.3958433587259504,0.0,11950000.0,0.4340049211436665,-1058750.0,13794500.0,0.5009942162942517,0.002675,0.002625,5156237000,5264574000,https://www1.hkexnews.hk/search/titlesearch.xhtml,https://www1.hkexnews.hk/search/titlesearch.xhtml,1620584724,14:25:24,20210509
23,2014-01-31,0419.HK,HKD,2014-01-31,2014-01-31,Q1,27534250.0,21082750.0,6451500.0,0.23430817981241545,0.0,17254750.0,96000.0,68750.0,0.0,38433500,0.0,8077250.0,-2822000.0,-0.10249053451610267,-10899250.0,-0.3958433587259504,0.0,11950000.0,0.4340049211436665,-1058750.0,13794500.0,0.5009942162942517,0.002675,0.002625,5156237000,5264574000,https://www1.hkexnews.hk/search/titlesearch.xhtml,https://www1.hkexnews.hk/search/titlesearch.xhtml,1620584724,14:25:24,20210509
24,2013-09-30,0419.HK,HKD,2013-09-30,2013-09-30,Q3,31548000.0,23495500.0,8052500.0,0.2552459743882338,0.0,23850250.0,94750.0,-151500.0,0.0,47440500,13609250.0,12165500.0,-3727000.0,-0.11813744135919868,-15892500.0,-0.5037561810574362,0.0,-26099250.0,-0.8272869912514264,-1018500.0,-41430500.0,-1.3132528210980094,-0.0156,-0.0156,2654817000,2654817000,https://www1.hkexnews.hk/search/titlesearch.xhtml,https://www1.hkexnews.hk/search/titlesearch.xhtml,1620584724,14:25:24,20210509
25,2013-06-30,0419.HK,HKD,2013-06-30,2013-06-30,Q2,31548000.0,23495500.0,8052500.0,0.2552459743882338,0.0,23850250.0,94750.0,-151500.0,0.0,47440500,13609250.0,12165500.0,-3727000.0,-0.11813744135919868,-15892500.0,-0.5037561810574362,0.0,-26099250.0,-0.8272869912514264,-1018500.0,-41430500.0,-1.3132528210980094,-0.0156,-0.0156,2654817000,2654817000,https://www1.hkexnews.hk/search/titlesearch.xhtml,https://www1.hkexnews.hk/search/titlesearch.xhtml,1620584724,14:25:24,20210509
26,2013-03-31,0419.HK,HKD,2013-03-31,2013-03-31,Q1,31548000.0,23495500.0,8052500.0,0.2552459743882338,0.0,23850250.0,94750.0,-151500.0,0.0,47440500,13609250.0,12165500.0,-3727000.0,-0.11813744135919868,-15892500.0,-0.5037561810574362,0.0,-26099250.0,-0.8272869912514264,-1018500.0,-41430500.0,-1.3132528210980094,-0.0156,-0.0156,2654817000,2654817000,https://www1.hkexnews.hk/search/titlesearch.xhtml,https://www1.hkexnews.hk/search/titlesearch.xhtml,1620584724,14:25:24,20210509
27,2013-01-31,0419.HK,HKD,2013-01-31,2013-01-31,Q1,31548000.0,23495500.0,8052500.0,0.2552459743882338,0.0,23850250.0,94750.0,-151500.0,0.0,47440500,13609250.0,12165500.0,-3727000.0,-0.11813744135919868,-15892500.0,-0.5037561810574362,0.0,-26099250.0,-0.8272869912514264,-1018500.0,-41430500.0,-1.3132528210980094,-0.0156,-0.0156,2654817000,2654817000,https://www1.hkexnews.hk/search/titlesearch.xhtml,https://www1.hkexnews.hk/search/titlesearch.xhtml,1620584724,14:25:24,20210509
28,2012-09-30,0419.HK,HKD,2012-09-30,2012-09-30,Q3,41267000.0,15692500.0,25574500.0,0.6197324738895486,0.0,23432000.0,139750.0,-197000.0,0.0,39264250,6064000.0,10104750.0,12107500.0,0.2933942375263528,2002750.0,0.04853151428502193,0.0,-7739000.0,-0.18753483412896504,3158250.0,-10897250.0,-0.26406692999248793,-0.0048,-0.0048,2268321000,2268321000,https://www1.hkexnews.hk/search/titlesearch.xhtml,https://www1.hkexnews.hk/search/titlesearch.xhtml,1620584724,14:25:24,20210509
29,2012-06-30,0419.HK,HKD,2012-06-30,2012-06-30,Q2,41267000.0,15692500.0,25574500.0,0.6197324738895486,0.0,23432000.0,139750.0,-197000.0,0.0,39264250,6064000.0,10104750.0,12107500.0,0.2933942375263528,2002750.0,0.04853151428502193,0.0,-7739000.0,-0.18753483412896504,3158250.0,-10897250.0,-0.26406692999248793,-0.0048,-0.0048,2268321000,2268321000,https://www1.hkexnews.hk/search/titlesearch.xhtml,https://www1.hkexnews.hk/search/titlesearch.xhtml,1620584724,14:25:24,20210509
30,2012-03-31,0419.HK,HKD,2012-03-31,2012-03-31,Q1,41267000.0,15692500.0,25574500.0,0.6197324738895486,0.0,23432000.0,139750.0,-197000.0,0.0,39264250,6064000.0,10104750.0,12107500.0,0.2933942375263528,2002750.0,0.04853151428502193,0.0,-7739000.0,-0.18753483412896504,3158250.0,-10897250.0,-0.26406692999248793,-0.0048,-0.0048,2268321000,2268321000,https://www1.hkexnews.hk/search/titlesearch.xhtml,https://www1.hkexnews.hk/search/titlesearch.xhtml,1620584724,14:25:24,20210509
31,2012-01-31,0419.HK,HKD,2012-01-31,2012-01-31,Q1,41267000.0,15692500.0,25574500.0,0.6197324738895486,0.0,23432000.0,139750.0,-197000.0,0.0,39264250,6064000.0,10104750.0,12107500.0,0.2933942375263528,2002750.0,0.04853151428502193,0.0,-7739000.0,-0.18753483412896504,3158250.0,-10897250.0,-0.26406692999248793,-0.0048,-0.0048,2268321000,2268321000,https://www1.hkexnews.hk/search/titlesearch.xhtml,https://www1.hkexnews.hk/search/titlesearch.xhtml,1620584724,14:25:24,20210509
32,2011-09-30,0419.HK,HKD,2011-09-30,2011-09-30,Q3,31306000.0,23556500.0,7749500.0,0.24754040758959944,0.0,18937500.0,607500.0,0.0,0.0,41221500,1598250.0,13246250.0,3330750.0,0.10639334312911262,-9915500.0,-0.31672842266658147,0.0,-1484250.0,-0.04741103941736408,2922500.0,-4444750.0,-0.1419775761834792,-0.0024,-0.0024,1867324500,1867324500,https://www1.hkexnews.hk/search/titlesearch.xhtml,https://www1.hkexnews.hk/search/titlesearch.xhtml,1620584724,14:25:24,20210509
33,2011-06-30,0419.HK,HKD,2011-06-30,2011-06-30,Q2,31306000.0,23556500.0,7749500.0,0.24754040758959944,0.0,18937500.0,607500.0,0.0,0.0,41221500,1598250.0,13246250.0,3330750.0,0.10639334312911262,-9915500.0,-0.31672842266658147,0.0,-1484250.0,-0.04741103941736408,2922500.0,-4444750.0,-0.1419775761834792,-0.0024,-0.0024,1867324500,1867324500,https://www1.hkexnews.hk/search/titlesearch.xhtml,https://www1.hkexnews.hk/search/titlesearch.xhtml,1620584724,14:25:24,20210509
34,2011-03-31,0419.HK,HKD,2011-03-31,2011-03-31,Q1,31306000.0,23556500.0,7749500.0,0.24754040758959944,0.0,18937500.0,607500.0,0.0,0.0,41221500,1598250.0,13246250.0,3330750.0,0.10639334312911262,-9915500.0,-0.31672842266658147,0.0,-1484250.0,-0.04741103941736408,2922500.0,-4444750.0,-0.1419775761834792,-0.0024,-0.0024,1867324500,1867324500,https://www1.hkexnews.hk/search/titlesearch.xhtml,https://www1.hkexnews.hk/search/titlesearch.xhtml,1620584724,14:25:24,20210509
35,2011-01-31,0419.HK,HKD,2011-01-31,2011-01-31,Q1,31306000.0,23556500.0,7749500.0,0.24754040758959944,0.0,18937500.0,607500.0,0.0,0.0,41221500,1598250.0,13246250.0,3330750.0,0.10639334312911262,-9915500.0,-0.31672842266658147,0.0,-1484250.0,-0.04741103941736408,2922500.0,-4444750.0,-0.1419775761834792,-0.0024,-0.0024,1867324500,1867324500,https://www1.hkexnews.hk/search/titlesearch.xhtml,https://www1.hkexnews.hk/search/titlesearch.xhtml,1620584724,14:25:24,20210509
36,2010-09-30,0419.HK,HKD,2010-09-30,2010-09-30,Q3,42827000.0,29236000.0,13591000.0,0.3173465337287225,0.0,19165000.0,4865500.0,0.0,0.0,44385000,281250.0,998000.0,-560000.0,-0.013075863357227917,-1558000.0,-0.03637891984028767,0.0,-119713500.0,-2.7952810143134004,1203250.0,-120865750.0,-2.8221857706586966,-0.085,-0.085,1417837950,1417837950,https://www1.hkexnews.hk/search/titlesearch.xhtml,https://www1.hkexnews.hk/search/titlesearch.xhtml,1620584724,14:25:24,20210509
37,2010-06-30,0419.HK,HKD,2010-06-30,2010-06-30,Q2,42827000.0,29236000.0,13591000.0,0.3173465337287225,0.0,19165000.0,4865500.0,0.0,0.0,44385000,281250.0,998000.0,-560000.0,-0.013075863357227917,-1558000.0,-0.03637891984028767,0.0,-119713500.0,-2.7952810143134004,1203250.0,-120865750.0,-2.8221857706586966,-0.085,-0.085,1417837950,1417837950,https://www1.hkexnews.hk/search/titlesearch.xhtml,https://www1.hkexnews.hk/search/titlesearch.xhtml,1620584724,14:25:24,20210509
38,2010-03-31,0419.HK,HKD,2010-03-31,2010-03-31,Q1,42827000.0,29236000.0,13591000.0,0.3173465337287225,0.0,19165000.0,4865500.0,0.0,0.0,44385000,281250.0,998000.0,-560000.0,-0.013075863357227917,-1558000.0,-0.03637891984028767,0.0,-119713500.0,-2.7952810143134004,1203250.0,-120865750.0,-2.8221857706586966,-0.085,-0.085,1417837950,1417837950,https://www1.hkexnews.hk/search/titlesearch.xhtml,https://www1.hkexnews.hk/search/titlesearch.xhtml,1620584724,14:25:24,20210509
39,2010-01-31,0419.HK,HKD,2010-01-31,2010-01-31,Q1,42827000.0,29236000.0,13591000.0,0.3173465337287225,0.0,19165000.0,4865500.0,0.0,0.0,44385000,281250.0,998000.0,-560000.0,-0.013075863357227917,-1558000.0,-0.03637891984028767,0.0,-119713500.0,-2.7952810143134004,1203250.0,-120865750.0,-2.8221857706586966,-0.085,-0.085,1417837950,1417837950,https://www1.hkexnews.hk/search/titlesearch.xhtml,https://www1.hkexnews.hk/search/titlesearch.xhtml,1620584724,14:25:24,20210509
40,2009-09-30,0419.HK,HKD,2009-09-30,2009-09-30,Q3,69112750.0,44868000.0,24244750.0,0.3507999609334023,0.0,12812750.0,6001500.0,0.0,0.0,42580250,7822750.0,49104000.0,75636500.0,1.0943928580471765,26532500.0,0.383901667926685,0.0,16624250.0,0.24053810621050384,103250.0,345750.0,0.005002694871785597,0.0005,0.0005,953440400,953440400,https://www1.hkexnews.hk/search/titlesearch.xhtml,https://www1.hkexnews.hk/search/titlesearch.xhtml,1620584724,14:25:24,20210509
41,2009-06-30,0419.HK,HKD,2009-06-30,2009-06-30,Q2,69112750.0,44868000.0,24244750.0,0.3507999609334023,0.0,12812750.0,6001500.0,0.0,0.0,42580250,7822750.0,49104000.0,75636500.0,1.0943928580471765,26532500.0,0.383901667926685,0.0,16624250.0,0.24053810621050384,103250.0,345750.0,0.005002694871785597,0.0005,0.0005,953440400,953440400,https://www1.hkexnews.hk/search/titlesearch.xhtml,https://www1.hkexnews.hk/search/titlesearch.xhtml,1620584724,14:25:24,20210509
42,2009-03-31,0419.HK,HKD,2009-03-31,2009-03-31,Q1,69112750.0,44868000.0,24244750.0,0.3507999609334023,0.0,12812750.0,6001500.0,0.0,0.0,42580250,7822750.0,49104000.0,75636500.0,1.0943928580471765,26532500.0,0.383901667926685,0.0,16624250.0,0.24053810621050384,103250.0,345750.0,0.005002694871785597,0.0005,0.0005,953440400,953440400,https://www1.hkexnews.hk/search/titlesearch.xhtml,https://www1.hkexnews.hk/search/titlesearch.xhtml,1620584724,14:25:24,20210509
43,2009-01-31,0419.HK,HKD,2009-01-31,2009-01-31,Q1,69112750.0,44868000.0,24244750.0,0.3507999609334023,0.0,12812750.0,6001500.0,0.0,0.0,42580250,7822750.0,49104000.0,75636500.0,1.0943928580471765,26532500.0,0.383901667926685,0.0,16624250.0,0.24053810621050384,103250.0,345750.0,0.005002694871785597,0.0005,0.0005,953440400,953440400,https://www1.hkexnews.hk/search/titlesearch.xhtml,https://www1.hkexnews.hk/search/titlesearch.xhtml,1620584724,14:25:24,20210509
44,2008-09-30,0419.HK,HKD,2008-09-30,2008-09-30,Q3,44857750.0,57536000.0,-12678250.0,-0.2826323210593487,0.0,44420250.0,6465500.0,0.0,0.0,105274750,10240750.0,47147750.0,-13269250.0,-0.2958073019712313,-60417000.0,-1.346857566418289,0.0,-110786500.0,-2.469729310988625,-522750.0,-110279250.0,-2.4584213430232236,-0.1245,-0.1245,885446200,885446200,https://www1.hkexnews.hk/search/titlesearch.xhtml,https://www1.hkexnews.hk/search/titlesearch.xhtml,1620584724,14:25:24,20210509
45,2008-06-30,0419.HK,HKD,2008-06-30,2008-06-30,Q2,44857750.0,57536000.0,-12678250.0,-0.2826323210593487,0.0,44420250.0,6465500.0,0.0,0.0,105274750,10240750.0,47147750.0,-13269250.0,-0.2958073019712313,-60417000.0,-1.346857566418289,0.0,-110786500.0,-2.469729310988625,-522750.0,-110279250.0,-2.4584213430232236,-0.1245,-0.1245,885446200,885446200,https://www1.hkexnews.hk/search/titlesearch.xhtml,https://www1.hkexnews.hk/search/titlesearch.xhtml,1620584724,14:25:24,20210509
46,2008-03-31,0419.HK,HKD,2008-03-31,2008-03-31,Q1,44857750.0,57536000.0,-12678250.0,-0.2826323210593487,0.0,44420250.0,6465500.0,0.0,0.0,105274750,10240750.0,47147750.0,-13269250.0,-0.2958073019712313,-60417000.0,-1.346857566418289,0.0,-110786500.0,-2.469729310988625,-522750.0,-110279250.0,-2.4584213430232236,-0.1245,-0.1245,885446200,885446200,https://www1.hkexnews.hk/search/titlesearch.xhtml,https://www1.hkexnews.hk/search/titlesearch.xhtml,1620584724,14:25:24,20210509
47,2008-01-31,0419.HK,HKD,2008-01-31,2008-01-31,Q1,44857750.0,57536000.0,-12678250.0,-0.2826323210593487,0.0,44420250.0,6465500.0,0.0,0.0,105274750,10240750.0,47147750.0,-13269250.0,-0.2958073019712313,-60417000.0,-1.346857566418289,0.0,-110786500.0,-2.469729310988625,-522750.0,-110279250.0,-2.4584213430232236,-0.1245,-0.1245,885446200,885446200,https://www1.hkexnews.hk/search/titlesearch.xhtml,https://www1.hkexnews.hk/search/titlesearch.xhtml,1620584724,14:25:24,20210509
48,2007-09-30,0419.HK,HKD,2007-09-30,2007-09-30,Q3,46770500.0,38943500.0,7827000.0,0.16734907687538084,0.0,9710750.0,8050750.0,0.0,0.0,56705000,0.0,0.0,-9934500.0,-4.707886657607328,-9934500.0,-0.21240953164922333,0.0,-24415000.0,-0.5220170834179665,-4095000.0,-20320000.0,-0.43446189371505545,-0.028,-0.028,725714286,725714286,https://www1.hkexnews.hk/search/titlesearch.xhtml,https://www1.hkexnews.hk/search/titlesearch.xhtml,1620584724,14:25:24,20210509
49,2007-06-30,0419.HK,HKD,2007-06-30,2007-06-30,Q2,46770500.0,38943500.0,7827000.0,0.16734907687538084,0.0,9710750.0,8050750.0,0.0,0.0,56705000,0.0,0.0,-9934500.0,-4.707886657607328,-9934500.0,-0.21240953164922333,0.0,-24415000.0,-0.5220170834179665,-4095000.0,-20320000.0,-0.43446189371505545,-0.028,-0.028,725714286,725714286,https://www1.hkexnews.hk/search/titlesearch.xhtml,https://www1.hkexnews.hk/search/titlesearch.xhtml,1620584724,14:25:24,20210509
50,2007-03-31,0419.HK,HKD,2007-03-31,2007-03-31,Q1,46770500.0,38943500.0,7827000.0,0.16734907687538084,0.0,9710750.0,8050750.0,0.0,0.0,56705000,0.0,0.0,-9934500.0,-4.707886657607328,-9934500.0,-0.21240953164922333,0.0,-24415000.0,-0.5220170834179665,-4095000.0,-20320000.0,-0.43446189371505545,-0.028,-0.028,725714286,725714286,https://www1.hkexnews.hk/search/titlesearch.xhtml,https://www1.hkexnews.hk/search/titlesearch.xhtml,1620584724,14:25:24,20210509
51,2007-01-31,0419.HK,HKD,2007-01-31,2007-01-31,Q1,46770500.0,38943500.0,7827000.0,0.16734907687538084,0.0,9710750.0,8050750.0,0.0,0.0,56705000,0.0,0.0,-9934500.0,-4.707886657607328,-9934500.0,-0.21240953164922333,0.0,-24415000.0,-0.5220170834179665,-4095000.0,-20320000.0,-0.43446189371505545,-0.028,-0.028,725714286,725714286,https://www1.hkexnews.hk/search/titlesearch.xhtml,https://www1.hkexnews.hk/search/titlesearch.xhtml,1620584724,14:25:24,20210509
52,2006-09-30,0419.HK,HKD,2006-09-30,2006-09-30,Q3,76225500.0,48064000.0,28161500.0,0.36944985601931113,0.0,6974500.0,3306250.0,0.0,0.0,58344750,0.0,0.0,17880750.0,4.262992324147477,17880750.0,0.23457701162996636,0.0,69130500.0,0.9069209122931302,3016250.0,66114250.0,0.8673508209195085,0.118,0.117,560601695,565393162,https://www1.hkexnews.hk/search/titlesearch.xhtml,https://www1.hkexnews.hk/search/titlesearch.xhtml,1620584724,14:25:24,20210509
53,2006-06-30,0419.HK,HKD,2006-06-30,2006-06-30,Q2,76225500.0,48064000.0,28161500.0,0.36944985601931113,0.0,6974500.0,3306250.0,0.0,0.0,58344750,0.0,0.0,17880750.0,4.262992324147477,17880750.0,0.23457701162996636,0.0,69130500.0,0.9069209122931302,3016250.0,66114250.0,0.8673508209195085,0.118,0.117,560601695,565393162,https://www1.hkexnews.hk/search/titlesearch.xhtml,https://www1.hkexnews.hk/search/titlesearch.xhtml,1620584724,14:25:24,20210509
54,2006-03-31,0419.HK,HKD,2006-03-31,2006-03-31,Q1,76225500.0,48064000.0,28161500.0,0.36944985601931113,0.0,6974500.0,3306250.0,0.0,0.0,58344750,0.0,0.0,17880750.0,4.262992324147477,17880750.0,0.23457701162996636,0.0,69130500.0,0.9069209122931302,3016250.0,66114250.0,0.8673508209195085,0.118,0.117,560601695,565393162,https://www1.hkexnews.hk/search/titlesearch.xhtml,https://www1.hkexnews.hk/search/titlesearch.xhtml,1620584724,14:25:24,20210509
55,2006-01-31,0419.HK,HKD,2006-01-31,2006-01-31,Q1,76225500.0,48064000.0,28161500.0,0.36944985601931113,0.0,6974500.0,3306250.0,0.0,0.0,58344750,0.0,0.0,17880750.0,4.262992324147477,17880750.0,0.23457701162996636,0.0,69130500.0,0.9069209122931302,3016250.0,66114250.0,0.8673508209195085,0.118,0.117,560601695,565393162,https://www1.hkexnews.hk/search/titlesearch.xhtml,https://www1.hkexnews.hk/search/titlesearch.xhtml,1620584724,14:25:24,20210509
56,2005-09-30,0419.HK,HKD,2005-09-30,2005-09-30,Q3,8422750.0,7382750.0,1040000.0,0.12347511204772788,0.0,5990750.0,392500.0,0.0,0.0,13766000,0.0,0.0,-5343250.0,-1.5763346278014316,-5343250.0,-0.6343830696625211,0.0,-5464250.0,-0.6487489240449972,82500.0,-5546750.0,-0.6585438247603217,-0.015,-0.015,369783333,369783333,https://www1.hkexnews.hk/search/titlesearch.xhtml,https://www1.hkexnews.hk/search/titlesearch.xhtml,1620584724,14:25:24,20210509
57,2005-06-30,0419.HK,HKD,2005-06-30,2005-06-30,Q2,8422750.0,7382750.0,1040000.0,0.12347511204772788,0.0,5990750.0,392500.0,0.0,0.0,13766000,0.0,0.0,-5343250.0,-1.5763346278014316,-5343250.0,-0.6343830696625211,0.0,-5464250.0,-0.6487489240449972,82500.0,-5546750.0,-0.6585438247603217,-0.015,-0.015,369783333,369783333,https://www1.hkexnews.hk/search/titlesearch.xhtml,https://www1.hkexnews.hk/search/titlesearch.xhtml,1620584724,14:25:24,20210509
58,2005-03-31,0419.HK,HKD,2005-03-31,2005-03-31,Q1,8422750.0,7382750.0,1040000.0,0.12347511204772788,0.0,5990750.0,392500.0,0.0,0.0,13766000,0.0,0.0,-5343250.0,-1.5763346278014316,-5343250.0,-0.6343830696625211,0.0,-5464250.0,-0.6487489240449972,82500.0,-5546750.0,-0.6585438247603217,-0.015,-0.015,369783333,369783333,https://www1.hkexnews.hk/search/titlesearch.xhtml,https://www1.hkexnews.hk/search/titlesearch.xhtml,1620584724,14:25:24,20210509
59,2005-01-31,0419.HK,HKD,2005-01-31,2005-01-31,Q1,8422750.0,7382750.0,1040000.0,0.12347511204772788,0.0,5990750.0,392500.0,0.0,0.0,13766000,0.0,0.0,-5343250.0,-1.5763346278014316,-5343250.0,-0.6343830696625211,0.0,-5464250.0,-0.6487489240449972,82500.0,-5546750.0,-0.6585438247603217,-0.015,-0.015,369783333,369783333,https://www1.hkexnews.hk/search/titlesearch.xhtml,https://www1.hkexnews.hk/search/titlesearch.xhtml,1620584724,14:25:24,20210509
60,2004-09-30,0419.HK,HKD,2004-09-30,2004-09-30,Q3,9657500.0,7772750.0,1884750.0,0.19515920269220813,0.0,4141000.0,251750.0,0.0,0.0,12165500,0.0,0.0,-2508000.0,-3.850677830940989,-2508000.0,-0.25969453792389335,0.0,-2209750.0,-0.22881180429717835,273000.0,-2482750.0,-0.25707998964535334,-0.015,-0.015,165516667,165516667,https://www1.hkexnews.hk/search/titlesearch.xhtml,https://www1.hkexnews.hk/search/titlesearch.xhtml,1620584724,14:25:24,20210509
61,2004-06-30,0419.HK,HKD,2004-06-30,2004-06-30,Q2,9657500.0,7772750.0,1884750.0,0.19515920269220813,0.0,4141000.0,251750.0,0.0,0.0,12165500,0.0,0.0,-2508000.0,-3.850677830940989,-2508000.0,-0.25969453792389335,0.0,-2209750.0,-0.22881180429717835,273000.0,-2482750.0,-0.25707998964535334,-0.015,-0.015,165516667,165516667,https://www1.hkexnews.hk/search/titlesearch.xhtml,https://www1.hkexnews.hk/search/titlesearch.xhtml,1620584724,14:25:24,20210509
62,2004-03-31,0419.HK,HKD,2004-03-31,2004-03-31,Q1,9657500.0,7772750.0,1884750.0,0.19515920269220813,0.0,4141000.0,251750.0,0.0,0.0,12165500,0.0,0.0,-2508000.0,-3.850677830940989,-2508000.0,-0.25969453792389335,0.0,-2209750.0,-0.22881180429717835,273000.0,-2482750.0,-0.25707998964535334,-0.015,-0.015,165516667,165516667,https://www1.hkexnews.hk/search/titlesearch.xhtml,https://www1.hkexnews.hk/search/titlesearch.xhtml,1620584724,14:25:24,20210509
63,2004-01-31,0419.HK,HKD,2004-01-31,2004-01-31,Q1,9657500.0,7772750.0,1884750.0,0.19515920269220813,0.0,4141000.0,251750.0,0.0,0.0,12165500,0.0,0.0,-2508000.0,-3.850677830940989,-2508000.0,-0.25969453792389335,0.0,-2209750.0,-0.22881180429717835,273000.0,-2482750.0,-0.25707998964535334,-0.015,-0.015,165516667,165516667,https://www1.hkexnews.hk/search/titlesearch.xhtml,https://www1.hkexnews.hk/search/titlesearch.xhtml,1620584724,14:25:24,20210509
64,2003-09-30,0419.HK,HKD,2003-09-30,2003-09-30,Q3,7502750.0,6141750.0,1361000.0,0.18140015327713171,0.0,3811500.0,308250.0,0.0,0.0,10261500,0.0,0.0,-2758750.0,-2.7196193928409604,-2758750.0,-0.36769851054613306,0.0,-17462750.0,-2.3275132451434475,48750.0,-17511500.0,-2.334010862683683,-0.1205,-0.1205,145323651,145323651,https://www1.hkexnews.hk/search/titlesearch.xhtml,https://www1.hkexnews.hk/search/titlesearch.xhtml,1620584724,14:25:24,20210509
65,2003-06-30,0419.HK,HKD,2003-06-30,2003-06-30,Q2,7502750.0,6141750.0,1361000.0,0.18140015327713171,0.0,3811500.0,308250.0,0.0,0.0,10261500,0.0,0.0,-2758750.0,-2.7196193928409604,-2758750.0,-0.36769851054613306,0.0,-17462750.0,-2.3275132451434475,48750.0,-17511500.0,-2.334010862683683,-0.1205,-0.1205,145323651,145323651,https://www1.hkexnews.hk/search/titlesearch.xhtml,https://www1.hkexnews.hk/search/titlesearch.xhtml,1620584724,14:25:24,20210509
66,2003-03-31,0419.HK,HKD,2003-03-31,2003-03-31,Q1,7502750.0,6141750.0,1361000.0,0.18140015327713171,0.0,3811500.0,308250.0,0.0,0.0,10261500,0.0,0.0,-2758750.0,-2.7196193928409604,-2758750.0,-0.36769851054613306,0.0,-17462750.0,-2.3275132451434475,48750.0,-17511500.0,-2.334010862683683,-0.1205,-0.1205,145323651,145323651,https://www1.hkexnews.hk/search/titlesearch.xhtml,https://www1.hkexnews.hk/search/titlesearch.xhtml,1620584724,14:25:24,20210509
67,2003-01-31,0419.HK,HKD,2003-01-31,2003-01-31,Q1,7502750.0,6141750.0,1361000.0,0.18140015327713171,0.0,3811500.0,308250.0,0.0,0.0,10261500,0.0,0.0,-2758750.0,-2.7196193928409604,-2758750.0,-0.36769851054613306,0.0,-17462750.0,-2.3275132451434475,48750.0,-17511500.0,-2.334010862683683,-0.1205,-0.1205,145323651,145323651,https://www1.hkexnews.hk/search/titlesearch.xhtml,https://www1.hkexnews.hk/search/titlesearch.xhtml,1620584724,14:25:24,20210509
