,date,symbol,reportedCurrency,fillingDate,acceptedDate,period,revenue,costOfRevenue,grossProfit,grossProfitRatio,researchAndDevelopmentExpenses,generalAndAdministrativeExpenses,sellingAndMarketingExpenses,otherExpenses,operatingExpenses,costAndExpenses,interestExpense,depreciationAndAmortization,ebitda,ebitdaratio,operatingIncome,operatingIncomeRatio,totalOtherIncomeExpensesNet,incomeBeforeTax,incomeBeforeTaxRatio,incomeTaxExpense,netIncome,netIncomeRatio,eps,epsdiluted,weightedAverageShsOut,weightedAverageShsOutDil,link,finalLink,timestamp,est_time,est_date
0,2020-12-31,GODREJCP.NS,INR,2020-12-31,2020-12-31,Q4,30554200000,13732600000,16821600000,0.5505495152875873,0.0,0.0,2290600000.0,150300000,10200800000,23933400000,240500000,490900000,7111700000,0.2327568713957492,6620800000,0.21669034044419425,0.0,6420300000,0.21012823114334528,1399500000.0,5020800000,0.16432438093617244,4.91,4.91,1022566191,1022566191,https://www.nseindia.com/companies-listing/corporate-filings-annual-reports,https://www.nseindia.com/companies-listing/corporate-filings-annual-reports,1620592697,16:38:17,20210509
1,2020-09-30,GODREJCP.NS,INR,2020-09-30,2020-09-30,Q3,29151200000,12833000000,16318200000,0.5597779851258268,0.0,0.0,2085600000.0,139400000,9770600000,22816200000,313400000,509400000,6844400000,0.23478964845357997,6335000000,0.21731523916682674,0.0,6043200000,0.20730535964214167,1463000000.0,4580200000,0.15711874639808995,4.48,4.48,1022366071,1022366071,https://www.nseindia.com/companies-listing/corporate-filings-annual-reports,https://www.nseindia.com/companies-listing/corporate-filings-annual-reports,1620592697,16:38:17,20210509
2,2020-06-30,GODREJCP.NS,INR,2020-06-30,2020-06-30,Q2,23273400000,10644600000,12628800000,0.542628064657506,0.0,0.0,1047300000.0,217700000,8395100000,19039700000,483400000,493400000,4727100000,0.20311170692722164,4233700000,0.18191153849459038,0.0,4096000000,0.1759949126470563,147200000.0,3948800000,0.1696700954738027,3.86,3.86,1023005181,1023005181,https://www.nseindia.com/companies-listing/corporate-filings-annual-reports,https://www.nseindia.com/companies-listing/corporate-filings-annual-reports,1620592697,16:38:17,20210509
3,2020-03-31,GODREJCP.NS,INR,2020-03-31,2020-03-31,Q1,21538000000,11493500000,10044500000,0.4663617791809824,0.0,1570300000.0,4925400000.0,13610600000,6338300000,17831800000,41600000,151400000,3857600000,0.17910669514346736,3706200000,0.17207725879840283,0.0,3373900000,0.15664871390101218,1074900000.0,2299000000,0.10674157303370786,2.2487052976545816,2.2487052976545816,1022366071,1022366071,https://www.nseindia.com/companies-listing/corporate-filings-annual-reports,https://www.nseindia.com/companies-listing/corporate-filings-annual-reports,1620592697,16:38:17,20210509
4,2019-12-31,GODREJCP.NS,INR,2019-12-31,2019-12-31,Q4,27780500000,12023200000,15757300000,0.567207213693058,0.0,0.0,2063300000.0,-4693500000,9699300000,21722500000,477300000,490400000,6548400000,0.23571929950864814,6058000000,0.2180666294703119,0.0,5536200000,0.19928367020032037,1084200000.0,4452000000,0.16025629488310145,4.355,4.354,1022273249,1022508039,https://www.nseindia.com/companies-listing/corporate-filings-annual-reports,https://www.nseindia.com/companies-listing/corporate-filings-annual-reports,1620592697,16:38:17,20210509
5,2019-09-30,GODREJCP.NS,INR,2019-09-30,2019-09-30,Q3,26302000000,11418300000,14883700000,0.565877119610676,0.0,0.0,2133100000.0,265600000,9595800000,21014100000,531100000,477300000,5765200000,0.21919245684738803,5287900000,0.20104554786708234,0.0,4943600000,0.18795528857121133,804800000.0,4138800000,0.15735685499201582,4.049,4.048,1022178316,1022430830,https://www.nseindia.com/companies-listing/corporate-filings-annual-reports,https://www.nseindia.com/companies-listing/corporate-filings-annual-reports,1620592697,16:38:17,20210509
6,2019-06-30,GODREJCP.NS,INR,2019-06-30,2019-06-30,Q2,23305900000,10070300000,13235600000,0.5679076971925564,0.0,0.0,1929100000.0,213900000,9120000000,19190300000,550700000,473400000,4589000000,0.19690293015931587,4115600000,0.17659047708949235,0.0,3750300000,0.16091633449040801,-325700000.0,4076000000,0.17489133652851854,3.988,3.987,1022066199,1022322548,https://www.nseindia.com/companies-listing/corporate-filings-annual-reports,https://www.nseindia.com/companies-listing/corporate-filings-annual-reports,1620592697,16:38:17,20210509
7,2019-03-31,GODREJCP.NS,INR,2019-03-31,2019-03-31,Q1,25276100000,12358500000,12917600000,0.5110598549618018,0.0,1231500000.0,4959900000.0,-579700000,7415100000,19773600000,-18700000,26600000,5529100000,0.21874814548130447,5502500000,0.21769576793888298,0.0,5005700000,0.1980408369962138,-4346700000.0,9352400000,0.3700096138249176,9.147799663238237,9.147799663238237,1022366071,1022366071,https://www.nseindia.com/companies-listing/corporate-filings-annual-reports,https://www.nseindia.com/companies-listing/corporate-filings-annual-reports,1620592697,16:38:17,20210509
8,2018-12-31,GODREJCP.NS,INR,2018-12-31,2018-12-31,Q4,26964200000,11908800000,15055400000,0.5583477351451184,0.0,0.0,2170100000.0,254800000,9348000000,21256800000,578200000,426900000,6134300000,0.2274979417153114,5707400000,0.21166583840796316,0.0,5368300000,0.19908990439174906,1133100000.0,4235200000,0.15706751915502778,4.143,4.143,1022254405,1022254405,https://www.nseindia.com/companies-listing/corporate-filings-annual-reports,https://www.nseindia.com/companies-listing/corporate-filings-annual-reports,1620592697,16:38:17,20210509
9,2018-09-30,GODREJCP.NS,INR,2018-09-30,2018-09-30,Q3,26417900000,12557600000,13860300000,0.5246556312197411,0.0,0.0,2558600000.0,173900000,9334700000,21892300000,612200000,425700000,4951300000,0.1874221645172402,4525600000,0.17130809034783234,0.0,6688700000,0.2531881792269635,911400000.0,5777300000,0.21868884354926016,5.653,5.652,1021988325,1022169144,https://www.nseindia.com/companies-listing/corporate-filings-annual-reports,https://www.nseindia.com/companies-listing/corporate-filings-annual-reports,1620592697,16:38:17,20210509
10,2018-06-30,GODREJCP.NS,INR,2018-06-30,2018-06-30,Q2,24485200000,10946000000,13539200000,0.5529544377828239,0.0,0.0,2089700000.0,309500000,9469900000,20415900000,477300000,421300000,4490600000,0.18340058484308888,4069300000,0.16619427245846471,0.0,3790600000,0.15481188636400764,-259800000.0,4050400000,0.16542237759952952,3.963333,3.962,1021968040,1022311964,https://www.nseindia.com/companies-listing/corporate-filings-annual-reports,https://www.nseindia.com/companies-listing/corporate-filings-annual-reports,1620592697,16:38:17,20210509
11,2018-03-31,GODREJCP.NS,INR,2018-03-31,2018-03-31,Q1,24944100000,10376000000,14568100000,0.5840298908359091,0.0,0.0,1815600000.0,289900000,8919100000,19295100000,422400000,401400000,6050400000,0.24255836049406473,5649000000,0.22646637882304835,0.0,7375900000,0.29569717889200253,1204000000.0,6171900000,0.24742925180704053,6.04,6.038,1021837748,1022176217,https://www.nseindia.com/companies-listing/corporate-filings-annual-reports,https://www.nseindia.com/companies-listing/corporate-filings-annual-reports,1620592697,16:38:17,20210509
12,2017-12-31,GODREJCP.NS,INR,2017-12-31,2017-12-31,Q4,26037100000,11263300000,14773800000,0.5674134216176149,0.0,0.0,2263200000.0,265900000,9089500000,20352800000,386400000,396100000,6080400000,0.23352831152470896,5684300000,0.21831540378920847,0.0,5446900000,0.2091976448990095,1148200000.0,4298700000,0.16509903176621052,4.206,4.205333,1022039943,1022201966,https://www.nseindia.com/companies-listing/corporate-filings-annual-reports,https://www.nseindia.com/companies-listing/corporate-filings-annual-reports,1620592697,16:38:17,20210509
13,2017-09-30,GODREJCP.NS,INR,2017-09-30,2017-09-30,Q3,24969300000,10969000000,14000300000,0.5607005402634435,0.0,0.0,2118100000.0,96300000,8865900000,19834900000,401500000,385700000,5520100000,0.22107548069028768,5134400000,0.20562851181250577,0.0,4679900000,0.18742615932364945,1060400000.0,3619500000,0.14495800843435738,3.542,3.541333,1021880294,1022072666,https://www.nseindia.com/companies-listing/corporate-filings-annual-reports,https://www.nseindia.com/companies-listing/corporate-filings-annual-reports,1620592697,16:38:17,20210509
14,2017-06-30,GODREJCP.NS,INR,2017-06-30,2017-06-30,Q2,21727500000,10133100000,11594400000,0.5336278909216431,0.0,0.0,1905800000.0,45500000,8279300000,18412400000,397100000,373600000,3688700000,0.16977102749971235,3315100000,0.15257622828213094,0.0,2886100000,0.1328316649407433,634400000.0,2251700000,0.10363364399953975,2.203333,2.203333,1021951589,1021951589,https://www.nseindia.com/companies-listing/corporate-filings-annual-reports,https://www.nseindia.com/companies-listing/corporate-filings-annual-reports,1620592697,16:38:17,20210509
15,2017-03-31,GODREJCP.NS,INR,2017-03-31,2017-03-31,Q1,23804900000,10337200000,13467700000,0.5657532692848951,0.0,0.0,1551000000.0,257000000,8329500000,18666700000,379300000,369100000,5507300000,0.23135152846682827,5138200000,0.2158463173548303,0.0,5044200000,0.21189755050430795,1145100000.0,3899100000,0.1637940087965083,3.816667,3.813333,1021598253,1022491259,https://www.nseindia.com/companies-listing/corporate-filings-annual-reports,https://www.nseindia.com/companies-listing/corporate-filings-annual-reports,1620592697,16:38:17,20210509
16,2016-12-31,GODREJCP.NS,INR,2016-12-31,2016-12-31,Q4,23916400000,10573300000,13343100000,0.5579058721212222,0.0,0.0,1919400000.0,294000000,8642500000,19215800000,397100000,362600000,5063200000,0.21170410262414074,4700600000,0.19654295797026308,0.0,4502200000,0.18824739509290697,985800000.0,3517800000,0.1470873542840896,3.443333,3.443333,1021626331,1021626331,https://www.nseindia.com/companies-listing/corporate-filings-annual-reports,https://www.nseindia.com/companies-listing/corporate-filings-annual-reports,1620592697,16:38:17,20210509
17,2016-09-30,GODREJCP.NS,INR,2016-09-30,2016-09-30,Q3,23575200000,10588400000,12986800000,0.5508670127931046,0.0,0.0,2031600000.0,193700000,8713100000,19301500000,350000000,357500000,4631200000,0.19644372051986833,4273700000,0.18127948013166378,0.0,4113700000,0.17449268723064915,906900000.0,3181200000,0.1349384098544233,3.113333,3.113333,1021798715,1021798715,https://www.nseindia.com/companies-listing/corporate-filings-annual-reports,https://www.nseindia.com/companies-listing/corporate-filings-annual-reports,1620592697,16:38:17,20210509
18,2016-06-30,GODREJCP.NS,INR,2016-06-30,2016-06-30,Q2,21202200000,9826300000,11375900000,0.5365433775740254,0.0,0.0,1679400000.0,166100000,7927900000,17754200000,325800000,326500000,3774500000,0.17802397864372566,3448000000,0.1626246332927715,0.0,3202700000,0.15105507918989539,753800000.0,2442700000,0.11520974238522418,2.39,2.39,1022050209,1022050209,https://www.nseindia.com/companies-listing/corporate-filings-annual-reports,https://www.nseindia.com/companies-listing/corporate-filings-annual-reports,1620592697,16:38:17,20210509
19,2016-03-31,GODREJCP.NS,INR,2016-03-31,2016-03-31,Q1,21282900000,9788200000,11494700000,0.5400908710749005,0.0,0.0,1542700000.0,105000000,7220000000,17008200000,252100000,284300000,4559000000,0.21420952971634505,4274700000,0.20085138773381447,0.0,2287600000,0.10748535209017568,1023300000.0,1248400000,0.05865741980651133,1.223333,1.22,1020490463,1023278689,https://www.nseindia.com/companies-listing/corporate-filings-annual-reports,https://www.nseindia.com/companies-listing/corporate-filings-annual-reports,1620592697,16:38:17,20210509
20,2015-12-31,GODREJCP.NS,INR,2015-12-31,2015-12-31,Q4,23535400000,9864400000,13671000000,0.5808696686693237,0.0,0.0,2506900000.0,193100000,9380400000,19244800000,241600000,263600000,4554200000,0.19350425316756886,4290600000,0.18230410360563237,0.0,4318900000,0.18350654758363996,909800000.0,3229500000,0.13721882780832279,3.16,3.16,1021993671,1021993671,https://www.nseindia.com/companies-listing/corporate-filings-annual-reports,https://www.nseindia.com/companies-listing/corporate-filings-annual-reports,1620592697,16:38:17,20210509
21,2015-09-30,GODREJCP.NS,INR,2015-09-30,2015-09-30,Q3,22424000000,9653700000,12770300000,0.5694925080271138,0.0,0.0,2539900000.0,216200000,8964000000,18617700000,250200000,241000000,4047300000,0.1804896539422048,3806300000,0.1697422404566536,0.0,3684200000,0.16429718159115234,722600000.0,2871600000,0.12805922226186228,2.81,2.81,1021921708,1021921708,https://www.nseindia.com/companies-listing/corporate-filings-annual-reports,https://www.nseindia.com/companies-listing/corporate-filings-annual-reports,1620592697,16:38:17,20210509
22,2015-06-30,GODREJCP.NS,INR,2015-06-30,2015-06-30,Q2,20951500000,9154000000,11797500000,0.5630861752141851,0.0,0.0,2511200000.0,193100000,8905600000,18059600000,265300000,236000000,3127900000,0.14929241343101926,2891900000,0.13802830346275924,0.0,2685800000,0.12819129895234233,562700000.0,1992300000,0.09509104360069685,1.95,1.95,1021692308,1021692308,https://www.nseindia.com/companies-listing/corporate-filings-annual-reports,https://www.nseindia.com/companies-listing/corporate-filings-annual-reports,1620592697,16:38:17,20210509
23,2015-03-31,GODREJCP.NS,INR,2015-03-31,2015-03-31,Q1,20826100000,10748100000,10078000000,0.48391201425134805,0.0,793700000.0,6640900000.0,-554600000,6015600000,16763700000,-158200000,229300000,4291700000,0.20607314859719295,4062400000,0.19506292584785437,0.0,3595200000,0.1726295369752378,823300000.0,2655700000,0.1275178742059243,2.5976018525364384,2.5976018525364384,1022366071,1022366071,https://www.nseindia.com/companies-listing/corporate-filings-annual-reports,https://www.nseindia.com/companies-listing/corporate-filings-annual-reports,1620592697,16:38:17,20210509
24,2014-12-31,GODREJCP.NS,INR,2014-12-31,2014-12-31,Q4,22258200000,10322500000,11935700000,0.5362383301434976,0.0,0.0,2178900000.0,219600000,8280800000,18603300000,252600000,230400000,3885300000,0.1745558940076017,3654900000,0.16420465266733159,0.0,3635100000,0.16331509286465212,738300000.0,2635700000,0.1184147864607201,2.58,2.58,1021589147,1021589147,https://www.nseindia.com/companies-listing/corporate-filings-annual-reports,https://www.nseindia.com/companies-listing/corporate-filings-annual-reports,1620592697,16:38:17,20210509
25,2014-09-30,GODREJCP.NS,INR,2014-09-30,2014-09-30,Q3,20475100000,9830800000,10644300000,0.5198655928420374,0.0,0.0,2116900000.0,472100000,7581700000,17412500000,254200000,226700000,3289300000,0.16064878804010727,3062600000,0.14957680304369697,0.0,3240800000,0.15828005724025768,717800000.0,2345300000,0.11454400711107639,2.296667,2.296667,1021175617,1021175617,https://www.nseindia.com/companies-listing/corporate-filings-annual-reports,https://www.nseindia.com/companies-listing/corporate-filings-annual-reports,1620592697,16:38:17,20210509
26,2014-06-30,GODREJCP.NS,INR,2014-06-30,2014-06-30,Q2,18862600000,8950300000,9912300000,0.525500196155355,0.0,0.0,2502000000.0,296300000,7738800000,16689100000,253800000,221400000,2394900000,0.12696552967247357,2173500000,0.11522801734649518,0.0,2016100000,0.1068834625131212,443500000.0,1434500000,0.0760499612990786,1.403333,1.403333,1022209026,1022209026,https://www.nseindia.com/companies-listing/corporate-filings-annual-reports,https://www.nseindia.com/companies-listing/corporate-filings-annual-reports,1620592697,16:38:17,20210509
27,2014-03-31,GODREJCP.NS,INR,2014-03-31,2014-03-31,Q1,19240100000,10346100000,8894000000,0.4622637096480787,0.0,617700000.0,5541400000.0,-383100000,5324100000,15670200000,-166900000,128200000,3698100000,0.19220794070716887,3569900000,0.18554477367581249,0.0,3225500000,0.16764465881154464,737200000.0,2362800000,0.12280601452175405,2.311109559503369,2.311109559503369,1022366071,1022366071,https://www.nseindia.com/companies-listing/corporate-filings-annual-reports,https://www.nseindia.com/companies-listing/corporate-filings-annual-reports,1620592697,16:38:17,20210509
28,2013-12-31,GODREJCP.NS,INR,2013-12-31,2013-12-31,Q4,19788800000,9249800000,10539000000,0.5325739812419146,0.0,0.0,2275300000.0,207200000,7692500000,16942300000,307400000,224900000,3071400000,0.15520900711513583,2846500000,0.1438439925614489,0.0,2718000000,0.13735042043984477,558400000.0,1957700000,0.09892969760672704,1.916667,1.916667,1021134930,1021134930,https://www.nseindia.com/companies-listing/corporate-filings-annual-reports,https://www.nseindia.com/companies-listing/corporate-filings-annual-reports,1620592697,16:38:17,20210509
29,2013-09-30,GODREJCP.NS,INR,2013-09-30,2013-09-30,Q3,19573800000,9056800000,10517000000,0.5372998600169614,0.0,0.0,2206000000.0,171600000,7806700000,16863500000,257000000,244100000,2954400000,0.15093645587468962,2710300000,0.13846570415555487,0.0,2561500000,0.130863705565603,469900000.0,1949700000,0.0996076387824541,1.91,1.91,1020785340,1020785340,https://www.nseindia.com/companies-listing/corporate-filings-annual-reports,https://www.nseindia.com/companies-listing/corporate-filings-annual-reports,1620592697,16:38:17,20210509
30,2013-06-30,GODREJCP.NS,INR,2013-06-30,2013-06-30,Q2,17203100000,8007700000,9195400000,0.5345199411733932,0.0,0.0,2390600000.0,177700000,7209200000,15216900000,240400000,221300000,2207500000,0.12831989583272782,1986200000,0.11545593526748087,0.0,1791700000,0.10414983346024845,0.0,1327100000,0.07714307305078735,1.3,1.3,1020980775,1020980775,https://www.nseindia.com/companies-listing/corporate-filings-annual-reports,https://www.nseindia.com/companies-listing/corporate-filings-annual-reports,1620592697,16:38:17,20210509
31,2013-03-31,GODREJCP.NS,INR,2013-03-31,2013-03-31,Q1,17155100000,8725800000,8429300000,0.49135825497956875,0.0,562900000.0,5799400000.0,-357800000,5642300000,14368100000,51000000,160200000,2947200000,0.17179730808913968,2787000000,0.16245897721377317,0.0,3890900000,0.2268071885328561,530500000.0,3341400000,0.1947758975465022,3.268300948926933,3.268300948926933,1022366071,1022366071,https://www.nseindia.com/companies-listing/corporate-filings-annual-reports,https://www.nseindia.com/companies-listing/corporate-filings-annual-reports,1620592697,16:38:17,20210509
32,2012-12-31,GODREJCP.NS,INR,2012-12-31,2012-12-31,Q4,16913100000,7519000000,9394100000,0.5554333623049589,0.0,0.0,1810700000.0,145300000,6750000000,14269000000,188500000,204500000,2848600000,0.16842565821759464,2644100000,0.15633443898516536,0.0,2573800000,0.15217789760599773,673500000.0,1722000000,0.10181456977136066,1.686667,1.686667,1020948617,1020948617,https://www.nseindia.com/companies-listing/corporate-filings-annual-reports,https://www.nseindia.com/companies-listing/corporate-filings-annual-reports,1620592697,16:38:17,20210509
33,2012-09-30,GODREJCP.NS,INR,2012-09-30,2012-09-30,Q3,15976400000,7875900000,8100500000,0.5070291179489748,0.0,0.0,1586700000.0,194000000,5867300000,13743200000,200000000,206400000,2439600000,0.15270023284344408,2233200000,0.13978117723642372,0.0,2151300000,0.13465486592724268,475500000.0,1593000000,0.09970957161813675,1.56,1.56,1021153846,1021153846,https://www.nseindia.com/companies-listing/corporate-filings-annual-reports,https://www.nseindia.com/companies-listing/corporate-filings-annual-reports,1620592697,16:38:17,20210509
34,2012-06-30,GODREJCP.NS,INR,2012-06-30,2012-06-30,Q2,13886400000,6768200000,7118200000,0.5126022583246918,0.0,0.0,1552200000.0,181300000,5328800000,12097000000,164200000,198900000,1988300000,0.14318325843991242,1789400000,0.12885989169259132,0.0,1630100000,0.11738823597188616,0.0,1304600000,0.09394803548795944,1.276667,1.276667,1020967728,1020967728,https://www.nseindia.com/companies-listing/corporate-filings-annual-reports,https://www.nseindia.com/companies-listing/corporate-filings-annual-reports,1620592697,16:38:17,20210509
35,2012-03-31,GODREJCP.NS,INR,2012-03-31,2012-03-31,Q1,13382700000,6166000000,7216700000,0.5392559050116942,0.0,0.0,0.0,180600000,5090600000,11256600000,186200000,155400000,2281500000,0.17048129301262077,2126100000,0.15886928646685647,0.0,2577500000,0.1925994007188385,601000000.0,1926500000,0.14395450843252855,1.8843543957944981,1.8843543957944981,1022366071,1022366071,https://www.nseindia.com/companies-listing/corporate-filings-annual-reports,https://www.nseindia.com/companies-listing/corporate-filings-annual-reports,1620592697,16:38:17,20210509
36,2011-12-31,GODREJCP.NS,INR,2011-12-31,2011-12-31,Q4,13440600000,6309500000,7131100000,0.5305641117212029,0.0,0.0,1121300000.0,134600000,4609000000,10918500000,210300000,170500000,2692600000,0.20033331845304525,2522100000,0.18764787286281862,0.0,2387600000,0.1776408791274199,554700000.0,1670700000,0.12430248649613856,1.72,1.72,971337209,971337209,https://www.nseindia.com/companies-listing/corporate-filings-annual-reports,https://www.nseindia.com/companies-listing/corporate-filings-annual-reports,1620592697,16:38:17,20210509
