,date,symbol,reportedCurrency,fillingDate,acceptedDate,period,revenue,costOfRevenue,grossProfit,grossProfitRatio,researchAndDevelopmentExpenses,generalAndAdministrativeExpenses,sellingAndMarketingExpenses,otherExpenses,operatingExpenses,costAndExpenses,interestExpense,depreciationAndAmortization,ebitda,ebitdaratio,operatingIncome,operatingIncomeRatio,totalOtherIncomeExpensesNet,incomeBeforeTax,incomeBeforeTaxRatio,incomeTaxExpense,netIncome,netIncomeRatio,eps,epsdiluted,weightedAverageShsOut,weightedAverageShsOutDil,link,finalLink,timestamp,est_time,est_date
0,2019-06-30,DWHT.L,GBP,2019-06-30,2019-06-30,Q2,14111500.0,6395750.0,7715750.0,0.5467703645962513,87250.0,26250.0,0.0,0.0,921250.0,12800000.0,46000.0,694000.0,2005500.0,0.14211813060269993,1311500.0,0.09293838358785388,0.0,1311000.0,0.09290295149346278,537250.0,2445000.0,0.17326294157247635,0.290575,0.290575,8413983.0,8413983.0,https://find-and-update.company-information.service.gov.uk/search/companies?q=Dewhurst+PLC,https://find-and-update.company-information.service.gov.uk/search/companies?q=Dewhurst+PLC,1620591348,16:15:48,20210509
1,2019-03-31,DWHT.L,GBP,2019-03-31,2019-03-31,Q1,14111500.0,6395750.0,7715750.0,0.5467703645962513,87250.0,26250.0,0.0,0.0,921250.0,12800000.0,46000.0,694000.0,2005500.0,0.14211813060269993,1311500.0,0.09293838358785388,0.0,1311000.0,0.09290295149346278,537250.0,2445000.0,0.17326294157247635,0.290575,0.290575,8413983.0,8413983.0,https://find-and-update.company-information.service.gov.uk/search/companies?q=Dewhurst+PLC,https://find-and-update.company-information.service.gov.uk/search/companies?q=Dewhurst+PLC,1620591348,16:15:48,20210509
2,2019-01-31,DWHT.L,GBP,2019-01-31,2019-01-31,Q1,14111500.0,6395750.0,7715750.0,0.5467703645962513,87250.0,26250.0,0.0,0.0,921250.0,12800000.0,46000.0,694000.0,2005500.0,0.14211813060269993,1311500.0,0.09293838358785388,0.0,1311000.0,0.09290295149346278,537250.0,2445000.0,0.17326294157247635,0.290575,0.290575,8413983.0,8413983.0,https://find-and-update.company-information.service.gov.uk/search/companies?q=Dewhurst+PLC,https://find-and-update.company-information.service.gov.uk/search/companies?q=Dewhurst+PLC,1620591348,16:15:48,20210509
3,2018-06-30,DWHT.L,GBP,2018-06-30,2018-06-30,Q2,13627500.0,6133000.0,7494500.0,0.5499541368556228,0.0,0.0,0.0,-12080500.0,1108000.0,12046500.0,72750.0,393000.0,1974000.0,0.14485415520088057,1581000.0,0.11601541001651074,0.0,1495750.0,0.10975967712346359,430750.0,1009750.0,0.07409649605576958,0.119825,0.119825,8424898.0,8424898.0,https://find-and-update.company-information.service.gov.uk/search/companies?q=Dewhurst+PLC,https://find-and-update.company-information.service.gov.uk/search/companies?q=Dewhurst+PLC,1620591348,16:15:48,20210509
4,2018-03-31,DWHT.L,GBP,2018-03-31,2018-03-31,Q1,13627500.0,6133000.0,7494500.0,0.5499541368556228,0.0,0.0,0.0,-12080500.0,1108000.0,12046500.0,72750.0,393000.0,1974000.0,0.14485415520088057,1581000.0,0.11601541001651074,0.0,1495750.0,0.10975967712346359,430750.0,1009750.0,0.07409649605576958,0.119825,0.119825,8424898.0,8424898.0,https://find-and-update.company-information.service.gov.uk/search/companies?q=Dewhurst+PLC,https://find-and-update.company-information.service.gov.uk/search/companies?q=Dewhurst+PLC,1620591348,16:15:48,20210509
5,2018-01-31,DWHT.L,GBP,2018-01-31,2018-01-31,Q1,13627500.0,6133000.0,7494500.0,0.5499541368556228,0.0,0.0,0.0,-12080500.0,1108000.0,12046500.0,72750.0,393000.0,1974000.0,0.14485415520088057,1581000.0,0.11601541001651074,0.0,1495750.0,0.10975967712346359,430750.0,1009750.0,0.07409649605576958,0.119825,0.119825,8424898.0,8424898.0,https://find-and-update.company-information.service.gov.uk/search/companies?q=Dewhurst+PLC,https://find-and-update.company-information.service.gov.uk/search/companies?q=Dewhurst+PLC,1620591348,16:15:48,20210509
6,2017-06-30,DWHT.L,GBP,2017-06-30,2017-06-30,Q2,13222500.0,6090750.0,7131750.0,0.5393647192285876,0.0,25000.0,0.0,-1116500.0,915250.0,11633250.0,98750.0,243750.0,1833000.0,0.13862733976176972,1589250.0,0.1201928530913216,0.0,1491500.0,0.11280015125732652,336250.0,1111250.0,0.08404235205142749,0.131625,0.131625,8442843.0,8442843.0,https://find-and-update.company-information.service.gov.uk/search/companies?q=Dewhurst+PLC,https://find-and-update.company-information.service.gov.uk/search/companies?q=Dewhurst+PLC,1620591348,16:15:48,20210509
7,2017-03-31,DWHT.L,GBP,2017-03-31,2017-03-31,Q1,13222500.0,6090750.0,7131750.0,0.5393647192285876,0.0,25000.0,0.0,-1116500.0,915250.0,11633250.0,98750.0,243750.0,1833000.0,0.13862733976176972,1589250.0,0.1201928530913216,0.0,1491500.0,0.11280015125732652,336250.0,1111250.0,0.08404235205142749,0.131625,0.131625,8442843.0,8442843.0,https://find-and-update.company-information.service.gov.uk/search/companies?q=Dewhurst+PLC,https://find-and-update.company-information.service.gov.uk/search/companies?q=Dewhurst+PLC,1620591348,16:15:48,20210509
8,2017-01-31,DWHT.L,GBP,2017-01-31,2017-01-31,Q1,13222500.0,6090750.0,7131750.0,0.5393647192285876,0.0,25000.0,0.0,-1116500.0,915250.0,11633250.0,98750.0,243750.0,1833000.0,0.13862733976176972,1589250.0,0.1201928530913216,0.0,1491500.0,0.11280015125732652,336250.0,1111250.0,0.08404235205142749,0.131625,0.131625,8442843.0,8442843.0,https://find-and-update.company-information.service.gov.uk/search/companies?q=Dewhurst+PLC,https://find-and-update.company-information.service.gov.uk/search/companies?q=Dewhurst+PLC,1620591348,16:15:48,20210509
9,2016-06-30,DWHT.L,GBP,2016-06-30,2016-06-30,Q2,11789750.0,5408250.0,6381500.0,0.5412752602896584,0.0,26500.0,0.0,-10437250.0,978250.0,10495500.0,112750.0,226750.0,1521000.0,0.1290103691766153,1294250.0,0.10977756101698509,0.0,1271250.0,0.10782671388282195,394250.0,863250.0,0.07322038211157997,0.101875,0.101875,8474898.0,8474898.0,https://find-and-update.company-information.service.gov.uk/search/companies?q=Dewhurst+PLC,https://find-and-update.company-information.service.gov.uk/search/companies?q=Dewhurst+PLC,1620591348,16:15:48,20210509
10,2016-03-31,DWHT.L,GBP,2016-03-31,2016-03-31,Q1,11789750.0,5408250.0,6381500.0,0.5412752602896584,0.0,26500.0,0.0,-10437250.0,978250.0,10495500.0,112750.0,226750.0,1521000.0,0.1290103691766153,1294250.0,0.10977756101698509,0.0,1271250.0,0.10782671388282195,394250.0,863250.0,0.07322038211157997,0.101875,0.101875,8474898.0,8474898.0,https://find-and-update.company-information.service.gov.uk/search/companies?q=Dewhurst+PLC,https://find-and-update.company-information.service.gov.uk/search/companies?q=Dewhurst+PLC,1620591348,16:15:48,20210509
11,2016-01-31,DWHT.L,GBP,2016-01-31,2016-01-31,Q1,11789750.0,5408250.0,6381500.0,0.5412752602896584,0.0,26500.0,0.0,-10437250.0,978250.0,10495500.0,112750.0,226750.0,1521000.0,0.1290103691766153,1294250.0,0.10977756101698509,0.0,1271250.0,0.10782671388282195,394250.0,863250.0,0.07322038211157997,0.101875,0.101875,8474898.0,8474898.0,https://find-and-update.company-information.service.gov.uk/search/companies?q=Dewhurst+PLC,https://find-and-update.company-information.service.gov.uk/search/companies?q=Dewhurst+PLC,1620591348,16:15:48,20210509
12,2015-09-30,DWHT.L,GBP,2015-09-30,2015-09-30,Q3,11486500.0,5180250.0,6306250.0,0.5490140599834589,0.0,43750.0,0.0,-10067750.0,790250.0,9937500.0,116000.0,247750.0,1796750.0,0.15642275714969747,1549000.0,0.13485395899534236,0.0,1329500.0,0.11574456971227093,212750.0,1101500.0,0.0958951812997867,0.129975,0.129975,8474898.0,8474898.0,https://find-and-update.company-information.service.gov.uk/search/companies?q=Dewhurst+PLC,https://find-and-update.company-information.service.gov.uk/search/companies?q=Dewhurst+PLC,1620591348,16:15:48,20210509
13,2015-06-30,DWHT.L,GBP,2015-06-30,2015-06-30,Q2,11486500.0,5180250.0,6306250.0,0.5490140599834589,0.0,43750.0,0.0,-10067750.0,790250.0,9937500.0,116000.0,247750.0,1796750.0,0.15642275714969747,1549000.0,0.13485395899534236,0.0,1329500.0,0.11574456971227093,212750.0,1101500.0,0.0958951812997867,0.129975,0.129975,8474898.0,8474898.0,https://find-and-update.company-information.service.gov.uk/search/companies?q=Dewhurst+PLC,https://find-and-update.company-information.service.gov.uk/search/companies?q=Dewhurst+PLC,1620591348,16:15:48,20210509
14,2015-03-31,DWHT.L,GBP,2015-03-31,2015-03-31,Q1,11486500.0,5180250.0,6306250.0,0.5490140599834589,0.0,43750.0,0.0,-10067750.0,790250.0,9937500.0,116000.0,247750.0,1796750.0,0.15642275714969747,1549000.0,0.13485395899534236,0.0,1329500.0,0.11574456971227093,212750.0,1101500.0,0.0958951812997867,0.129975,0.129975,8474898.0,8474898.0,https://find-and-update.company-information.service.gov.uk/search/companies?q=Dewhurst+PLC,https://find-and-update.company-information.service.gov.uk/search/companies?q=Dewhurst+PLC,1620591348,16:15:48,20210509
15,2015-01-31,DWHT.L,GBP,2015-01-31,2015-01-31,Q1,11486500.0,5180250.0,6306250.0,0.5490140599834589,0.0,43750.0,0.0,-10067750.0,790250.0,9937500.0,116000.0,247750.0,1796750.0,0.15642275714969747,1549000.0,0.13485395899534236,0.0,1329500.0,0.11574456971227093,212750.0,1101500.0,0.0958951812997867,0.129975,0.129975,8474898.0,8474898.0,https://find-and-update.company-information.service.gov.uk/search/companies?q=Dewhurst+PLC,https://find-and-update.company-information.service.gov.uk/search/companies?q=Dewhurst+PLC,1620591348,16:15:48,20210509
16,2014-09-30,DWHT.L,GBP,2014-09-30,2014-09-30,Q3,11654000.0,5417000.0,6237000.0,0.5351810537154625,0.0,30250.0,0.0,0.0,924500.0,10330000.0,113000.0,298500.0,1622500.0,0.13922258452033637,1324000.0,0.11360906126651793,0.0,1203000.0,0.10322636004805218,216500.0,982500.0,0.08430581774498026,0.11555,0.11555,8504298.0,8504298.0,https://find-and-update.company-information.service.gov.uk/search/companies?q=Dewhurst+PLC,https://find-and-update.company-information.service.gov.uk/search/companies?q=Dewhurst+PLC,1620591348,16:15:48,20210509
17,2014-06-30,DWHT.L,GBP,2014-06-30,2014-06-30,Q2,11654000.0,5417000.0,6237000.0,0.5351810537154625,0.0,30250.0,0.0,0.0,924500.0,10330000.0,113000.0,298500.0,1622500.0,0.13922258452033637,1324000.0,0.11360906126651793,0.0,1203000.0,0.10322636004805218,216500.0,982500.0,0.08430581774498026,0.11555,0.11555,8504298.0,8504298.0,https://find-and-update.company-information.service.gov.uk/search/companies?q=Dewhurst+PLC,https://find-and-update.company-information.service.gov.uk/search/companies?q=Dewhurst+PLC,1620591348,16:15:48,20210509
18,2014-03-31,DWHT.L,GBP,2014-03-31,2014-03-31,Q1,11654000.0,5417000.0,6237000.0,0.5351810537154625,0.0,30250.0,0.0,0.0,924500.0,10330000.0,113000.0,298500.0,1622500.0,0.13922258452033637,1324000.0,0.11360906126651793,0.0,1203000.0,0.10322636004805218,216500.0,982500.0,0.08430581774498026,0.11555,0.11555,8504298.0,8504298.0,https://find-and-update.company-information.service.gov.uk/search/companies?q=Dewhurst+PLC,https://find-and-update.company-information.service.gov.uk/search/companies?q=Dewhurst+PLC,1620591348,16:15:48,20210509
19,2014-01-31,DWHT.L,GBP,2014-01-31,2014-01-31,Q1,11654000.0,5417000.0,6237000.0,0.5351810537154625,0.0,30250.0,0.0,0.0,924500.0,10330000.0,113000.0,298500.0,1622500.0,0.13922258452033637,1324000.0,0.11360906126651793,0.0,1203000.0,0.10322636004805218,216500.0,982500.0,0.08430581774498026,0.11555,0.11555,8504298.0,8504298.0,https://find-and-update.company-information.service.gov.uk/search/companies?q=Dewhurst+PLC,https://find-and-update.company-information.service.gov.uk/search/companies?q=Dewhurst+PLC,1620591348,16:15:48,20210509
20,2013-09-30,DWHT.L,GBP,2013-09-30,2013-09-30,Q3,10924500.0,5069750.0,5854750.0,0.5359284177765573,0.0,27500.0,0.0,-956250.0,956250.0,9897000.0,24750.0,299500.0,1327000.0,0.12147009016430958,1027500.0,0.09405464780996842,0.0,648750.0,0.05938486887271729,326750.0,334000.0,0.030573481623872946,0.03925,0.03925,8511398.0,8511398.0,https://find-and-update.company-information.service.gov.uk/search/companies?q=Dewhurst+PLC,https://find-and-update.company-information.service.gov.uk/search/companies?q=Dewhurst+PLC,1620591348,16:15:48,20210509
21,2013-06-30,DWHT.L,GBP,2013-06-30,2013-06-30,Q2,10924500.0,5069750.0,5854750.0,0.5359284177765573,0.0,27500.0,0.0,-956250.0,956250.0,9897000.0,24750.0,299500.0,1327000.0,0.12147009016430958,1027500.0,0.09405464780996842,0.0,648750.0,0.05938486887271729,326750.0,334000.0,0.030573481623872946,0.03925,0.03925,8511398.0,8511398.0,https://find-and-update.company-information.service.gov.uk/search/companies?q=Dewhurst+PLC,https://find-and-update.company-information.service.gov.uk/search/companies?q=Dewhurst+PLC,1620591348,16:15:48,20210509
22,2013-03-31,DWHT.L,GBP,2013-03-31,2013-03-31,Q1,10924500.0,5069750.0,5854750.0,0.5359284177765573,0.0,27500.0,0.0,-956250.0,956250.0,9897000.0,24750.0,299500.0,1327000.0,0.12147009016430958,1027500.0,0.09405464780996842,0.0,648750.0,0.05938486887271729,326750.0,334000.0,0.030573481623872946,0.03925,0.03925,8511398.0,8511398.0,https://find-and-update.company-information.service.gov.uk/search/companies?q=Dewhurst+PLC,https://find-and-update.company-information.service.gov.uk/search/companies?q=Dewhurst+PLC,1620591348,16:15:48,20210509
23,2013-01-31,DWHT.L,GBP,2013-01-31,2013-01-31,Q1,10924500.0,5069750.0,5854750.0,0.5359284177765573,0.0,27500.0,0.0,-956250.0,956250.0,9897000.0,24750.0,299500.0,1327000.0,0.12147009016430958,1027500.0,0.09405464780996842,0.0,648750.0,0.05938486887271729,326750.0,334000.0,0.030573481623872946,0.03925,0.03925,8511398.0,8511398.0,https://find-and-update.company-information.service.gov.uk/search/companies?q=Dewhurst+PLC,https://find-and-update.company-information.service.gov.uk/search/companies?q=Dewhurst+PLC,1620591348,16:15:48,20210509
24,2012-09-30,DWHT.L,GBP,2012-09-30,2012-09-30,Q3,12888750.0,0.0,12888750.0,1.0,0.0,0.0,0.0,0.0,0.0,11473750.0,85500.0,218750.0,1633750.0,0.12675783144214917,1415000.0,0.10978566579381244,0.0,1360500.0,0.10555717195228397,422000.0,946500.0,0.0734361361652604,0.11025,0.11025,8511398.0,8511398.0,https://find-and-update.company-information.service.gov.uk/search/companies?q=Dewhurst+PLC,https://find-and-update.company-information.service.gov.uk/search/companies?q=Dewhurst+PLC,1620591348,16:15:48,20210509
25,2012-06-30,DWHT.L,GBP,2012-06-30,2012-06-30,Q2,12888750.0,0.0,12888750.0,1.0,0.0,0.0,0.0,0.0,0.0,11473750.0,85500.0,218750.0,1633750.0,0.12675783144214917,1415000.0,0.10978566579381244,0.0,1360500.0,0.10555717195228397,422000.0,946500.0,0.0734361361652604,0.11025,0.11025,8511398.0,8511398.0,https://find-and-update.company-information.service.gov.uk/search/companies?q=Dewhurst+PLC,https://find-and-update.company-information.service.gov.uk/search/companies?q=Dewhurst+PLC,1620591348,16:15:48,20210509
26,2012-03-31,DWHT.L,GBP,2012-03-31,2012-03-31,Q1,12888750.0,0.0,12888750.0,1.0,0.0,0.0,0.0,0.0,0.0,11473750.0,85500.0,218750.0,1633750.0,0.12675783144214917,1415000.0,0.10978566579381244,0.0,1360500.0,0.10555717195228397,422000.0,946500.0,0.0734361361652604,0.11025,0.11025,8511398.0,8511398.0,https://find-and-update.company-information.service.gov.uk/search/companies?q=Dewhurst+PLC,https://find-and-update.company-information.service.gov.uk/search/companies?q=Dewhurst+PLC,1620591348,16:15:48,20210509
27,2012-01-31,DWHT.L,GBP,2012-01-31,2012-01-31,Q1,12888750.0,0.0,12888750.0,1.0,0.0,0.0,0.0,0.0,0.0,11473750.0,85500.0,218750.0,1633750.0,0.12675783144214917,1415000.0,0.10978566579381244,0.0,1360500.0,0.10555717195228397,422000.0,946500.0,0.0734361361652604,0.11025,0.11025,8511398.0,8511398.0,https://find-and-update.company-information.service.gov.uk/search/companies?q=Dewhurst+PLC,https://find-and-update.company-information.service.gov.uk/search/companies?q=Dewhurst+PLC,1620591348,16:15:48,20210509
28,2011-09-30,DWHT.L,GBP,2011-09-30,2011-09-30,Q3,10371750.0,0.0,10371750.0,1.0,182000.0,0.0,0.0,14500.0,8685500.0,9166750.0,34250.0,203000.0,1408000.0,0.13575336852508016,1205000.0,0.11618097235278521,0.0,1080000.0,0.10412900426639671,357000.0,731000.0,0.0704799093692,0.08495,0.08495,8511398.0,8511398.0,https://find-and-update.company-information.service.gov.uk/search/companies?q=Dewhurst+PLC,https://find-and-update.company-information.service.gov.uk/search/companies?q=Dewhurst+PLC,1620591348,16:15:48,20210509
29,2011-06-30,DWHT.L,GBP,2011-06-30,2011-06-30,Q2,10371750.0,0.0,10371750.0,1.0,182000.0,0.0,0.0,14500.0,8685500.0,9166750.0,34250.0,203000.0,1408000.0,0.13575336852508016,1205000.0,0.11618097235278521,0.0,1080000.0,0.10412900426639671,357000.0,731000.0,0.0704799093692,0.08495,0.08495,8511398.0,8511398.0,https://find-and-update.company-information.service.gov.uk/search/companies?q=Dewhurst+PLC,https://find-and-update.company-information.service.gov.uk/search/companies?q=Dewhurst+PLC,1620591348,16:15:48,20210509
30,2011-03-31,DWHT.L,GBP,2011-03-31,2011-03-31,Q1,10371750.0,0.0,10371750.0,1.0,182000.0,0.0,0.0,14500.0,8685500.0,9166750.0,34250.0,203000.0,1408000.0,0.13575336852508016,1205000.0,0.11618097235278521,0.0,1080000.0,0.10412900426639671,357000.0,731000.0,0.0704799093692,0.08495,0.08495,8511398.0,8511398.0,https://find-and-update.company-information.service.gov.uk/search/companies?q=Dewhurst+PLC,https://find-and-update.company-information.service.gov.uk/search/companies?q=Dewhurst+PLC,1620591348,16:15:48,20210509
31,2011-01-31,DWHT.L,GBP,2011-01-31,2011-01-31,Q1,10371750.0,0.0,10371750.0,1.0,182000.0,0.0,0.0,14500.0,8685500.0,9166750.0,34250.0,203000.0,1408000.0,0.13575336852508016,1205000.0,0.11618097235278521,0.0,1080000.0,0.10412900426639671,357000.0,731000.0,0.0704799093692,0.08495,0.08495,8511398.0,8511398.0,https://find-and-update.company-information.service.gov.uk/search/companies?q=Dewhurst+PLC,https://find-and-update.company-information.service.gov.uk/search/companies?q=Dewhurst+PLC,1620591348,16:15:48,20210509
32,2010-09-30,DWHT.L,GBP,2010-09-30,2010-09-30,Q3,9243750.0,0.0,9243750.0,1.0,160750.0,0.0,0.0,-3000.0,7604000.0,7999750.0,38250.0,170000.0,1414000.0,0.1529682217714672,1244000.0,0.13457741717376606,0.0,1206750.0,0.13054766734279918,334750.0,872000.0,0.09433400946585531,0.102425,0.102425,8511398.0,8511398.0,https://find-and-update.company-information.service.gov.uk/search/companies?q=Dewhurst+PLC,https://find-and-update.company-information.service.gov.uk/search/companies?q=Dewhurst+PLC,1620591348,16:15:48,20210509
33,2010-06-30,DWHT.L,GBP,2010-06-30,2010-06-30,Q2,9243750.0,0.0,9243750.0,1.0,160750.0,0.0,0.0,-3000.0,7604000.0,7999750.0,38250.0,170000.0,1414000.0,0.1529682217714672,1244000.0,0.13457741717376606,0.0,1206750.0,0.13054766734279918,334750.0,872000.0,0.09433400946585531,0.102425,0.102425,8511398.0,8511398.0,https://find-and-update.company-information.service.gov.uk/search/companies?q=Dewhurst+PLC,https://find-and-update.company-information.service.gov.uk/search/companies?q=Dewhurst+PLC,1620591348,16:15:48,20210509
34,2010-03-31,DWHT.L,GBP,2010-03-31,2010-03-31,Q1,9243750.0,0.0,9243750.0,1.0,160750.0,0.0,0.0,-3000.0,7604000.0,7999750.0,38250.0,170000.0,1414000.0,0.1529682217714672,1244000.0,0.13457741717376606,0.0,1206750.0,0.13054766734279918,334750.0,872000.0,0.09433400946585531,0.102425,0.102425,8511398.0,8511398.0,https://find-and-update.company-information.service.gov.uk/search/companies?q=Dewhurst+PLC,https://find-and-update.company-information.service.gov.uk/search/companies?q=Dewhurst+PLC,1620591348,16:15:48,20210509
35,2010-01-31,DWHT.L,GBP,2010-01-31,2010-01-31,Q1,9243750.0,0.0,9243750.0,1.0,160750.0,0.0,0.0,-3000.0,7604000.0,7999750.0,38250.0,170000.0,1414000.0,0.1529682217714672,1244000.0,0.13457741717376606,0.0,1206750.0,0.13054766734279918,334750.0,872000.0,0.09433400946585531,0.102425,0.102425,8511398.0,8511398.0,https://find-and-update.company-information.service.gov.uk/search/companies?q=Dewhurst+PLC,https://find-and-update.company-information.service.gov.uk/search/companies?q=Dewhurst+PLC,1620591348,16:15:48,20210509
36,2009-09-30,DWHT.L,GBP,2009-09-30,2009-09-30,Q3,8958750.0,0.0,8958750.0,1.0,120750.0,0.0,0.0,0.0,7494000.0,7823000.0,42500.0,143750.0,1279500.0,0.1428212641272499,1135750.0,0.12677549881400865,0.0,1107000.0,0.1235663457513604,289250.0,817750.0,0.09127947537323845,0.096075,0.096075,8511398.0,8511398.0,https://find-and-update.company-information.service.gov.uk/search/companies?q=Dewhurst+PLC,https://find-and-update.company-information.service.gov.uk/search/companies?q=Dewhurst+PLC,1620591348,16:15:48,20210509
37,2009-06-30,DWHT.L,GBP,2009-06-30,2009-06-30,Q2,8958750.0,0.0,8958750.0,1.0,120750.0,0.0,0.0,0.0,7494000.0,7823000.0,42500.0,143750.0,1279500.0,0.1428212641272499,1135750.0,0.12677549881400865,0.0,1107000.0,0.1235663457513604,289250.0,817750.0,0.09127947537323845,0.096075,0.096075,8511398.0,8511398.0,https://find-and-update.company-information.service.gov.uk/search/companies?q=Dewhurst+PLC,https://find-and-update.company-information.service.gov.uk/search/companies?q=Dewhurst+PLC,1620591348,16:15:48,20210509
38,2009-03-31,DWHT.L,GBP,2009-03-31,2009-03-31,Q1,8958750.0,0.0,8958750.0,1.0,120750.0,0.0,0.0,0.0,7494000.0,7823000.0,42500.0,143750.0,1279500.0,0.1428212641272499,1135750.0,0.12677549881400865,0.0,1107000.0,0.1235663457513604,289250.0,817750.0,0.09127947537323845,0.096075,0.096075,8511398.0,8511398.0,https://find-and-update.company-information.service.gov.uk/search/companies?q=Dewhurst+PLC,https://find-and-update.company-information.service.gov.uk/search/companies?q=Dewhurst+PLC,1620591348,16:15:48,20210509
39,2009-01-31,DWHT.L,GBP,2009-01-31,2009-01-31,Q1,8958750.0,0.0,8958750.0,1.0,120750.0,0.0,0.0,0.0,7494000.0,7823000.0,42500.0,143750.0,1279500.0,0.1428212641272499,1135750.0,0.12677549881400865,0.0,1107000.0,0.1235663457513604,289250.0,817750.0,0.09127947537323845,0.096075,0.096075,8511398.0,8511398.0,https://find-and-update.company-information.service.gov.uk/search/companies?q=Dewhurst+PLC,https://find-and-update.company-information.service.gov.uk/search/companies?q=Dewhurst+PLC,1620591348,16:15:48,20210509
40,2008-09-30,DWHT.L,GBP,2008-09-30,2008-09-30,Q3,9081500.0,0.0,9081500.0,1.0,167000.0,0.0,0.0,0.0,7631250.0,8022250.0,500.0,133500.0,1192750.0,0.13133843528051534,1059250.0,0.11663822055827781,0.0,1169750.0,0.12880581401750812,309500.0,860250.0,0.09472554093486758,0.0973,0.0973,8841253.0,8841253.0,https://find-and-update.company-information.service.gov.uk/search/companies?q=Dewhurst+PLC,https://find-and-update.company-information.service.gov.uk/search/companies?q=Dewhurst+PLC,1620591348,16:15:48,20210509
41,2008-06-30,DWHT.L,GBP,2008-06-30,2008-06-30,Q2,9081500.0,0.0,9081500.0,1.0,167000.0,0.0,0.0,0.0,7631250.0,8022250.0,500.0,133500.0,1192750.0,0.13133843528051534,1059250.0,0.11663822055827781,0.0,1169750.0,0.12880581401750812,309500.0,860250.0,0.09472554093486758,0.0973,0.0973,8841253.0,8841253.0,https://find-and-update.company-information.service.gov.uk/search/companies?q=Dewhurst+PLC,https://find-and-update.company-information.service.gov.uk/search/companies?q=Dewhurst+PLC,1620591348,16:15:48,20210509
42,2008-03-31,DWHT.L,GBP,2008-03-31,2008-03-31,Q1,9081500.0,0.0,9081500.0,1.0,167000.0,0.0,0.0,0.0,7631250.0,8022250.0,500.0,133500.0,1192750.0,0.13133843528051534,1059250.0,0.11663822055827781,0.0,1169750.0,0.12880581401750812,309500.0,860250.0,0.09472554093486758,0.0973,0.0973,8841253.0,8841253.0,https://find-and-update.company-information.service.gov.uk/search/companies?q=Dewhurst+PLC,https://find-and-update.company-information.service.gov.uk/search/companies?q=Dewhurst+PLC,1620591348,16:15:48,20210509
43,2008-01-31,DWHT.L,GBP,2008-01-31,2008-01-31,Q1,9081500.0,0.0,9081500.0,1.0,167000.0,0.0,0.0,0.0,7631250.0,8022250.0,500.0,133500.0,1192750.0,0.13133843528051534,1059250.0,0.11663822055827781,0.0,1169750.0,0.12880581401750812,309500.0,860250.0,0.09472554093486758,0.0973,0.0973,8841253.0,8841253.0,https://find-and-update.company-information.service.gov.uk/search/companies?q=Dewhurst+PLC,https://find-and-update.company-information.service.gov.uk/search/companies?q=Dewhurst+PLC,1620591348,16:15:48,20210509
44,2007-09-30,DWHT.L,GBP,2007-09-30,2007-09-30,Q3,7848500.0,0.0,7848500.0,1.0,133000.0,0.0,0.0,0.0,6587250.0,6945000.0,500.0,118250.0,1021750.0,0.13018411161368415,903500.0,0.11511753838313053,0.0,963250.0,0.12273045804930878,304000.0,659250.0,0.08399694209084538,0.067175,0.067175,9815709.0,9815709.0,https://find-and-update.company-information.service.gov.uk/search/companies?q=Dewhurst+PLC,https://find-and-update.company-information.service.gov.uk/search/companies?q=Dewhurst+PLC,1620591348,16:15:48,20210509
45,2007-06-30,DWHT.L,GBP,2007-06-30,2007-06-30,Q2,7848500.0,0.0,7848500.0,1.0,133000.0,0.0,0.0,0.0,6587250.0,6945000.0,500.0,118250.0,1021750.0,0.13018411161368415,903500.0,0.11511753838313053,0.0,963250.0,0.12273045804930878,304000.0,659250.0,0.08399694209084538,0.067175,0.067175,9815709.0,9815709.0,https://find-and-update.company-information.service.gov.uk/search/companies?q=Dewhurst+PLC,https://find-and-update.company-information.service.gov.uk/search/companies?q=Dewhurst+PLC,1620591348,16:15:48,20210509
46,2007-03-31,DWHT.L,GBP,2007-03-31,2007-03-31,Q1,7848500.0,0.0,7848500.0,1.0,133000.0,0.0,0.0,0.0,6587250.0,6945000.0,500.0,118250.0,1021750.0,0.13018411161368415,903500.0,0.11511753838313053,0.0,963250.0,0.12273045804930878,304000.0,659250.0,0.08399694209084538,0.067175,0.067175,9815709.0,9815709.0,https://find-and-update.company-information.service.gov.uk/search/companies?q=Dewhurst+PLC,https://find-and-update.company-information.service.gov.uk/search/companies?q=Dewhurst+PLC,1620591348,16:15:48,20210509
47,2007-01-31,DWHT.L,GBP,2007-01-31,2007-01-31,Q1,7848500.0,0.0,7848500.0,1.0,133000.0,0.0,0.0,0.0,6587250.0,6945000.0,500.0,118250.0,1021750.0,0.13018411161368415,903500.0,0.11511753838313053,0.0,963250.0,0.12273045804930878,304000.0,659250.0,0.08399694209084538,0.067175,0.067175,9815709.0,9815709.0,https://find-and-update.company-information.service.gov.uk/search/companies?q=Dewhurst+PLC,https://find-and-update.company-information.service.gov.uk/search/companies?q=Dewhurst+PLC,1620591348,16:15:48,20210509
48,2006-09-30,DWHT.L,GBP,2006-09-30,2006-09-30,Q3,7441500.0,0.0,7441500.0,1.0,114250.0,0.0,0.0,0.0,6290250.0,6610250.0,24750.0,116250.0,947500.0,0.12732647987636903,831250.0,0.11170462944298865,0.0,848500.0,0.11402271047503863,270250.0,578250.0,0.0777061076395888,0.0587,0.0587,9851898.0,9851898.0,https://find-and-update.company-information.service.gov.uk/search/companies?q=Dewhurst+PLC,https://find-and-update.company-information.service.gov.uk/search/companies?q=Dewhurst+PLC,1620591348,16:15:48,20210509
49,2006-06-30,DWHT.L,GBP,2006-06-30,2006-06-30,Q2,7441500.0,0.0,7441500.0,1.0,114250.0,0.0,0.0,0.0,6290250.0,6610250.0,24750.0,116250.0,947500.0,0.12732647987636903,831250.0,0.11170462944298865,0.0,848500.0,0.11402271047503863,270250.0,578250.0,0.0777061076395888,0.0587,0.0587,9851898.0,9851898.0,https://find-and-update.company-information.service.gov.uk/search/companies?q=Dewhurst+PLC,https://find-and-update.company-information.service.gov.uk/search/companies?q=Dewhurst+PLC,1620591348,16:15:48,20210509
50,2006-03-31,DWHT.L,GBP,2006-03-31,2006-03-31,Q1,7441500.0,0.0,7441500.0,1.0,114250.0,0.0,0.0,0.0,6290250.0,6610250.0,24750.0,116250.0,947500.0,0.12732647987636903,831250.0,0.11170462944298865,0.0,848500.0,0.11402271047503863,270250.0,578250.0,0.0777061076395888,0.0587,0.0587,9851898.0,9851898.0,https://find-and-update.company-information.service.gov.uk/search/companies?q=Dewhurst+PLC,https://find-and-update.company-information.service.gov.uk/search/companies?q=Dewhurst+PLC,1620591348,16:15:48,20210509
51,2006-01-31,DWHT.L,GBP,2006-01-31,2006-01-31,Q1,7441500.0,0.0,7441500.0,1.0,114250.0,0.0,0.0,0.0,6290250.0,6610250.0,24750.0,116250.0,947500.0,0.12732647987636903,831250.0,0.11170462944298865,0.0,848500.0,0.11402271047503863,270250.0,578250.0,0.0777061076395888,0.0587,0.0587,9851898.0,9851898.0,https://find-and-update.company-information.service.gov.uk/search/companies?q=Dewhurst+PLC,https://find-and-update.company-information.service.gov.uk/search/companies?q=Dewhurst+PLC,1620591348,16:15:48,20210509
52,2005-09-30,DWHT.L,GBP,2005-09-30,2005-09-30,Q3,7498500.0,0.0,0.0,0.0,183250.0,0.0,0.0,0.0,6173750.0,6543500.0,35750.0,110250.0,1065250.0,0.14206174568246982,955000.0,0.1273588050943522,0.0,967750.0,0.1290591451623658,293250.0,674500.0,0.08995132359805294,0.068475,0.068475,9851898.0,9851898.0,https://find-and-update.company-information.service.gov.uk/search/companies?q=Dewhurst+PLC,https://find-and-update.company-information.service.gov.uk/search/companies?q=Dewhurst+PLC,1620591348,16:15:48,20210509
53,2005-06-30,DWHT.L,GBP,2005-06-30,2005-06-30,Q2,7498500.0,0.0,0.0,0.0,183250.0,0.0,0.0,0.0,6173750.0,6543500.0,35750.0,110250.0,1065250.0,0.14206174568246982,955000.0,0.1273588050943522,0.0,967750.0,0.1290591451623658,293250.0,674500.0,0.08995132359805294,0.068475,0.068475,9851898.0,9851898.0,https://find-and-update.company-information.service.gov.uk/search/companies?q=Dewhurst+PLC,https://find-and-update.company-information.service.gov.uk/search/companies?q=Dewhurst+PLC,1620591348,16:15:48,20210509
54,2005-03-31,DWHT.L,GBP,2005-03-31,2005-03-31,Q1,7498500.0,0.0,0.0,0.0,183250.0,0.0,0.0,0.0,6173750.0,6543500.0,35750.0,110250.0,1065250.0,0.14206174568246982,955000.0,0.1273588050943522,0.0,967750.0,0.1290591451623658,293250.0,674500.0,0.08995132359805294,0.068475,0.068475,9851898.0,9851898.0,https://find-and-update.company-information.service.gov.uk/search/companies?q=Dewhurst+PLC,https://find-and-update.company-information.service.gov.uk/search/companies?q=Dewhurst+PLC,1620591348,16:15:48,20210509
55,2005-01-31,DWHT.L,GBP,2005-01-31,2005-01-31,Q1,7498500.0,0.0,0.0,0.0,183250.0,0.0,0.0,0.0,6173750.0,6543500.0,35750.0,110250.0,1065250.0,0.14206174568246982,955000.0,0.1273588050943522,0.0,967750.0,0.1290591451623658,293250.0,674500.0,0.08995132359805294,0.068475,0.068475,9851898.0,9851898.0,https://find-and-update.company-information.service.gov.uk/search/companies?q=Dewhurst+PLC,https://find-and-update.company-information.service.gov.uk/search/companies?q=Dewhurst+PLC,1620591348,16:15:48,20210509
56,2004-09-30,DWHT.L,GBP,2004-09-30,2004-09-30,Q3,7316250.0,0.0,0.0,0.0,194000.0,0.0,0.0,-26750.0,6058750.0,6460250.0,250.0,141750.0,997750.0,0.13637450879890656,856000.0,0.11699982914744575,0.0,833250.0,0.11389031266017427,285500.0,547750.0,0.0748675892704596,0.0556,0.0556,3571000.0,3571000.0,https://find-and-update.company-information.service.gov.uk/search/companies?q=Dewhurst+PLC,https://find-and-update.company-information.service.gov.uk/search/companies?q=Dewhurst+PLC,1620591348,16:15:48,20210509
57,2004-06-30,DWHT.L,GBP,2004-06-30,2004-06-30,Q2,7316250.0,0.0,0.0,0.0,194000.0,0.0,0.0,-26750.0,6058750.0,6460250.0,250.0,141750.0,997750.0,0.13637450879890656,856000.0,0.11699982914744575,0.0,833250.0,0.11389031266017427,285500.0,547750.0,0.0748675892704596,0.0556,0.0556,3571000.0,3571000.0,https://find-and-update.company-information.service.gov.uk/search/companies?q=Dewhurst+PLC,https://find-and-update.company-information.service.gov.uk/search/companies?q=Dewhurst+PLC,1620591348,16:15:48,20210509
58,2004-03-31,DWHT.L,GBP,2004-03-31,2004-03-31,Q1,7316250.0,0.0,0.0,0.0,194000.0,0.0,0.0,-26750.0,6058750.0,6460250.0,250.0,141750.0,997750.0,0.13637450879890656,856000.0,0.11699982914744575,0.0,833250.0,0.11389031266017427,285500.0,547750.0,0.0748675892704596,0.0556,0.0556,3571000.0,3571000.0,https://find-and-update.company-information.service.gov.uk/search/companies?q=Dewhurst+PLC,https://find-and-update.company-information.service.gov.uk/search/companies?q=Dewhurst+PLC,1620591348,16:15:48,20210509
59,2004-01-31,DWHT.L,GBP,2004-01-31,2004-01-31,Q1,7316250.0,0.0,0.0,0.0,194000.0,0.0,0.0,-26750.0,6058750.0,6460250.0,250.0,141750.0,997750.0,0.13637450879890656,856000.0,0.11699982914744575,0.0,833250.0,0.11389031266017427,285500.0,547750.0,0.0748675892704596,0.0556,0.0556,3571000.0,3571000.0,https://find-and-update.company-information.service.gov.uk/search/companies?q=Dewhurst+PLC,https://find-and-update.company-information.service.gov.uk/search/companies?q=Dewhurst+PLC,1620591348,16:15:48,20210509
60,2003-09-30,DWHT.L,GBP,2003-09-30,2003-09-30,Q3,6801500.0,0.0,6801500.0,1.0,209500.0,0.0,0.0,-6000.0,5767250.0,6156250.0,9250.0,140250.0,785500.0,0.11548923031684187,645250.0,0.09486877894582077,0.0,616250.0,0.09060501359994119,203500.0,412750.0,0.06068514298316548,0.0419,0.0419,3571000.0,3571000.0,https://find-and-update.company-information.service.gov.uk/search/companies?q=Dewhurst+PLC,https://find-and-update.company-information.service.gov.uk/search/companies?q=Dewhurst+PLC,1620591348,16:15:48,20210509
61,2003-06-30,DWHT.L,GBP,2003-06-30,2003-06-30,Q2,6801500.0,0.0,6801500.0,1.0,209500.0,0.0,0.0,-6000.0,5767250.0,6156250.0,9250.0,140250.0,785500.0,0.11548923031684187,645250.0,0.09486877894582077,0.0,616250.0,0.09060501359994119,203500.0,412750.0,0.06068514298316548,0.0419,0.0419,3571000.0,3571000.0,https://find-and-update.company-information.service.gov.uk/search/companies?q=Dewhurst+PLC,https://find-and-update.company-information.service.gov.uk/search/companies?q=Dewhurst+PLC,1620591348,16:15:48,20210509
62,2003-03-31,DWHT.L,GBP,2003-03-31,2003-03-31,Q1,6801500.0,0.0,6801500.0,1.0,209500.0,0.0,0.0,-6000.0,5767250.0,6156250.0,9250.0,140250.0,785500.0,0.11548923031684187,645250.0,0.09486877894582077,0.0,616250.0,0.09060501359994119,203500.0,412750.0,0.06068514298316548,0.0419,0.0419,3571000.0,3571000.0,https://find-and-update.company-information.service.gov.uk/search/companies?q=Dewhurst+PLC,https://find-and-update.company-information.service.gov.uk/search/companies?q=Dewhurst+PLC,1620591348,16:15:48,20210509
63,2003-01-31,DWHT.L,GBP,2003-01-31,2003-01-31,Q1,6801500.0,0.0,6801500.0,1.0,209500.0,0.0,0.0,-6000.0,5767250.0,6156250.0,9250.0,140250.0,785500.0,0.11548923031684187,645250.0,0.09486877894582077,0.0,616250.0,0.09060501359994119,203500.0,412750.0,0.06068514298316548,0.0419,0.0419,3571000.0,3571000.0,https://find-and-update.company-information.service.gov.uk/search/companies?q=Dewhurst+PLC,https://find-and-update.company-information.service.gov.uk/search/companies?q=Dewhurst+PLC,1620591348,16:15:48,20210509
64,2002-09-30,DWHT.L,GBP,2002-09-30,2002-09-30,Q3,6046000.0,0.0,6046000.0,1.0,190000.0,0.0,0.0,8000.0,5177500.0,5549750.0,14000.0,139000.0,635250.0,0.1050694674164737,496250.0,0.0820790605358915,0.0,459250.0,0.07595931194177968,165000.0,294250.0,0.04866854118425405,0.02955,0.02955,9958000.0,9958000.0,https://find-and-update.company-information.service.gov.uk/search/companies?q=Dewhurst+PLC,https://find-and-update.company-information.service.gov.uk/search/companies?q=Dewhurst+PLC,1620591348,16:15:48,20210509
65,2002-06-30,DWHT.L,GBP,2002-06-30,2002-06-30,Q2,6046000.0,0.0,6046000.0,1.0,190000.0,0.0,0.0,8000.0,5177500.0,5549750.0,14000.0,139000.0,635250.0,0.1050694674164737,496250.0,0.0820790605358915,0.0,459250.0,0.07595931194177968,165000.0,294250.0,0.04866854118425405,0.02955,0.02955,9958000.0,9958000.0,https://find-and-update.company-information.service.gov.uk/search/companies?q=Dewhurst+PLC,https://find-and-update.company-information.service.gov.uk/search/companies?q=Dewhurst+PLC,1620591348,16:15:48,20210509
66,2002-03-31,DWHT.L,GBP,2002-03-31,2002-03-31,Q1,6046000.0,0.0,6046000.0,1.0,190000.0,0.0,0.0,8000.0,5177500.0,5549750.0,14000.0,139000.0,635250.0,0.1050694674164737,496250.0,0.0820790605358915,0.0,459250.0,0.07595931194177968,165000.0,294250.0,0.04866854118425405,0.02955,0.02955,9958000.0,9958000.0,https://find-and-update.company-information.service.gov.uk/search/companies?q=Dewhurst+PLC,https://find-and-update.company-information.service.gov.uk/search/companies?q=Dewhurst+PLC,1620591348,16:15:48,20210509
67,2002-01-31,DWHT.L,GBP,2002-01-31,2002-01-31,Q1,6046000.0,0.0,6046000.0,1.0,190000.0,0.0,0.0,8000.0,5177500.0,5549750.0,14000.0,139000.0,635250.0,0.1050694674164737,496250.0,0.0820790605358915,0.0,459250.0,0.07595931194177968,165000.0,294250.0,0.04866854118425405,0.02955,0.02955,9958000.0,9958000.0,https://find-and-update.company-information.service.gov.uk/search/companies?q=Dewhurst+PLC,https://find-and-update.company-information.service.gov.uk/search/companies?q=Dewhurst+PLC,1620591348,16:15:48,20210509
68,2001-09-30,DWHT.L,GBP,2001-09-30,2001-09-30,Q3,5725750.0,0.0,5725750.0,1.0,182500.0,0.0,0.0,0.0,4884750.0,5231250.0,18000.0,138250.0,632750.0,0.11050954023490372,494500.0,0.08636423176003144,0.0,339750.0,0.05933720473300441,126250.0,213500.0,0.03728769156879012,0.021042775478020893,0.020914968652037617,10146000.0,10208000.0,https://find-and-update.company-information.service.gov.uk/search/companies?q=Dewhurst+PLC,https://find-and-update.company-information.service.gov.uk/search/companies?q=Dewhurst+PLC,1620591348,16:15:48,20210509
69,2001-06-30,DWHT.L,GBP,2001-06-30,2001-06-30,Q2,5725750.0,0.0,5725750.0,1.0,182500.0,0.0,0.0,0.0,4884750.0,5231250.0,18000.0,138250.0,632750.0,0.11050954023490372,494500.0,0.08636423176003144,0.0,339750.0,0.05933720473300441,126250.0,213500.0,0.03728769156879012,0.021042775478020893,0.020914968652037617,10146000.0,10208000.0,https://find-and-update.company-information.service.gov.uk/search/companies?q=Dewhurst+PLC,https://find-and-update.company-information.service.gov.uk/search/companies?q=Dewhurst+PLC,1620591348,16:15:48,20210509
70,2001-03-31,DWHT.L,GBP,2001-03-31,2001-03-31,Q1,5725750.0,0.0,5725750.0,1.0,182500.0,0.0,0.0,0.0,4884750.0,5231250.0,18000.0,138250.0,632750.0,0.11050954023490372,494500.0,0.08636423176003144,0.0,339750.0,0.05933720473300441,126250.0,213500.0,0.03728769156879012,0.021042775478020893,0.020914968652037617,10146000.0,10208000.0,https://find-and-update.company-information.service.gov.uk/search/companies?q=Dewhurst+PLC,https://find-and-update.company-information.service.gov.uk/search/companies?q=Dewhurst+PLC,1620591348,16:15:48,20210509
71,2001-01-31,DWHT.L,GBP,2001-01-31,2001-01-31,Q1,5725750.0,0.0,5725750.0,1.0,182500.0,0.0,0.0,0.0,4884750.0,5231250.0,18000.0,138250.0,632750.0,0.11050954023490372,494500.0,0.08636423176003144,0.0,339750.0,0.05933720473300441,126250.0,213500.0,0.03728769156879012,0.021042775478020893,0.020914968652037617,10146000.0,10208000.0,https://find-and-update.company-information.service.gov.uk/search/companies?q=Dewhurst+PLC,https://find-and-update.company-information.service.gov.uk/search/companies?q=Dewhurst+PLC,1620591348,16:15:48,20210509
72,2000-09-30,DWHT.L,GBP,2000-09-30,2000-09-30,Q3,5415000.0,0.0,5415000.0,1.0,187000.0,0.0,0.0,0.0,4557000.0,4896250.0,11750.0,131500.0,650250.0,0.12008310249307479,518750.0,0.09579870729455217,0.0,501250.0,0.09256694367497692,165750.0,335500.0,0.061957525392428436,0.0325,0.03225,10319000.0,10405000.0,https://find-and-update.company-information.service.gov.uk/search/companies?q=Dewhurst+PLC,https://find-and-update.company-information.service.gov.uk/search/companies?q=Dewhurst+PLC,1620591348,16:15:48,20210509
73,2000-06-30,DWHT.L,GBP,2000-06-30,2000-06-30,Q2,5415000.0,0.0,5415000.0,1.0,187000.0,0.0,0.0,0.0,4557000.0,4896250.0,11750.0,131500.0,650250.0,0.12008310249307479,518750.0,0.09579870729455217,0.0,501250.0,0.09256694367497692,165750.0,335500.0,0.061957525392428436,0.0325,0.03225,10319000.0,10405000.0,https://find-and-update.company-information.service.gov.uk/search/companies?q=Dewhurst+PLC,https://find-and-update.company-information.service.gov.uk/search/companies?q=Dewhurst+PLC,1620591348,16:15:48,20210509
74,2000-03-31,DWHT.L,GBP,2000-03-31,2000-03-31,Q1,5415000.0,0.0,5415000.0,1.0,187000.0,0.0,0.0,0.0,4557000.0,4896250.0,11750.0,131500.0,650250.0,0.12008310249307479,518750.0,0.09579870729455217,0.0,501250.0,0.09256694367497692,165750.0,335500.0,0.061957525392428436,0.0325,0.03225,10319000.0,10405000.0,https://find-and-update.company-information.service.gov.uk/search/companies?q=Dewhurst+PLC,https://find-and-update.company-information.service.gov.uk/search/companies?q=Dewhurst+PLC,1620591348,16:15:48,20210509
75,2000-01-31,DWHT.L,GBP,2000-01-31,2000-01-31,Q1,5415000.0,0.0,5415000.0,1.0,187000.0,0.0,0.0,0.0,4557000.0,4896250.0,11750.0,131500.0,650250.0,0.12008310249307479,518750.0,0.09579870729455217,0.0,501250.0,0.09256694367497692,165750.0,335500.0,0.061957525392428436,0.0325,0.03225,10319000.0,10405000.0,https://find-and-update.company-information.service.gov.uk/search/companies?q=Dewhurst+PLC,https://find-and-update.company-information.service.gov.uk/search/companies?q=Dewhurst+PLC,1620591348,16:15:48,20210509
76,1999-09-30,DWHT.L,GBP,1999-09-30,1999-09-30,Q3,4969250.0,0.0,4969250.0,1.0,208000.0,0.0,0.0,0.0,4188250.0,4523250.0,250.0,114250.0,560250.0,0.11274337173617749,446000.0,0.08975197464406097,0.0,471250.0,0.09483322432962721,145250.0,326000.0,0.06560346128691452,0.03125,0.031,10465000.0,10551000.0,https://find-and-update.company-information.service.gov.uk/search/companies?q=Dewhurst+PLC,https://find-and-update.company-information.service.gov.uk/search/companies?q=Dewhurst+PLC,1620591348,16:15:48,20210509
77,1999-06-30,DWHT.L,GBP,1999-06-30,1999-06-30,Q2,4969250.0,0.0,4969250.0,1.0,208000.0,0.0,0.0,0.0,4188250.0,4523250.0,250.0,114250.0,560250.0,0.11274337173617749,446000.0,0.08975197464406097,0.0,471250.0,0.09483322432962721,145250.0,326000.0,0.06560346128691452,0.03125,0.031,10465000.0,10551000.0,https://find-and-update.company-information.service.gov.uk/search/companies?q=Dewhurst+PLC,https://find-and-update.company-information.service.gov.uk/search/companies?q=Dewhurst+PLC,1620591348,16:15:48,20210509
78,1999-03-31,DWHT.L,GBP,1999-03-31,1999-03-31,Q1,4969250.0,0.0,4969250.0,1.0,208000.0,0.0,0.0,0.0,4188250.0,4523250.0,250.0,114250.0,560250.0,0.11274337173617749,446000.0,0.08975197464406097,0.0,471250.0,0.09483322432962721,145250.0,326000.0,0.06560346128691452,0.03125,0.031,10465000.0,10551000.0,https://find-and-update.company-information.service.gov.uk/search/companies?q=Dewhurst+PLC,https://find-and-update.company-information.service.gov.uk/search/companies?q=Dewhurst+PLC,1620591348,16:15:48,20210509
79,1999-01-31,DWHT.L,GBP,1999-01-31,1999-01-31,Q1,4969250.0,0.0,4969250.0,1.0,208000.0,0.0,0.0,0.0,4188250.0,4523250.0,250.0,114250.0,560250.0,0.11274337173617749,446000.0,0.08975197464406097,0.0,471250.0,0.09483322432962721,145250.0,326000.0,0.06560346128691452,0.03125,0.031,10465000.0,10551000.0,https://find-and-update.company-information.service.gov.uk/search/companies?q=Dewhurst+PLC,https://find-and-update.company-information.service.gov.uk/search/companies?q=Dewhurst+PLC,1620591348,16:15:48,20210509
80,1998-09-30,DWHT.L,GBP,1998-09-30,1998-09-30,Q3,4556000.0,0.0,4556000.0,1.0,163000.0,0.0,0.0,0.0,3925750.0,4201500.0,250.0,104500.0,459000.0,0.10074626865671642,354500.0,0.07780948200175593,0.0,410500.0,0.0901009657594381,126500.0,284000.0,0.06233538191395961,0.0260407115349349,0.02583697234352256,10906000.0,10992000.0,https://find-and-update.company-information.service.gov.uk/search/companies?q=Dewhurst+PLC,https://find-and-update.company-information.service.gov.uk/search/companies?q=Dewhurst+PLC,1620591348,16:15:48,20210509
81,1998-06-30,DWHT.L,GBP,1998-06-30,1998-06-30,Q2,4556000.0,0.0,4556000.0,1.0,163000.0,0.0,0.0,0.0,3925750.0,4201500.0,250.0,104500.0,459000.0,0.10074626865671642,354500.0,0.07780948200175593,0.0,410500.0,0.0901009657594381,126500.0,284000.0,0.06233538191395961,0.0260407115349349,0.02583697234352256,10906000.0,10992000.0,https://find-and-update.company-information.service.gov.uk/search/companies?q=Dewhurst+PLC,https://find-and-update.company-information.service.gov.uk/search/companies?q=Dewhurst+PLC,1620591348,16:15:48,20210509
82,1998-03-31,DWHT.L,GBP,1998-03-31,1998-03-31,Q1,4556000.0,0.0,4556000.0,1.0,163000.0,0.0,0.0,0.0,3925750.0,4201500.0,250.0,104500.0,459000.0,0.10074626865671642,354500.0,0.07780948200175593,0.0,410500.0,0.0901009657594381,126500.0,284000.0,0.06233538191395961,0.0260407115349349,0.02583697234352256,10906000.0,10992000.0,https://find-and-update.company-information.service.gov.uk/search/companies?q=Dewhurst+PLC,https://find-and-update.company-information.service.gov.uk/search/companies?q=Dewhurst+PLC,1620591348,16:15:48,20210509
83,1998-01-31,DWHT.L,GBP,1998-01-31,1998-01-31,Q1,4556000.0,0.0,4556000.0,1.0,163000.0,0.0,0.0,0.0,3925750.0,4201500.0,250.0,104500.0,459000.0,0.10074626865671642,354500.0,0.07780948200175593,0.0,410500.0,0.0901009657594381,126500.0,284000.0,0.06233538191395961,0.0260407115349349,0.02583697234352256,10906000.0,10992000.0,https://find-and-update.company-information.service.gov.uk/search/companies?q=Dewhurst+PLC,https://find-and-update.company-information.service.gov.uk/search/companies?q=Dewhurst+PLC,1620591348,16:15:48,20210509
84,1997-09-30,DWHT.L,GBP,1997-09-30,1997-09-30,Q3,4245250.0,0.0,0.0,0.0,163000.0,0.0,0.0,0.0,3687750.0,3962500.0,0.0,103250.0,386000.0,0.09092515164006831,282750.0,0.06660385136328838,0.0,301000.0,0.0709027736882398,98500.0,202500.0,0.04770037100288558,0.01825,0.01825,11146000.0,11146000.0,https://find-and-update.company-information.service.gov.uk/search/companies?q=Dewhurst+PLC,https://find-and-update.company-information.service.gov.uk/search/companies?q=Dewhurst+PLC,1620591348,16:15:48,20210509
85,1997-06-30,DWHT.L,GBP,1997-06-30,1997-06-30,Q2,4245250.0,0.0,0.0,0.0,163000.0,0.0,0.0,0.0,3687750.0,3962500.0,0.0,103250.0,386000.0,0.09092515164006831,282750.0,0.06660385136328838,0.0,301000.0,0.0709027736882398,98500.0,202500.0,0.04770037100288558,0.01825,0.01825,11146000.0,11146000.0,https://find-and-update.company-information.service.gov.uk/search/companies?q=Dewhurst+PLC,https://find-and-update.company-information.service.gov.uk/search/companies?q=Dewhurst+PLC,1620591348,16:15:48,20210509
86,1997-03-31,DWHT.L,GBP,1997-03-31,1997-03-31,Q1,4245250.0,0.0,0.0,0.0,163000.0,0.0,0.0,0.0,3687750.0,3962500.0,0.0,103250.0,386000.0,0.09092515164006831,282750.0,0.06660385136328838,0.0,301000.0,0.0709027736882398,98500.0,202500.0,0.04770037100288558,0.01825,0.01825,11146000.0,11146000.0,https://find-and-update.company-information.service.gov.uk/search/companies?q=Dewhurst+PLC,https://find-and-update.company-information.service.gov.uk/search/companies?q=Dewhurst+PLC,1620591348,16:15:48,20210509
87,1997-01-31,DWHT.L,GBP,1997-01-31,1997-01-31,Q1,4245250.0,0.0,0.0,0.0,163000.0,0.0,0.0,0.0,3687750.0,3962500.0,0.0,103250.0,386000.0,0.09092515164006831,282750.0,0.06660385136328838,0.0,301000.0,0.0709027736882398,98500.0,202500.0,0.04770037100288558,0.01825,0.01825,11146000.0,11146000.0,https://find-and-update.company-information.service.gov.uk/search/companies?q=Dewhurst+PLC,https://find-and-update.company-information.service.gov.uk/search/companies?q=Dewhurst+PLC,1620591348,16:15:48,20210509
88,1996-09-30,DWHT.L,GBP,1996-09-30,1996-09-30,Q3,3828250.0,0.0,3828250.0,1.0,134750.0,0.0,0.0,0.0,3436500.0,3671500.0,0.0,99250.0,256000.0,0.06687128583556455,156750.0,0.04094560177626853,0.0,194250.0,0.05074120028733756,65500.0,128750.0,0.03363155488800366,0.0115,0.0115,11231000.0,11231000.0,https://find-and-update.company-information.service.gov.uk/search/companies?q=Dewhurst+PLC,https://find-and-update.company-information.service.gov.uk/search/companies?q=Dewhurst+PLC,1620591348,16:15:48,20210509
89,1996-06-30,DWHT.L,GBP,1996-06-30,1996-06-30,Q2,3828250.0,0.0,3828250.0,1.0,134750.0,0.0,0.0,0.0,3436500.0,3671500.0,0.0,99250.0,256000.0,0.06687128583556455,156750.0,0.04094560177626853,0.0,194250.0,0.05074120028733756,65500.0,128750.0,0.03363155488800366,0.0115,0.0115,11231000.0,11231000.0,https://find-and-update.company-information.service.gov.uk/search/companies?q=Dewhurst+PLC,https://find-and-update.company-information.service.gov.uk/search/companies?q=Dewhurst+PLC,1620591348,16:15:48,20210509
90,1996-03-31,DWHT.L,GBP,1996-03-31,1996-03-31,Q1,3828250.0,0.0,3828250.0,1.0,134750.0,0.0,0.0,0.0,3436500.0,3671500.0,0.0,99250.0,256000.0,0.06687128583556455,156750.0,0.04094560177626853,0.0,194250.0,0.05074120028733756,65500.0,128750.0,0.03363155488800366,0.0115,0.0115,11231000.0,11231000.0,https://find-and-update.company-information.service.gov.uk/search/companies?q=Dewhurst+PLC,https://find-and-update.company-information.service.gov.uk/search/companies?q=Dewhurst+PLC,1620591348,16:15:48,20210509
91,1996-01-31,DWHT.L,GBP,1996-01-31,1996-01-31,Q1,3828250.0,0.0,3828250.0,1.0,134750.0,0.0,0.0,0.0,3436500.0,3671500.0,0.0,99250.0,256000.0,0.06687128583556455,156750.0,0.04094560177626853,0.0,194250.0,0.05074120028733756,65500.0,128750.0,0.03363155488800366,0.0115,0.0115,11231000.0,11231000.0,https://find-and-update.company-information.service.gov.uk/search/companies?q=Dewhurst+PLC,https://find-and-update.company-information.service.gov.uk/search/companies?q=Dewhurst+PLC,1620591348,16:15:48,20210509
92,1995-09-30,DWHT.L,GBP,1995-09-30,1995-09-30,Q3,3820500.0,0.0,3820500.0,1.0,131000.0,0.0,0.0,0.0,3227500.0,3451750.0,0.0,90500.0,459250.0,0.12020677921737992,368750.0,0.09651878026436331,0.0,395750.0,0.10358591807355058,136250.0,259500.0,0.0679230467216333,0.02325,0.02325,11170000.0,11170000.0,https://find-and-update.company-information.service.gov.uk/search/companies?q=Dewhurst+PLC,https://find-and-update.company-information.service.gov.uk/search/companies?q=Dewhurst+PLC,1620591348,16:15:48,20210509
93,1995-06-30,DWHT.L,GBP,1995-06-30,1995-06-30,Q2,3820500.0,0.0,3820500.0,1.0,131000.0,0.0,0.0,0.0,3227500.0,3451750.0,0.0,90500.0,459250.0,0.12020677921737992,368750.0,0.09651878026436331,0.0,395750.0,0.10358591807355058,136250.0,259500.0,0.0679230467216333,0.02325,0.02325,11170000.0,11170000.0,https://find-and-update.company-information.service.gov.uk/search/companies?q=Dewhurst+PLC,https://find-and-update.company-information.service.gov.uk/search/companies?q=Dewhurst+PLC,1620591348,16:15:48,20210509
94,1995-03-31,DWHT.L,GBP,1995-03-31,1995-03-31,Q1,3820500.0,0.0,3820500.0,1.0,131000.0,0.0,0.0,0.0,3227500.0,3451750.0,0.0,90500.0,459250.0,0.12020677921737992,368750.0,0.09651878026436331,0.0,395750.0,0.10358591807355058,136250.0,259500.0,0.0679230467216333,0.02325,0.02325,11170000.0,11170000.0,https://find-and-update.company-information.service.gov.uk/search/companies?q=Dewhurst+PLC,https://find-and-update.company-information.service.gov.uk/search/companies?q=Dewhurst+PLC,1620591348,16:15:48,20210509
95,1995-01-31,DWHT.L,GBP,1995-01-31,1995-01-31,Q1,3820500.0,0.0,3820500.0,1.0,131000.0,0.0,0.0,0.0,3227500.0,3451750.0,0.0,90500.0,459250.0,0.12020677921737992,368750.0,0.09651878026436331,0.0,395750.0,0.10358591807355058,136250.0,259500.0,0.0679230467216333,0.02325,0.02325,11170000.0,11170000.0,https://find-and-update.company-information.service.gov.uk/search/companies?q=Dewhurst+PLC,https://find-and-update.company-information.service.gov.uk/search/companies?q=Dewhurst+PLC,1620591348,16:15:48,20210509
96,1994-09-30,DWHT.L,GBP,1994-09-30,1994-09-30,Q3,2852000.0,0.0,2852000.0,1.0,75500.0,0.0,0.0,0.0,2390500.0,2540750.0,0.0,74000.0,385250.0,0.1350806451612903,311250.0,0.10913394109396915,0.0,331500.0,0.11623422159887797,117250.0,214250.0,0.07512272089761571,0.0195,0.0195,10944000.0,10944000.0,https://find-and-update.company-information.service.gov.uk/search/companies?q=Dewhurst+PLC,https://find-and-update.company-information.service.gov.uk/search/companies?q=Dewhurst+PLC,1620591348,16:15:48,20210509
97,1994-06-30,DWHT.L,GBP,1994-06-30,1994-06-30,Q2,2852000.0,0.0,2852000.0,1.0,75500.0,0.0,0.0,0.0,2390500.0,2540750.0,0.0,74000.0,385250.0,0.1350806451612903,311250.0,0.10913394109396915,0.0,331500.0,0.11623422159887797,117250.0,214250.0,0.07512272089761571,0.0195,0.0195,10944000.0,10944000.0,https://find-and-update.company-information.service.gov.uk/search/companies?q=Dewhurst+PLC,https://find-and-update.company-information.service.gov.uk/search/companies?q=Dewhurst+PLC,1620591348,16:15:48,20210509
98,1994-03-31,DWHT.L,GBP,1994-03-31,1994-03-31,Q1,2852000.0,0.0,2852000.0,1.0,75500.0,0.0,0.0,0.0,2390500.0,2540750.0,0.0,74000.0,385250.0,0.1350806451612903,311250.0,0.10913394109396915,0.0,331500.0,0.11623422159887797,117250.0,214250.0,0.07512272089761571,0.0195,0.0195,10944000.0,10944000.0,https://find-and-update.company-information.service.gov.uk/search/companies?q=Dewhurst+PLC,https://find-and-update.company-information.service.gov.uk/search/companies?q=Dewhurst+PLC,1620591348,16:15:48,20210509
99,1994-01-31,DWHT.L,GBP,1994-01-31,1994-01-31,Q1,2852000.0,0.0,2852000.0,1.0,75500.0,0.0,0.0,0.0,2390500.0,2540750.0,0.0,74000.0,385250.0,0.1350806451612903,311250.0,0.10913394109396915,0.0,331500.0,0.11623422159887797,117250.0,214250.0,0.07512272089761571,0.0195,0.0195,10944000.0,10944000.0,https://find-and-update.company-information.service.gov.uk/search/companies?q=Dewhurst+PLC,https://find-and-update.company-information.service.gov.uk/search/companies?q=Dewhurst+PLC,1620591348,16:15:48,20210509
100,1993-09-30,DWHT.L,GBP,1993-09-30,1993-09-30,Q3,2664750.0,0.0,2664750.0,1.0,60000.0,0.0,0.0,0.0,2314000.0,2435750.0,1000.0,61500.0,290500.0,0.1090158551458861,229000.0,0.08593676705131814,0.0,233750.0,0.08771929824561403,81500.0,152250.0,0.05713481564874754,0.014,0.014,10841000.0,10841000.0,https://find-and-update.company-information.service.gov.uk/search/companies?q=Dewhurst+PLC,https://find-and-update.company-information.service.gov.uk/search/companies?q=Dewhurst+PLC,1620591348,16:15:48,20210509
101,1993-06-30,DWHT.L,GBP,1993-06-30,1993-06-30,Q2,2664750.0,0.0,2664750.0,1.0,60000.0,0.0,0.0,0.0,2314000.0,2435750.0,1000.0,61500.0,290500.0,0.1090158551458861,229000.0,0.08593676705131814,0.0,233750.0,0.08771929824561403,81500.0,152250.0,0.05713481564874754,0.014,0.014,10841000.0,10841000.0,https://find-and-update.company-information.service.gov.uk/search/companies?q=Dewhurst+PLC,https://find-and-update.company-information.service.gov.uk/search/companies?q=Dewhurst+PLC,1620591348,16:15:48,20210509
102,1993-03-31,DWHT.L,GBP,1993-03-31,1993-03-31,Q1,2664750.0,0.0,2664750.0,1.0,60000.0,0.0,0.0,0.0,2314000.0,2435750.0,1000.0,61500.0,290500.0,0.1090158551458861,229000.0,0.08593676705131814,0.0,233750.0,0.08771929824561403,81500.0,152250.0,0.05713481564874754,0.014,0.014,10841000.0,10841000.0,https://find-and-update.company-information.service.gov.uk/search/companies?q=Dewhurst+PLC,https://find-and-update.company-information.service.gov.uk/search/companies?q=Dewhurst+PLC,1620591348,16:15:48,20210509
103,1993-01-31,DWHT.L,GBP,1993-01-31,1993-01-31,Q1,2664750.0,0.0,2664750.0,1.0,60000.0,0.0,0.0,0.0,2314000.0,2435750.0,1000.0,61500.0,290500.0,0.1090158551458861,229000.0,0.08593676705131814,0.0,233750.0,0.08771929824561403,81500.0,152250.0,0.05713481564874754,0.014,0.014,10841000.0,10841000.0,https://find-and-update.company-information.service.gov.uk/search/companies?q=Dewhurst+PLC,https://find-and-update.company-information.service.gov.uk/search/companies?q=Dewhurst+PLC,1620591348,16:15:48,20210509
104,1992-09-30,DWHT.L,GBP,1992-09-30,1992-09-30,Q3,2280500.0,0.0,2280500.0,1.0,54500.0,0.0,0.0,0.0,1956750.0,2067000.0,1250.0,55750.0,269250.0,0.11806621354966017,213500.0,0.09361982021486516,0.0,212500.0,0.09318131988598992,74250.0,138250.0,0.06062267046700285,0.01275,0.01275,10841000.0,10841000.0,https://find-and-update.company-information.service.gov.uk/search/companies?q=Dewhurst+PLC,https://find-and-update.company-information.service.gov.uk/search/companies?q=Dewhurst+PLC,1620591348,16:15:48,20210509
105,1992-06-30,DWHT.L,GBP,1992-06-30,1992-06-30,Q2,2280500.0,0.0,2280500.0,1.0,54500.0,0.0,0.0,0.0,1956750.0,2067000.0,1250.0,55750.0,269250.0,0.11806621354966017,213500.0,0.09361982021486516,0.0,212500.0,0.09318131988598992,74250.0,138250.0,0.06062267046700285,0.01275,0.01275,10841000.0,10841000.0,https://find-and-update.company-information.service.gov.uk/search/companies?q=Dewhurst+PLC,https://find-and-update.company-information.service.gov.uk/search/companies?q=Dewhurst+PLC,1620591348,16:15:48,20210509
106,1992-03-31,DWHT.L,GBP,1992-03-31,1992-03-31,Q1,2280500.0,0.0,2280500.0,1.0,54500.0,0.0,0.0,0.0,1956750.0,2067000.0,1250.0,55750.0,269250.0,0.11806621354966017,213500.0,0.09361982021486516,0.0,212500.0,0.09318131988598992,74250.0,138250.0,0.06062267046700285,0.01275,0.01275,10841000.0,10841000.0,https://find-and-update.company-information.service.gov.uk/search/companies?q=Dewhurst+PLC,https://find-and-update.company-information.service.gov.uk/search/companies?q=Dewhurst+PLC,1620591348,16:15:48,20210509
107,1992-01-31,DWHT.L,GBP,1992-01-31,1992-01-31,Q1,2280500.0,0.0,2280500.0,1.0,54500.0,0.0,0.0,0.0,1956750.0,2067000.0,1250.0,55750.0,269250.0,0.11806621354966017,213500.0,0.09361982021486516,0.0,212500.0,0.09318131988598992,74250.0,138250.0,0.06062267046700285,0.01275,0.01275,10841000.0,10841000.0,https://find-and-update.company-information.service.gov.uk/search/companies?q=Dewhurst+PLC,https://find-and-update.company-information.service.gov.uk/search/companies?q=Dewhurst+PLC,1620591348,16:15:48,20210509
108,1991-09-30,DWHT.L,GBP,1991-09-30,1991-09-30,Q3,1951500.0,0.0,1951500.0,1.0,55500.0,0.0,0.0,154000.0,1832000.0,1951500.0,250.0,64000.0,225000.0,8.673333333333334,0.0,0.0,0.0,160750.0,0.08237253394824494,51500.0,109250.0,0.05598257750448373,0.0100775,0.0100775,10841000.0,10841000.0,https://find-and-update.company-information.service.gov.uk/search/companies?q=Dewhurst+PLC,https://find-and-update.company-information.service.gov.uk/search/companies?q=Dewhurst+PLC,1620591348,16:15:48,20210509
109,1991-06-30,DWHT.L,GBP,1991-06-30,1991-06-30,Q2,1951500.0,0.0,1951500.0,1.0,55500.0,0.0,0.0,154000.0,1832000.0,1951500.0,250.0,64000.0,225000.0,8.673333333333334,0.0,0.0,0.0,160750.0,0.08237253394824494,51500.0,109250.0,0.05598257750448373,0.0100775,0.0100775,10841000.0,10841000.0,https://find-and-update.company-information.service.gov.uk/search/companies?q=Dewhurst+PLC,https://find-and-update.company-information.service.gov.uk/search/companies?q=Dewhurst+PLC,1620591348,16:15:48,20210509
110,1991-03-31,DWHT.L,GBP,1991-03-31,1991-03-31,Q1,1951500.0,0.0,1951500.0,1.0,55500.0,0.0,0.0,154000.0,1832000.0,1951500.0,250.0,64000.0,225000.0,8.673333333333334,0.0,0.0,0.0,160750.0,0.08237253394824494,51500.0,109250.0,0.05598257750448373,0.0100775,0.0100775,10841000.0,10841000.0,https://find-and-update.company-information.service.gov.uk/search/companies?q=Dewhurst+PLC,https://find-and-update.company-information.service.gov.uk/search/companies?q=Dewhurst+PLC,1620591348,16:15:48,20210509
111,1991-01-31,DWHT.L,GBP,1991-01-31,1991-01-31,Q1,1951500.0,0.0,1951500.0,1.0,55500.0,0.0,0.0,154000.0,1832000.0,1951500.0,250.0,64000.0,225000.0,8.673333333333334,0.0,0.0,0.0,160750.0,0.08237253394824494,51500.0,109250.0,0.05598257750448373,0.0100775,0.0100775,10841000.0,10841000.0,https://find-and-update.company-information.service.gov.uk/search/companies?q=Dewhurst+PLC,https://find-and-update.company-information.service.gov.uk/search/companies?q=Dewhurst+PLC,1620591348,16:15:48,20210509
112,1990-09-30,DWHT.L,GBP,1990-09-30,1990-09-30,Q3,1963500.0,0.0,1963500.0,1.0,57750.0,0.0,0.0,234750.0,1847250.0,1963500.0,0.0,58250.0,58250.0,33.708154506437765,0.0,0.0,0.0,255250.0,0.1299974535268653,93500.0,161750.0,0.08237840590781767,0.01497675,0.01497675,10800000.0,10800000.0,https://find-and-update.company-information.service.gov.uk/search/companies?q=Dewhurst+PLC,https://find-and-update.company-information.service.gov.uk/search/companies?q=Dewhurst+PLC,1620591348,16:15:48,20210509
113,1990-06-30,DWHT.L,GBP,1990-06-30,1990-06-30,Q2,1963500.0,0.0,1963500.0,1.0,57750.0,0.0,0.0,234750.0,1847250.0,1963500.0,0.0,58250.0,58250.0,33.708154506437765,0.0,0.0,0.0,255250.0,0.1299974535268653,93500.0,161750.0,0.08237840590781767,0.01497675,0.01497675,10800000.0,10800000.0,https://find-and-update.company-information.service.gov.uk/search/companies?q=Dewhurst+PLC,https://find-and-update.company-information.service.gov.uk/search/companies?q=Dewhurst+PLC,1620591348,16:15:48,20210509
114,1990-03-31,DWHT.L,GBP,1990-03-31,1990-03-31,Q1,1963500.0,0.0,1963500.0,1.0,57750.0,0.0,0.0,234750.0,1847250.0,1963500.0,0.0,58250.0,58250.0,33.708154506437765,0.0,0.0,0.0,255250.0,0.1299974535268653,93500.0,161750.0,0.08237840590781767,0.01497675,0.01497675,10800000.0,10800000.0,https://find-and-update.company-information.service.gov.uk/search/companies?q=Dewhurst+PLC,https://find-and-update.company-information.service.gov.uk/search/companies?q=Dewhurst+PLC,1620591348,16:15:48,20210509
115,1990-01-31,DWHT.L,GBP,1990-01-31,1990-01-31,Q1,1963500.0,0.0,1963500.0,1.0,57750.0,0.0,0.0,234750.0,1847250.0,1963500.0,0.0,58250.0,58250.0,33.708154506437765,0.0,0.0,0.0,255250.0,0.1299974535268653,93500.0,161750.0,0.08237840590781767,0.01497675,0.01497675,10800000.0,10800000.0,https://find-and-update.company-information.service.gov.uk/search/companies?q=Dewhurst+PLC,https://find-and-update.company-information.service.gov.uk/search/companies?q=Dewhurst+PLC,1620591348,16:15:48,20210509
116,1989-09-30,DWHT.L,GBP,1989-09-30,1989-09-30,Q3,1752250.0,0.0,1752250.0,1.0,45750.0,0.0,0.0,225500.0,1655250.0,1752250.0,750.0,51000.0,294000.0,5.960034013605442,0.0,0.0,0.0,242250.0,0.1382508203738051,86000.0,156250.0,0.08917106577257812,0.0144675,0.0144675,10800000.0,10800000.0,https://find-and-update.company-information.service.gov.uk/search/companies?q=Dewhurst+PLC,https://find-and-update.company-information.service.gov.uk/search/companies?q=Dewhurst+PLC,1620591348,16:15:48,20210509
117,1989-06-30,DWHT.L,GBP,1989-06-30,1989-06-30,Q2,1752250.0,0.0,1752250.0,1.0,45750.0,0.0,0.0,225500.0,1655250.0,1752250.0,750.0,51000.0,294000.0,5.960034013605442,0.0,0.0,0.0,242250.0,0.1382508203738051,86000.0,156250.0,0.08917106577257812,0.0144675,0.0144675,10800000.0,10800000.0,https://find-and-update.company-information.service.gov.uk/search/companies?q=Dewhurst+PLC,https://find-and-update.company-information.service.gov.uk/search/companies?q=Dewhurst+PLC,1620591348,16:15:48,20210509
118,1989-03-31,DWHT.L,GBP,1989-03-31,1989-03-31,Q1,1752250.0,0.0,1752250.0,1.0,45750.0,0.0,0.0,225500.0,1655250.0,1752250.0,750.0,51000.0,294000.0,5.960034013605442,0.0,0.0,0.0,242250.0,0.1382508203738051,86000.0,156250.0,0.08917106577257812,0.0144675,0.0144675,10800000.0,10800000.0,https://find-and-update.company-information.service.gov.uk/search/companies?q=Dewhurst+PLC,https://find-and-update.company-information.service.gov.uk/search/companies?q=Dewhurst+PLC,1620591348,16:15:48,20210509
119,1989-01-31,DWHT.L,GBP,1989-01-31,1989-01-31,Q1,1752250.0,0.0,1752250.0,1.0,45750.0,0.0,0.0,225500.0,1655250.0,1752250.0,750.0,51000.0,294000.0,5.960034013605442,0.0,0.0,0.0,242250.0,0.1382508203738051,86000.0,156250.0,0.08917106577257812,0.0144675,0.0144675,10800000.0,10800000.0,https://find-and-update.company-information.service.gov.uk/search/companies?q=Dewhurst+PLC,https://find-and-update.company-information.service.gov.uk/search/companies?q=Dewhurst+PLC,1620591348,16:15:48,20210509
120,1988-09-30,DWHT.L,GBP,1988-09-30,1988-09-30,Q3,1572000.0,0.0,1572000.0,1.0,0.0,0.0,0.0,180250.0,1521500.0,1572000.0,2250.0,48750.0,235750.0,6.6680805938494165,0.0,0.0,0.0,184750.0,0.11752544529262086,68500.0,116250.0,0.07395038167938932,0.010764,0.010764,10800000.0,10800000.0,https://find-and-update.company-information.service.gov.uk/search/companies?q=Dewhurst+PLC,https://find-and-update.company-information.service.gov.uk/search/companies?q=Dewhurst+PLC,1620591348,16:15:48,20210509
121,1988-06-30,DWHT.L,GBP,1988-06-30,1988-06-30,Q2,1572000.0,0.0,1572000.0,1.0,0.0,0.0,0.0,180250.0,1521500.0,1572000.0,2250.0,48750.0,235750.0,6.6680805938494165,0.0,0.0,0.0,184750.0,0.11752544529262086,68500.0,116250.0,0.07395038167938932,0.010764,0.010764,10800000.0,10800000.0,https://find-and-update.company-information.service.gov.uk/search/companies?q=Dewhurst+PLC,https://find-and-update.company-information.service.gov.uk/search/companies?q=Dewhurst+PLC,1620591348,16:15:48,20210509
122,1988-03-31,DWHT.L,GBP,1988-03-31,1988-03-31,Q1,1572000.0,0.0,1572000.0,1.0,0.0,0.0,0.0,180250.0,1521500.0,1572000.0,2250.0,48750.0,235750.0,6.6680805938494165,0.0,0.0,0.0,184750.0,0.11752544529262086,68500.0,116250.0,0.07395038167938932,0.010764,0.010764,10800000.0,10800000.0,https://find-and-update.company-information.service.gov.uk/search/companies?q=Dewhurst+PLC,https://find-and-update.company-information.service.gov.uk/search/companies?q=Dewhurst+PLC,1620591348,16:15:48,20210509
123,1988-01-31,DWHT.L,GBP,1988-01-31,1988-01-31,Q1,1572000.0,0.0,1572000.0,1.0,0.0,0.0,0.0,180250.0,1521500.0,1572000.0,2250.0,48750.0,235750.0,6.6680805938494165,0.0,0.0,0.0,184750.0,0.11752544529262086,68500.0,116250.0,0.07395038167938932,0.010764,0.010764,10800000.0,10800000.0,https://find-and-update.company-information.service.gov.uk/search/companies?q=Dewhurst+PLC,https://find-and-update.company-information.service.gov.uk/search/companies?q=Dewhurst+PLC,1620591348,16:15:48,20210509
124,1987-09-30,DWHT.L,GBP,1987-09-30,1987-09-30,Q3,1323500.0,0.0,1323500.0,1.0,0.0,0.0,0.0,147250.0,1273500.0,1323500.0,2000.0,48750.0,198250.0,6.675914249684742,0.0,0.0,0.0,147500.0,0.11144692104268984,56750.0,87000.0,0.0657347941065357,0.0080555,0.0080555,10800000.0,10800000.0,https://find-and-update.company-information.service.gov.uk/search/companies?q=Dewhurst+PLC,https://find-and-update.company-information.service.gov.uk/search/companies?q=Dewhurst+PLC,1620591348,16:15:48,20210509
125,1987-06-30,DWHT.L,GBP,1987-06-30,1987-06-30,Q2,1323500.0,0.0,1323500.0,1.0,0.0,0.0,0.0,147250.0,1273500.0,1323500.0,2000.0,48750.0,198250.0,6.675914249684742,0.0,0.0,0.0,147500.0,0.11144692104268984,56750.0,87000.0,0.0657347941065357,0.0080555,0.0080555,10800000.0,10800000.0,https://find-and-update.company-information.service.gov.uk/search/companies?q=Dewhurst+PLC,https://find-and-update.company-information.service.gov.uk/search/companies?q=Dewhurst+PLC,1620591348,16:15:48,20210509
126,1987-03-31,DWHT.L,GBP,1987-03-31,1987-03-31,Q1,1323500.0,0.0,1323500.0,1.0,0.0,0.0,0.0,147250.0,1273500.0,1323500.0,2000.0,48750.0,198250.0,6.675914249684742,0.0,0.0,0.0,147500.0,0.11144692104268984,56750.0,87000.0,0.0657347941065357,0.0080555,0.0080555,10800000.0,10800000.0,https://find-and-update.company-information.service.gov.uk/search/companies?q=Dewhurst+PLC,https://find-and-update.company-information.service.gov.uk/search/companies?q=Dewhurst+PLC,1620591348,16:15:48,20210509
127,1987-01-31,DWHT.L,GBP,1987-01-31,1987-01-31,Q1,1323500.0,0.0,1323500.0,1.0,0.0,0.0,0.0,147250.0,1273500.0,1323500.0,2000.0,48750.0,198250.0,6.675914249684742,0.0,0.0,0.0,147500.0,0.11144692104268984,56750.0,87000.0,0.0657347941065357,0.0080555,0.0080555,10800000.0,10800000.0,https://find-and-update.company-information.service.gov.uk/search/companies?q=Dewhurst+PLC,https://find-and-update.company-information.service.gov.uk/search/companies?q=Dewhurst+PLC,1620591348,16:15:48,20210509
128,1986-09-30,DWHT.L,GBP,1986-09-30,1986-09-30,Q3,1113750.0,0.0,1113750.0,1.0,0.0,0.0,0.0,83750.0,1073250.0,1113750.0,250.0,39250.0,127500.0,8.735294117647058,0.0,0.0,0.0,88000.0,0.07901234567901234,24750.0,68000.0,0.06105499438832772,0.00629625,0.00629625,10800000.0,10800000.0,https://find-and-update.company-information.service.gov.uk/search/companies?q=Dewhurst+PLC,https://find-and-update.company-information.service.gov.uk/search/companies?q=Dewhurst+PLC,1620591348,16:15:48,20210509
129,1986-06-30,DWHT.L,GBP,1986-06-30,1986-06-30,Q2,1113750.0,0.0,1113750.0,1.0,0.0,0.0,0.0,83750.0,1073250.0,1113750.0,250.0,39250.0,127500.0,8.735294117647058,0.0,0.0,0.0,88000.0,0.07901234567901234,24750.0,68000.0,0.06105499438832772,0.00629625,0.00629625,10800000.0,10800000.0,https://find-and-update.company-information.service.gov.uk/search/companies?q=Dewhurst+PLC,https://find-and-update.company-information.service.gov.uk/search/companies?q=Dewhurst+PLC,1620591348,16:15:48,20210509
130,1986-03-31,DWHT.L,GBP,1986-03-31,1986-03-31,Q1,1113750.0,0.0,1113750.0,1.0,0.0,0.0,0.0,83750.0,1073250.0,1113750.0,250.0,39250.0,127500.0,8.735294117647058,0.0,0.0,0.0,88000.0,0.07901234567901234,24750.0,68000.0,0.06105499438832772,0.00629625,0.00629625,10800000.0,10800000.0,https://find-and-update.company-information.service.gov.uk/search/companies?q=Dewhurst+PLC,https://find-and-update.company-information.service.gov.uk/search/companies?q=Dewhurst+PLC,1620591348,16:15:48,20210509
131,1986-01-31,DWHT.L,GBP,1986-01-31,1986-01-31,Q1,1113750.0,0.0,1113750.0,1.0,0.0,0.0,0.0,83750.0,1073250.0,1113750.0,250.0,39250.0,127500.0,8.735294117647058,0.0,0.0,0.0,88000.0,0.07901234567901234,24750.0,68000.0,0.06105499438832772,0.00629625,0.00629625,10800000.0,10800000.0,https://find-and-update.company-information.service.gov.uk/search/companies?q=Dewhurst+PLC,https://find-and-update.company-information.service.gov.uk/search/companies?q=Dewhurst+PLC,1620591348,16:15:48,20210509
132,1985-09-30,DWHT.L,GBP,1985-09-30,1985-09-30,Q3,1065500.0,0.0,1065500.0,1.0,0.0,0.0,0.0,100000.0,1025750.0,1065500.0,2500.0,38750.0,142000.0,7.503521126760563,0.0,0.0,0.0,100750.0,0.09455654622243079,21750.0,79000.0,0.07414359455654622,0.00731475,0.00731475,10800000.0,10800000.0,https://find-and-update.company-information.service.gov.uk/search/companies?q=Dewhurst+PLC,https://find-and-update.company-information.service.gov.uk/search/companies?q=Dewhurst+PLC,1620591348,16:15:48,20210509
133,1985-06-30,DWHT.L,GBP,1985-06-30,1985-06-30,Q2,1065500.0,0.0,1065500.0,1.0,0.0,0.0,0.0,100000.0,1025750.0,1065500.0,2500.0,38750.0,142000.0,7.503521126760563,0.0,0.0,0.0,100750.0,0.09455654622243079,21750.0,79000.0,0.07414359455654622,0.00731475,0.00731475,10800000.0,10800000.0,https://find-and-update.company-information.service.gov.uk/search/companies?q=Dewhurst+PLC,https://find-and-update.company-information.service.gov.uk/search/companies?q=Dewhurst+PLC,1620591348,16:15:48,20210509
134,1985-03-31,DWHT.L,GBP,1985-03-31,1985-03-31,Q1,1065500.0,0.0,1065500.0,1.0,0.0,0.0,0.0,100000.0,1025750.0,1065500.0,2500.0,38750.0,142000.0,7.503521126760563,0.0,0.0,0.0,100750.0,0.09455654622243079,21750.0,79000.0,0.07414359455654622,0.00731475,0.00731475,10800000.0,10800000.0,https://find-and-update.company-information.service.gov.uk/search/companies?q=Dewhurst+PLC,https://find-and-update.company-information.service.gov.uk/search/companies?q=Dewhurst+PLC,1620591348,16:15:48,20210509
135,1985-01-31,DWHT.L,GBP,1985-01-31,1985-01-31,Q1,1065500.0,0.0,1065500.0,1.0,0.0,0.0,0.0,100000.0,1025750.0,1065500.0,2500.0,38750.0,142000.0,7.503521126760563,0.0,0.0,0.0,100750.0,0.09455654622243079,21750.0,79000.0,0.07414359455654622,0.00731475,0.00731475,10800000.0,10800000.0,https://find-and-update.company-information.service.gov.uk/search/companies?q=Dewhurst+PLC,https://find-and-update.company-information.service.gov.uk/search/companies?q=Dewhurst+PLC,1620591348,16:15:48,20210509
