,date,symbol,reportedCurrency,fillingDate,acceptedDate,period,revenue,costOfRevenue,grossProfit,grossProfitRatio,researchAndDevelopmentExpenses,generalAndAdministrativeExpenses,sellingAndMarketingExpenses,otherExpenses,operatingExpenses,costAndExpenses,interestExpense,depreciationAndAmortization,ebitda,ebitdaratio,operatingIncome,operatingIncomeRatio,totalOtherIncomeExpensesNet,incomeBeforeTax,incomeBeforeTaxRatio,incomeTaxExpense,netIncome,netIncomeRatio,eps,epsdiluted,weightedAverageShsOut,weightedAverageShsOutDil,link,finalLink,timestamp,est_time,est_date
0,2019-06-30,CPT.L,GBP,2019-06-30,2019-06-30,Q2,7992.5,123034.0,-115041.5,-14.393681576477949,0.0,484673.75,0.0,0.0,0.0,625138.0,6586.75,66895.75,-550249.75,-68.84576165154833,-617145.5,-77.21557710353456,0.0,-623732.25,-78.0396934626212,-86219.0,-537513.25,-67.25220519236784,-0.0025,-0.0025,240780008.0,240780008.0,https://find-and-update.company-information.service.gov.uk/search/companies?q=Concepta+PLC,https://find-and-update.company-information.service.gov.uk/search/companies?q=Concepta+PLC,1620590632,16:03:52,20210509
1,2019-03-31,CPT.L,GBP,2019-03-31,2019-03-31,Q1,7992.5,123034.0,-115041.5,-14.393681576477949,0.0,484673.75,0.0,0.0,0.0,625138.0,6586.75,66895.75,-550249.75,-68.84576165154833,-617145.5,-77.21557710353456,0.0,-623732.25,-78.0396934626212,-86219.0,-537513.25,-67.25220519236784,-0.0025,-0.0025,240780008.0,240780008.0,https://find-and-update.company-information.service.gov.uk/search/companies?q=Concepta+PLC,https://find-and-update.company-information.service.gov.uk/search/companies?q=Concepta+PLC,1620590632,16:03:52,20210509
2,2019-01-31,CPT.L,GBP,2019-01-31,2019-01-31,Q1,7992.5,123034.0,-115041.5,-14.393681576477949,0.0,484673.75,0.0,0.0,0.0,625138.0,6586.75,66895.75,-550249.75,-68.84576165154833,-617145.5,-77.21557710353456,0.0,-623732.25,-78.0396934626212,-86219.0,-537513.25,-67.25220519236784,-0.0025,-0.0025,240780008.0,240780008.0,https://find-and-update.company-information.service.gov.uk/search/companies?q=Concepta+PLC,https://find-and-update.company-information.service.gov.uk/search/companies?q=Concepta+PLC,1620590632,16:03:52,20210509
3,2018-06-30,CPT.L,GBP,2018-06-30,2018-06-30,Q2,1209.5,135180.25,-133970.75,-110.76539892517569,0.0,553423.75,0.0,0.0,0.0,711676.75,5978.75,48065.0,-662402.25,-547.6661843737081,-710467.25,-587.4057461761058,0.0,-716446.0,-592.3489045059943,-13069.25,-703376.75,-581.543406366267,-0.005,-0.005,158321675.0,158321675.0,https://find-and-update.company-information.service.gov.uk/search/companies?q=Concepta+PLC,https://find-and-update.company-information.service.gov.uk/search/companies?q=Concepta+PLC,1620590632,16:03:52,20210509
4,2018-03-31,CPT.L,GBP,2018-03-31,2018-03-31,Q1,1209.5,135180.25,-133970.75,-110.76539892517569,0.0,553423.75,0.0,0.0,0.0,711676.75,5978.75,48065.0,-662402.25,-547.6661843737081,-710467.25,-587.4057461761058,0.0,-716446.0,-592.3489045059943,-13069.25,-703376.75,-581.543406366267,-0.005,-0.005,158321675.0,158321675.0,https://find-and-update.company-information.service.gov.uk/search/companies?q=Concepta+PLC,https://find-and-update.company-information.service.gov.uk/search/companies?q=Concepta+PLC,1620590632,16:03:52,20210509
5,2018-01-31,CPT.L,GBP,2018-01-31,2018-01-31,Q1,1209.5,135180.25,-133970.75,-110.76539892517569,0.0,553423.75,0.0,0.0,0.0,711676.75,5978.75,48065.0,-662402.25,-547.6661843737081,-710467.25,-587.4057461761058,0.0,-716446.0,-592.3489045059943,-13069.25,-703376.75,-581.543406366267,-0.005,-0.005,158321675.0,158321675.0,https://find-and-update.company-information.service.gov.uk/search/companies?q=Concepta+PLC,https://find-and-update.company-information.service.gov.uk/search/companies?q=Concepta+PLC,1620590632,16:03:52,20210509
6,2017-06-30,CPT.L,GBP,2017-06-30,2017-06-30,Q2,27028.75,129880.5,-102851.75,-3.8052721638995513,0.0,481370.5,0.0,0.0,0.0,638631.75,838.75,52307.0,-559296.0,-20.692632844656153,-611603.0,-22.627868473384822,0.0,-612441.75,-22.658900245109376,-26204.5,-586237.25,-21.689395551033623,-0.005,-0.005,117247450.0,117247450.0,https://find-and-update.company-information.service.gov.uk/search/companies?q=Concepta+PLC,https://find-and-update.company-information.service.gov.uk/search/companies?q=Concepta+PLC,1620590632,16:03:52,20210509
7,2017-03-31,CPT.L,GBP,2017-03-31,2017-03-31,Q1,27028.75,129880.5,-102851.75,-3.8052721638995513,0.0,481370.5,0.0,0.0,0.0,638631.75,838.75,52307.0,-559296.0,-20.692632844656153,-611603.0,-22.627868473384822,0.0,-612441.75,-22.658900245109376,-26204.5,-586237.25,-21.689395551033623,-0.005,-0.005,117247450.0,117247450.0,https://find-and-update.company-information.service.gov.uk/search/companies?q=Concepta+PLC,https://find-and-update.company-information.service.gov.uk/search/companies?q=Concepta+PLC,1620590632,16:03:52,20210509
8,2017-01-31,CPT.L,GBP,2017-01-31,2017-01-31,Q1,27028.75,129880.5,-102851.75,-3.8052721638995513,0.0,481370.5,0.0,0.0,0.0,638631.75,838.75,52307.0,-559296.0,-20.692632844656153,-611603.0,-22.627868473384822,0.0,-612441.75,-22.658900245109376,-26204.5,-586237.25,-21.689395551033623,-0.005,-0.005,117247450.0,117247450.0,https://find-and-update.company-information.service.gov.uk/search/companies?q=Concepta+PLC,https://find-and-update.company-information.service.gov.uk/search/companies?q=Concepta+PLC,1620590632,16:03:52,20210509
9,2016-06-30,CPT.L,GBP,2016-06-30,2016-06-30,Q2,932.5,0.0,932.5,1.0,0.0,310229.0,0.0,0.0,0.0,316718.75,0.0,23265.5,-292520.75,-313.6951742627346,-315786.25,-338.6447721179625,0.0,-315558.75,-338.4008042895442,-41028.0,-274530.75,-294.4029490616622,-0.01,-0.01,30343950.0,30343950.0,https://find-and-update.company-information.service.gov.uk/search/companies?q=Concepta+PLC,https://find-and-update.company-information.service.gov.uk/search/companies?q=Concepta+PLC,1620590632,16:03:52,20210509
10,2016-03-31,CPT.L,GBP,2016-03-31,2016-03-31,Q1,932.5,0.0,932.5,1.0,0.0,310229.0,0.0,0.0,0.0,316718.75,0.0,23265.5,-292520.75,-313.6951742627346,-315786.25,-338.6447721179625,0.0,-315558.75,-338.4008042895442,-41028.0,-274530.75,-294.4029490616622,-0.01,-0.01,30343950.0,30343950.0,https://find-and-update.company-information.service.gov.uk/search/companies?q=Concepta+PLC,https://find-and-update.company-information.service.gov.uk/search/companies?q=Concepta+PLC,1620590632,16:03:52,20210509
11,2016-01-31,CPT.L,GBP,2016-01-31,2016-01-31,Q1,932.5,0.0,932.5,1.0,0.0,310229.0,0.0,0.0,0.0,316718.75,0.0,23265.5,-292520.75,-313.6951742627346,-315786.25,-338.6447721179625,0.0,-315558.75,-338.4008042895442,-41028.0,-274530.75,-294.4029490616622,-0.01,-0.01,30343950.0,30343950.0,https://find-and-update.company-information.service.gov.uk/search/companies?q=Concepta+PLC,https://find-and-update.company-information.service.gov.uk/search/companies?q=Concepta+PLC,1620590632,16:03:52,20210509
12,2015-09-30,CPT.L,GBP,2015-09-30,2015-09-30,Q3,0.0,0.0,0.0,0.0,0.0,34930.7325,0.0,0.0,0.0,40330.6525,1181.2325,168.7475,-40161.905,0.0,-40330.6525,0.0,0.0,-41511.885,0.0,0.0,-523285.9975,0.0,-0.53155475,-0.53155475,984674.0,984674.0,https://find-and-update.company-information.service.gov.uk/search/companies?q=Concepta+PLC,https://find-and-update.company-information.service.gov.uk/search/companies?q=Concepta+PLC,1620590632,16:03:52,20210509
13,2015-06-30,CPT.L,GBP,2015-06-30,2015-06-30,Q2,0.0,0.0,0.0,0.0,0.0,34930.7325,0.0,0.0,0.0,40330.6525,1181.2325,168.7475,-40161.905,0.0,-40330.6525,0.0,0.0,-41511.885,0.0,0.0,-523285.9975,0.0,-0.53155475,-0.53155475,984674.0,984674.0,https://find-and-update.company-information.service.gov.uk/search/companies?q=Concepta+PLC,https://find-and-update.company-information.service.gov.uk/search/companies?q=Concepta+PLC,1620590632,16:03:52,20210509
14,2015-03-31,CPT.L,GBP,2015-03-31,2015-03-31,Q1,0.0,0.0,0.0,0.0,0.0,34930.7325,0.0,0.0,0.0,40330.6525,1181.2325,168.7475,-40161.905,0.0,-40330.6525,0.0,0.0,-41511.885,0.0,0.0,-523285.9975,0.0,-0.53155475,-0.53155475,984674.0,984674.0,https://find-and-update.company-information.service.gov.uk/search/companies?q=Concepta+PLC,https://find-and-update.company-information.service.gov.uk/search/companies?q=Concepta+PLC,1620590632,16:03:52,20210509
15,2015-01-31,CPT.L,GBP,2015-01-31,2015-01-31,Q1,0.0,0.0,0.0,0.0,0.0,34930.7325,0.0,0.0,0.0,40330.6525,1181.2325,168.7475,-40161.905,0.0,-40330.6525,0.0,0.0,-41511.885,0.0,0.0,-523285.9975,0.0,-0.53155475,-0.53155475,984674.0,984674.0,https://find-and-update.company-information.service.gov.uk/search/companies?q=Concepta+PLC,https://find-and-update.company-information.service.gov.uk/search/companies?q=Concepta+PLC,1620590632,16:03:52,20210509
16,2014-09-30,CPT.L,GBP,2014-09-30,2014-09-30,Q3,0.0,0.0,0.0,0.0,0.0,179412.54,0.0,0.0,0.0,196438.26,321.24,160.62,-196277.64,0.0,-196438.26,0.0,0.0,-196759.5,0.0,0.0,-196759.5,0.0,-0.369426,-0.369426,529872.0,529872.0,https://find-and-update.company-information.service.gov.uk/search/companies?q=Concepta+PLC,https://find-and-update.company-information.service.gov.uk/search/companies?q=Concepta+PLC,1620590632,16:03:52,20210509
17,2014-06-30,CPT.L,GBP,2014-06-30,2014-06-30,Q2,0.0,0.0,0.0,0.0,0.0,179412.54,0.0,0.0,0.0,196438.26,321.24,160.62,-196277.64,0.0,-196438.26,0.0,0.0,-196759.5,0.0,0.0,-196759.5,0.0,-0.369426,-0.369426,529872.0,529872.0,https://find-and-update.company-information.service.gov.uk/search/companies?q=Concepta+PLC,https://find-and-update.company-information.service.gov.uk/search/companies?q=Concepta+PLC,1620590632,16:03:52,20210509
18,2014-03-31,CPT.L,GBP,2014-03-31,2014-03-31,Q1,0.0,0.0,0.0,0.0,0.0,179412.54,0.0,0.0,0.0,196438.26,321.24,160.62,-196277.64,0.0,-196438.26,0.0,0.0,-196759.5,0.0,0.0,-196759.5,0.0,-0.369426,-0.369426,529872.0,529872.0,https://find-and-update.company-information.service.gov.uk/search/companies?q=Concepta+PLC,https://find-and-update.company-information.service.gov.uk/search/companies?q=Concepta+PLC,1620590632,16:03:52,20210509
19,2014-01-31,CPT.L,GBP,2014-01-31,2014-01-31,Q1,0.0,0.0,0.0,0.0,0.0,179412.54,0.0,0.0,0.0,196438.26,321.24,160.62,-196277.64,0.0,-196438.26,0.0,0.0,-196759.5,0.0,0.0,-196759.5,0.0,-0.369426,-0.369426,529872.0,529872.0,https://find-and-update.company-information.service.gov.uk/search/companies?q=Concepta+PLC,https://find-and-update.company-information.service.gov.uk/search/companies?q=Concepta+PLC,1620590632,16:03:52,20210509
20,2013-09-30,CPT.L,GBP,2013-09-30,2013-09-30,Q3,1667.6825,758.0375,909.645,0.5454545454545455,0.0,128714.7675,0.0,0.0,75500.535,233627.1575,454.8225,151.6075,-231807.8675,-139.0,-231959.475,-139.0909090909091,0.0,-277896.5475,-166.63636363636363,0.0,-277896.5475,-166.63636363636363,-0.7352965,-0.7352965,378254.0,378254.0,https://find-and-update.company-information.service.gov.uk/search/companies?q=Concepta+PLC,https://find-and-update.company-information.service.gov.uk/search/companies?q=Concepta+PLC,1620590632,16:03:52,20210509
21,2013-06-30,CPT.L,GBP,2013-06-30,2013-06-30,Q2,1667.6825,758.0375,909.645,0.5454545454545455,0.0,128714.7675,0.0,0.0,75500.535,233627.1575,454.8225,151.6075,-231807.8675,-139.0,-231959.475,-139.0909090909091,0.0,-277896.5475,-166.63636363636363,0.0,-277896.5475,-166.63636363636363,-0.7352965,-0.7352965,378254.0,378254.0,https://find-and-update.company-information.service.gov.uk/search/companies?q=Concepta+PLC,https://find-and-update.company-information.service.gov.uk/search/companies?q=Concepta+PLC,1620590632,16:03:52,20210509
22,2013-03-31,CPT.L,GBP,2013-03-31,2013-03-31,Q1,1667.6825,758.0375,909.645,0.5454545454545455,0.0,128714.7675,0.0,0.0,75500.535,233627.1575,454.8225,151.6075,-231807.8675,-139.0,-231959.475,-139.0909090909091,0.0,-277896.5475,-166.63636363636363,0.0,-277896.5475,-166.63636363636363,-0.7352965,-0.7352965,378254.0,378254.0,https://find-and-update.company-information.service.gov.uk/search/companies?q=Concepta+PLC,https://find-and-update.company-information.service.gov.uk/search/companies?q=Concepta+PLC,1620590632,16:03:52,20210509
23,2013-01-31,CPT.L,GBP,2013-01-31,2013-01-31,Q1,1667.6825,758.0375,909.645,0.5454545454545455,0.0,128714.7675,0.0,0.0,75500.535,233627.1575,454.8225,151.6075,-231807.8675,-139.0,-231959.475,-139.0909090909091,0.0,-277896.5475,-166.63636363636363,0.0,-277896.5475,-166.63636363636363,-0.7352965,-0.7352965,378254.0,378254.0,https://find-and-update.company-information.service.gov.uk/search/companies?q=Concepta+PLC,https://find-and-update.company-information.service.gov.uk/search/companies?q=Concepta+PLC,1620590632,16:03:52,20210509
24,2012-09-30,CPT.L,GBP,2012-09-30,2012-09-30,Q3,0.0,0.0,0.0,0.0,0.0,121596.165,0.0,0.0,0.0,132889.4475,0.0,154.7025,-132734.745,0.0,-132889.4475,0.0,0.0,-133044.15,0.0,0.0,-139386.9525,0.0,-0.31675325,-0.31675325,440222.0,440222.0,https://find-and-update.company-information.service.gov.uk/search/companies?q=Concepta+PLC,https://find-and-update.company-information.service.gov.uk/search/companies?q=Concepta+PLC,1620590632,16:03:52,20210509
25,2012-06-30,CPT.L,GBP,2012-06-30,2012-06-30,Q2,0.0,0.0,0.0,0.0,0.0,121596.165,0.0,0.0,0.0,132889.4475,0.0,154.7025,-132734.745,0.0,-132889.4475,0.0,0.0,-133044.15,0.0,0.0,-139386.9525,0.0,-0.31675325,-0.31675325,440222.0,440222.0,https://find-and-update.company-information.service.gov.uk/search/companies?q=Concepta+PLC,https://find-and-update.company-information.service.gov.uk/search/companies?q=Concepta+PLC,1620590632,16:03:52,20210509
26,2012-03-31,CPT.L,GBP,2012-03-31,2012-03-31,Q1,0.0,0.0,0.0,0.0,0.0,121596.165,0.0,0.0,0.0,132889.4475,0.0,154.7025,-132734.745,0.0,-132889.4475,0.0,0.0,-133044.15,0.0,0.0,-139386.9525,0.0,-0.31675325,-0.31675325,440222.0,440222.0,https://find-and-update.company-information.service.gov.uk/search/companies?q=Concepta+PLC,https://find-and-update.company-information.service.gov.uk/search/companies?q=Concepta+PLC,1620590632,16:03:52,20210509
27,2012-01-31,CPT.L,GBP,2012-01-31,2012-01-31,Q1,0.0,0.0,0.0,0.0,0.0,121596.165,0.0,0.0,0.0,132889.4475,0.0,154.7025,-132734.745,0.0,-132889.4475,0.0,0.0,-133044.15,0.0,0.0,-139386.9525,0.0,-0.31675325,-0.31675325,440222.0,440222.0,https://find-and-update.company-information.service.gov.uk/search/companies?q=Concepta+PLC,https://find-and-update.company-information.service.gov.uk/search/companies?q=Concepta+PLC,1620590632,16:03:52,20210509
28,2011-09-30,CPT.L,GBP,2011-09-30,2011-09-30,Q3,0.0,0.0,0.0,0.0,0.0,90332.22,0.0,0.0,0.0,112391.96,0.0,483.06,-111908.90000000001,0.0,-112391.96,0.0,0.0,-112714.0,0.0,0.0,-134290.68,0.0,-0.305133,-0.305133,440222.0,440222.0,https://find-and-update.company-information.service.gov.uk/search/companies?q=Concepta+PLC,https://find-and-update.company-information.service.gov.uk/search/companies?q=Concepta+PLC,1620590632,16:03:52,20210509
29,2011-06-30,CPT.L,GBP,2011-06-30,2011-06-30,Q2,0.0,0.0,0.0,0.0,0.0,90332.22,0.0,0.0,0.0,112391.96,0.0,483.06,-111908.90000000001,0.0,-112391.96,0.0,0.0,-112714.0,0.0,0.0,-134290.68,0.0,-0.305133,-0.305133,440222.0,440222.0,https://find-and-update.company-information.service.gov.uk/search/companies?q=Concepta+PLC,https://find-and-update.company-information.service.gov.uk/search/companies?q=Concepta+PLC,1620590632,16:03:52,20210509
30,2011-03-31,CPT.L,GBP,2011-03-31,2011-03-31,Q1,0.0,0.0,0.0,0.0,0.0,90332.22,0.0,0.0,0.0,112391.96,0.0,483.06,-111908.90000000001,0.0,-112391.96,0.0,0.0,-112714.0,0.0,0.0,-134290.68,0.0,-0.305133,-0.305133,440222.0,440222.0,https://find-and-update.company-information.service.gov.uk/search/companies?q=Concepta+PLC,https://find-and-update.company-information.service.gov.uk/search/companies?q=Concepta+PLC,1620590632,16:03:52,20210509
31,2011-01-31,CPT.L,GBP,2011-01-31,2011-01-31,Q1,0.0,0.0,0.0,0.0,0.0,90332.22,0.0,0.0,0.0,112391.96,0.0,483.06,-111908.90000000001,0.0,-112391.96,0.0,0.0,-112714.0,0.0,0.0,-134290.68,0.0,-0.305133,-0.305133,440222.0,440222.0,https://find-and-update.company-information.service.gov.uk/search/companies?q=Concepta+PLC,https://find-and-update.company-information.service.gov.uk/search/companies?q=Concepta+PLC,1620590632,16:03:52,20210509
32,2010-09-30,CPT.L,GBP,2010-09-30,2010-09-30,Q3,0.0,0.0,0.0,0.0,0.0,77912.38,0.0,0.0,0.0,87793.16,485.94,161.98,-87631.18000000001,0.0,-87793.16,0.0,0.0,-88603.06,0.0,0.0,-108202.64,0.0,-0.24580475,-0.24580475,440222.0,440222.0,https://find-and-update.company-information.service.gov.uk/search/companies?q=Concepta+PLC,https://find-and-update.company-information.service.gov.uk/search/companies?q=Concepta+PLC,1620590632,16:03:52,20210509
33,2010-06-30,CPT.L,GBP,2010-06-30,2010-06-30,Q2,0.0,0.0,0.0,0.0,0.0,77912.38,0.0,0.0,0.0,87793.16,485.94,161.98,-87631.18000000001,0.0,-87793.16,0.0,0.0,-88603.06,0.0,0.0,-108202.64,0.0,-0.24580475,-0.24580475,440222.0,440222.0,https://find-and-update.company-information.service.gov.uk/search/companies?q=Concepta+PLC,https://find-and-update.company-information.service.gov.uk/search/companies?q=Concepta+PLC,1620590632,16:03:52,20210509
34,2010-03-31,CPT.L,GBP,2010-03-31,2010-03-31,Q1,0.0,0.0,0.0,0.0,0.0,77912.38,0.0,0.0,0.0,87793.16,485.94,161.98,-87631.18000000001,0.0,-87793.16,0.0,0.0,-88603.06,0.0,0.0,-108202.64,0.0,-0.24580475,-0.24580475,440222.0,440222.0,https://find-and-update.company-information.service.gov.uk/search/companies?q=Concepta+PLC,https://find-and-update.company-information.service.gov.uk/search/companies?q=Concepta+PLC,1620590632,16:03:52,20210509
35,2010-01-31,CPT.L,GBP,2010-01-31,2010-01-31,Q1,0.0,0.0,0.0,0.0,0.0,77912.38,0.0,0.0,0.0,87793.16,485.94,161.98,-87631.18000000001,0.0,-87793.16,0.0,0.0,-88603.06,0.0,0.0,-108202.64,0.0,-0.24580475,-0.24580475,440222.0,440222.0,https://find-and-update.company-information.service.gov.uk/search/companies?q=Concepta+PLC,https://find-and-update.company-information.service.gov.uk/search/companies?q=Concepta+PLC,1620590632,16:03:52,20210509
