,date,symbol,reportedCurrency,fillingDate,acceptedDate,period,revenue,costOfRevenue,grossProfit,grossProfitRatio,researchAndDevelopmentExpenses,generalAndAdministrativeExpenses,sellingAndMarketingExpenses,otherExpenses,operatingExpenses,costAndExpenses,interestExpense,depreciationAndAmortization,ebitda,ebitdaratio,operatingIncome,operatingIncomeRatio,totalOtherIncomeExpensesNet,incomeBeforeTax,incomeBeforeTaxRatio,incomeTaxExpense,netIncome,netIncomeRatio,eps,epsdiluted,weightedAverageShsOut,weightedAverageShsOutDil,link,finalLink,timestamp,est_time,est_date
0,2019-06-30,TNE.AX,AUD,2019-06-30,2019-06-30,Q2,71248500.0,9744000.0,61504500.0,0.8632392260889703,0.0,39668000.0,1563000.0,203000.0,0.0,0.0,6000.0,1531750.0,20273500.0,0.28454634132648404,18741750.0,0.26304764310827594,203000.0,19097250.0,0.2680372218362492,4482500.0,14614750.0,0.20512361663754325,0.046075,0.04575,317215635,319448087,,,1620598911,18:21:51,20210509
1,2019-03-31,TNE.AX,AUD,2019-03-31,2019-03-31,Q1,71248500.0,9744000.0,61504500.0,0.8632392260889703,0.0,39668000.0,1563000.0,203000.0,0.0,0.0,6000.0,1531750.0,20273500.0,0.28454634132648404,18741750.0,0.26304764310827594,203000.0,19097250.0,0.2680372218362492,4482500.0,14614750.0,0.20512361663754325,0.046075,0.04575,317215635,319448087,,,1620598911,18:21:51,20210509
2,2019-01-31,TNE.AX,AUD,2019-01-31,2019-01-31,Q1,71248500.0,9744000.0,61504500.0,0.8632392260889703,0.0,39668000.0,1563000.0,203000.0,0.0,0.0,6000.0,1531750.0,20273500.0,0.28454634132648404,18741750.0,0.26304764310827594,203000.0,19097250.0,0.2680372218362492,4482500.0,14614750.0,0.20512361663754325,0.046075,0.04575,317215635,319448087,,,1620598911,18:21:51,20210509
3,2018-06-30,TNE.AX,AUD,2018-06-30,2018-06-30,Q2,74287000.0,9917500.0,64369500.0,0.8664975029278339,0.0,45928250.0,1017000.0,191750.0,0.0,0.0,98750.0,1069000.0,17424250.0,0.23455315196467755,16355250.0,0.22016301640933136,191750.0,16632000.0,0.22388843270020325,3887000.0,12745000.0,0.17156433830952925,0.04035,0.04025,315802661,316645963,,,1620598911,18:21:51,20210509
4,2018-03-31,TNE.AX,AUD,2018-03-31,2018-03-31,Q1,74287000.0,9917500.0,64369500.0,0.8664975029278339,0.0,45928250.0,1017000.0,191750.0,0.0,0.0,98750.0,1069000.0,17424250.0,0.23455315196467755,16355250.0,0.22016301640933136,191750.0,16632000.0,0.22388843270020325,3887000.0,12745000.0,0.17156433830952925,0.04035,0.04025,315802661,316645963,,,1620598911,18:21:51,20210509
5,2018-01-31,TNE.AX,AUD,2018-01-31,2018-01-31,Q1,74287000.0,9917500.0,64369500.0,0.8664975029278339,0.0,45928250.0,1017000.0,191750.0,0.0,0.0,98750.0,1069000.0,17424250.0,0.23455315196467755,16355250.0,0.22016301640933136,191750.0,16632000.0,0.22388843270020325,3887000.0,12745000.0,0.17156433830952925,0.04035,0.04025,315802661,316645963,,,1620598911,18:21:51,20210509
6,2017-06-30,TNE.AX,AUD,2017-06-30,2017-06-30,Q2,67901500.0,8594250.0,59307250.0,0.8734306311348056,0.0,40087250.0,1406000.0,229750.0,2649750.0,0.0,12000.0,1059250.0,15164250.0,0.2233271724483259,14105000.0,0.207727369793009,229750.0,14504750.0,0.21361457405211962,3381250.0,11123500.0,0.1638181778016686,0.03545,0.03525,313865453,315560284,,,1620598911,18:21:51,20210509
7,2017-03-31,TNE.AX,AUD,2017-03-31,2017-03-31,Q1,67901500.0,8594250.0,59307250.0,0.8734306311348056,0.0,40087250.0,1406000.0,229750.0,2649750.0,0.0,12000.0,1059250.0,15164250.0,0.2233271724483259,14105000.0,0.207727369793009,229750.0,14504750.0,0.21361457405211962,3381250.0,11123500.0,0.1638181778016686,0.03545,0.03525,313865453,315560284,,,1620598911,18:21:51,20210509
8,2017-01-31,TNE.AX,AUD,2017-01-31,2017-01-31,Q1,67901500.0,8594250.0,59307250.0,0.8734306311348056,0.0,40087250.0,1406000.0,229750.0,2649750.0,0.0,12000.0,1059250.0,15164250.0,0.2233271724483259,14105000.0,0.207727369793009,229750.0,14504750.0,0.21361457405211962,3381250.0,11123500.0,0.1638181778016686,0.03545,0.03525,313865453,315560284,,,1620598911,18:21:51,20210509
9,2016-06-30,TNE.AX,AUD,2016-06-30,2016-06-30,Q2,61486500.0,7885000.0,53601500.0,0.8717604677449522,0.0,39365500.0,687750.0,549000.0,0.0,0.0,25250.0,981000.0,13548250.0,0.2203451164076667,12567250.0,0.2043903946394737,549000.0,13310000.0,0.2164702820944435,2974000.0,10336000.0,0.16810194107649648,0.03315,0.032125,311780703,321743191,,,1620598911,18:21:51,20210509
10,2016-03-31,TNE.AX,AUD,2016-03-31,2016-03-31,Q1,61486500.0,7885000.0,53601500.0,0.8717604677449522,0.0,39365500.0,687750.0,549000.0,0.0,0.0,25250.0,981000.0,13548250.0,0.2203451164076667,12567250.0,0.2043903946394737,549000.0,13310000.0,0.2164702820944435,2974000.0,10336000.0,0.16810194107649648,0.03315,0.032125,311780703,321743191,,,1620598911,18:21:51,20210509
11,2016-01-31,TNE.AX,AUD,2016-01-31,2016-01-31,Q1,61486500.0,7885000.0,53601500.0,0.8717604677449522,0.0,39365500.0,687750.0,549000.0,0.0,0.0,25250.0,981000.0,13548250.0,0.2203451164076667,12567250.0,0.2043903946394737,549000.0,13310000.0,0.2164702820944435,2974000.0,10336000.0,0.16810194107649648,0.03315,0.032125,311780703,321743191,,,1620598911,18:21:51,20210509
12,2015-09-30,TNE.AX,AUD,2015-09-30,2015-09-30,Q3,53641500.0,6225500.0,47416000.0,0.8839424699160165,0.0,34947000.0,809250.0,637500.0,0.0,0.0,36500.0,1039250.0,11659750.0,0.21736435409151497,10620500.0,0.19799036193991593,637500.0,11623500.0,0.21668857134867595,2677250.0,8946250.0,0.16677852036203314,0.028925,0.02825,309304062,316681416,,,1620598911,18:21:51,20210509
13,2015-06-30,TNE.AX,AUD,2015-06-30,2015-06-30,Q2,53641500.0,6225500.0,47416000.0,0.8839424699160165,0.0,34947000.0,809250.0,637500.0,0.0,0.0,36500.0,1039250.0,11659750.0,0.21736435409151497,10620500.0,0.19799036193991593,637500.0,11623500.0,0.21668857134867595,2677250.0,8946250.0,0.16677852036203314,0.028925,0.02825,309304062,316681416,,,1620598911,18:21:51,20210509
14,2015-03-31,TNE.AX,AUD,2015-03-31,2015-03-31,Q1,53641500.0,6225500.0,47416000.0,0.8839424699160165,0.0,34947000.0,809250.0,637500.0,0.0,0.0,36500.0,1039250.0,11659750.0,0.21736435409151497,10620500.0,0.19799036193991593,637500.0,11623500.0,0.21668857134867595,2677250.0,8946250.0,0.16677852036203314,0.028925,0.02825,309304062,316681416,,,1620598911,18:21:51,20210509
15,2015-01-31,TNE.AX,AUD,2015-01-31,2015-01-31,Q1,53641500.0,6225500.0,47416000.0,0.8839424699160165,0.0,34947000.0,809250.0,637500.0,0.0,0.0,36500.0,1039250.0,11659750.0,0.21736435409151497,10620500.0,0.19799036193991593,637500.0,11623500.0,0.21668857134867595,2677250.0,8946250.0,0.16677852036203314,0.028925,0.02825,309304062,316681416,,,1620598911,18:21:51,20210509
16,2014-09-30,TNE.AX,AUD,2014-09-30,2014-09-30,Q3,47877750.0,4771500.0,43106250.0,0.9003399282547738,0.0,31877500.0,817750.0,460500.0,0.0,0.0,57500.0,1198000.0,10411000.0,0.2174496504117257,9213000.0,0.19242758901577456,460500.0,10058750.0,0.21009237067322503,2317000.0,7741750.0,0.16169828364950317,0.02515,0.02465,307911574,314066937,,,1620598911,18:21:51,20210509
17,2014-06-30,TNE.AX,AUD,2014-06-30,2014-06-30,Q2,47877750.0,4771500.0,43106250.0,0.9003399282547738,0.0,31877500.0,817750.0,460500.0,0.0,0.0,57500.0,1198000.0,10411000.0,0.2174496504117257,9213000.0,0.19242758901577456,460500.0,10058750.0,0.21009237067322503,2317000.0,7741750.0,0.16169828364950317,0.02515,0.02465,307911574,314066937,,,1620598911,18:21:51,20210509
18,2014-03-31,TNE.AX,AUD,2014-03-31,2014-03-31,Q1,47877750.0,4771500.0,43106250.0,0.9003399282547738,0.0,31877500.0,817750.0,460500.0,0.0,0.0,57500.0,1198000.0,10411000.0,0.2174496504117257,9213000.0,0.19242758901577456,460500.0,10058750.0,0.21009237067322503,2317000.0,7741750.0,0.16169828364950317,0.02515,0.02465,307911574,314066937,,,1620598911,18:21:51,20210509
19,2014-01-31,TNE.AX,AUD,2014-01-31,2014-01-31,Q1,47877750.0,4771500.0,43106250.0,0.9003399282547738,0.0,31877500.0,817750.0,460500.0,0.0,0.0,57500.0,1198000.0,10411000.0,0.2174496504117257,9213000.0,0.19242758901577456,460500.0,10058750.0,0.21009237067322503,2317000.0,7741750.0,0.16169828364950317,0.02515,0.02465,307911574,314066937,,,1620598911,18:21:51,20210509
20,2013-09-30,TNE.AX,AUD,2013-09-30,2013-09-30,Q3,44404750.0,2875500.0,41529250.0,0.9352434142743739,0.0,10323000.0,19869750.0,334000.0,1842500.0,0.0,88500.0,1374250.0,9494000.0,0.2138059554439559,8119750.0,0.18285768977417957,334000.0,8774250.0,0.1975971039134327,2028250.0,6746000.0,0.15192068416104132,0.022,0.021725,306573374,310517837,,,1620598911,18:21:51,20210509
21,2013-06-30,TNE.AX,AUD,2013-06-30,2013-06-30,Q2,44404750.0,2875500.0,41529250.0,0.9352434142743739,0.0,10323000.0,19869750.0,334000.0,1842500.0,0.0,88500.0,1374250.0,9494000.0,0.2138059554439559,8119750.0,0.18285768977417957,334000.0,8774250.0,0.1975971039134327,2028250.0,6746000.0,0.15192068416104132,0.022,0.021725,306573374,310517837,,,1620598911,18:21:51,20210509
22,2013-03-31,TNE.AX,AUD,2013-03-31,2013-03-31,Q1,44404750.0,2875500.0,41529250.0,0.9352434142743739,0.0,10323000.0,19869750.0,334000.0,1842500.0,0.0,88500.0,1374250.0,9494000.0,0.2138059554439559,8119750.0,0.18285768977417957,334000.0,8774250.0,0.1975971039134327,2028250.0,6746000.0,0.15192068416104132,0.022,0.021725,306573374,310517837,,,1620598911,18:21:51,20210509
23,2013-01-31,TNE.AX,AUD,2013-01-31,2013-01-31,Q1,44404750.0,2875500.0,41529250.0,0.9352434142743739,0.0,10323000.0,19869750.0,334000.0,1842500.0,0.0,88500.0,1374250.0,9494000.0,0.2138059554439559,8119750.0,0.18285768977417957,334000.0,8774250.0,0.1975971039134327,2028250.0,6746000.0,0.15192068416104132,0.022,0.021725,306573374,310517837,,,1620598911,18:21:51,20210509
24,2012-09-30,TNE.AX,AUD,2012-09-30,2012-09-30,Q3,41576500.0,2802000.0,38774500.0,0.932606159729655,0.0,9360500.0,19401000.0,329500.0,1565750.0,0.0,146500.0,1410750.0,8447250.0,0.20317366781715632,7036500.0,0.1692422402078097,329500.0,7581250.0,0.18234459370076847,1691500.0,5889750.0,0.14166055343763906,0.019325,0.019075,304812336,308768021,,,1620598911,18:21:51,20210509
25,2012-06-30,TNE.AX,AUD,2012-06-30,2012-06-30,Q2,41576500.0,2802000.0,38774500.0,0.932606159729655,0.0,9360500.0,19401000.0,329500.0,1565750.0,0.0,146500.0,1410750.0,8447250.0,0.20317366781715632,7036500.0,0.1692422402078097,329500.0,7581250.0,0.18234459370076847,1691500.0,5889750.0,0.14166055343763906,0.019325,0.019075,304812336,308768021,,,1620598911,18:21:51,20210509
26,2012-03-31,TNE.AX,AUD,2012-03-31,2012-03-31,Q1,41576500.0,2802000.0,38774500.0,0.932606159729655,0.0,9360500.0,19401000.0,329500.0,1565750.0,0.0,146500.0,1410750.0,8447250.0,0.20317366781715632,7036500.0,0.1692422402078097,329500.0,7581250.0,0.18234459370076847,1691500.0,5889750.0,0.14166055343763906,0.019325,0.019075,304812336,308768021,,,1620598911,18:21:51,20210509
27,2012-01-31,TNE.AX,AUD,2012-01-31,2012-01-31,Q1,41576500.0,2802000.0,38774500.0,0.932606159729655,0.0,9360500.0,19401000.0,329500.0,1565750.0,0.0,146500.0,1410750.0,8447250.0,0.20317366781715632,7036500.0,0.1692422402078097,329500.0,7581250.0,0.18234459370076847,1691500.0,5889750.0,0.14166055343763906,0.019325,0.019075,304812336,308768021,,,1620598911,18:21:51,20210509
28,2011-09-30,TNE.AX,AUD,2011-09-30,2011-09-30,Q3,38489750.0,0.0,38489750.0,1.0,7949000.0,7748750.0,14718750.0,323250.0,683500.0,0.0,128000.0,1288750.0,7389750.0,0.1919926733740801,6101000.0,0.15850973311076325,323250.0,6668750.0,0.1732604134867075,1587250.0,5081500.0,0.13202216174436052,0.016775,0.01635,302768921,310795107,,,1620598911,18:21:51,20210509
29,2011-06-30,TNE.AX,AUD,2011-06-30,2011-06-30,Q2,38489750.0,0.0,38489750.0,1.0,7949000.0,7748750.0,14718750.0,323250.0,683500.0,0.0,128000.0,1288750.0,7389750.0,0.1919926733740801,6101000.0,0.15850973311076325,323250.0,6668750.0,0.1732604134867075,1587250.0,5081500.0,0.13202216174436052,0.016775,0.01635,302768921,310795107,,,1620598911,18:21:51,20210509
30,2011-03-31,TNE.AX,AUD,2011-03-31,2011-03-31,Q1,38489750.0,0.0,38489750.0,1.0,7949000.0,7748750.0,14718750.0,323250.0,683500.0,0.0,128000.0,1288750.0,7389750.0,0.1919926733740801,6101000.0,0.15850973311076325,323250.0,6668750.0,0.1732604134867075,1587250.0,5081500.0,0.13202216174436052,0.016775,0.01635,302768921,310795107,,,1620598911,18:21:51,20210509
31,2011-01-31,TNE.AX,AUD,2011-01-31,2011-01-31,Q1,38489750.0,0.0,38489750.0,1.0,7949000.0,7748750.0,14718750.0,323250.0,683500.0,0.0,128000.0,1288750.0,7389750.0,0.1919926733740801,6101000.0,0.15850973311076325,323250.0,6668750.0,0.1732604134867075,1587250.0,5081500.0,0.13202216174436052,0.016775,0.01635,302768921,310795107,,,1620598911,18:21:51,20210509
32,2010-09-30,TNE.AX,AUD,2010-09-30,2010-09-30,Q3,33516500.0,0.0,33516500.0,1.0,6740750.0,6860750.0,12971500.0,193500.0,562500.0,0.0,48500.0,972000.0,6381000.0,0.1903838407948324,5409000.0,0.16138319931973805,193500.0,5820500.0,0.17366073426521267,1367250.0,4453250.0,0.1328673936717736,0.014825,0.0145,300300052,307120690,,,1620598911,18:21:51,20210509
33,2010-06-30,TNE.AX,AUD,2010-06-30,2010-06-30,Q2,33516500.0,0.0,33516500.0,1.0,6740750.0,6860750.0,12971500.0,193500.0,562500.0,0.0,48500.0,972000.0,6381000.0,0.1903838407948324,5409000.0,0.16138319931973805,193500.0,5820500.0,0.17366073426521267,1367250.0,4453250.0,0.1328673936717736,0.014825,0.0145,300300052,307120690,,,1620598911,18:21:51,20210509
34,2010-03-31,TNE.AX,AUD,2010-03-31,2010-03-31,Q1,33516500.0,0.0,33516500.0,1.0,6740750.0,6860750.0,12971500.0,193500.0,562500.0,0.0,48500.0,972000.0,6381000.0,0.1903838407948324,5409000.0,0.16138319931973805,193500.0,5820500.0,0.17366073426521267,1367250.0,4453250.0,0.1328673936717736,0.014825,0.0145,300300052,307120690,,,1620598911,18:21:51,20210509
35,2010-01-31,TNE.AX,AUD,2010-01-31,2010-01-31,Q1,33516500.0,0.0,33516500.0,1.0,6740750.0,6860750.0,12971500.0,193500.0,562500.0,0.0,48500.0,972000.0,6381000.0,0.1903838407948324,5409000.0,0.16138319931973805,193500.0,5820500.0,0.17366073426521267,1367250.0,4453250.0,0.1328673936717736,0.014825,0.0145,300300052,307120690,,,1620598911,18:21:51,20210509
36,2009-09-30,TNE.AX,AUD,2009-09-30,2009-09-30,Q3,30416250.0,0.0,30416250.0,1.0,6227000.0,6565500.0,12089750.0,4750.0,625500.0,0.0,45000.0,0.0,5114000.0,5.947643723113023,4908500.0,0.16137755311716598,4750.0,5069000.0,0.16665433773065386,1148000.0,3921000.0,0.1289113549500678,0.0131,0.0128,299411693,306328125,,,1620598911,18:21:51,20210509
37,2009-06-30,TNE.AX,AUD,2009-06-30,2009-06-30,Q2,30416250.0,0.0,30416250.0,1.0,6227000.0,6565500.0,12089750.0,4750.0,625500.0,0.0,45000.0,0.0,5114000.0,5.947643723113023,4908500.0,0.16137755311716598,4750.0,5069000.0,0.16665433773065386,1148000.0,3921000.0,0.1289113549500678,0.0131,0.0128,299411693,306328125,,,1620598911,18:21:51,20210509
38,2009-03-31,TNE.AX,AUD,2009-03-31,2009-03-31,Q1,30416250.0,0.0,30416250.0,1.0,6227000.0,6565500.0,12089750.0,4750.0,625500.0,0.0,45000.0,0.0,5114000.0,5.947643723113023,4908500.0,0.16137755311716598,4750.0,5069000.0,0.16665433773065386,1148000.0,3921000.0,0.1289113549500678,0.0131,0.0128,299411693,306328125,,,1620598911,18:21:51,20210509
39,2009-01-31,TNE.AX,AUD,2009-01-31,2009-01-31,Q1,30416250.0,0.0,30416250.0,1.0,6227000.0,6565500.0,12089750.0,4750.0,625500.0,0.0,45000.0,0.0,5114000.0,5.947643723113023,4908500.0,0.16137755311716598,4750.0,5069000.0,0.16665433773065386,1148000.0,3921000.0,0.1289113549500678,0.0131,0.0128,299411693,306328125,,,1620598911,18:21:51,20210509
40,2008-09-30,TNE.AX,AUD,2008-09-30,2008-09-30,Q3,27160500.0,0.0,27160500.0,1.0,5288500.0,5686250.0,10171000.0,58000.0,580750.0,0.0,45000.0,0.0,5827250.0,4.6609464155476426,5434000.0,0.20006995452955578,58000.0,5782250.0,0.21289188343366286,1475000.0,4307250.0,0.15858507759430054,0.014425,0.0142,298674404,303327465,,,1620598911,18:21:51,20210509
41,2008-06-30,TNE.AX,AUD,2008-06-30,2008-06-30,Q2,27160500.0,0.0,27160500.0,1.0,5288500.0,5686250.0,10171000.0,58000.0,580750.0,0.0,45000.0,0.0,5827250.0,4.6609464155476426,5434000.0,0.20006995452955578,58000.0,5782250.0,0.21289188343366286,1475000.0,4307250.0,0.15858507759430054,0.014425,0.0142,298674404,303327465,,,1620598911,18:21:51,20210509
42,2008-03-31,TNE.AX,AUD,2008-03-31,2008-03-31,Q1,27160500.0,0.0,27160500.0,1.0,5288500.0,5686250.0,10171000.0,58000.0,580750.0,0.0,45000.0,0.0,5827250.0,4.6609464155476426,5434000.0,0.20006995452955578,58000.0,5782250.0,0.21289188343366286,1475000.0,4307250.0,0.15858507759430054,0.014425,0.0142,298674404,303327465,,,1620598911,18:21:51,20210509
43,2008-01-31,TNE.AX,AUD,2008-01-31,2008-01-31,Q1,27160500.0,0.0,27160500.0,1.0,5288500.0,5686250.0,10171000.0,58000.0,580750.0,0.0,45000.0,0.0,5827250.0,4.6609464155476426,5434000.0,0.20006995452955578,58000.0,5782250.0,0.21289188343366286,1475000.0,4307250.0,0.15858507759430054,0.014425,0.0142,298674404,303327465,,,1620598911,18:21:51,20210509
44,2007-09-30,TNE.AX,AUD,2007-09-30,2007-09-30,Q3,19263500.0,0.0,19263500.0,1.0,3459250.0,3866250.0,7001250.0,0.0,298500.0,0.0,23500.0,0.0,4966500.0,3.8786872042685996,4638250.0,0.24077919381213175,0.0,4943000.0,0.2565992680457861,1247750.0,3695250.0,0.19182651127780517,0.012425,0.0122,297121074,302889344,,,1620598911,18:21:51,20210509
45,2007-06-30,TNE.AX,AUD,2007-06-30,2007-06-30,Q2,19263500.0,0.0,19263500.0,1.0,3459250.0,3866250.0,7001250.0,0.0,298500.0,0.0,23500.0,0.0,4966500.0,3.8786872042685996,4638250.0,0.24077919381213175,0.0,4943000.0,0.2565992680457861,1247750.0,3695250.0,0.19182651127780517,0.012425,0.0122,297121074,302889344,,,1620598911,18:21:51,20210509
46,2007-03-31,TNE.AX,AUD,2007-03-31,2007-03-31,Q1,19263500.0,0.0,19263500.0,1.0,3459250.0,3866250.0,7001250.0,0.0,298500.0,0.0,23500.0,0.0,4966500.0,3.8786872042685996,4638250.0,0.24077919381213175,0.0,4943000.0,0.2565992680457861,1247750.0,3695250.0,0.19182651127780517,0.012425,0.0122,297121074,302889344,,,1620598911,18:21:51,20210509
47,2007-01-31,TNE.AX,AUD,2007-01-31,2007-01-31,Q1,19263500.0,0.0,19263500.0,1.0,3459250.0,3866250.0,7001250.0,0.0,298500.0,0.0,23500.0,0.0,4966500.0,3.8786872042685996,4638250.0,0.24077919381213175,0.0,4943000.0,0.2565992680457861,1247750.0,3695250.0,0.19182651127780517,0.012425,0.0122,297121074,302889344,,,1620598911,18:21:51,20210509
48,2006-09-30,TNE.AX,AUD,2006-09-30,2006-09-30,Q3,16310500.0,0.0,16310500.0,1.0,3168750.0,3216750.0,5853500.0,0.0,297250.0,0.0,20750.0,0.0,4085000.0,3.9927784577723378,3774250.0,0.23140001839305968,0.0,4064250.0,0.2491799760890224,985750.0,3078500.0,0.18874344747248706,0.0103,0.01025,298700284,300341463,,,1620598911,18:21:51,20210509
49,2006-06-30,TNE.AX,AUD,2006-06-30,2006-06-30,Q2,16310500.0,0.0,16310500.0,1.0,3168750.0,3216750.0,5853500.0,0.0,297250.0,0.0,20750.0,0.0,4085000.0,3.9927784577723378,3774250.0,0.23140001839305968,0.0,4064250.0,0.2491799760890224,985750.0,3078500.0,0.18874344747248706,0.0103,0.01025,298700284,300341463,,,1620598911,18:21:51,20210509
50,2006-03-31,TNE.AX,AUD,2006-03-31,2006-03-31,Q1,16310500.0,0.0,16310500.0,1.0,3168750.0,3216750.0,5853500.0,0.0,297250.0,0.0,20750.0,0.0,4085000.0,3.9927784577723378,3774250.0,0.23140001839305968,0.0,4064250.0,0.2491799760890224,985750.0,3078500.0,0.18874344747248706,0.0103,0.01025,298700284,300341463,,,1620598911,18:21:51,20210509
51,2006-01-31,TNE.AX,AUD,2006-01-31,2006-01-31,Q1,16310500.0,0.0,16310500.0,1.0,3168750.0,3216750.0,5853500.0,0.0,297250.0,0.0,20750.0,0.0,4085000.0,3.9927784577723378,3774250.0,0.23140001839305968,0.0,4064250.0,0.2491799760890224,985750.0,3078500.0,0.18874344747248706,0.0103,0.01025,298700284,300341463,,,1620598911,18:21:51,20210509
52,2005-09-30,TNE.AX,AUD,2005-09-30,2005-09-30,Q3,13598500.0,0.0,13598500.0,1.0,2555000.0,2561000.0,4815000.0,36000.0,418750.0,0.0,30500.0,0.0,3606000.0,3.771075984470327,3248750.0,0.2389050262896643,36000.0,3575500.0,0.26293341177335733,3575500.0,2570000.0,0.18899143287862633,0.0086,0.008575,299229021,299708455,,,1620598911,18:21:51,20210509
53,2005-06-30,TNE.AX,AUD,2005-06-30,2005-06-30,Q2,13598500.0,0.0,13598500.0,1.0,2555000.0,2561000.0,4815000.0,36000.0,418750.0,0.0,30500.0,0.0,3606000.0,3.771075984470327,3248750.0,0.2389050262896643,36000.0,3575500.0,0.26293341177335733,3575500.0,2570000.0,0.18899143287862633,0.0086,0.008575,299229021,299708455,,,1620598911,18:21:51,20210509
54,2005-03-31,TNE.AX,AUD,2005-03-31,2005-03-31,Q1,13598500.0,0.0,13598500.0,1.0,2555000.0,2561000.0,4815000.0,36000.0,418750.0,0.0,30500.0,0.0,3606000.0,3.771075984470327,3248750.0,0.2389050262896643,36000.0,3575500.0,0.26293341177335733,3575500.0,2570000.0,0.18899143287862633,0.0086,0.008575,299229021,299708455,,,1620598911,18:21:51,20210509
55,2005-01-31,TNE.AX,AUD,2005-01-31,2005-01-31,Q1,13598500.0,0.0,13598500.0,1.0,2555000.0,2561000.0,4815000.0,36000.0,418750.0,0.0,30500.0,0.0,3606000.0,3.771075984470327,3248750.0,0.2389050262896643,36000.0,3575500.0,0.26293341177335733,3575500.0,2570000.0,0.18899143287862633,0.0086,0.008575,299229021,299708455,,,1620598911,18:21:51,20210509
56,2004-09-30,TNE.AX,AUD,2004-09-30,2004-09-30,Q3,12616250.0,0.0,12616250.0,1.0,2386750.0,2292500.0,4577500.0,747250.0,338000.0,0.0,19000.0,0.0,3296500.0,3.827165175185803,3021500.0,0.23949271772515604,747250.0,3277500.0,0.2597840087189141,3277500.0,2369750.0,0.1878331516892896,0.007925,0.0079,298600042,299968354,,,1620598911,18:21:51,20210509
57,2004-06-30,TNE.AX,AUD,2004-06-30,2004-06-30,Q2,12616250.0,0.0,12616250.0,1.0,2386750.0,2292500.0,4577500.0,747250.0,338000.0,0.0,19000.0,0.0,3296500.0,3.827165175185803,3021500.0,0.23949271772515604,747250.0,3277500.0,0.2597840087189141,3277500.0,2369750.0,0.1878331516892896,0.007925,0.0079,298600042,299968354,,,1620598911,18:21:51,20210509
58,2004-03-31,TNE.AX,AUD,2004-03-31,2004-03-31,Q1,12616250.0,0.0,12616250.0,1.0,2386750.0,2292500.0,4577500.0,747250.0,338000.0,0.0,19000.0,0.0,3296500.0,3.827165175185803,3021500.0,0.23949271772515604,747250.0,3277500.0,0.2597840087189141,3277500.0,2369750.0,0.1878331516892896,0.007925,0.0079,298600042,299968354,,,1620598911,18:21:51,20210509
59,2004-01-31,TNE.AX,AUD,2004-01-31,2004-01-31,Q1,12616250.0,0.0,12616250.0,1.0,2386750.0,2292500.0,4577500.0,747250.0,338000.0,0.0,19000.0,0.0,3296500.0,3.827165175185803,3021500.0,0.23949271772515604,747250.0,3277500.0,0.2597840087189141,3277500.0,2369750.0,0.1878331516892896,0.007925,0.0079,298600042,299968354,,,1620598911,18:21:51,20210509
60,2003-09-30,TNE.AX,AUD,2003-09-30,2003-09-30,Q3,11844250.0,0.0,11844250.0,1.0,2326500.0,2402750.0,4394500.0,16500.0,411750.0,0.0,21250.0,0.0,2551500.0,4.642073290221439,2308750.0,0.19492580788146147,16500.0,2530250.0,0.21362686535660763,2530250.0,1757500.0,0.14838423707706272,0.00575,0.0057,306114509,308333333,,,1620598911,18:21:51,20210509
61,2003-06-30,TNE.AX,AUD,2003-06-30,2003-06-30,Q2,11844250.0,0.0,11844250.0,1.0,2326500.0,2402750.0,4394500.0,16500.0,411750.0,0.0,21250.0,0.0,2551500.0,4.642073290221439,2308750.0,0.19492580788146147,16500.0,2530250.0,0.21362686535660763,2530250.0,1757500.0,0.14838423707706272,0.00575,0.0057,306114509,308333333,,,1620598911,18:21:51,20210509
62,2003-03-31,TNE.AX,AUD,2003-03-31,2003-03-31,Q1,11844250.0,0.0,11844250.0,1.0,2326500.0,2402750.0,4394500.0,16500.0,411750.0,0.0,21250.0,0.0,2551500.0,4.642073290221439,2308750.0,0.19492580788146147,16500.0,2530250.0,0.21362686535660763,2530250.0,1757500.0,0.14838423707706272,0.00575,0.0057,306114509,308333333,,,1620598911,18:21:51,20210509
63,2003-01-31,TNE.AX,AUD,2003-01-31,2003-01-31,Q1,11844250.0,0.0,11844250.0,1.0,2326500.0,2402750.0,4394500.0,16500.0,411750.0,0.0,21250.0,0.0,2551500.0,4.642073290221439,2308750.0,0.19492580788146147,16500.0,2530250.0,0.21362686535660763,2530250.0,1757500.0,0.14838423707706272,0.00575,0.0057,306114509,308333333,,,1620598911,18:21:51,20210509
64,2002-09-30,TNE.AX,AUD,2002-09-30,2002-09-30,Q3,11589250.0,0.0,11589250.0,1.0,2033750.0,2714000.0,3478750.0,-342500.0,0.0,0.0,46250.0,577500.0,3940250.0,0.33999180274823654,3362750.0,0.29016114071229804,-342500.0,3211000.0,0.27706710960588476,3211000.0,2188750.0,0.18886036628772354,0.0069,0.006875,317298851,318363636,,,1620598911,18:21:51,20210509
65,2002-06-30,TNE.AX,AUD,2002-06-30,2002-06-30,Q2,11589250.0,0.0,11589250.0,1.0,2033750.0,2714000.0,3478750.0,-342500.0,0.0,0.0,46250.0,577500.0,3940250.0,0.33999180274823654,3362750.0,0.29016114071229804,-342500.0,3211000.0,0.27706710960588476,3211000.0,2188750.0,0.18886036628772354,0.0069,0.006875,317298851,318363636,,,1620598911,18:21:51,20210509
66,2002-03-31,TNE.AX,AUD,2002-03-31,2002-03-31,Q1,11589250.0,0.0,11589250.0,1.0,2033750.0,2714000.0,3478750.0,-342500.0,0.0,0.0,46250.0,577500.0,3940250.0,0.33999180274823654,3362750.0,0.29016114071229804,-342500.0,3211000.0,0.27706710960588476,3211000.0,2188750.0,0.18886036628772354,0.0069,0.006875,317298851,318363636,,,1620598911,18:21:51,20210509
67,2002-01-31,TNE.AX,AUD,2002-01-31,2002-01-31,Q1,11589250.0,0.0,11589250.0,1.0,2033750.0,2714000.0,3478750.0,-342500.0,0.0,0.0,46250.0,577500.0,3940250.0,0.33999180274823654,3362750.0,0.29016114071229804,-342500.0,3211000.0,0.27706710960588476,3211000.0,2188750.0,0.18886036628772354,0.0069,0.006875,317298851,318363636,,,1620598911,18:21:51,20210509
68,2001-09-30,TNE.AX,AUD,2001-09-30,2001-09-30,Q3,0.0,0.0,0.0,0.0,0.0,0.0,0.0,0.0,0.0,0.0,20000.0,0.0,2877500.0,0.0,0.0,0.0,0.0,2857500.0,0.0,2857500.0,1941750.0,0.0,0.006225,0.006225,321283907,321283907,,,1620598911,18:21:51,20210509
69,2001-06-30,TNE.AX,AUD,2001-06-30,2001-06-30,Q2,0.0,0.0,0.0,0.0,0.0,0.0,0.0,0.0,0.0,0.0,20000.0,0.0,2877500.0,0.0,0.0,0.0,0.0,2857500.0,0.0,2857500.0,1941750.0,0.0,0.006225,0.006225,321283907,321283907,,,1620598911,18:21:51,20210509
70,2001-03-31,TNE.AX,AUD,2001-03-31,2001-03-31,Q1,0.0,0.0,0.0,0.0,0.0,0.0,0.0,0.0,0.0,0.0,20000.0,0.0,2877500.0,0.0,0.0,0.0,0.0,2857500.0,0.0,2857500.0,1941750.0,0.0,0.006225,0.006225,321283907,321283907,,,1620598911,18:21:51,20210509
71,2001-01-31,TNE.AX,AUD,2001-01-31,2001-01-31,Q1,0.0,0.0,0.0,0.0,0.0,0.0,0.0,0.0,0.0,0.0,20000.0,0.0,2877500.0,0.0,0.0,0.0,0.0,2857500.0,0.0,2857500.0,1941750.0,0.0,0.006225,0.006225,321283907,321283907,,,1620598911,18:21:51,20210509
72,2000-09-30,TNE.AX,AUD,2000-09-30,2000-09-30,Q3,0.0,0.0,0.0,0.0,0.0,0.0,0.0,0.0,0.0,0.0,0.0,0.0,0.0,0.0,0.0,0.0,0.0,2200500.0,0.0,2200500.0,1437500.0,0.0,0.005625,0.005625,255540165,255540165,,,1620598911,18:21:51,20210509
73,2000-06-30,TNE.AX,AUD,2000-06-30,2000-06-30,Q2,0.0,0.0,0.0,0.0,0.0,0.0,0.0,0.0,0.0,0.0,0.0,0.0,0.0,0.0,0.0,0.0,0.0,2200500.0,0.0,2200500.0,1437500.0,0.0,0.005625,0.005625,255540165,255540165,,,1620598911,18:21:51,20210509
74,2000-03-31,TNE.AX,AUD,2000-03-31,2000-03-31,Q1,0.0,0.0,0.0,0.0,0.0,0.0,0.0,0.0,0.0,0.0,0.0,0.0,0.0,0.0,0.0,0.0,0.0,2200500.0,0.0,2200500.0,1437500.0,0.0,0.005625,0.005625,255540165,255540165,,,1620598911,18:21:51,20210509
75,2000-01-31,TNE.AX,AUD,2000-01-31,2000-01-31,Q1,0.0,0.0,0.0,0.0,0.0,0.0,0.0,0.0,0.0,0.0,0.0,0.0,0.0,0.0,0.0,0.0,0.0,2200500.0,0.0,2200500.0,1437500.0,0.0,0.005625,0.005625,255540165,255540165,,,1620598911,18:21:51,20210509
76,1999-09-30,TNE.AX,AUD,1999-09-30,1999-09-30,Q3,4865750.0,0.0,4865750.0,1.0,0.0,0.0,0.0,64000.0,0.0,0.0,0.0,0.0,4865750.0,1.0,4865750.0,1.0,64000.0,1394000.0,0.2864923187586703,1394000.0,922250.0,0.18953912552021784,0.00305,0.00305,302377049,302377049,,,1620598911,18:21:51,20210509
77,1999-06-30,TNE.AX,AUD,1999-06-30,1999-06-30,Q2,4865750.0,0.0,4865750.0,1.0,0.0,0.0,0.0,64000.0,0.0,0.0,0.0,0.0,4865750.0,1.0,4865750.0,1.0,64000.0,1394000.0,0.2864923187586703,1394000.0,922250.0,0.18953912552021784,0.00305,0.00305,302377049,302377049,,,1620598911,18:21:51,20210509
78,1999-03-31,TNE.AX,AUD,1999-03-31,1999-03-31,Q1,4865750.0,0.0,4865750.0,1.0,0.0,0.0,0.0,64000.0,0.0,0.0,0.0,0.0,4865750.0,1.0,4865750.0,1.0,64000.0,1394000.0,0.2864923187586703,1394000.0,922250.0,0.18953912552021784,0.00305,0.00305,302377049,302377049,,,1620598911,18:21:51,20210509
79,1999-01-31,TNE.AX,AUD,1999-01-31,1999-01-31,Q1,4865750.0,0.0,4865750.0,1.0,0.0,0.0,0.0,64000.0,0.0,0.0,0.0,0.0,4865750.0,1.0,4865750.0,1.0,64000.0,1394000.0,0.2864923187586703,1394000.0,922250.0,0.18953912552021784,0.00305,0.00305,302377049,302377049,,,1620598911,18:21:51,20210509
80,1998-09-30,TNE.AX,AUD,1998-09-30,1998-09-30,Q3,3259250.0,0.0,3259250.0,1.0,0.0,0.0,0.0,42250.0,0.0,0.0,0.0,0.0,3259250.0,1.0,3259250.0,1.0,42250.0,958500.0,0.29408606274449645,958500.0,647000.0,0.19851192759070338,0.00213325,0.00213325,303281250,303281250,,,1620598911,18:21:51,20210509
81,1998-06-30,TNE.AX,AUD,1998-06-30,1998-06-30,Q2,3259250.0,0.0,3259250.0,1.0,0.0,0.0,0.0,42250.0,0.0,0.0,0.0,0.0,3259250.0,1.0,3259250.0,1.0,42250.0,958500.0,0.29408606274449645,958500.0,647000.0,0.19851192759070338,0.00213325,0.00213325,303281250,303281250,,,1620598911,18:21:51,20210509
82,1998-03-31,TNE.AX,AUD,1998-03-31,1998-03-31,Q1,3259250.0,0.0,3259250.0,1.0,0.0,0.0,0.0,42250.0,0.0,0.0,0.0,0.0,3259250.0,1.0,3259250.0,1.0,42250.0,958500.0,0.29408606274449645,958500.0,647000.0,0.19851192759070338,0.00213325,0.00213325,303281250,303281250,,,1620598911,18:21:51,20210509
83,1998-01-31,TNE.AX,AUD,1998-01-31,1998-01-31,Q1,3259250.0,0.0,3259250.0,1.0,0.0,0.0,0.0,42250.0,0.0,0.0,0.0,0.0,3259250.0,1.0,3259250.0,1.0,42250.0,958500.0,0.29408606274449645,958500.0,647000.0,0.19851192759070338,0.00213325,0.00213325,303281250,303281250,,,1620598911,18:21:51,20210509
84,1997-09-30,TNE.AX,AUD,1997-09-30,1997-09-30,Q3,0.0,0.0,0.0,0.0,0.0,0.0,0.0,0.0,0.0,0.0,0.0,0.0,0.0,0.0,0.0,0.0,0.0,472250.0,0.0,472250.0,311000.0,0.0,0.0010275,0.001025,302700000,303414634,,,1620598911,18:21:51,20210509
85,1997-06-30,TNE.AX,AUD,1997-06-30,1997-06-30,Q2,0.0,0.0,0.0,0.0,0.0,0.0,0.0,0.0,0.0,0.0,0.0,0.0,0.0,0.0,0.0,0.0,0.0,472250.0,0.0,472250.0,311000.0,0.0,0.0010275,0.001025,302700000,303414634,,,1620598911,18:21:51,20210509
86,1997-03-31,TNE.AX,AUD,1997-03-31,1997-03-31,Q1,0.0,0.0,0.0,0.0,0.0,0.0,0.0,0.0,0.0,0.0,0.0,0.0,0.0,0.0,0.0,0.0,0.0,472250.0,0.0,472250.0,311000.0,0.0,0.0010275,0.001025,302700000,303414634,,,1620598911,18:21:51,20210509
87,1997-01-31,TNE.AX,AUD,1997-01-31,1997-01-31,Q1,0.0,0.0,0.0,0.0,0.0,0.0,0.0,0.0,0.0,0.0,0.0,0.0,0.0,0.0,0.0,0.0,0.0,472250.0,0.0,472250.0,311000.0,0.0,0.0010275,0.001025,302700000,303414634,,,1620598911,18:21:51,20210509
