,date,symbol,reportedCurrency,fillingDate,acceptedDate,period,revenue,costOfRevenue,grossProfit,grossProfitRatio,researchAndDevelopmentExpenses,generalAndAdministrativeExpenses,sellingAndMarketingExpenses,otherExpenses,operatingExpenses,costAndExpenses,interestExpense,depreciationAndAmortization,ebitda,ebitdaratio,operatingIncome,operatingIncomeRatio,totalOtherIncomeExpensesNet,incomeBeforeTax,incomeBeforeTaxRatio,incomeTaxExpense,netIncome,netIncomeRatio,eps,epsdiluted,weightedAverageShsOut,weightedAverageShsOutDil,link,finalLink,timestamp,est_time,est_date
0,2020-03-31,DO,USD,2020-05-04 00:00:00,2020-05-04 11:07:43,Q1,229170000,184511000,44659000,0.1948728018501549,0.0,16345000.0,0.0,1059262000.0,16345000.0,1075607000.0,32321000.0,93043000.0,-784796000.0,-3.4245145525155998,-877839000.0,-3.830514465244142,0.0,-877839000.0,-3.830514465244142,-15899000.0,-861940000.0,-3.761138019810621,-6.2536,-6.2536,137831000,137831000,https://www.sec.gov/Archives/edgar/data/949039/000156459020020673/0001564590-20-020673-index.html,https://www.sec.gov/Archives/edgar/data/949039/000156459020020673/do-10q_20200331.htm,1620591213,16:13:33,20210509
1,2019-12-31,DO,USD,2020-02-11 00:00:00,2020-02-11 15:55:32,Q4,276376000,217170000,59206000,0.21422265319709383,0.0,16442000.0,0.0,17537000.0,108075000.00000001,325245000.0,30650000.0,91752000.00000001,42883000.000000015,0.15516180855067016,-48869000.0,-0.17682070802095695,182000.0,-80672000.0,-0.29189220482241585,-5902000.0,-74770000.0,-0.2705372391235129,-0.54299,-0.54299,137700000,137700000,https://www.sec.gov/Archives/edgar/data/949039/000156459020004199/0001564590-20-004199-index.html,https://www.sec.gov/Archives/edgar/data/949039/000156459020004199/do-10k_20191231.htm,1620591213,16:13:33,20210509
2,2019-09-30,DO,USD,2019-10-28 00:00:00,2019-10-28 10:07:55,Q3,254020000,212991000,41029000,0.16151877804897252,0.0,18830000.0,0.0,11422000.0,113862999.99999997,326855000.0,31098000.0,88692999.99999999,15858999.999999985,0.062432091961262835,-72834000.0,-0.2867254546886072,82000.0,-102610000.0,-0.40394457129359895,-7482000.0,-95128000.0,-0.37449019762223446,-0.69087,-0.69087,137694000,137694000,https://www.sec.gov/Archives/edgar/data/949039/000156459019038037/0001564590-19-038037-index.html,https://www.sec.gov/Archives/edgar/data/949039/000156459019038037/do-10q_20190930.htm,1620591213,16:13:33,20210509
3,2019-06-30,DO,USD,2019-08-05 00:00:00,2019-08-05 10:10:41,Q2,216706000,234095000,-17389000,-0.08024235600306406,0.0,15294000.0,0.0,16057000.0,94111000.00000001,328205000.0,31159000.0,88253000.00000001,-23246999.999999985,-0.10727437172943982,-111500000.0,-0.5145219790868735,105000.0,-141342000.0,-0.65222928760625,-41554000.0,-113988000.0,-0.5260029717682021,-0.82785,-0.82785,137691000,137691000,https://www.sec.gov/Archives/edgar/data/949039/000156459019028565/0001564590-19-028565-index.html,https://www.sec.gov/Archives/edgar/data/949039/000156459019028565/do-10q_20190630.htm,1620591213,16:13:33,20210509
4,2019-03-31,DO,USD,2019-04-29 00:00:00,2019-04-29 10:34:22,Q1,233542000,174172000,59370000,0.25421551583869284,0.0,17312000.0,0.0,265357000.0,108496999.99999999,282669000.0,29925000.0,86898000.0,37771000.0,0.1617310804908753,-49127000.0,-0.2103561671990477,333000.0,-77390000.0,-0.33137508456722986,-4062000.0,-73328000.0,-0.31398206746538093,-0.53321,-0.53321,137522000,137522000,https://www.sec.gov/Archives/edgar/data/949039/000156459019013519/0001564590-19-013519-index.html,https://www.sec.gov/Archives/edgar/data/949039/000156459019013519/do-10q_20190331.htm,1620591213,16:13:33,20210509
5,2018-12-31,DO,USD,2019-02-13 00:00:00,2019-02-13 12:41:55,Q4,232522000,166827000,65695000,0.28253240553582026,0.0,15294000.0,0.0,254505000.0,102971999.99999999,269799000.0,0.0,86288999.99999999,49011999.999999985,0.21078435588890507,-37277000.0,-0.16031601310843704,36000.0,-66303000.0,-0.28514721187672565,33204000.0,-79207000.0,-0.34064303592778317,-0.57631,-0.57631,137438000,137438000,https://www.sec.gov/Archives/edgar/data/949039/000119312519037454/0001193125-19-037454-index.html,https://www.sec.gov/Archives/edgar/data/949039/000119312519037454/d675239d10k.htm,1620591213,16:13:33,20210509
6,2018-09-30,DO,USD,2018-11-05 00:00:00,2018-11-05 10:20:10,Q3,286300000,194000000,92300000,0.32238910234020257,0.0,33300000.0,0.0,276057000.0,115399999.99999999,309365000.0,0.0,81800000.00000001,58800000.000000015,0.20537897310513453,-23000000.0,-0.08033531260915124,-200000.0,-55900000.0,-0.1952497380370241,-4800000.0,-51100000.0,-0.1784841075794621,-0.37191,-0.37191,137400000,137400000,https://www.sec.gov/Archives/edgar/data/949039/000119312518317961/0001193125-18-317961-index.html,https://www.sec.gov/Archives/edgar/data/949039/000119312518317961/d576101d10q.htm,1620591213,16:13:33,20210509
7,2018-06-30,DO,USD,2018-07-30 00:00:00,2018-07-30 09:50:38,Q2,268900000,192700000,76100000,0.28300483451097064,0.0,18200000.0,0.0,303000000.0,128500000.0,321236000.0,0.0,81899999.99999999,29499999.999999985,0.1097062104871699,-52400000.0,-0.19486798066195612,300000.0,-79300000.0,-0.29490516920788395,-10000000.0,-69300000.0,-0.25771662328002976,-0.50437,-0.50437,137400000,137400000,https://www.sec.gov/Archives/edgar/data/949039/000119312518230634/0001193125-18-230634-index.html,https://www.sec.gov/Archives/edgar/data/949039/000119312518230634/d610834d10q.htm,1620591213,16:13:33,20210509
8,2018-03-31,DO,USD,2018-04-30 00:00:00,2018-04-30 09:41:59,Q1,295500000,192200000,103400000,0.34991539763113366,0.0,18500000.0,0.0,7470000.0,102800000.00000001,294998000.0,0.0,81800000.0,82300000.0,0.2785109983079526,500000.0,0.001692047377326565,600000.0,-25100000.0,-0.08494077834179357,-44500000.0,19300000.0,0.06531302876480541,0.14036,0.14036,137500000,137500000,https://www.sec.gov/Archives/edgar/data/949039/000119312518141235/0001193125-18-141235-index.html,https://www.sec.gov/Archives/edgar/data/949039/000119312518141235/d556977d10q.htm,1620591213,16:13:33,20210509
9,2017-12-31,DO,USD,2018-02-13 00:00:00,2018-02-13 11:00:51,Q4,346200000,212400000,133800000,0.38648180242634317,0.0,20200000.0,0.0,8256000.0,140200000.00000003,352593000.0,0.0,86199999.99999999,79799999.99999999,0.23050259965337952,-6400000.0,-0.01848642403235124,900000.0,-35100000.0,-0.10138648180242635,-98400000.0,-31900000.0,-0.09214326978625072,-0.23251,-0.23251,137200000,137200000,https://www.sec.gov/Archives/edgar/data/949039/000119312518041668/0001193125-18-041668-index.html,https://www.sec.gov/Archives/edgar/data/949039/000119312518041668/d529539d10k.htm,1620591213,16:13:33,20210509
10,2017-09-30,DO,USD,2017-10-30 00:00:00,2017-10-30 09:34:57,Q3,366000000,206300000,159700000,0.43633879781420765,0.0,17800000.0,0.0,8220000.0,136500000.0,307442000.0,0.0,83300000.00000001,106500000.00000001,0.2909836065573771,23200000.0,0.0633879781420765,1400000.0,-3800000.0,-0.010382513661202186,-14600000.0,10800000.0,0.029508196721311476,0.07872,0.07872,137200000,137200000,https://www.sec.gov/Archives/edgar/data/949039/000119312517324049/0001193125-17-324049-index.html,https://www.sec.gov/Archives/edgar/data/949039/000119312517324049/d460898d10q.htm,1620591213,16:13:33,20210509
11,2017-06-30,DO,USD,2017-07-31 00:00:00,2017-07-31 09:31:00,Q2,399300000,203000000,196300000,0.49161031805659905,0.0,19000000.0,0.0,6790000.0,175500000.0,378465000.0,0.0,85999999.99999999,106799999.99999999,0.26746806912096166,20800000.0,0.052091159529176055,-100000.0,-7000000.0,-0.017530678687703482,-23000000.0,15900000.0,0.039819684447783624,0.11589,0.11589,137200000,137200000,https://www.sec.gov/Archives/edgar/data/949039/000119312517241644/0001193125-17-241644-index.html,https://www.sec.gov/Archives/edgar/data/949039/000119312517241644/d407918d10q.htm,1620591213,16:13:33,20210509
12,2017-03-31,DO,USD,2017-05-01 00:00:00,2017-05-01 09:48:26,Q1,374200000,214000000,160200000,0.4281133083912346,0.0,17500000.0,0.0,10478000.0,109399999.99999999,323367000.0,0.0,93200000.0,144100000.0,0.3850881881346873,50900000.0,0.13602351683591662,-100000.0,24500000.0,0.06547300908605024,900000.0,23500000.0,0.06280064136825227,0.17116,0.17116,137300000,137300000,https://www.sec.gov/Archives/edgar/data/949039/000119312517150507/0001193125-17-150507-index.html,https://www.sec.gov/Archives/edgar/data/949039/000119312517150507/d369415d10q.htm,1620591213,16:13:33,20210509
13,2016-12-31,DO,USD,2017-02-16 00:00:00,2017-02-16 14:19:22,Q4,391900000,181100000,210800000,0.5378923194692523,0.0,14500000.0,0.0,6775000.0,106600000.0,287729000.0,0.0,86100000.00000001,190200000.0,0.4853278897677979,104100000.0,0.26562898698647613,500000.0,79900000.0,0.2038785404439908,-36200000.0,116100000.0,0.29624904312324574,0.84621,0.84621,137200000,137200000,https://www.sec.gov/Archives/edgar/data/949039/000119312517046486/0001193125-17-046486-index.html,https://www.sec.gov/Archives/edgar/data/949039/000119312517046486/d236529d10k.htm,1620591213,16:13:33,20210509
14,2016-09-30,DO,USD,2016-10-31 00:00:00,2016-10-31 09:39:07,Q3,349200000,194600000,154600000,0.4427262313860252,0.0,15200000.0,0.0,7965000.0,100500000.00000003,295107000.0,0.0,86399999.99999999,140500000.0,0.402348224513173,54100000.0,0.15492554410080184,300000.0,34700000.0,0.09936998854524627,20800000.0,13900000.0,0.03980526918671248,0.10124,0.10124,137300000,137300000,https://www.sec.gov/Archives/edgar/data/949039/000119312516752617/0001193125-16-752617-index.html,https://www.sec.gov/Archives/edgar/data/949039/000119312516752617/d436917d10q.htm,1620591213,16:13:33,20210509
15,2016-06-30,DO,USD,2016-08-01 00:00:00,2016-08-01 10:41:05,Q2,388700000,214900000,173900000,0.44738873166966814,0.0,18100000.0,0.0,16527000.0,800500000.0,1015416000.0,0.0,105100000.00000001,-521600000.0,-1.341908927193208,-626700000.0,-1.6122974015950604,-12000000.0,-666100000.0,-1.7136609210187805,-76200000.0,-589900000.0,-1.5176228453820426,-4.29956,-4.29956,137200000,137200000,https://www.sec.gov/Archives/edgar/data/949039/000119312516665982/0001193125-16-665982-index.html,https://www.sec.gov/Archives/edgar/data/949039/000119312516665982/d205835d10q.htm,1620591213,16:13:33,20210509
16,2016-03-31,DO,USD,2016-05-02 00:00:00,2016-05-02 14:50:37,Q1,470500000,239600000,230900000,0.4907545164718385,0.0,15400000.0,0.0,26791000.0,119400000.0,358974000.0,0.0,104200000.0,215800000.0,0.4586609989373007,111600000.0,0.23719447396386822,600000.0,83200000.0,0.17683315621679066,-4200000.0,87400000.0,0.18575982996811902,0.63703,0.63703,137200000,137200000,https://www.sec.gov/Archives/edgar/data/949039/000119312516572415/0001193125-16-572415-index.html,https://www.sec.gov/Archives/edgar/data/949039/000119312516572415/d135440d10q.htm,1620591213,16:13:33,20210509
17,2015-12-31,DO,USD,2016-02-19 00:00:00,2016-02-19 14:24:30,Q4,555600000,267500000,288000000,0.5183585313174947,0.0,15600000.0,0.0,11146000.0,628200000.0,895662000.0,0.0,114500000.0,-225600000.0,-0.4060475161987041,-340100000.0,-0.6121310295176385,200000.0,-360000000.0,-0.6479481641468683,-114600000.0,-245400000.0,-0.44168466522678185,-1.78863,-1.78863,137200000,137200000,https://www.sec.gov/Archives/edgar/data/949039/000119312516469774/0001193125-16-469774-index.html,https://www.sec.gov/Archives/edgar/data/949039/000119312516469774/d121018d10k.htm,1620591213,16:13:33,20210509
18,2015-09-30,DO,USD,2015-11-02 00:00:00,2015-11-02 12:20:32,Q3,609700000,288000000,321800000,0.527800557651304,0.0,16900000.0,0.0,10476000.0,140300000.0,428308000.0,0.0,118099999.99999997,299500000.0,0.49122519271773,181400000.0,0.29752337215023783,200000.0,159800000.0,0.2620961128423815,23300000.0,136400000.0,0.22371658192553714,0.99417,0.99417,137200000,137200000,https://www.sec.gov/Archives/edgar/data/949039/000119312515361803/0001193125-15-361803-index.html,https://www.sec.gov/Archives/edgar/data/949039/000119312515361803/d82680d10q.htm,1620591213,16:13:33,20210509
19,2015-06-30,DO,USD,2015-08-03 00:00:00,2015-08-03 15:59:26,Q2,634000000,357300000,276700000,0.4364353312302839,0.0,16500000.0,0.0,16336000.0,142599999.99999997,499911000.0,0.0,123300000.00000001,257400000.0,0.40599369085173503,134100000.0,0.21151419558359622,300000.0,106000000.0,0.167192429022082,15600000.0,90400000.0,0.14258675078864352,0.65889,0.65889,137200000,137200000,https://www.sec.gov/Archives/edgar/data/949039/000119312515274794/0001193125-15-274794-index.html,https://www.sec.gov/Archives/edgar/data/949039/000119312515274794/d39157d10q.htm,1620591213,16:13:33,20210509
20,2015-03-31,DO,USD,2015-05-04 00:00:00,2015-05-04 14:36:01,Q1,620100000,365200000,254800000,0.4109014675052411,0.0,17500000.0,0.0,20092000.0,524400000.0000001,889586000.0,0.0,137300000.0,-132200000.0,-0.21319142073859054,-269500000.0,-0.4346073213997742,200000.0,-287100000.0,-0.4629898403483309,-31400000.0,-255700000.0,-0.4123528463151105,-1.8637,-1.8637,137200000,137200000,https://www.sec.gov/Archives/edgar/data/949039/000119312515168679/0001193125-15-168679-index.html,https://www.sec.gov/Archives/edgar/data/949039/000119312515168679/d904699d10q.htm,1620591213,16:13:33,20210509
21,2014-12-31,DO,USD,2015-02-23,2015-02-23 16:14:10,Q4,675300000,359400000,316000000,0.4679401747371539,0.0,19900000.0,0.0,698000.0,153800000.00000006,513218000.0,0.0,131700000.0,293800000.0,0.435065896638531,162100000.0,0.24004146305345772,100000.0,153300000.0,0.22701021768103066,54400000.0,98800000.0,0.14630534577224938,0.71959,0.71959,137300000,137300000,https://www.sec.gov/Archives/edgar/data/949039/000119312515058154/d845162d10k.htm,https://www.sec.gov/Archives/edgar/data/949039/000119312515058154/d845162d10k.htm,1620591213,16:13:33,20210509
22,2014-09-30,DO,USD,2014-10-29 00:00:00,2014-10-29 11:58:59,Q3,737700000,411600000,326100000,0.44204961366409107,0.0,18600000.0,0.0,9437000.0,235699999.99999994,647266000.0,0.0,108900000.0,199300000.0,0.270164023315711,90400000.0,0.12254303917581673,100000.0,81600000.0,0.11061407076047174,29000000.0,52600000.0,0.07130269757353938,0.38366,0.38366,137100000,137100000,https://www.sec.gov/Archives/edgar/data/949039/000119312514386568/0001193125-14-386568-index.html,https://www.sec.gov/Archives/edgar/data/949039/000119312514386568/d780731d10q.htm,1620591213,16:13:33,20210509
23,2014-06-30,DO,USD,2014-07-29 00:00:00,2014-07-29 15:09:56,Q2,692200000,441300000,250900000,0.3624674949436579,0.0,20500000.0,0.0,42290000.0,117199999.99999999,558478000.0,0.0,108900000.0,242700000.0,0.35062120774342675,133800000.0,0.19329673504767408,200000.0,112600000.0,0.16266974862756428,22900000.0,89700000.0,0.12958682461716267,0.65427,0.65427,137100000,137100000,https://www.sec.gov/Archives/edgar/data/949039/000119312514284456/0001193125-14-284456-index.html,https://www.sec.gov/Archives/edgar/data/949039/000119312514284456/d741335d10q.htm,1620591213,16:13:33,20210509
24,2014-03-31,DO,USD,2014-04-30 00:00:00,2014-04-30 11:07:22,Q1,709400000,393700000,315700000,0.44502396391316607,0.0,22800000.0,0.0,23666000.0,129400000.00000003,523147000.0,0.0,107000000.0,293300000.0,0.4134479842120101,186300000.0,0.26261629546095294,300000.0,167700000.0,0.23639695517338596,21900000.0,145800000.0,0.20552579644770227,1.05271,1.05271,138500000,138500000,https://www.sec.gov/Archives/edgar/data/949039/000119312514170009/0001193125-14-170009-index.html,https://www.sec.gov/Archives/edgar/data/949039/000119312514170009/d704253d10q.htm,1620591213,16:13:33,20210509
25,2013-12-31,DO,USD,2014-02-24,2014-02-24 13:02:42,Q4,726500000,432100000,294400000,0.405230557467309,0.0,16200000.0,0.0,17969000.0,106699999.99999993,538828000.0,0.0,97000000.0,284700000.0,0.39187887130075705,187700000.0,0.2583620096352374,900000.0,180200000.0,0.2480385409497591,87600000.0,92600000.0,0.12746042670337232,0.66619,0.66619,139000000,139000000,https://www.sec.gov/Archives/edgar/data/949039/000119312514064415/d647029d10k.htm,https://www.sec.gov/Archives/edgar/data/949039/000119312514064415/d647029d10k.htm,1620591213,16:13:33,20210509
26,2013-09-30,DO,USD,2013-10-30 00:00:00,2013-10-30 11:58:21,Q3,706200000,439400000,266800000,0.37779665817048996,0.0,37800000.0,0.0,14904000.0,129399999.99999999,568813000.0,0.0,97100000.00000001,234500000.0,0.33205890682526196,137400000.0,0.19456244689889549,300000.0,131600000.0,0.18634947606910224,36800000.0,94700000.0,0.13409798923817615,0.68081,0.68081,139100000,139100000,https://www.sec.gov/Archives/edgar/data/949039/000119312513417697/0001193125-13-417697-index.html,https://www.sec.gov/Archives/edgar/data/949039/000119312513417697/d600202d10q.htm,1620591213,16:13:33,20210509
27,2013-06-30,DO,USD,2013-07-31 00:00:00,2013-07-31 12:37:20,Q2,758000000,381500000,376500000,0.4967018469656992,0.0,16400000.0,0.0,12805000.0,113699999.99999999,495159000.0,0.0,97200000.0,360100000.0,0.475065963060686,262900000.0,0.34683377308707125,700000.0,256300000.0,0.3381266490765171,71000000.0,185300000.0,0.24445910290237466,1.33214,1.33214,139100000,139100000,https://www.sec.gov/Archives/edgar/data/949039/000119312513312040/0001193125-13-312040-index.html,https://www.sec.gov/Archives/edgar/data/949039/000119312513312040/d553840d10q.htm,1620591213,16:13:33,20210509
28,2013-03-31,DO,USD,2013-05-01 00:00:00,2013-05-01 11:12:20,Q1,729700000,401900000,327800000,0.4492257091955598,0.0,16800000.0,0.0,29289000.0,114100000.00000001,516015000.0,0.0,96800000.0,310500000.0,0.42551733589146223,213700000.0,0.29286007948471976,-300000.0,206200000.0,0.2825818829656023,30200000.0,176000000.0,0.24119501164862273,1.26528,1.26528,139100000,139100000,https://www.sec.gov/Archives/edgar/data/949039/000119312513190618/0001193125-13-190618-index.html,https://www.sec.gov/Archives/edgar/data/949039/000119312513190618/d510264d10q.htm,1620591213,16:13:33,20210509
29,2012-12-31,DO,USD,2013-02-21 00:00:00,2013-02-21 15:34:44,Q4,750500000,387000000,363500000,0.4843437708194537,0.0,14800000.0,0.0,9427000.0,168600000.00000003,555575000.0,0.0,92799999.99999996,287799999.99999994,0.38347768154563616,195000000.0,0.2598267821452365,-200000.0,185000000.0,0.24650233177881412,29400000.0,155700000.0,0.20746169220519653,1.11934,1.11934,139100000,139100000,https://www.sec.gov/Archives/edgar/data/949039/000119312513069201/0001193125-13-069201-index.html,https://www.sec.gov/Archives/edgar/data/949039/000119312513069201/d448292d10k.htm,1620591213,16:13:33,20210509
30,2012-09-30,DO,USD,2012-10-25 00:00:00,2012-10-25 13:45:04,Q3,729100000,371800000,357300000,0.4900562337127966,0.0,13500000.0,0.0,14563000.0,112500000.0,484319000.0,0.0,99200000.00000001,344000000.0,0.4718145659031683,244800000.0,0.33575641201481277,-200000.0,234800000.0,0.32204087230832534,56700000.0,178200000.0,0.24441091756960637,1.28109,1.28109,139100000,139100000,https://www.sec.gov/Archives/edgar/data/949039/000119312512435123/0001193125-12-435123-index.html,https://www.sec.gov/Archives/edgar/data/949039/000119312512435123/d400166d10q.htm,1620591213,16:13:33,20210509
31,2012-06-30,DO,USD,2012-07-26 00:00:00,2012-07-26 12:07:53,Q2,738200000,416900000,321300000,0.43524790029802224,0.0,18300000.0,0.0,11637000.0,64100000.00000002,481004000.0,0.0,99500000.0,356700000.0,0.4832023841777296,257200000.0,0.34841506366838254,-300000.0,246800000.0,0.3343267407206719,45300000.0,201500000.0,0.2729612571118938,1.44964,1.44964,139000000,139000000,https://www.sec.gov/Archives/edgar/data/949039/000119312512316239/0001193125-12-316239-index.html,https://www.sec.gov/Archives/edgar/data/949039/000119312512316239/d359318d10q.htm,1620591213,16:13:33,20210509
32,2012-03-31,DO,USD,2012-04-26,2012-04-26 11:57:54,Q1,768600000,410300000,358400000,0.4663023679417122,0.0,17000000.0,0.0,13151000.0,92899999.99999999,503232000.0,0.0,101400000.0,366800000.0,0.4772313296903461,265400000.0,0.3453031485818371,-300000.0,251400000.0,0.32708821233411395,66300000.0,185200000.0,0.2409575852198803,1.33237,1.33237,139000000,139000000,https://www.sec.gov/Archives/edgar/data/949039/000119312512184730/d336668d10q.htm,https://www.sec.gov/Archives/edgar/data/949039/000119312512184730/d336668d10q.htm,1620591213,16:13:33,20210509
33,2011-12-31,DO,USD,2012-02-23 00:00:00,2012-02-23 15:11:30,Q4,748400000,420400000,328000000,0.43826830571886694,0.0,15000000.0,0.0,13609000.0,109700000.00000004,530081000.0,0.0,95100000.00000001,313400000.0,0.41876002137894175,218300000.0,0.2916889363976483,-900000.0,203500000.0,0.27191341528594337,15100000.0,188500000.0,0.25187065740245856,1.35612,1.35612,139000000,139000000,https://www.sec.gov/Archives/edgar/data/949039/000119312512075073/0001193125-12-075073-index.html,https://www.sec.gov/Archives/edgar/data/949039/000119312512075073/d264810d10k.htm,1620591213,16:13:33,20210509
34,2011-09-30,DO,USD,2011-10-27 00:00:00,2011-10-27 13:35:24,Q3,878200000,407600000,470600000,0.5358688225916648,0.0,19600000.0,0.0,16206000.0,120299999.99999996,527900000.0,0.0,101199999.99999999,451500000.0,0.5141197904805284,350300000.0,0.398884081074926,-100000.0,334800000.0,0.38123434297426556,78000000.0,256900000.0,0.29253017535868825,1.8482,1.8482,139000000,139000000,https://www.sec.gov/Archives/edgar/data/949039/000095012311092370/0000950123-11-092370-index.html,https://www.sec.gov/Archives/edgar/data/949039/000095012311092370/h84346e10vq.htm,1620591213,16:13:33,20210509
35,2011-06-30,DO,USD,2011-07-28 00:00:00,2011-07-28 10:55:53,Q2,889500000,407300000,482200000,0.5421023046655424,0.0,14700000.0,0.0,19287000.0,114599999.99999997,521900000.0,0.0,101100000.00000001,468700000.0,0.5269252388982575,367600000.0,0.41326587970770096,-900000.0,344000000.0,0.38673412029229903,77400000.0,266600000.0,0.29971894322653175,1.91661,1.91661,139100000,139100000,https://www.sec.gov/Archives/edgar/data/949039/000095012311069338/0000950123-11-069338-index.html,https://www.sec.gov/Archives/edgar/data/949039/000095012311069338/h82410e10vq.htm,1620591213,16:13:33,20210509
36,2011-03-31,DO,USD,2011-04-27 00:00:00,2011-04-27 15:46:09,Q1,806400000,379300000,427100000,0.5296378968253969,0.0,9300000.0,0.0,16950000.0,107800000.00000001,487124000.0,0.0,101200000.0,420500000.0,0.521453373015873,319300000.0,0.3959573412698413,800000.0,296800000.0,0.3680555555555556,46200000.0,250600000.0,0.3107638888888889,1.80158,1.80158,139100000,139100000,https://www.sec.gov/Archives/edgar/data/949039/000095012311040014/0000950123-11-040014-index.html,https://www.sec.gov/Archives/edgar/data/949039/000095012311040014/h80296e10vq.htm,1620591213,16:13:33,20210509
37,2010-12-31,DO,USD,2011-02-25,2011-02-25 15:46:38,Q4,841000000,398400000,442600000,0.5262782401902497,0.0,12300000.0,0.0,489158000.0,106900000.00000003,505256000.0,0.0,95899999.99999999,431600000.0,0.5131985731272295,335700000.0,0.39916765755053507,-2700000.0,310500000.0,0.3692033293697979,68800000.0,241700000.0,0.2873959571938169,1.73885,1.73885,139000000,139000000,https://www.sec.gov/Archives/edgar/data/949039/000095012311018663/h77909e10vk.htm,https://www.sec.gov/Archives/edgar/data/949039/000095012311018663/h77909e10vk.htm,1620591213,16:13:33,20210509
38,2010-09-30,DO,USD,2010-10-28 00:00:00,2010-10-28 13:06:38,Q3,799700000,400900000,398900000,0.4988120545204452,0.0,15000000.0,0.0,1341842000.0,81600000.00000001,1392344000.0,0.0,99200000.00000001,416400000.0,0.5206952607227711,317200000.0,0.3966487432787295,-200000.0,298600000.0,0.3733900212579717,100000000.0,198500000.0,0.24821808178066776,1.42806,1.42806,139000000,139000000,https://www.sec.gov/Archives/edgar/data/949039/000095012310097276/0000950123-10-097276-index.html,https://www.sec.gov/Archives/edgar/data/949039/000095012310097276/h75877e10vq.htm,1620591213,16:13:33,20210509
39,2010-06-30,DO,USD,2010-07-29 00:00:00,2010-07-29 16:17:15,Q2,822600000,362100000,460500000,0.5598103574033552,0.0,14100000.0,0.0,459947000.0,114699999.99999999,476796000.0,0.0,100699999.99999999,446500000.0,0.5427911500121566,345800000.0,0.4203744225626064,0.0,320900000.0,0.3901045465596888,96500000.0,224400000.0,0.2727935813274982,1.61323,1.61323,139100000,139100000,https://www.sec.gov/Archives/edgar/data/949039/000095012310069797/0000950123-10-069797-index.html,https://www.sec.gov/Archives/edgar/data/949039/000095012310069797/h73004e10vq.htm,1620591213,16:13:33,20210509
40,2010-03-31,DO,USD,2010-04-27 00:00:00,2010-04-27 17:15:41,Q1,859700000,320900000,538700000,0.6266139350936373,0.0,15600000.0,0.0,416350000.0,112100000.00000001,433004000.0,0.0,97400000.0,524100000.0,0.6096312667209491,426700000.0,0.49633593113876934,-100000.0,406000000.0,0.47225776433639644,115200000.0,290900000.0,0.3383738513434919,2.0913,2.0913,139100000,139100000,https://www.sec.gov/Archives/edgar/data/949039/000095012310038898/0000950123-10-038898-index.html,https://www.sec.gov/Archives/edgar/data/949039/000095012310038898/h70194e10vq.htm,1620591213,16:13:33,20210509
41,2009-12-31,DO,USD,2010-02-23 00:00:00,2010-02-23 15:21:42,Q4,890800000,335100000,555700000,0.6238212842388864,0.0,24600000.0,0.0,426780000.0,106500000.0,441584000.0,23174000.0,89399999.99999999,538600000.0,0.6046250561293219,449200000.0,0.5042658284687921,-1500000.0,419000000.0,0.47036371800628646,142900000.0,276100000.0,0.3099461158509205,1.9849,1.9849,139100000,139100000,https://www.sec.gov/Archives/edgar/data/949039/000095012310015699/0000950123-10-015699-index.html,https://www.sec.gov/Archives/edgar/data/949039/000095012310015699/h68600e10vk.htm,1620591213,16:13:33,20210509
42,2009-09-30,DO,USD,2009-10-27 00:00:00,2009-10-27 14:38:55,Q3,908400000,327000000,581400000,0.6400264200792602,0.0,15600000.0,0.0,413287000.0,101899999.99999999,428915000.0,14031000.0,86500000.0,566000000.0,0.6230735358872743,479500000.0,0.527851166886834,-300000.0,475300000.0,0.5232276530162924,111200000.0,364100000.0,0.400814619110524,2.61754,2.61754,139100000,139100000,https://www.sec.gov/Archives/edgar/data/949039/000095012309053579/0000950123-09-053579-index.html,https://www.sec.gov/Archives/edgar/data/949039/000095012309053579/h67774e10vq.htm,1620591213,16:13:33,20210509
43,2009-06-30,DO,USD,2009-07-29 00:00:00,2009-07-29 13:20:43,Q2,946400000,327300000,619100000,0.6541631445477599,0.0,16200000.0,0.0,412622000.0,101500000.0,428788000.0,11288000.0,85400000.0,603000000.0,0.6371513102282333,517600000.0,0.5469146238377007,-400000.0,520800000.0,0.5502958579881657,133400000.0,387400000.0,0.40934065934065933,2.78505,2.78505,139100000,139100000,https://www.sec.gov/Archives/edgar/data/949039/000095012309026820/0000950123-09-026820-index.html,https://www.sec.gov/Archives/edgar/data/949039/000095012309026820/h67413e10vq.htm,1620591213,16:13:33,20210509
44,2009-03-31,DO,USD,2009-04-28 00:00:00,2009-04-28 13:39:08,Q1,885700000,327500000,558300000,0.6303488765947838,0.0,16300000.0,0.0,412469000.0,101300000.00000001,428784000.0,1117000.0,85100000.0,542000000.0,0.6119453539573219,456900000.0,0.515863159083211,1100000.0,453300000.0,0.5117985773964097,104800000.0,348600000.0,0.39358699333860225,2.50611,2.50611,139100000,139100000,https://www.sec.gov/Archives/edgar/data/949039/000095012909001328/0000950129-09-001328-index.html,https://www.sec.gov/Archives/edgar/data/949039/000095012909001328/h66556e10vq.htm,1620591213,16:13:33,20210509
45,2008-12-31,DO,USD,2009-02-24 00:00:00,2009-02-24 16:04:55,Q4,903200000,327500000,575700000,0.6374003542958371,0.0,46700000.0,0.0,432277000.0,119600000.00000001,446985000.0,3870000.0,75199999.99999999,531300000.0,0.5882418069087688,456100000.0,0.5049822852081488,400000.0,403100000.0,0.4463020372010629,109700000.0,293300000.0,0.32473427812223205,2.10855,2.10855,139100000,139100000,https://www.sec.gov/Archives/edgar/data/949039/000095012909000536/0000950129-09-000536-index.html,https://www.sec.gov/Archives/edgar/data/949039/000095012909000536/h65874e10vk.htm,1620591213,16:13:33,20210509
46,2008-09-30,DO,USD,2008-10-28 00:00:00,2008-10-28 12:37:25,Q3,900400000,332400000,568000000,0.6308307418924922,0.0,13900000.0,0.0,410466000.0,92200000.00000004,424410000.0,2989000.0,72199999.99999999,548000000.0,0.6086183918258552,475800000.0,0.5284318080852954,600000.0,447400000.0,0.4968902709906708,136900000.0,310500000.0,0.3448467347845402,2.23221,2.23221,139100000,139100000,https://www.sec.gov/Archives/edgar/data/949039/000095012908005323/0000950129-08-005323-index.html,https://www.sec.gov/Archives/edgar/data/949039/000095012908005323/h64656e10vq.htm,1620591213,16:13:33,20210509
47,2008-06-30,DO,USD,2008-07-29 00:00:00,2008-07-29 12:53:44,Q2,954400000,290800000,663600000,0.6953059513830679,0.0,15800000.0,0.0,361217000.0,86300000.00000001,376985000.0,1895000.0,70800000.0,648000000.0,0.6789606035205364,577200000.0,0.6047778709136631,-100000.0,590800000.0,0.6190276613579212,174600000.0,416200000.0,0.43608549874266556,2.99209,2.99209,139100000,139100000,https://www.sec.gov/Archives/edgar/data/949039/000095012908004118/0000950129-08-004118-index.html,https://www.sec.gov/Archives/edgar/data/949039/000095012908004118/h58850e10vq.htm,1620591213,16:13:33,20210509
48,2008-03-31,DO,USD,2008-04-29 00:00:00,2008-04-29 12:11:08,Q1,786100000,300200000,485900000,0.6181147436712886,0.0,15700000.0,0.0,369194000.0,84900000.00000003,384916000.0,1342000.0,69200000.0,470200000.0,0.5981427299325786,401000000.0,0.5101132171479456,-200000.0,405800000.0,0.51621931052029,115300000.0,290500000.0,0.3695458593054319,2.08843,2.08843,139100000,139100000,https://www.sec.gov/Archives/edgar/data/949039/000095012908002485/0000950129-08-002485-index.html,https://www.sec.gov/Archives/edgar/data/949039/000095012908002485/h56201e10vq.htm,1620591213,16:13:33,20210509
49,2007-12-31,DO,USD,2008-02-25,2008-02-25 16:49:27,Q4,666700000,304000000,362700000,0.544022798860057,0.0,16200000.0,0.0,364472000.0,76699999.99999999,380710000.0,2232000.0,64100000.0,350100000.0,0.5251237438128094,286000000.0,0.42897855107244637,4300000.0,295600000.0,0.4433778311084446,130600000.0,164900000.0,0.24733763311834409,1.18633,1.18633,139000000,139000000,https://www.sec.gov/Archives/edgar/data/949039/000095012908001178/h53142e10vk.htm,https://www.sec.gov/Archives/edgar/data/949039/000095012908001178/h53142e10vk.htm,1620591213,16:13:33,20210509
50,2007-09-30,DO,USD,2007-10-30 00:00:00,2007-10-30 12:50:49,Q3,644000000,295700000,348300000,0.5408385093167701,0.0,13100000.0,0.0,352886000.0,70300000.00000001,365991000.0,2334000.0,57599999.99999999,335600000.0,0.5211180124223602,278000000.0,0.43167701863354035,2100000.0,288200000.0,0.4475155279503106,82700000.0,205500000.0,0.3190993788819876,1.47842,1.47842,139000000,139000000,https://www.sec.gov/Archives/edgar/data/949039/000095012907005165/0000950129-07-005165-index.html,https://www.sec.gov/Archives/edgar/data/949039/000095012907005165/h50889e10vq.htm,1620591213,16:13:33,20210509
51,2007-06-30,DO,USD,2007-07-31 00:00:00,2007-07-31 13:00:24,Q2,648900000,234300000,414600000,0.6389274156264447,0.0,12200000.0,0.0,289084000.0,67000000.0,301258000.0,3770000.0,58300000.0,405900000.0,0.6255201109570042,347600000.0,0.5356757589767298,1000000.0,352500000.0,0.5432269995376792,100500000.0,251900000.0,0.38819540761288335,1.81353,1.81353,138900000,138900000,https://www.sec.gov/Archives/edgar/data/949039/000095012907003630/0000950129-07-003630-index.html,https://www.sec.gov/Archives/edgar/data/949039/000095012907003630/h48573e10vq.htm,1620591213,16:13:33,20210509
52,2007-03-31,DO,USD,2007-04-30 00:00:00,2007-04-30 17:08:46,Q1,608200000,230100000,378100000,0.6216705031239724,0.0,12000000.0,0.0,284276000.0,66100000.0,296242000.0,10855000.0,55700000.0,367600000.0,0.6044064452482736,311900000.0,0.5128247287076619,-600000.0,310300000.0,0.5101940151266031,86100000.0,224200000.0,0.3686287405458731,1.61527,1.61527,138800000,138800000,https://www.sec.gov/Archives/edgar/data/949039/000095013707006352/0000950137-07-006352-index.html,https://www.sec.gov/Archives/edgar/data/949039/000095013707006352/h46023e10vq.htm,1620591213,16:13:33,20210509
53,2006-12-31,DO,USD,2007-02-23,2007-02-23 15:17:42,Q4,578200000,233200000,345000000,0.5966793497059841,0.0,11800000.0,0.0,283186000.0,61800000.00000001,294951000.0,5418000.0,51599999.99999999,334800000.0,0.5790383950190245,283200000.0,0.4897959183673469,5500000.0,294400000.0,0.5091663784157731,73100000.0,221400000.0,0.3829124870287098,1.5951,1.5951,138800000,138800000,https://www.sec.gov/Archives/edgar/data/949039/000095013407003960/h43845e10vk.htm,https://www.sec.gov/Archives/edgar/data/949039/000095013407003960/h43845e10vk.htm,1620591213,16:13:33,20210509
54,2006-09-30,DO,USD,2006-11-03,2006-11-03 12:07:02,Q3,514500000,238900000,275600000,0.5356656948493683,0.0,10000000.0,0.0,288350000.0,59400000.00000001,298309000.0,6128000.0,49800000.00000001,265900000.0,0.5168124392614188,216100000.0,0.42001943634596695,2800000.0,223000000.0,0.4334305150631681,58600000.0,164500000.0,0.3197278911564626,1.18516,1.18516,138800000,138800000,https://www.sec.gov/Archives/edgar/data/949039/000095012906009364/h40862e10vq.htm,https://www.sec.gov/Archives/edgar/data/949039/000095012906009364/h40862e10vq.htm,1620591213,16:13:33,20210509
55,2006-06-30,DO,USD,2006-08-01,2006-08-01 13:16:55,Q2,512200000,212000000,300200000,0.5860991800078095,0.0,9900000.0,0.0,264207000.0,62100000.00000002,274093000.0,5744000.0,49499999.99999999,287600000.0,0.5614994142912925,238100000.0,0.46485747754783285,1400000.0,242200000.0,0.4728621632174932,66400000.0,175700000.0,0.3430300663803202,1.26585,1.26585,138800000,138800000,https://www.sec.gov/Archives/edgar/data/949039/000095012906007419/h38260e10vq.htm,https://www.sec.gov/Archives/edgar/data/949039/000095012906007419/h38260e10vq.htm,1620591213,16:13:33,20210509
56,2006-03-31,DO,USD,2006-05-02,2006-05-02 15:19:34,Q1,447700000,185500000,262200000,0.5856600402054948,0.0,9900000.0,0.0,234846000.0,59300000.00000001,244787000.0,6806000.0,49600000.0,252500000.0,0.5639937458119276,202900000.0,0.45320527138708955,2400000.0,206700000.0,0.4616930980567344,61400000.0,145300000.0,0.32454768818405183,1.04683,1.04683,138800000,138800000,https://www.sec.gov/Archives/edgar/data/949039/000095012906004752/h35596e10vq.htm,https://www.sec.gov/Archives/edgar/data/949039/000095012906004752/h35596e10vq.htm,1620591213,16:13:33,20210509
57,2005-12-31,DO,USD,2006-02-24,2006-02-24 15:54:41,Q4,368300000,178100000,190300000,0.516698343741515,0.0,9600000.0,0.0,31466000.0,49300000.00000001,35869000.0,11542000.0,45799999.99999998,186699999.99999997,0.5069237035025793,140900000.0,0.38256855824056474,-3000000.0,137800000.0,0.3741515069237035,30900000.0,106900000.0,0.2902525115395058,0.77128,0.77128,138600000,138600000,https://www.sec.gov/Archives/edgar/data/949039/000095012906001804/h33397e10vk.htm,https://www.sec.gov/Archives/edgar/data/949039/000095012906001804/h33397e10vk.htm,1620591213,16:13:33,20210509
58,2005-09-30,DO,USD,2005-09-30,2005-09-30,Q3,310500000,168900000,141600000,0.45603864734299515,0.0,8900000.0,0.0,0.0,21000000.0,0.0,0.0,46400000.00000001,167000000.0,0.537842190016103,120600000.0,0.3884057971014493,1100000.0,119400000.0,0.38454106280193234,37400000.0,82000000.0,0.2640901771336554,0.59163,0.59163,138600000,138600000,,,1620591213,16:13:33,20210509
59,2005-06-30,DO,USD,2005-06-30,2005-06-30,Q2,283400000,171600000,111800000,0.3944954128440367,0.0,9200000.0,0.0,0.0,46900000.00000001,0.0,0.0,46000000.0,110900000.0,0.3913196894848271,64900000.0,0.22900494001411434,400000.0,55800000.0,0.19689484827099507,14500000.0,41300000.0,0.14573041637261822,0.29906,0.29906,138100000,138100000,,,1620591213,16:13:33,20210509
60,2005-03-31,DO,USD,2005-03-31,2005-03-31,Q1,258800000,155500000,103200000,0.3987635239567233,0.0,9500000.0,0.0,0.0,55300000.00000001,0.0,0.0,45500000.0,93500000.0,0.36128284389489956,48000000.0,0.18547140649149924,400000.0,43400000.0,0.16769706336939721,13200000.0,30100000.0,0.11630602782071098,0.21796,0.21796,138100000,138100000,,,1620591213,16:13:33,20210509
61,2004-12-31,DO,USD,2004-12-31,2004-12-31,Q4,237300000,168400000,68900000,0.29034976822587444,0.0,8500000.0,0.0,0.0,42099999.99999999,0.0,0.0,44700000.00000002,71600000.00000003,0.30172777075431956,26900000.0,0.11335861778339655,-700000.0,20900000.0,0.08807416772018542,9600000.0,11300000.0,0.047619047619047616,0.0878,0.0878,128700000,128700000,,,1620591213,16:13:33,20210509
62,2004-09-30,DO,USD,2004-09-30,2004-09-30,Q3,208200000,147200000,61000000,0.2929875120076849,0.0,6700000.0,0.0,0.0,53300000.00000001,0.0,0.0,45000000.0,52700000.0,0.2531219980787704,7700000.0,0.036983669548511046,100000.0,3000000.0,0.01440922190201729,0.0,2900000.0,0.013928914505283382,0.0225,0.0225,128900000,128900000,,,1620591213,16:13:33,20210509
63,2004-06-30,DO,USD,2004-06-30,2004-06-30,Q2,184900000,141000000,43900000,0.2374256354786371,0.0,8800000.0,0.0,0.0,53400000.00000001,0.0,0.0,44599999.99999999,35099999.99999999,0.18983234180638178,-9500000.0,-0.051379123850730124,-300000.0,-12700000.0,-0.06868577609518658,-2200000.0,-10500000.0,-0.05678745267712277,-0.08121,-0.08121,129300000,129300000,,,1620591213,16:13:33,20210509
64,2004-03-31,DO,USD,2004-03-31,2004-03-31,Q1,184200000,140900000,43300000,0.23507057546145493,0.0,8800000.0,0.0,0.0,53000000.0,0.0,0.0,44500000.0,34800000.0,0.18892508143322476,-9700000.0,-0.05266015200868621,-200000.0,-14700000.0,-0.07980456026058631,-3700000.0,-11000000.0,-0.05971769815418024,-0.08507,-0.08507,129300000,129300000,,,1620591213,16:13:33,20210509
65,2003-12-31,DO,USD,2003-12-31,2003-12-31,Q4,187700000,129200000,58500000,0.31166755460841766,0.0,6300000.0,0.0,0.0,49300000.00000001,0.0,0.0,43500000.0,52700000.0,0.2807671816728823,9200000.0,0.049014384656366546,0.0,4900000.0,0.02610548748002131,3600000.0,1300000.0,0.006925945657964837,0.01,0.01,130000000,130000000,,,1620591213,16:13:33,20210509
66,2003-09-30,DO,USD,2003-09-30,2003-09-30,Q3,183900000,135100000,48800000,0.2653616095704187,0.0,7200000.0,0.0,0.0,52000000.0,0.0,0.0,43300000.0,40100000.0,0.21805328983143013,-3200000.0,-0.017400761283306143,-100000.0,-13200000.0,-0.07177814029363784,-1700000.0,-11500000.0,-0.06253398586188146,-0.08819,-0.08819,130400000,130400000,,,1620591213,16:13:33,20210509
67,2003-06-30,DO,USD,2003-06-30,2003-06-30,Q2,163200000,130100000,33100000,0.2028186274509804,0.0,8200000.0,0.0,0.0,49700000.00000002,0.0,0.0,41500000.0,24900000.0,0.15257352941176472,-16600000.0,-0.1017156862745098,1300000.0,-18500000.0,-0.1133578431372549,-1800000.0,-16700000.0,-0.10232843137254902,-0.12807,-0.12807,130400000,130400000,,,1620591213,16:13:33,20210509
68,2003-03-31,DO,USD,2003-03-31,2003-03-31,Q1,146100000,119400000,26700000,0.18275154004106775,0.0,7200000.0,0.0,0.0,54500000.0,0.0,0.0,47300000.0,19600000.0,0.13415468856947296,-27700000.0,-0.189596167008898,1700000.0,-27500000.0,-0.18822724161533197,-5900000.0,-21600000.0,-0.14784394250513347,-0.16577,-0.16577,130300000,130300000,,,1620591213,16:13:33,20210509
69,2002-12-31,DO,USD,2002-12-31,2002-12-31,Q4,183000000,120000000,63100000,0.3448087431693989,0.0,7900000.0,0.0,0.0,52900000.00000001,0.0,0.0,45000000.0,55200000.0,0.3016393442622951,10200000.0,0.05573770491803279,900000.0,13600000.0,0.07431693989071038,7300000.0,6300000.0,0.03442622950819672,0.04831,0.04831,130400000,130400000,,,1620591213,16:13:33,20210509
70,2002-09-30,DO,USD,2002-09-30,2002-09-30,Q3,180200000,118400000,61800000,0.34295227524972255,0.0,7000000.0,0.0,0.0,52199999.99999999,0.0,0.0,45200000.0,54800000.0,0.30410654827968925,9600000.0,0.05327413984461709,-600000.0,31500000.0,0.17480577136514983,9800000.0,21700000.0,0.12042175360710322,0.12288,0.12288,176600000,176600000,,,1620591213,16:13:33,20210509
71,2002-06-30,DO,USD,2002-06-30,2002-06-30,Q2,187800000,127600000,60200000,0.32055378061767836,0.0,7400000.0,0.0,0.0,52000000.0,0.0,0.0,44599999.99999999,52799999.99999999,0.2811501597444089,8200000.0,0.043663471778487756,300000.0,18600000.0,0.09904153354632587,6600000.0,12000000.0,0.06389776357827476,0.09119,0.09119,131600000,131600000,,,1620591213,16:13:33,20210509
72,2002-03-31,DO,USD,2002-03-31,2002-03-31,Q1,201600000,128200000,73400000,0.36408730158730157,0.0,6600000.0,0.0,0.0,49300000.00000001,0.0,0.0,42700000.0,66700000.0,0.3308531746031746,24000000.0,0.11904761904761904,900000.0,32500000.0,0.16121031746031747,9900000.0,22600000.0,0.11210317460317461,0.15416,0.15416,146600000,146600000,,,1620591213,16:13:33,20210509
73,2001-12-31,DO,USD,2001-12-31,2001-12-31,Q4,261100000,164700000,96400000,0.36920720030639603,0.0,6500000.0,0.0,0.0,62300000.00000001,0.0,0.0,43099999.99999999,77200000.0,0.2956721562619686,34100000.0,0.13060130218307162,-6400000.0,61200000.0,0.2343929528916124,21400000.0,39800000.0,0.152432018383761,0.29992,0.29992,132700000,132700000,,,1620591213,16:13:33,20210509
74,2001-09-30,DO,USD,2001-09-30,2001-09-30,Q3,230600000,115700000,114900000,0.49826539462272335,0.0,6100000.0,0.0,0.0,49100000.00000001,0.0,0.0,43200000.0,109000000.0,0.47267996530789247,65800000.0,0.28534258456201217,6400000.0,79400000.0,0.3443191673894189,26000000.0,53400000.0,0.23156981786643538,0.35743,0.35743,149400000,149400000,,,1620591213,16:13:33,20210509
75,2001-06-30,DO,USD,2001-06-30,2001-06-30,Q2,227300000,114600000,112800000,0.49626044874615044,0.0,6100000.0,0.0,0.0,41400000.00000001,0.0,0.0,42100000.0,113400000.0,0.4989001319841619,71300000.0,0.31368235811702594,200000.0,65100000.0,0.2864056313242411,21400000.0,43800000.0,0.192696876374835,0.3078,0.3078,142300000,142300000,,,1620591213,16:13:33,20210509
76,2001-03-31,DO,USD,2001-03-31,2001-03-31,Q1,205200000,108700000,96500000,0.4702729044834308,0.0,6900000.0,0.0,0.0,42300000.0,0.0,0.0,41600000.0,95800000.0,0.4668615984405458,54200000.0,0.26413255360623783,-2900000.0,54700000.0,0.2665692007797271,17800000.0,36800000.0,0.1793372319688109,0.25734,0.25734,143000000,143000000,,,1620591213,16:13:33,20210509
77,2000-12-31,DO,USD,2000-12-31,2000-12-31,Q4,190900000,118100000,72900000,0.3818753273965427,0.0,6000000.0,0.0,0.0,40900000.00000001,0.0,0.0,35099999.99999999,66999999.99999999,0.3509690937663698,31900000.0,0.16710319539025667,1100000.0,43700000.0,0.2289156626506024,15000000.0,28700000.0,0.1503404924044002,0.19032,0.19032,150800000,150800000,,,1620591213,16:13:33,20210509
78,2000-09-30,DO,USD,2000-11-03 00:00:00,2000-11-03 00:00:00,Q3,157300000,111300000,46100000,0.2930705657978385,0.0,5900000.0,0.0,0.0,42800000.0,0.0,0.0,37000000.0,40300000.0,0.256198347107438,3300000.0,0.02097902097902098,-100000.0,16100000.0,0.10235219326128417,5600000.0,10500000.0,0.06675143038779402,0.07749,0.07749,135500000,135500000,https://www.sec.gov/Archives/edgar/data/949039/000095012900005244/0000950129-00-005244-index.html,https://www.sec.gov/Archives/edgar/data/949039/000095012900005244/h81364e10-q.txt,1620591213,16:13:33,20210509
79,2000-06-30,DO,USD,2000-08-08 00:00:00,2000-08-08 00:00:00,Q2,143300000,102900000,40400000,0.2819260293091417,0.0,5900000.0,0.0,0.0,42500000.0,0.0,0.0,36600000.0,34600000.0,0.24145150034891835,-2000000.0,-0.013956734124214934,-600000.0,5700000.0,0.03977669225401256,2000000.0,3600000.0,0.02512212142358688,0.02657,0.02657,135500000,135500000,https://www.sec.gov/Archives/edgar/data/949039/000095012900003979/0000950129-00-003979-index.html,https://www.sec.gov/Archives/edgar/data/949039/000095012900003979/e10-q.txt,1620591213,16:13:33,20210509
80,2000-03-31,DO,USD,2000-05-12 00:00:00,2000-05-12 00:00:00,Q1,167800000,100800000,67000000,0.399284862932062,0.0,6000000.0,0.0,0.0,28899999.99999999,0.0,0.0,36900000.0,75000000.0,0.4469606674612634,38100000.0,0.2270560190703218,-100000.0,45400000.0,0.27056019070321813,15900000.0,29500000.0,0.17580452920143028,0.20261,0.20261,145600000,145600000,https://www.sec.gov/Archives/edgar/data/949039/000095012900002382/0000950129-00-002382-index.html,https://www.sec.gov/Archives/edgar/data/949039/0000950129-00-002382.txt,1620591213,16:13:33,20210509
81,1999-12-31,DO,USD,1999-12-31,1999-12-31,Q4,170900000,106900000,64000000,0.37448800468110005,0.0,5600000.0,0.0,0.0,41000000.0,0.0,0.0,35599999.99999999,58599999.99999999,0.3428905792861322,23000000.0,0.13458162668227033,-9600000.0,20600000.0,0.12053832650672908,7400000.0,13200000.0,0.07723815096547688,0.0906,0.0906,145700000,145700000,,,1620591213,16:13:33,20210509
82,1999-09-30,DO,USD,1999-09-30,1999-09-30,Q3,206700000,115100000,91600000,0.4431543299467828,0.0,5400000.0,0.0,0.0,41400000.00000001,0.0,0.0,36000000.0,86200000.0,0.417029511369134,50200000.0,0.24286405418480891,1100000.0,58200000.0,0.28156748911465895,20400000.0,37800000.0,0.18287373004354138,0.25944,0.25944,145700000,145700000,,,1620591213,16:13:33,20210509
83,1999-06-30,DO,USD,1999-06-30,1999-06-30,Q2,215300000,98800000,116500000,0.5411054342777519,0.0,5900000.0,0.0,0.0,41600000.00000001,0.0,0.0,35700000.0,110600000.0,0.5137018114259173,74900000.0,0.3478866697631212,300000.0,81900000.0,0.38039944263817926,28600000.0,53200000.0,0.24709707385044125,0.36513,0.36513,145700000,145700000,,,1620591213,16:13:33,20210509
84,1999-03-31,DO,USD,1999-03-31,1999-03-31,Q1,228000000,110700000,117300000,0.5144736842105263,0.0,6000000.0,0.0,0.0,41600000.00000001,0.0,0.0,35700000.0,111500000.0,0.48903508771929827,75800000.0,0.33245614035087717,-1100000.0,79700000.0,0.3495614035087719,27900000.0,51800000.0,0.22719298245614036,0.35553,0.35553,145700000,145700000,,,1620591213,16:13:33,20210509
85,1998-12-31,DO,USD,1998-12-31,1998-12-31,Q4,283400000,126700000,156700000,0.5529287226534932,0.0,6300000.0,0.0,0.0,38499999.999999985,0.0,0.0,32200000.00000002,150500000.00000003,0.5310515172900495,118300000.0,0.41743119266055045,10900000.0,125900000.0,0.4442484121383204,43400000.0,82600000.0,0.29146083274523643,0.56692,0.56692,145700000,145700000,,,1620591213,16:13:33,20210509
86,1998-09-30,DO,USD,1998-09-30,1998-09-30,Q3,315800000,116500000,199300000,0.6310956301456618,0.0,6000000.0,0.0,0.0,39000000.0,0.0,0.0,33399999.99999999,193600000.0,0.6130462317922736,160200000.0,0.5072830905636478,10600000.0,167200000.0,0.5294490183660545,58500000.0,108700000.0,0.344205193160228,0.73695,0.73695,147500000,147500000,,,1620591213,16:13:33,20210509
87,1998-06-30,DO,USD,1998-06-30,1998-06-30,Q2,323500000,116100000,207400000,0.641112828438949,0.0,6200000.0,0.0,0.0,39000000.0,0.0,0.0,32700000.0,201200000.0,0.6219474497681607,168500000.0,0.5208655332302936,300000.0,172400000.0,0.5329211746522411,60800000.0,111700000.0,0.3452859350850077,0.74866,0.74866,149200000,149200000,,,1620591213,16:13:33,20210509
88,1998-03-31,DO,USD,1998-04-29 00:00:00,1998-04-29 00:00:00,Q1,286100000,125300000,160700000,0.5616917161831527,0.0,6800000.0,0.0,0.0,38700000.0,0.0,0.0,32000000.0,154000000.0,0.5382733310031458,122000000.0,0.4264243271583362,-100000.0,124600000.0,0.435512058720727,43900000.0,80700000.0,0.282069206571129,0.54088,0.54088,149200000,149200000,https://www.sec.gov/Archives/edgar/data/949039/000095012998001795/0000950129-98-001795-index.html,https://www.sec.gov/Archives/edgar/data/949039/0000950129-98-001795.txt,1620591213,16:13:33,20210509
89,1997-12-31,DO,USD,1997-12-31,1997-12-31,Q4,272300000,118500000,153900000,0.5651854572163055,0.0,7700000.0,0.0,0.0,33500000.0,0.0,0.0,26700000.000000004,147000000.0,0.5398457583547558,120300000.0,0.4417921410209328,6300000.0,123300000.0,0.4528094013955197,44000000.0,79300000.0,0.2912229159015791,0.53545,0.53545,148100000,148100000,,,1620591213,16:13:33,20210509
90,1997-09-30,DO,USD,1997-09-30,1997-09-30,Q3,250500000,99900000,150600000,0.6011976047904192,0.0,5000000.0,0.0,0.0,33599999.99999999,0.0,0.0,28599999.999999993,145600000.0,0.5812375249500998,117000000.0,0.46706586826347307,5900000.0,119300000.0,0.47624750499001994,41500000.0,77800000.0,0.31057884231536925,0.52145,0.52145,149200000,149200000,,,1620591213,16:13:33,20210509
91,1997-06-30,DO,USD,1997-06-30,1997-06-30,Q2,228500000,98200000,130300000,0.5702407002188183,0.0,4900000.0,0.0,0.0,32100000.00000001,0.0,0.0,27200000.0,125400000.0,0.5487964989059081,98200000.0,0.4297592997811816,5500000.0,100400000.0,0.43938730853391683,35200000.0,65200000.0,0.28533916849015317,0.43847,0.43847,148700000,148700000,,,1620591213,16:13:33,20210509
92,1997-03-31,DO,USD,1997-03-31,1997-03-31,Q1,204700000,89700000,115000000,0.5617977528089888,0.0,4900000.0,0.0,0.0,30700000.000000004,0.0,0.0,25800000.0,110100000.0,0.5378602833414753,84300000.0,0.41182217879824135,2700000.0,87000000.0,0.42501221299462627,30800000.0,56200000.0,0.27454811919882754,0.39356,0.39356,142800000,142800000,,,1620591213,16:13:33,20210509
93,1996-12-31,DO,USD,1996-12-31,1996-12-31,Q4,187000000,99500000,87400000,0.46737967914438505,0.0,5000000.0,0.0,0.0,3799999.999999997,0.0,0.0,23699999.999999996,107400000.0,0.574331550802139,83700000.0,0.4475935828877005,400000.0,81900000.0,0.4379679144385027,25700000.0,56200000.0,0.30053475935828877,0.41022,0.41022,137000000,137000000,,,1620591213,16:13:33,20210509
94,1996-09-30,DO,USD,1996-09-30,1996-09-30,Q3,170600000,94400000,76300000,0.44724501758499413,0.0,4100000.0,0.0,0.0,18699999.99999999,0.0,0.0,21600000.0,79100000.0,0.46365767878077374,57500000.0,0.33704572098475966,400000.0,57900000.0,0.33939038686987105,19400000.0,38500000.0,0.2256740914419695,0.28184,0.28184,136600000,136600000,,,1620591213,16:13:33,20210509
95,1996-06-30,DO,USD,1996-06-30,1996-06-30,Q2,147000000,81600000,65400000,0.4448979591836735,0.0,3400000.0,0.0,0.0,18800000.00000001,0.0,0.0,18400000.0,65000000.0,0.4421768707482993,46600000.0,0.31700680272108844,300000.0,46800000.0,0.3183673469387755,13800000.0,33000000.0,0.22448979591836735,0.26549,0.26549,124300000,124300000,,,1620591213,16:13:33,20210509
