,date,symbol,reportedCurrency,fillingDate,acceptedDate,period,revenue,costOfRevenue,grossProfit,grossProfitRatio,researchAndDevelopmentExpenses,generalAndAdministrativeExpenses,sellingAndMarketingExpenses,otherExpenses,operatingExpenses,costAndExpenses,interestExpense,depreciationAndAmortization,ebitda,ebitdaratio,operatingIncome,operatingIncomeRatio,totalOtherIncomeExpensesNet,incomeBeforeTax,incomeBeforeTaxRatio,incomeTaxExpense,netIncome,netIncomeRatio,eps,epsdiluted,weightedAverageShsOut,weightedAverageShsOutDil,link,finalLink,timestamp,est_time,est_date
0,2020-06-30,RCG,USD,2020-06-30,2020-06-30,Q1,48750.0,29410.0,19340.0,0.39671794871794874,0.0,86400.0,0.0,0.0,86400.0,115810.0,-2219130.0,0.0,-4505320.0,-92.416821,-67060.0,-1.3755897435897435,0.0,-2286190.0,-46.896205128205125,0.0,-2286190.0,-46.896205128205125,-0.38411,-0.38411,5951960.0,5951960.0,,,1620597104,17:51:44,20210509
1,2019-12-31,RCG,USD,2019-12-31,2019-12-31,Q4,49340.0,16810.0,32530.0,0.6593027969193352,0.0,88310.0,0.0,0.0,88310.0,105120.0,1152150.0,0.0,2248520.0,45.57195,-55780.0,-1.1305229023104986,0.0,1096370.0,22.220713417105795,0.0,1096370.0,22.220713417105795,0.1842,0.1842,5951960.0,5951960.0,,,1620597104,17:51:44,20210509
2,2019-06-30,RCG,USD,2019-06-30,2019-06-30,Q3,65730.0,32720.0,33010.0,0.5022059942187738,0.0,84080.0,0.0,0.0,84080.0,116800.0,647490.0,0.0,1243910.0,18.92454,-51070.0,-0.7769663776053553,0.0,596420.0,9.073786703179675,0.0,596420.0,9.073786703179675,0.10021,0.10021,5951960.0,5951960.0,,,1620597104,17:51:44,20210509
3,2018-12-31,RCG,USD,2018-12-31,2018-12-31,Q2,37460.0,25720.0,11740.0,0.3134009610250934,0.0,88060.0,0.0,-2340.0,85719.99999999999,111439.99999999999,993530.0,0.0,1913080.0,51.069941,-73980.0,-1.9749065670048052,0.0,919550.0,24.547517351841964,0.0,919550.0,24.547517351841964,0.20599,0.20599,4463970.0,4463970.0,,,1620597104,17:51:44,20210509
4,2018-06-30,RCG,USD,2018-06-30,2018-06-30,Q1,26210.0,30150.0,-3940.0,-0.15032430370087752,0.0,79560.0,0.0,0.0,79560.0,109710.0,1094390.0,0.0,2105270.0,80.323159,-83500.0,-3.1858069439145362,0.0,1010880.0,38.56848531095002,0.0,1010880.0,38.56848531095002,0.22645,0.22645,4463970.0,4463970.0,,,1620597104,17:51:44,20210509
5,2017-12-31,RCG,USD,2017-12-31,2017-12-31,Q4,19090.0,28650.0,-9560.0,-0.500785751702462,0.0,116090.0,0.0,0.0,116080.0,144730.0,208960.0,0.0,292270.0,15.31011,-125640.0,-6.581456259821897,0.0,83310.0,4.3640649554740705,0.0,83310.0,4.3640649554740705,0.01866,0.01866,4463970.0,4463970.0,,,1620597104,17:51:44,20210509
6,2017-06-30,RCG,USD,2017-06-30,2017-06-30,Q3,6910.0,167350.0,-160440.0,-23.218523878437047,0.0,103440.0,0.0,0.0,91750.0,259100.0,-624540.0,0.0,-1501270.0,-217.260492,-252190.0,-36.496382054992765,0.0,-876730.0,-126.87843704775688,0.0,-876730.0,-126.87843704775688,-0.1964,-0.1964,4463970.0,4463970.0,,,1620597104,17:51:44,20210509
7,2009-06-30,RCG,USD,2009-06-30,2009-06-30,Q2,50000.0,150000.0,-90000.0,-1.8,0.0,150000.0,0.0,0.0,150000.0,300000.0,-190000.0,0.0,-620000.0,-12.4,-250000.0,-5.0,0.0,-430000.0,-8.6,0.0,-430000.0,-8.6,-0.09534,-0.09534,4510000.0,4510000.0,,,1620597104,17:51:44,20210509
8,2009-03-31,RCG,USD,2009-05-12 00:00:00,2009-05-12 12:20:22,Q1,150000.0,300000.0,-150000.0,-1.0,0.0,70000.0,0.0,0.0,70000.0,370000.0,-370000.0,0.0,-960000.0,-6.4,-220000.0,-1.4666666666666666,0.0,-590000.0,-3.933333333333333,0.0,-590000.0,-3.933333333333333,-0.13229,-0.13229,4460000.0,4460000.0,https://www.sec.gov/Archives/edgar/data/919567/000091956709000022/0000919567-09-000022-index.html,https://www.sec.gov/Archives/edgar/data/919567/000091956709000022/renn310q1st2009.htm,1620597104,17:51:44,20210509
9,2008-12-31,RCG,USD,2009-03-30 00:00:00,2009-03-30 16:27:28,Q4,130000.0,190000.0,-60000.0,-0.46153846153846156,0.0,110000.0,0.0,0.0,109999.99999999999,300000.0,-3570000.0,0.0,-7310000.0,-56.230769,-170000.0,-1.3076923076923077,0.0,-3740000.0,-28.76923076923077,0.0,-3740000.0,-28.76923076923077,-0.83857,-0.83857,4460000.0,4460000.0,https://www.sec.gov/Archives/edgar/data/919567/000091956709000018/0000919567-09-000018-index.html,https://www.sec.gov/Archives/edgar/data/919567/000091956709000018/renn3200810k.htm,1620597104,17:51:44,20210509
10,2008-09-30,RCG,USD,2008-11-12 00:00:00,2008-11-12 12:21:24,Q3,170000.0,180000.0,-10000.0,-0.058823529411764705,0.0,80000.0,0.0,0.0,80000.00000000001,260000.00000000003,-5950000.0,0.0,-11990000.0,-70.529412,-90000.0,-0.5294117647058824,0.0,-6040000.0,-35.529411764705884,0.0,-6040000.0,-35.529411764705884,-1.35426,-1.35426,4460000.0,4460000.0,https://www.sec.gov/Archives/edgar/data/919567/000091956708000019/0000919567-08-000019-index.html,https://www.sec.gov/Archives/edgar/data/919567/000091956708000019/form10q3rd2008.htm,1620597104,17:51:44,20210509
11,2008-06-30,RCG,USD,2008-08-13 00:00:00,2008-08-13 15:28:24,Q2,140000.0,220000.0,-80000.0,-0.5714285714285714,0.0,150000.0,0.0,0.0,150000.0,370000.0,-4080000.0,0.0,-8390000.0,-59.928571,-230000.0,-1.6428571428571428,0.0,-4310000.0,-30.785714285714285,0.0,-4310000.0,-30.785714285714285,-0.96637,-0.96637,4460000.0,4460000.0,https://www.sec.gov/Archives/edgar/data/919567/000091956708000010/0000919567-08-000010-index.html,https://www.sec.gov/Archives/edgar/data/919567/000091956708000010/form10q2nd2008.htm,1620597104,17:51:44,20210509
12,2008-03-31,RCG,USD,2008-05-14 00:00:00,2008-05-13 17:46:24,Q1,140000.0,320000.0,-180000.0,-1.2857142857142858,0.0,100000.0,0.0,0.0,99999.99999999999,420000.0,-3630000.0,0.0,-7540000.0,-53.857143,-280000.0,-2.0,0.0,-3910000.0,-27.928571428571427,0.0,-3910000.0,-27.928571428571427,-0.87668,-0.87668,4460000.0,4460000.0,https://www.sec.gov/Archives/edgar/data/919567/000114420408028286/0001144204-08-028286-index.html,https://www.sec.gov/Archives/edgar/data/919567/000114420408028286/v113845_10q.htm,1620597104,17:51:44,20210509
13,2007-12-31,RCG,USD,2007-12-31,2007-12-31,Q4,180000.0,250000.0,-70000.0,-0.3888888888888889,0.0,90000.0,0.0,0.0,90000.00000000001,340000.0,-4850000.0,0.0,-9850000.0,-54.722222,-150000.0,-0.8333333333333334,0.0,-5010000.0,-27.833333333333332,1490000.0,-6490000.0,-36.05555555555556,-1.45516,-1.45516,4460000.0,4460000.0,,,1620597104,17:51:44,20210509
14,2007-09-30,RCG,USD,2007-11-13 00:00:00,2007-11-13 15:59:40,Q3,190000.0,260000.0,-70000.0,-0.3684210526315789,0.0,90000.0,0.0,0.0,89999.99999999997,349999.99999999994,-3870000.0,0.0,-7910000.0,-41.631579,-160000.0,-0.8421052631578947,0.0,-4040000.0,-21.263157894736842,0.0,-4040000.0,-21.263157894736842,-0.90583,-0.90583,4460000.0,4460000.0,https://www.sec.gov/Archives/edgar/data/919567/000114420407060432/0001144204-07-060432-index.html,https://www.sec.gov/Archives/edgar/data/919567/000114420407060432/v093422_10q.htm,1620597104,17:51:44,20210509
15,2007-06-30,RCG,USD,2007-08-14 00:00:00,2007-08-14 14:53:25,Q2,150000.0,310000.0,-160000.0,-1.0666666666666667,0.0,170000.0,0.0,0.0,169999.99999999997,480000.0,330000.0,0.0,340000.0,2.266667,-320000.0,-2.1333333333333333,0.0,10000.0,0.06666666666666667,0.0,10000.0,0.06666666666666667,0.00224,0.00224,4460000.0,4460000.0,https://www.sec.gov/Archives/edgar/data/919567/000114420407043299/0001144204-07-043299-index.html,https://www.sec.gov/Archives/edgar/data/919567/000114420407043299/v084428_10q.htm,1620597104,17:51:44,20210509
16,2007-03-31,RCG,USD,2007-05-15 00:00:00,2007-05-15 13:22:15,Q1,300000.0,330000.0,-30000.0,-0.1,0.0,90000.0,0.0,0.0,79999.99999999996,409999.99999999994,470000.0,0.0,830000.0,2.766667,-120000.0,-0.4,0.0,360000.0,1.2,0.0,360000.0,1.2,0.08072,0.08072,4460000.0,4460000.0,https://www.sec.gov/Archives/edgar/data/919567/000114420407025579/0001144204-07-025579-index.html,https://www.sec.gov/Archives/edgar/data/919567/000114420407025579/v075001_10q.htm,1620597104,17:51:44,20210509
17,2006-12-31,RCG,USD,2006-12-31,2006-12-31,Q4,340000.0,380000.0,-40000.0,-0.11764705882352941,0.0,3260000.0,0.0,0.0,3260000.0,3640000.0,4300000.0,0.0,5300000.0,15.588235,-3300000.0,-9.705882352941176,0.0,1010000.0,2.9705882352941178,6300000.0,-5300000.0,-15.588235294117647,-1.18834,-1.18834,4460000.0,4460000.0,,,1620597104,17:51:44,20210509
18,2006-09-30,RCG,USD,2006-09-30,2006-09-30,Q3,360000.0,380000.0,-20000.0,-0.05555555555555555,0.0,60000.0,0.0,0.0,60000.0,440000.0,-1510000.0,0.0,-3100000.0,-8.611111,-80000.0,-0.2222222222222222,0.0,-1590000.0,-4.416666666666667,0.0,-1590000.0,-4.416666666666667,-0.3565,-0.3565,4460000.0,4460000.0,,,1620597104,17:51:44,20210509
19,2006-06-30,RCG,USD,2006-06-30,2006-06-30,Q2,130000.0,450000.0,-320000.0,-2.4615384615384617,0.0,110000.0,0.0,0.0,119999.99999999994,569999.9999999999,2700000.0,0.0,4960000.0,38.153846,-430000.0,-3.3076923076923075,0.0,2260000.0,17.384615384615383,0.0,2260000.0,17.384615384615383,0.50673,0.50673,4460000.0,4460000.0,,,1620597104,17:51:44,20210509
20,2006-03-31,RCG,USD,2006-03-31,2006-03-31,Q1,120000.0,440000.0,-310000.0,-2.5833333333333335,0.0,60000.0,0.0,0.0,60000.0,500000.0,960000.0,0.0,1550000.0,12.916667,-370000.0,-3.0833333333333335,0.0,590000.0,4.916666666666667,0.0,590000.0,4.916666666666667,0.13229,0.13229,4460000.0,4460000.0,,,1620597104,17:51:44,20210509
21,2005-12-31,RCG,USD,2005-12-31,2005-12-31,Q4,330000.0,420000.0,-220000.0,-0.6666666666666666,0.0,1290000.0,0.0,0.0,1280000.0,1700000.0,-3330000.0,0.0,-8030000.0,-24.333333,-1370000.0,-4.151515151515151,0.0,-4700000.0,-14.242424242424242,0.0,-4700000.0,-14.242424242424242,-1.04911,-1.04911,4480000.0,4480000.0,,,1620597104,17:51:44,20210509
22,2005-09-30,RCG,USD,2005-09-30,2005-09-30,Q3,0.0,320000.0,-180000.0,-1.285714,0.0,170000.0,0.0,0.0,169999.99999999997,490000.0,1890000.0,0.0,3300000.0,10.071429,-480000.0,-3.428571,0.0,1410000.0,10.071429,0.0,1410000.0,10.071429,0.31614,0.31614,4460000.0,4460000.0,,,1620597104,17:51:44,20210509
23,2005-06-30,RCG,USD,2005-06-30,2005-06-30,Q2,150000.0,350000.0,-200000.0,-1.3333333333333333,0.0,30000.0,0.0,0.0,30000.000000000025,380000.0,1000000.0,0.0,1770000.0,11.8,-230000.0,-1.5333333333333334,0.0,770000.0,5.133333333333334,0.0,770000.0,5.133333333333334,0.17265,0.17265,4460000.0,4460000.0,,,1620597104,17:51:44,20210509
24,2005-03-31,RCG,USD,2005-03-31,2005-03-31,Q1,150000.0,420000.0,-260000.0,-1.7333333333333334,0.0,70000.0,0.0,0.0,70000.0,490000.0,-13170000.0,0.0,-26670000.0,-177.8,-340000.0,-2.2666666666666666,0.0,-13500000.0,-90.0,0.0,-13500000.0,-90.0,-3.06122,-3.06122,4410000.0,4410000.0,,,1620597104,17:51:44,20210509
25,2004-12-31,RCG,USD,2006-09-22,2006-09-22,Q4,250000.0,490000.0,-240000.0,-0.96,0.0,2570000.0,0.0,0.0,2570000.0000000005,3060000.0000000005,17890000.0,0.0,32980000.0,131.92,-2810000.0,-11.24,0.0,15090000.0,60.36,0.0,15090000.0,60.36,3.46897,3.46897,4350000.0,4350000.0,https://www.sec.gov/Archives/edgar/data/919567/000114420406039471/0001144204-06-039471-index.htm,https://www.sec.gov/Archives/edgar/data/919567/000114420406039471/v052926_10k.htm,1620597104,17:51:44,20210509
26,2004-09-30,RCG,USD,2004-09-30,2004-09-30,Q3,160000.0,460000.0,-310000.0,-1.9375,0.0,70000.0,0.0,0.0,70000.0,530000.0,-6060000.0,0.0,-12490000.0,-78.0625,-370000.0,-2.3125,0.0,-6430000.0,-40.1875,0.0,-6430000.0,-40.1875,-1.47816,-1.47816,4350000.0,4350000.0,,,1620597104,17:51:44,20210509
27,2004-06-30,RCG,USD,2006-12-19,2006-12-19,Q2,130000.0,590000.0,-460000.0,-3.5384615384615383,0.0,110000.0,0.0,0.0,109999.99999999999,700000.0,-13040000.0,0.0,-26650000.0,-205.0,-570000.0,-4.384615384615385,0.0,-13610000.0,-104.6923076923077,0.0,-13610000.0,-104.6923076923077,-3.12874,-3.12874,4350000.0,4350000.0,https://www.sec.gov/Archives/edgar/data/919567/000114420406053475/0001144204-06-053475-index.htm,https://www.sec.gov/Archives/edgar/data/919567/000114420406053475/v060385_10q.htm,1620597104,17:51:44,20210509
28,2004-03-31,RCG,USD,2004-03-31,2004-03-31,Q1,130000.0,550000.0,-420000.0,-3.230769230769231,0.0,100000.0,0.0,0.0,109999.99999999999,660000.0,24460000.0,0.0,48390000.0,372.230769,-530000.0,-4.076923076923077,0.0,23930000.0,184.07692307692307,0.0,23930000.0,184.07692307692307,5.50115,5.50115,4350000.0,4350000.0,,,1620597104,17:51:44,20210509
29,2003-12-31,RCG,USD,2003-12-31,2003-12-31,Q4,210000.0,430000.0,-220000.0,-1.0476190476190477,0.0,1480000.0,0.0,0.0,1480000.0,1910000.0,5250000.0,0.0,8800000.0,41.904762,-1710000.0,-8.142857142857142,0.0,3550000.0,16.904761904761905,0.0,3550000.0,16.904761904761905,0.81609,0.81609,4350000.0,4350000.0,,,1620597104,17:51:44,20210509
30,2003-09-30,RCG,USD,2003-09-30,2003-09-30,Q3,180000.0,350000.0,-170000.0,-0.9444444444444444,0.0,70000.0,0.0,0.0,70000.0,420000.0,15950000.0,0.0,31660000.0,175.888889,-240000.0,-1.3333333333333333,0.0,15710000.0,87.27777777777777,0.0,15710000.0,87.27777777777777,3.61149,3.61149,4350000.0,4350000.0,,,1620597104,17:51:44,20210509
31,2003-06-30,RCG,USD,2003-06-30,2003-06-30,Q2,190000.0,290000.0,-100000.0,-0.5263157894736842,0.0,120000.0,0.0,0.0,120000.0,410000.0,15190000.0,0.0,30160000.0,158.736842,-220000.0,-1.1578947368421053,0.0,14970000.0,78.78947368421052,0.0,14970000.0,78.78947368421052,3.44138,3.44138,4350000.0,4350000.0,,,1620597104,17:51:44,20210509
32,2003-03-31,RCG,USD,2003-03-31,2003-03-31,Q1,1410000.0,250000.0,1170000.0,0.8297872340425532,0.0,80000.0,0.0,0.0,70000.0,320000.0,-6580000.0,0.0,-12070000.0,-8.560284,1090000.0,0.7730496453900709,0.0,-5490000.0,-3.893617021276596,0.0,-5490000.0,-3.893617021276596,-1.26207,-1.26207,4350000.0,4350000.0,,,1620597104,17:51:44,20210509
33,2002-12-31,RCG,USD,2003-03-24,2003-03-24,Q4,120000.0,110000.0,10000.0,0.08333333333333333,0.0,150000.0,0.0,0.0,160000.00000000003,270000.00000000006,-280000.0,0.0,-710000.0,-5.916667,-140000.0,-1.1666666666666667,0.0,-430000.0,-3.5833333333333335,0.0,-430000.0,-3.5833333333333335,-0.09817,-0.09817,4380000.0,4380000.0,https://www.sec.gov/Archives/edgar/data/919567/000091956703000036/0000919567-03-000036-index.htm,https://www.sec.gov/Archives/edgar/data/919567/000091956703000036/renn10k-12312002.txt,1620597104,17:51:44,20210509
34,2002-09-30,RCG,USD,2002-11-13,2002-11-13,Q3,30000.0,230000.0,-200000.0,-6.666666666666667,0.0,90000.0,0.0,0.0,90000.0,320000.0,-10730000.0,0.0,-21750000.0,-725.0,-290000.0,-9.666666666666666,0.0,-11020000.0,-367.3333333333333,0.0,-11020000.0,-367.3333333333333,-2.52752,-2.52752,4360000.0,4360000.0,https://www.sec.gov/Archives/edgar/data/919567/000091956702000144/0000919567-02-000144-index.htm,https://www.sec.gov/Archives/edgar/data/919567/000091956702000144/form10-q09302002.txt,1620597104,17:51:44,20210509
35,2002-06-30,RCG,USD,2002-06-30,2002-06-30,Q2,120000.0,350000.0,-230000.0,-1.9166666666666667,0.0,160000.0,0.0,0.0,160000.00000000003,510000.00000000006,-2040000.0,0.0,-4460000.0,-37.166667,-390000.0,-3.25,0.0,-2420000.0,-20.166666666666668,0.0,-2420000.0,-20.166666666666668,-0.55889,-0.55889,4330000.0,4330000.0,,,1620597104,17:51:44,20210509
36,2002-03-31,RCG,USD,2002-05-15,2002-05-15,Q1,110000.0,340000.0,-230000.0,-2.090909090909091,0.0,90000.0,0.0,0.0,89999.99999999997,429999.99999999994,1420000.0,0.0,2520000.0,22.909091,-320000.0,-2.909090909090909,0.0,1100000.0,10.0,0.0,1100000.0,10.0,0.25229,0.25229,4360000.0,4360000.0,https://www.sec.gov/Archives/edgar/data/919567/000091956702000078/0000919567-02-000078-index.htm,https://www.sec.gov/Archives/edgar/data/919567/000091956702000078/form10-q033102.txt,1620597104,17:51:44,20210509
37,2001-12-31,RCG,USD,2001-12-31,2001-12-31,Q4,100000.0,310000.0,-220000.0,-2.2,0.0,130000.0,0.0,0.0,130000.0,440000.0,4020000.0,0.0,7700000.0,77.0,-350000.0,-3.5,0.0,3680000.0,36.8,0.0,3680000.0,36.8,0.84404,0.84404,4360000.0,4360000.0,,,1620597104,17:51:44,20210509
38,2001-09-30,RCG,USD,2001-11-13 00:00:00,2001-11-13 00:00:00,Q3,150000.0,290000.0,-140000.0,-0.9333333333333333,0.0,80000.0,0.0,0.0,80000.00000000001,370000.0,-170000.0,0.0,-560000.0,-3.733333,-220000.0,-1.4666666666666666,0.0,-390000.0,-2.6,0.0,-390000.0,-2.6,-0.08945,-0.08945,4360000.0,4360000.0,https://www.sec.gov/Archives/edgar/data/919567/000091956701500084/0000919567-01-500084-index.html,https://www.sec.gov/Archives/edgar/data/919567/000091956701500084/renn10q-093001.txt,1620597104,17:51:44,20210509
39,2001-06-30,RCG,USD,2001-08-14 00:00:00,2001-08-14 00:00:00,Q2,50000.0,310000.0,-260000.0,-5.2,0.0,1060000.0,0.0,0.0,1060000.0,1370000.0,7180000.0,0.0,13040000.0,260.8,-1320000.0,-26.4,0.0,5860000.0,117.2,0.0,5860000.0,117.2,1.34404,1.34404,4360000.0,4360000.0,https://www.sec.gov/Archives/edgar/data/919567/000091956701500032/0000919567-01-500032-index.html,https://www.sec.gov/Archives/edgar/data/919567/000091956701500032/form10q-063001.txt,1620597104,17:51:44,20210509
40,2001-03-31,RCG,USD,2001-03-31,2001-03-31,Q1,320000.0,250000.0,70000.0,0.21875,0.0,60000.0,0.0,0.0,70000.0,320000.0,390000.0,0.0,790000.0,2.46875,10000.0,0.03125,0.0,400000.0,1.25,0.0,400000.0,1.25,0.09174,0.09174,4360000.0,4360000.0,,,1620597104,17:51:44,20210509
41,2000-12-31,RCG,USD,2001-03-30,2001-03-30,Q4,380000.0,180000.0,200000.0,0.5263157894736842,0.0,1760000.0,0.0,0.0,1750000.0,1930000.0,-9920000.0,0.0,-21390000.0,-56.289474,-1550000.0,-4.078947368421052,0.0,-11470000.0,-30.18421052631579,0.0,-11470000.0,-30.18421052631579,-2.49891,-2.49891,4590000.0,4590000.0,https://www.sec.gov/Archives/edgar/data/919567/000091956701000014/0000919567-01-000014-index.htm,https://www.sec.gov/Archives/edgar/data/919567/000091956701000014/0000919567-01-000014-0001.txt,1620597104,17:51:44,20210509
42,2000-09-30,RCG,USD,2000-11-14 00:00:00,2000-11-14 00:00:00,Q3,410000.0,300000.0,110000.0,0.2682926829268293,0.0,80000.0,0.0,0.0,70000.0,370000.0,3600000.0,0.0,7240000.0,17.658537,40000.0,0.0975609756097561,0.0,3640000.0,8.878048780487806,0.0,3640000.0,8.878048780487806,0.87923,0.87923,4140000.0,4140000.0,https://www.sec.gov/Archives/edgar/data/919567/000091956700000129/0000919567-00-000129-index.html,https://www.sec.gov/Archives/edgar/data/919567/000091956700000129/0000919567-00-000129-0001.txt,1620597104,17:51:44,20210509
43,2000-06-30,RCG,USD,2000-08-15 00:00:00,2000-08-15 00:00:00,Q2,430000.0,300000.0,140000.0,0.32558139534883723,0.0,130000.0,0.0,0.0,130000.0,430000.0,-18680000.0,0.0,-37350000.0,-86.860465,10000.0,0.023255813953488372,0.0,-18670000.0,-43.41860465116279,0.0,-18670000.0,-43.41860465116279,-4.50966,-4.50966,4140000.0,4140000.0,https://www.sec.gov/Archives/edgar/data/919567/000091956700000116/0000919567-00-000116-index.html,https://www.sec.gov/Archives/edgar/data/919567/000091956700000116/0000919567-00-000116-0001.txt,1620597104,17:51:44,20210509
44,2000-03-31,RCG,USD,2000-05-15 00:00:00,2000-05-15 00:00:00,Q1,470000.0,410000.0,60000.0,0.1276595744680851,0.0,70000.0,0.0,0.0,70000.0,480000.0,31550000.0,0.0,63090000.0,134.234043,-10000.0,-0.02127659574468085,0.0,31540000.0,67.1063829787234,0.0,31540000.0,67.1063829787234,7.61836,7.61836,4140000.0,4140000.0,https://www.sec.gov/Archives/edgar/data/919567/000091956700000101/0000919567-00-000101-index.html,https://www.sec.gov/Archives/edgar/data/919567/0000919567-00-000101.txt,1620597104,17:51:44,20210509
45,1999-12-31,RCG,USD,1999-12-31,1999-12-31,Q4,440000.0,190000.0,250000.0,0.5681818181818182,0.0,2410000.0,0.0,0.0,2420000.0,2610000.0,2990000.0,0.0,3820000.0,8.681818,-2160000.0,-4.909090909090909,0.0,830000.0,1.8863636363636365,0.0,830000.0,1.8863636363636365,0.20048,0.20048,4140000.0,4140000.0,,,1620597104,17:51:44,20210509
46,1999-09-30,RCG,USD,1999-09-30,1999-09-30,Q3,140000.0,270000.0,-130000.0,-0.9285714285714286,0.0,70000.0,0.0,0.0,60000.0,330000.0,1420000.0,0.0,2650000.0,18.928571,-190000.0,-1.3571428571428572,0.0,1230000.0,8.785714285714286,0.0,1230000.0,8.785714285714286,0.2971,0.2971,4140000.0,4140000.0,,,1620597104,17:51:44,20210509
47,1999-06-30,RCG,USD,1999-06-30,1999-06-30,Q2,410000.0,260000.0,150000.0,0.36585365853658536,0.0,120000.0,0.0,0.0,120000.0,380000.0,5010000.0,0.0,10060000.0,24.536585,30000.0,0.07317073170731707,0.0,5050000.0,12.317073170731707,0.0,5050000.0,12.317073170731707,1.21981,1.21981,4140000.0,4140000.0,,,1620597104,17:51:44,20210509
48,1999-03-31,RCG,USD,1999-03-31,1999-03-31,Q1,720000.0,240000.0,480000.0,0.6666666666666666,0.0,140000.0,0.0,0.0,140000.0,380000.0,6090000.0,0.0,12520000.0,17.388889,340000.0,0.4722222222222222,0.0,6430000.0,8.930555555555555,0.0,6430000.0,8.930555555555555,1.55314,1.55314,4140000.0,4140000.0,,,1620597104,17:51:44,20210509
49,1998-12-31,RCG,USD,1999-03-31,1999-03-31,Q4,650000.0,180000.0,460000.0,0.7076923076923077,0.0,770000.0,0.0,0.0,770000.0,950000.0,4670000.0,0.0,9030000.0,13.892308,-310000.0,-0.47692307692307695,0.0,4360000.0,6.707692307692308,0.0,4360000.0,6.707692307692308,1.10101,1.10101,3960000.0,3960000.0,https://www.sec.gov/Archives/edgar/data/919567/0000919567-99-000022-index.html,https://www.sec.gov/Archives/edgar/data/919567/,1620597104,17:51:44,20210509
50,1998-09-30,RCG,USD,1998-11-18,1998-11-18,Q3,600000.0,170000.0,430000.0,0.7166666666666667,0.0,90000.0,0.0,0.0,90000.0,260000.0,-9760000.0,0.0,-19180000.0,-31.966667,340000.0,0.5666666666666667,0.0,-9420000.0,-15.7,0.0,-9420000.0,-15.7,-2.17051,-2.17051,4340000.0,4340000.0,https://www.sec.gov/Archives/edgar/data/919567/0000919567-98-000061-index.html,https://www.sec.gov/Archives/edgar/data/919567/,1620597104,17:51:44,20210509
51,1998-06-30,RCG,USD,1998-06-30,1998-06-30,Q2,670000.0,300000.0,380000.0,0.5671641791044776,0.0,140000.0,0.0,0.0,140000.0,440000.0,-320000.0,0.0,-410000.0,-0.61194,230000.0,0.34328358208955223,0.0,-90000.0,-0.13432835820895522,0.0,-90000.0,-0.13432835820895522,-0.02074,-0.02074,4340000.0,4340000.0,,,1620597104,17:51:44,20210509
52,1998-03-31,RCG,USD,1998-03-31,1998-03-31,Q1,910000.0,160000.0,740000.0,0.8131868131868132,0.0,130000.0,0.0,0.0,129999.99999999999,290000.0,7330000.0,0.0,15280000.0,16.791209,620000.0,0.6813186813186813,0.0,7950000.0,8.736263736263735,0.0,7950000.0,8.736263736263735,1.8318,1.8318,4340000.0,4340000.0,,,1620597104,17:51:44,20210509
53,1997-12-31,RCG,USD,1997-12-31,1997-12-31,Q4,730000.0,220000.0,500000.0,0.684931506849315,0.0,1300000.0,0.0,0.0,1300000.0,1520000.0,-1370000.0,0.0,-3530000.0,-4.835616,-790000.0,-1.082191780821918,0.0,-2160000.0,-2.958904109589041,0.0,-2160000.0,-2.958904109589041,-0.4977,-0.4977,4340000.0,4340000.0,,,1620597104,17:51:44,20210509
54,1997-09-30,RCG,USD,1997-09-30,1997-09-30,Q3,410000.0,230000.0,180000.0,0.43902439024390244,0.0,110000.0,0.0,0.0,110000.00000000001,340000.0,11040000.0,0.0,22150000.0,54.02439,70000.0,0.17073170731707318,0.0,11110000.0,27.097560975609756,0.0,11110000.0,27.097560975609756,2.55991,2.55991,4340000.0,4340000.0,,,1620597104,17:51:44,20210509
55,1997-06-30,RCG,USD,1997-06-30,1997-06-30,Q2,780000.0,180000.0,600000.0,0.7692307692307693,0.0,140000.0,0.0,0.0,140000.0,320000.0,-1680000.0,0.0,-2900000.0,-3.717949,470000.0,0.6025641025641025,0.0,-1220000.0,-1.564102564102564,0.0,-1220000.0,-1.564102564102564,-0.28111,-0.28111,4340000.0,4340000.0,,,1620597104,17:51:44,20210509
56,1997-03-31,RCG,USD,1997-03-31,1997-03-31,Q1,610000.0,190000.0,430000.0,0.7049180327868853,0.0,170000.0,0.0,0.0,169999.99999999997,360000.0,-6840000.0,0.0,-13420000.0,-22.0,250000.0,0.4098360655737705,0.0,-6580000.0,-10.78688524590164,0.0,-6580000.0,-10.78688524590164,-1.51613,-1.51613,4340000.0,4340000.0,,,1620597104,17:51:44,20210509
57,1996-12-31,RCG,USD,1996-12-31,1996-12-31,Q4,720000.0,220000.0,490000.0,0.6805555555555556,0.0,350000.0,0.0,0.0,350000.0,570000.0,8330000.0,0.0,16810000.0,23.347222,150000.0,0.20833333333333334,0.0,8480000.0,11.777777777777779,0.0,8480000.0,11.777777777777779,1.95843,1.95843,4330000.0,4330000.0,,,1620597104,17:51:44,20210509
58,1996-09-30,RCG,USD,1996-11-19,1996-11-19,Q3,740000.0,180000.0,560000.0,0.7567567567567568,0.0,110000.0,0.0,0.0,120000.0,300000.0,-960000.0,0.0,-1470000.0,-1.986486,450000.0,0.6081081081081081,0.0,-510000.0,-0.6891891891891891,0.0,-510000.0,-0.6891891891891891,-0.11778,-0.11778,4330000.0,4330000.0,https://www.sec.gov/Archives/edgar/data/919567/0000919567-96-000042-index.html,https://www.sec.gov/Archives/edgar/data/919567/,1620597104,17:51:44,20210509
59,1996-06-30,RCG,USD,1996-06-30,1996-06-30,Q2,780000.0,200000.0,580000.0,0.7435897435897436,0.0,200000.0,0.0,0.0,200000.0,400000.0,650000.0,0.0,1680000.0,2.153846,380000.0,0.48717948717948717,0.0,1030000.0,1.3205128205128205,0.0,1030000.0,1.3205128205128205,0.23788,0.23788,4330000.0,4330000.0,,,1620597104,17:51:44,20210509
