,date,symbol,reportedCurrency,fillingDate,acceptedDate,period,revenue,costOfRevenue,grossProfit,grossProfitRatio,researchAndDevelopmentExpenses,generalAndAdministrativeExpenses,sellingAndMarketingExpenses,otherExpenses,operatingExpenses,costAndExpenses,interestExpense,depreciationAndAmortization,ebitda,ebitdaratio,operatingIncome,operatingIncomeRatio,totalOtherIncomeExpensesNet,incomeBeforeTax,incomeBeforeTaxRatio,incomeTaxExpense,netIncome,netIncomeRatio,eps,epsdiluted,weightedAverageShsOut,weightedAverageShsOutDil,link,finalLink,timestamp,est_time,est_date
0,2020-09-30,RDH.AX,AUD,2020-09-30,2020-09-30,Q3,16154750.0,2978250.0,13176500.0,0.8156424581005587,0.0,9425750.0,458500.0,491500.0,1094250.0,0.0,559500.0,1796500.0,2014750.0,0.1247156409105681,218250.0,0.01350995837137684,-3809250.0,-4124750.0,-0.2553273804918058,786500.0,-4911250.0,-0.3040127516674662,-0.15446638308279453,-0.15446638308279453,31794944,31794944,,,1620597129,17:52:09,20210509
1,2020-06-30,RDH.AX,AUD,2020-06-30,2020-06-30,Q2,16154750.0,2978250.0,13176500.0,0.8156424581005587,0.0,9425750.0,458500.0,491500.0,1094250.0,0.0,559500.0,1796500.0,2014750.0,0.1247156409105681,218250.0,0.01350995837137684,-3809250.0,-4124750.0,-0.2553273804918058,786500.0,-4911250.0,-0.3040127516674662,-0.15446638308279453,-0.15446638308279453,31794944,31794944,,,1620597129,17:52:09,20210509
2,2020-03-31,RDH.AX,AUD,2020-03-31,2020-03-31,Q1,16154750.0,2978250.0,13176500.0,0.8156424581005587,0.0,9425750.0,458500.0,491500.0,1094250.0,0.0,559500.0,1796500.0,2014750.0,0.1247156409105681,218250.0,0.01350995837137684,-3809250.0,-4124750.0,-0.2553273804918058,786500.0,-4911250.0,-0.3040127516674662,-0.15446638308279453,-0.15446638308279453,31794944,31794944,,,1620597129,17:52:09,20210509
3,2020-01-31,RDH.AX,AUD,2020-01-31,2020-01-31,Q1,16154750.0,2978250.0,13176500.0,0.8156424581005587,0.0,9425750.0,458500.0,491500.0,1094250.0,0.0,559500.0,1796500.0,2014750.0,0.1247156409105681,218250.0,0.01350995837137684,-3809250.0,-4124750.0,-0.2553273804918058,786500.0,-4911250.0,-0.3040127516674662,-0.15446638308279453,-0.15446638308279453,31794944,31794944,,,1620597129,17:52:09,20210509
4,2019-06-30,RDH.AX,AUD,2019-06-30,2019-06-30,Q2,14958500.0,2538250.0,12420250.0,0.8303138683691547,0.0,9868000.0,514500.0,0.0,839500.0,0.0,1000.0,498000.0,976500.0,0.06528060968680015,478500.0,0.03198850152087442,-221750.0,514500.0,0.0343951599425076,137750.0,376750.0,0.025186348898619513,0.0233625,0.02319325,31794944,32024378,,,1620597129,17:52:09,20210509
5,2019-03-31,RDH.AX,AUD,2019-03-31,2019-03-31,Q1,14958500.0,2538250.0,12420250.0,0.8303138683691547,0.0,9868000.0,514500.0,0.0,839500.0,0.0,1000.0,498000.0,976500.0,0.06528060968680015,478500.0,0.03198850152087442,-221750.0,514500.0,0.0343951599425076,137750.0,376750.0,0.025186348898619513,0.0233625,0.02319325,31794944,32024378,,,1620597129,17:52:09,20210509
6,2019-01-31,RDH.AX,AUD,2019-01-31,2019-01-31,Q1,14958500.0,2538250.0,12420250.0,0.8303138683691547,0.0,9868000.0,514500.0,0.0,839500.0,0.0,1000.0,498000.0,976500.0,0.06528060968680015,478500.0,0.03198850152087442,-221750.0,514500.0,0.0343951599425076,137750.0,376750.0,0.025186348898619513,0.0233625,0.02319325,31794944,32024378,,,1620597129,17:52:09,20210509
7,2018-06-30,RDH.AX,AUD,2018-06-30,2018-06-30,Q2,13605250.0,2378500.0,11226750.0,0.8251777806361514,0.0,8145750.0,587250.0,-131000.0,839000.0,0.0,250.0,450750.0,1654750.0,0.12162584296503189,1204000.0,0.08849524999540619,-131000.0,1247000.0,0.09165579463809927,369500.0,877500.0,0.06449716102239944,0.027856,0.02756625,31500121,31832501,,,1620597129,17:52:09,20210509
8,2018-03-31,RDH.AX,AUD,2018-03-31,2018-03-31,Q1,13605250.0,2378500.0,11226750.0,0.8251777806361514,0.0,8145750.0,587250.0,-131000.0,839000.0,0.0,250.0,450750.0,1654750.0,0.12162584296503189,1204000.0,0.08849524999540619,-131000.0,1247000.0,0.09165579463809927,369500.0,877500.0,0.06449716102239944,0.027856,0.02756625,31500121,31832501,,,1620597129,17:52:09,20210509
9,2018-01-31,RDH.AX,AUD,2018-01-31,2018-01-31,Q1,13605250.0,2378500.0,11226750.0,0.8251777806361514,0.0,8145750.0,587250.0,-131000.0,839000.0,0.0,250.0,450750.0,1654750.0,0.12162584296503189,1204000.0,0.08849524999540619,-131000.0,1247000.0,0.09165579463809927,369500.0,877500.0,0.06449716102239944,0.027856,0.02756625,31500121,31832501,,,1620597129,17:52:09,20210509
10,2017-06-30,RDH.AX,AUD,2017-06-30,2017-06-30,Q2,10366250.0,1771250.0,8595000.0,0.8291330037380924,0.0,6503750.0,514750.0,-145250.0,604750.0,0.0,750.0,391750.0,971750.0,0.09374170987579887,580000.0,0.055950801881104545,-145250.0,580000.0,0.055950801881104545,145750.0,434250.0,0.041890751235982154,0.0138435,0.0138435,31342596,31342596,,,1620597129,17:52:09,20210509
11,2017-03-31,RDH.AX,AUD,2017-03-31,2017-03-31,Q1,10366250.0,1771250.0,8595000.0,0.8291330037380924,0.0,6503750.0,514750.0,-145250.0,604750.0,0.0,750.0,391750.0,971750.0,0.09374170987579887,580000.0,0.055950801881104545,-145250.0,580000.0,0.055950801881104545,145750.0,434250.0,0.041890751235982154,0.0138435,0.0138435,31342596,31342596,,,1620597129,17:52:09,20210509
12,2017-01-31,RDH.AX,AUD,2017-01-31,2017-01-31,Q1,10366250.0,1771250.0,8595000.0,0.8291330037380924,0.0,6503750.0,514750.0,-145250.0,604750.0,0.0,750.0,391750.0,971750.0,0.09374170987579887,580000.0,0.055950801881104545,-145250.0,580000.0,0.055950801881104545,145750.0,434250.0,0.041890751235982154,0.0138435,0.0138435,31342596,31342596,,,1620597129,17:52:09,20210509
13,2016-06-30,RDH.AX,AUD,2016-06-30,2016-06-30,Q2,7067250.0,980250.0,6087000.0,0.8612968269128728,0.0,4740250.0,454000.0,-87250.0,516750.0,0.0,2000.0,336250.0,376000.0,0.053203155399908025,39750.0,0.0056245357104955955,-87250.0,50500.0,0.007145636563019562,-32000.0,82500.0,0.01167356468216067,0.0026335,0.0026335,31309432,31309432,,,1620597129,17:52:09,20210509
14,2016-03-31,RDH.AX,AUD,2016-03-31,2016-03-31,Q1,7067250.0,980250.0,6087000.0,0.8612968269128728,0.0,4740250.0,454000.0,-87250.0,516750.0,0.0,2000.0,336250.0,376000.0,0.053203155399908025,39750.0,0.0056245357104955955,-87250.0,50500.0,0.007145636563019562,-32000.0,82500.0,0.01167356468216067,0.0026335,0.0026335,31309432,31309432,,,1620597129,17:52:09,20210509
15,2016-01-31,RDH.AX,AUD,2016-01-31,2016-01-31,Q1,7067250.0,980250.0,6087000.0,0.8612968269128728,0.0,4740250.0,454000.0,-87250.0,516750.0,0.0,2000.0,336250.0,376000.0,0.053203155399908025,39750.0,0.0056245357104955955,-87250.0,50500.0,0.007145636563019562,-32000.0,82500.0,0.01167356468216067,0.0026335,0.0026335,31309432,31309432,,,1620597129,17:52:09,20210509
16,2015-09-30,RDH.AX,AUD,2015-09-30,2015-09-30,Q3,5662750.0,646500.0,5016250.0,0.8858328550615867,0.0,3495500.0,340000.0,-97250.0,428250.0,0.0,2000.0,182500.0,752500.0,0.13288596529954527,570000.0,0.10065780760231337,-97250.0,603750.0,0.10661780936823981,190750.0,413000.0,0.0729327623504481,0.01321525,0.01321525,31244787,31244787,,,1620597129,17:52:09,20210509
17,2015-06-30,RDH.AX,AUD,2015-06-30,2015-06-30,Q2,5662750.0,646500.0,5016250.0,0.8858328550615867,0.0,3495500.0,340000.0,-97250.0,428250.0,0.0,2000.0,182500.0,752500.0,0.13288596529954527,570000.0,0.10065780760231337,-97250.0,603750.0,0.10661780936823981,190750.0,413000.0,0.0729327623504481,0.01321525,0.01321525,31244787,31244787,,,1620597129,17:52:09,20210509
18,2015-03-31,RDH.AX,AUD,2015-03-31,2015-03-31,Q1,5662750.0,646500.0,5016250.0,0.8858328550615867,0.0,3495500.0,340000.0,-97250.0,428250.0,0.0,2000.0,182500.0,752500.0,0.13288596529954527,570000.0,0.10065780760231337,-97250.0,603750.0,0.10661780936823981,190750.0,413000.0,0.0729327623504481,0.01321525,0.01321525,31244787,31244787,,,1620597129,17:52:09,20210509
19,2015-01-31,RDH.AX,AUD,2015-01-31,2015-01-31,Q1,5662750.0,646500.0,5016250.0,0.8858328550615867,0.0,3495500.0,340000.0,-97250.0,428250.0,0.0,2000.0,182500.0,752500.0,0.13288596529954527,570000.0,0.10065780760231337,-97250.0,603750.0,0.10661780936823981,190750.0,413000.0,0.0729327623504481,0.01321525,0.01321525,31244787,31244787,,,1620597129,17:52:09,20210509
20,2014-09-30,RDH.AX,AUD,2014-09-30,2014-09-30,Q3,4779250.0,516250.0,4263000.0,0.8919809593555474,0.0,2955250.0,252000.0,-105500.0,377500.0,0.0,750.0,156750.0,678250.0,0.14191557252707016,521500.0,0.10911753936287075,-105500.0,545250.0,0.11408693832714338,-658750.0,1204000.0,0.2519223727572318,0.038583,0.0385105,31212996,31264209,,,1620597129,17:52:09,20210509
21,2014-06-30,RDH.AX,AUD,2014-06-30,2014-06-30,Q2,4779250.0,516250.0,4263000.0,0.8919809593555474,0.0,2955250.0,252000.0,-105500.0,377500.0,0.0,750.0,156750.0,678250.0,0.14191557252707016,521500.0,0.10911753936287075,-105500.0,545250.0,0.11408693832714338,-658750.0,1204000.0,0.2519223727572318,0.038583,0.0385105,31212996,31264209,,,1620597129,17:52:09,20210509
22,2014-03-31,RDH.AX,AUD,2014-03-31,2014-03-31,Q1,4779250.0,516250.0,4263000.0,0.8919809593555474,0.0,2955250.0,252000.0,-105500.0,377500.0,0.0,750.0,156750.0,678250.0,0.14191557252707016,521500.0,0.10911753936287075,-105500.0,545250.0,0.11408693832714338,-658750.0,1204000.0,0.2519223727572318,0.038583,0.0385105,31212996,31264209,,,1620597129,17:52:09,20210509
23,2014-01-31,RDH.AX,AUD,2014-01-31,2014-01-31,Q1,4779250.0,516250.0,4263000.0,0.8919809593555474,0.0,2955250.0,252000.0,-105500.0,377500.0,0.0,750.0,156750.0,678250.0,0.14191557252707016,521500.0,0.10911753936287075,-105500.0,545250.0,0.11408693832714338,-658750.0,1204000.0,0.2519223727572318,0.038583,0.0385105,31212996,31264209,,,1620597129,17:52:09,20210509
24,2013-09-30,RDH.AX,AUD,2013-09-30,2013-09-30,Q3,3427250.0,477250.0,2950000.0,0.8607484134510176,0.0,2631250.0,218250.0,580500.0,357750.0,0.0,0.0,554500.0,-257250.0,-0.07506017944416077,-811750.0,-0.2368517032606317,580500.0,-213250.0,-0.06222189802319644,5250.0,-218500.0,-0.06375373842001605,-0.00722375,-0.00722375,30285368,30285368,,,1620597129,17:52:09,20210509
25,2013-06-30,RDH.AX,AUD,2013-06-30,2013-06-30,Q2,3427250.0,477250.0,2950000.0,0.8607484134510176,0.0,2631250.0,218250.0,580500.0,357750.0,0.0,0.0,554500.0,-257250.0,-0.07506017944416077,-811750.0,-0.2368517032606317,580500.0,-213250.0,-0.06222189802319644,5250.0,-218500.0,-0.06375373842001605,-0.00722375,-0.00722375,30285368,30285368,,,1620597129,17:52:09,20210509
26,2013-03-31,RDH.AX,AUD,2013-03-31,2013-03-31,Q1,3427250.0,477250.0,2950000.0,0.8607484134510176,0.0,2631250.0,218250.0,580500.0,357750.0,0.0,0.0,554500.0,-257250.0,-0.07506017944416077,-811750.0,-0.2368517032606317,580500.0,-213250.0,-0.06222189802319644,5250.0,-218500.0,-0.06375373842001605,-0.00722375,-0.00722375,30285368,30285368,,,1620597129,17:52:09,20210509
27,2013-01-31,RDH.AX,AUD,2013-01-31,2013-01-31,Q1,3427250.0,477250.0,2950000.0,0.8607484134510176,0.0,2631250.0,218250.0,580500.0,357750.0,0.0,0.0,554500.0,-257250.0,-0.07506017944416077,-811750.0,-0.2368517032606317,580500.0,-213250.0,-0.06222189802319644,5250.0,-218500.0,-0.06375373842001605,-0.00722375,-0.00722375,30285368,30285368,,,1620597129,17:52:09,20210509
28,2012-09-30,RDH.AX,AUD,2012-09-30,2012-09-30,Q3,3123750.0,504750.0,2619000.0,0.8384153661464586,0.0,2617000.0,249000.0,465000.0,554250.0,0.0,0.0,545000.0,-801250.0,-0.25650260104041617,-1346250.0,-0.4309723889555822,-291250.0,-1606250.0,-0.5142056822729092,489500.0,-2095750.0,-0.6709083633453381,-0.07501575,-0.07501575,27939141,27939141,,,1620597129,17:52:09,20210509
29,2012-06-30,RDH.AX,AUD,2012-06-30,2012-06-30,Q2,3123750.0,504750.0,2619000.0,0.8384153661464586,0.0,2617000.0,249000.0,465000.0,554250.0,0.0,0.0,545000.0,-801250.0,-0.25650260104041617,-1346250.0,-0.4309723889555822,-291250.0,-1606250.0,-0.5142056822729092,489500.0,-2095750.0,-0.6709083633453381,-0.07501575,-0.07501575,27939141,27939141,,,1620597129,17:52:09,20210509
30,2012-03-31,RDH.AX,AUD,2012-03-31,2012-03-31,Q1,3123750.0,504750.0,2619000.0,0.8384153661464586,0.0,2617000.0,249000.0,465000.0,554250.0,0.0,0.0,545000.0,-801250.0,-0.25650260104041617,-1346250.0,-0.4309723889555822,-291250.0,-1606250.0,-0.5142056822729092,489500.0,-2095750.0,-0.6709083633453381,-0.07501575,-0.07501575,27939141,27939141,,,1620597129,17:52:09,20210509
31,2012-01-31,RDH.AX,AUD,2012-01-31,2012-01-31,Q1,3123750.0,504750.0,2619000.0,0.8384153661464586,0.0,2617000.0,249000.0,465000.0,554250.0,0.0,0.0,545000.0,-801250.0,-0.25650260104041617,-1346250.0,-0.4309723889555822,-291250.0,-1606250.0,-0.5142056822729092,489500.0,-2095750.0,-0.6709083633453381,-0.07501575,-0.07501575,27939141,27939141,,,1620597129,17:52:09,20210509
32,2011-09-30,RDH.AX,AUD,2011-09-30,2011-09-30,Q3,3059720.25,474714.5,2585005.75,0.8448503584600585,0.0,2342606.75,166745.25,366329.25,683790.75,0.0,0.0,553881.25,-608137.0,-0.19875575226199194,-1162018.25,-0.3797792461582068,330787.75,-752190.75,-0.24583644534169422,-279452.0,-472738.75,-0.15450391257174573,-0.01932775,-0.01932775,24459101,24459101,,,1620597129,17:52:09,20210509
33,2011-06-30,RDH.AX,AUD,2011-06-30,2011-06-30,Q2,3059720.25,474714.5,2585005.75,0.8448503584600585,0.0,2342606.75,166745.25,366329.25,683790.75,0.0,0.0,553881.25,-608137.0,-0.19875575226199194,-1162018.25,-0.3797792461582068,330787.75,-752190.75,-0.24583644534169422,-279452.0,-472738.75,-0.15450391257174573,-0.01932775,-0.01932775,24459101,24459101,,,1620597129,17:52:09,20210509
34,2011-03-31,RDH.AX,AUD,2011-03-31,2011-03-31,Q1,3059720.25,474714.5,2585005.75,0.8448503584600585,0.0,2342606.75,166745.25,366329.25,683790.75,0.0,0.0,553881.25,-608137.0,-0.19875575226199194,-1162018.25,-0.3797792461582068,330787.75,-752190.75,-0.24583644534169422,-279452.0,-472738.75,-0.15450391257174573,-0.01932775,-0.01932775,24459101,24459101,,,1620597129,17:52:09,20210509
35,2011-01-31,RDH.AX,AUD,2011-01-31,2011-01-31,Q1,3059720.25,474714.5,2585005.75,0.8448503584600585,0.0,2342606.75,166745.25,366329.25,683790.75,0.0,0.0,553881.25,-608137.0,-0.19875575226199194,-1162018.25,-0.3797792461582068,330787.75,-752190.75,-0.24583644534169422,-279452.0,-472738.75,-0.15450391257174573,-0.01932775,-0.01932775,24459101,24459101,,,1620597129,17:52:09,20210509
36,2010-09-30,RDH.AX,AUD,2010-09-30,2010-09-30,Q3,0.0,0.0,0.0,0.0,0.0,0.0,0.0,0.0,0.0,0.0,0.0,0.0,0.0,0.0,0.0,0.0,0.0,0.0,0.0,0.0,0.0,0.0,0.0,0.0,27000000,27000000,,,1620597129,17:52:09,20210509
37,2010-06-30,RDH.AX,AUD,2010-06-30,2010-06-30,Q2,0.0,0.0,0.0,0.0,0.0,0.0,0.0,0.0,0.0,0.0,0.0,0.0,0.0,0.0,0.0,0.0,0.0,0.0,0.0,0.0,0.0,0.0,0.0,0.0,27000000,27000000,,,1620597129,17:52:09,20210509
38,2010-03-31,RDH.AX,AUD,2010-03-31,2010-03-31,Q1,0.0,0.0,0.0,0.0,0.0,0.0,0.0,0.0,0.0,0.0,0.0,0.0,0.0,0.0,0.0,0.0,0.0,0.0,0.0,0.0,0.0,0.0,0.0,0.0,27000000,27000000,,,1620597129,17:52:09,20210509
39,2010-01-31,RDH.AX,AUD,2010-01-31,2010-01-31,Q1,0.0,0.0,0.0,0.0,0.0,0.0,0.0,0.0,0.0,0.0,0.0,0.0,0.0,0.0,0.0,0.0,0.0,0.0,0.0,0.0,0.0,0.0,0.0,0.0,27000000,27000000,,,1620597129,17:52:09,20210509
