,date,symbol,reportedCurrency,fillingDate,acceptedDate,period,revenue,costOfRevenue,grossProfit,grossProfitRatio,researchAndDevelopmentExpenses,generalAndAdministrativeExpenses,sellingAndMarketingExpenses,otherExpenses,operatingExpenses,costAndExpenses,interestExpense,depreciationAndAmortization,ebitda,ebitdaratio,operatingIncome,operatingIncomeRatio,totalOtherIncomeExpensesNet,incomeBeforeTax,incomeBeforeTaxRatio,incomeTaxExpense,netIncome,netIncomeRatio,eps,epsdiluted,weightedAverageShsOut,weightedAverageShsOutDil,link,finalLink,timestamp,est_time,est_date
0,2021-03-31,XRX,USD,2021-04-30,2021-04-30 16:36:41,Q1,1710000000,1099000000,611000000,0.35730994152046786,74000000,448000000,0.0,4000000.0,522000000,1657000000,0.0,86000000,86089000,0.05034444444444444,89000.0,5.204678362573099e-05,0.0,53000000.0,0.030994152046783626,14000000.0,39000000.0,0.02280701754385965,0.1846861992053758,0.1833508065084835,211169000,212707000,https://www.sec.gov/Archives/edgar/data/1770450/000177045021000025/0001770450-21-000025-index.htm,https://www.sec.gov/Archives/edgar/data/1770450/000177045021000025/xrx-20210331.htm,1620600051,18:40:51,20210509
1,2020-12-31,XRX,USD,2021-02-25,2021-02-25 16:40:23,Q4,1930000000,1231000000,699000000,0.3621761658031088,75000000,440000000,0.0,26000000.0,481000000,1924000000,-69000000.0,96000000,42000000,0.021761658031088083,-54000000.0,-0.027979274611398965,40000000.0,103000000.0,0.05336787564766839,28000000.0,77000000.0,0.03989637305699482,0.364636854841383,0.36200031028598023,211169000,212707000,https://www.sec.gov/Archives/edgar/data/1770450/000177045021000013/0001770450-21-000013-index.htm,https://www.sec.gov/Archives/edgar/data/1770450/000177045021000013/xrx-20201231.htm,1620600051,18:40:51,20210509
2,2020-09-30,XRX,USD,2020-11-04,2020-11-04 16:37:33,Q3,1767000000,1116000000,651000000,0.3684210526315789,76000000,444000000,0.0,15000000.0,533000000,1649000000,30000000.0,90000000,208000000,0.1177136389360498,118000000.0,0.06677985285795134,30000000.0,119000000.0,0.06734578381437464,29000000.0,90000000.0,0.050933786078098474,0.4261989212431749,0.4231172457888081,211169000,212707000,https://www.sec.gov/Archives/edgar/data/1770450/000177045020000045/0001770450-20-000045-index.htm,https://www.sec.gov/Archives/edgar/data/1770450/000177045020000045/xrx-20200930.htm,1620600051,18:40:51,20210509
3,2020-06-30,XRX,USD,2020-07-30,2020-07-30 06:33:52,Q2,1465000000,901000000,564000000,0.3849829351535836,76000000,426000000,0.0,10000000.0,512000000,1413000000,18000000.0,88000000,140000000,0.09556313993174062,52000000.0,0.03549488054607509,-2000000.0,35000000.0,0.023890784982935155,8000000.0,27000000.0,0.018430034129692834,0.12679092177000126,0.12525108203018087,212949000,215567000,https://www.sec.gov/Archives/edgar/data/1770450/000177045020000034/0001770450-20-000034-index.htm,https://www.sec.gov/Archives/edgar/data/1770450/000177045020000034/xrx-20200630.htm,1620600051,18:40:51,20210509
4,2020-03-31,XRX,USD,2020-05-07 00:00:00,2020-05-07 16:44:51,Q1,1860000000,1148000000,712000000,0.3827956989247312,84000000,541000000,0.0,-6000000.0,636000000,1784000000,21000000.0,94000000,170000000,0.0913978494623656,76000000.0,0.04086021505376344,-68000000.0,-5000000.0,-0.002688172043010753,-1000000.0,-2000000.0,-0.001075268817204301,-0.03,-0.03,212750000,212750000,https://www.sec.gov/Archives/edgar/data/108772/000177045020000023/0001770450-20-000023-index.html,https://www.sec.gov/Archives/edgar/data/108772/000177045020000023/xrx-20200331.htm,1620600051,18:40:51,20210509
5,2019-12-31,XRX,USD,2020-02-28 00:00:00,2020-02-28 16:46:23,Q4,2371000000,1387000000,984000000,0.4150147617039224,93000000,505000000,0.0,5000000.0,608000000,1995000000,25000000.0,98000000,474000000,0.19991564740615775,376000000.0,0.15858287642345,-49000000.0,309000000.0,0.1303247574862927,71000000.0,818000000.0,0.34500210881484605,3.78,3.61,215499000,226678000,https://www.sec.gov/Archives/edgar/data/108772/000177045020000012/0001770450-20-000012-index.html,https://www.sec.gov/Archives/edgar/data/108772/000177045020000012/xrx-123119x10xk.htm,1620600051,18:40:51,20210509
6,2019-09-30,XRX,USD,2019-11-06 00:00:00,2019-11-06 16:46:23,Q3,2200000000,1320000000,880000000,0.4,100000000,513000000,0.0,-2000000.0,622000000,1942000000,27000000.0,104000000,362000000,0.16454545454545455,258000000.0,0.11727272727272728,-3000000.0,230000000.0,0.10454545454545454,66000000.0,221000000.0,0.10045454545454545,0.99,0.96,220269000,231067000,https://www.sec.gov/Archives/edgar/data/108772/000177045019000014/0001770450-19-000014-index.html,https://www.sec.gov/Archives/edgar/data/108772/000177045019000014/xrxcombined-93019x10q.htm,1620600051,18:40:51,20210509
