,date,symbol,reportedCurrency,fillingDate,acceptedDate,period,revenue,costOfRevenue,grossProfit,grossProfitRatio,researchAndDevelopmentExpenses,generalAndAdministrativeExpenses,sellingAndMarketingExpenses,otherExpenses,operatingExpenses,costAndExpenses,interestExpense,depreciationAndAmortization,ebitda,ebitdaratio,operatingIncome,operatingIncomeRatio,totalOtherIncomeExpensesNet,incomeBeforeTax,incomeBeforeTaxRatio,incomeTaxExpense,netIncome,netIncomeRatio,eps,epsdiluted,weightedAverageShsOut,weightedAverageShsOutDil,link,finalLink,timestamp,est_time,est_date
0,2020-12-31,IGM.TO,CAD,2020-12-31,2020-12-31,Q4,843562000,74320000.0,769242000.0,0.9118974064739759,0.0,495143000.0,0.0,0.0,495143000.0,569463000.0,27909000.0,21498000.0,295597000,0.3504152628970959,274099000.0,0.3249304733973318,43571000.0,289761000,0.34349698066057976,60486000.0,229077000,0.2715591740737492,0.9612644141195428,0.9612644141195428,238308000,238308000,https://www.sedar.com/ModifyCompanyDocumentSearchForm.do?lang=EN&company_search=IGM Financial Inc&document_selection=0&industry_group=A&FromDate=13&FromMonth=05&FromYear=2000&ToDate=13&ToMonth=11&ToYear=2020&Variable=Issuer,https://www.sedar.com/ModifyCompanyDocumentSearchForm.do?lang=EN&company_search=IGM Financial Inc&document_selection=0&industry_group=A&FromDate=13&FromMonth=05&FromYear=2000&ToDate=13&ToMonth=11&ToYear=2020&Variable=Issuer,1620593491,16:51:31,20210509
1,2020-09-30,IGM.TO,CAD,2020-09-30,2020-09-30,Q3,818553000,71366000.0,747187000.0,0.9128144420703364,0.0,527408000.0,0.0,0.0,527408000.0,598774000.0,27911000.0,21510000.0,241289000,0.2947750481642606,219779000.0,0.2684969696525454,43434000.0,235302000,0.28746092189510025,44389000.0,190913000,0.23323230139038034,0.8,0.8,238308000,238308000,https://www.sedar.com/ModifyCompanyDocumentSearchForm.do?lang=EN&company_search=IGM Financial Inc&document_selection=0&industry_group=A&FromDate=13&FromMonth=05&FromYear=2000&ToDate=13&ToMonth=11&ToYear=2020&Variable=Issuer,https://www.sedar.com/ModifyCompanyDocumentSearchForm.do?lang=EN&company_search=IGM Financial Inc&document_selection=0&industry_group=A&FromDate=13&FromMonth=05&FromYear=2000&ToDate=13&ToMonth=11&ToYear=2020&Variable=Issuer,1620593491,16:51:31,20210509
2,2020-06-30,IGM.TO,CAD,2020-06-30,2020-06-30,Q2,732118000,256764000.0,475354000.0,0.6492860440530078,0.0,0.0,0.0,-259860000.0,259860000.0,516624000.0,27470000.0,20366000.0,235860000,0.3221611816674361,215494000.0,0.2943432616053696,43379000.0,231403000,0.3160733652225461,47861000.0,183542000,0.25070002376666056,0.77,0.77,238308000,238308000,https://www.sedar.com/ModifyCompanyDocumentSearchForm.do?lang=EN&company_search=IGM Financial Inc&document_selection=0&industry_group=A&FromDate=13&FromMonth=05&FromYear=2000&ToDate=13&ToMonth=11&ToYear=2020&Variable=Issuer,https://www.sedar.com/ModifyCompanyDocumentSearchForm.do?lang=EN&company_search=IGM Financial Inc&document_selection=0&industry_group=A&FromDate=13&FromMonth=05&FromYear=2000&ToDate=13&ToMonth=11&ToYear=2020&Variable=Issuer,1620593491,16:51:31,20210509
3,2020-03-31,IGM.TO,CAD,2020-03-31,2020-03-31,Q1,762018000,269984000.0,492034000.0,0.6456986580369493,0.0,0.0,0.0,-275862000.0,275862000.0,545846000.0,27307000.0,20124000.0,236296000,0.31009241251518993,216172000.0,0.28368358752680384,20045000.0,208910000,0.2741536289169022,48034000.0,160876000,0.21111837253188245,0.6750929492828428,0.6750532905889659,238302000,238316000,https://www.sedar.com/ModifyCompanyDocumentSearchForm.do?lang=EN&company_search=IGM Financial Inc&document_selection=0&industry_group=A&FromDate=13&FromMonth=05&FromYear=2000&ToDate=13&ToMonth=11&ToYear=2020&Variable=Issuer,https://www.sedar.com/ModifyCompanyDocumentSearchForm.do?lang=EN&company_search=IGM Financial Inc&document_selection=0&industry_group=A&FromDate=13&FromMonth=05&FromYear=2000&ToDate=13&ToMonth=11&ToYear=2020&Variable=Issuer,1620593491,16:51:31,20210509
4,2019-12-31,IGM.TO,CAD,2019-12-31,2019-12-31,Q4,800136000,278279000.0,521857000.0,0.6522103742363798,0.0,0.0,0.0,359089000.0,-163214000.0,115065000.0,27758000.0,19939000.0,705010000,0.8811127108391573,685071000.0,0.8561931971564833,-405848000.0,251465000,0.31427782277012906,59835000.0,191630000,0.2394967855464571,0.8041274317270087,0.8041274317270087,238308000,238308000,https://www.sedar.com/ModifyCompanyDocumentSearchForm.do?lang=EN&company_search=IGM Financial Inc&document_selection=0&industry_group=A&FromDate=13&FromMonth=05&FromYear=2000&ToDate=13&ToMonth=11&ToYear=2020&Variable=Issuer,https://www.sedar.com/ModifyCompanyDocumentSearchForm.do?lang=EN&company_search=IGM Financial Inc&document_selection=0&industry_group=A&FromDate=13&FromMonth=05&FromYear=2000&ToDate=13&ToMonth=11&ToYear=2020&Variable=Issuer,1620593491,16:51:31,20210509
5,2019-09-30,IGM.TO,CAD,2019-09-30,2019-09-30,Q3,787171000,272367000.0,514804000.0,0.6539925886497343,0.0,0.0,0.0,-254257000.0,254257000.0,526624000.0,27764000.0,19925000.0,280472000,0.3563037764348534,260547000.0,0.330991614274408,28902000.0,261685000,0.33243729761386026,59208000.0,202477000,0.257221112058244,0.8497939277949854,0.8494196022167126,238266000,238371000,https://www.sedar.com/ModifyCompanyDocumentSearchForm.do?lang=EN&company_search=IGM Financial Inc&document_selection=0&industry_group=A&FromDate=13&FromMonth=05&FromYear=2000&ToDate=13&ToMonth=11&ToYear=2020&Variable=Issuer,https://www.sedar.com/ModifyCompanyDocumentSearchForm.do?lang=EN&company_search=IGM Financial Inc&document_selection=0&industry_group=A&FromDate=13&FromMonth=05&FromYear=2000&ToDate=13&ToMonth=11&ToYear=2020&Variable=Issuer,1620593491,16:51:31,20210509
6,2019-06-30,IGM.TO,CAD,2019-06-30,2019-06-30,Q2,783644000,275853000.0,507791000.0,0.6479868409634987,0.0,0.0,0.0,-259651000.0,259651000.0,535504000.0,27648000.0,19664000.0,267804000,0.3417419134198692,248140000.0,0.31664888648416883,20264000.0,240756000,0.3072262404867516,55632000.0,185124000,0.23623482091357811,0.7746811288540725,0.774383000083661,238968000,239060000,https://www.sedar.com/ModifyCompanyDocumentSearchForm.do?lang=EN&company_search=IGM Financial Inc&document_selection=0&industry_group=A&FromDate=13&FromMonth=05&FromYear=2000&ToDate=13&ToMonth=11&ToYear=2020&Variable=Issuer,https://www.sedar.com/ModifyCompanyDocumentSearchForm.do?lang=EN&company_search=IGM Financial Inc&document_selection=0&industry_group=A&FromDate=13&FromMonth=05&FromYear=2000&ToDate=13&ToMonth=11&ToYear=2020&Variable=Issuer,1620593491,16:51:31,20210509
7,2019-03-31,IGM.TO,CAD,2019-03-31,2019-03-31,Q1,756430000,274666000.0,481764000.0,0.6368917150298111,0.0,0.0,0.0,-274438000.0,274438000.0,549104000.0,25216000.0,19968000.0,227294000,0.3004825297780363,207326000.0,0.2740848459209709,32650000.0,214760000,0.28391258940020886,45044000.0,169716000,0.22436444879235357,0.7,0.7,240941000,240941000,https://www.sedar.com/ModifyCompanyDocumentSearchForm.do?lang=EN&company_search=IGM Financial Inc&document_selection=0&industry_group=A&FromDate=13&FromMonth=05&FromYear=2000&ToDate=13&ToMonth=11&ToYear=2020&Variable=Issuer,https://www.sedar.com/ModifyCompanyDocumentSearchForm.do?lang=EN&company_search=IGM Financial Inc&document_selection=0&industry_group=A&FromDate=13&FromMonth=05&FromYear=2000&ToDate=13&ToMonth=11&ToYear=2020&Variable=Issuer,1620593491,16:51:31,20210509
8,2018-12-31,IGM.TO,CAD,2018-12-31,2018-12-31,Q4,756870000,272308000.0,484562000.0,0.6402182673378519,0.0,0.0,0.0,347721000.0,-180451000.0,91857000.0,24122000.0,14368000.0,679381000,0.8976191419926803,665013000.0,0.8786356970153395,-414883000.0,226008000,0.29860874390582265,43874000.0,182134000,0.24064106121262568,0.7642798395353911,0.7642798395353911,238308000,238308000,https://www.sedar.com/ModifyCompanyDocumentSearchForm.do?lang=EN&company_search=IGM Financial Inc&document_selection=0&industry_group=A&FromDate=13&FromMonth=05&FromYear=2000&ToDate=13&ToMonth=11&ToYear=2020&Variable=Issuer,https://www.sedar.com/ModifyCompanyDocumentSearchForm.do?lang=EN&company_search=IGM Financial Inc&document_selection=0&industry_group=A&FromDate=13&FromMonth=05&FromYear=2000&ToDate=13&ToMonth=11&ToYear=2020&Variable=Issuer,1620593491,16:51:31,20210509
9,2018-09-30,IGM.TO,CAD,2018-09-30,2018-09-30,Q3,792197000,270073000.0,522124000.0,0.6590835360396468,0.0,0.0,0.0,-268676000.0,268676000.0,538749000.0,37703000.0,14028000.0,267476000,0.3376382389733867,253448000.0,0.31993052233219765,39793000.0,255538000,0.32256875499402293,55172000.0,200366000,0.25292446197094914,0.8319845201366945,0.831511499547654,240829000,240966000,https://www.sedar.com/ModifyCompanyDocumentSearchForm.do?lang=EN&company_search=IGM Financial Inc&document_selection=0&industry_group=A&FromDate=13&FromMonth=05&FromYear=2000&ToDate=13&ToMonth=11&ToYear=2020&Variable=Issuer,https://www.sedar.com/ModifyCompanyDocumentSearchForm.do?lang=EN&company_search=IGM Financial Inc&document_selection=0&industry_group=A&FromDate=13&FromMonth=05&FromYear=2000&ToDate=13&ToMonth=11&ToYear=2020&Variable=Issuer,1620593491,16:51:31,20210509
10,2018-06-30,IGM.TO,CAD,2018-06-30,2018-06-30,Q2,778378000,270164000.0,508214000.0,0.6529141368332609,0.0,0.0,0.0,-252627000.0,252627000.0,522791000.0,28770000.0,13797000.0,269384000,0.34608377934628165,255587000.0,0.3283584582298061,37583000.0,264400000,0.3396807206781281,58483000.0,205917000,0.26454627443221673,0.8551015323283917,0.8544522040059255,240810000,240993000,https://www.sedar.com/ModifyCompanyDocumentSearchForm.do?lang=EN&company_search=IGM Financial Inc&document_selection=0&industry_group=A&FromDate=13&FromMonth=05&FromYear=2000&ToDate=13&ToMonth=11&ToYear=2020&Variable=Issuer,https://www.sedar.com/ModifyCompanyDocumentSearchForm.do?lang=EN&company_search=IGM Financial Inc&document_selection=0&industry_group=A&FromDate=13&FromMonth=05&FromYear=2000&ToDate=13&ToMonth=11&ToYear=2020&Variable=Issuer,1620593491,16:51:31,20210509
11,2018-03-31,IGM.TO,CAD,2018-03-31,2018-03-31,Q1,771664000,286098000.0,485566000.0,0.6292453710423189,0.0,0.0,0.0,-253145000.0,253145000.0,539243000.0,30264000.0,13872000.0,246293000,0.3191712973522155,232421000.0,0.301194561363495,37984000.0,240141000,0.31119891559020507,52390000.0,187751000,0.24330667233407285,0.7798296221532736,0.7787880421932878,240759000,241081000,https://www.sedar.com/ModifyCompanyDocumentSearchForm.do?lang=EN&company_search=IGM Financial Inc&document_selection=0&industry_group=A&FromDate=13&FromMonth=05&FromYear=2000&ToDate=13&ToMonth=11&ToYear=2020&Variable=Issuer,https://www.sedar.com/ModifyCompanyDocumentSearchForm.do?lang=EN&company_search=IGM Financial Inc&document_selection=0&industry_group=A&FromDate=13&FromMonth=05&FromYear=2000&ToDate=13&ToMonth=11&ToYear=2020&Variable=Issuer,1620593491,16:51:31,20210509
12,2017-12-31,IGM.TO,CAD,2017-12-31,2017-12-31,Q4,769713000,292816000.0,476897000.0,0.6195776867481776,0.0,0.0,0.0,309399000.0,-178053000.0,114763000.0,29718000.0,14474000.0,669424000,0.8697059813203103,654950000.0,0.8509015698058887,-562897000.0,62335000,0.0809847306723415,9490000.0,52845000,0.06865545989219358,0.2217508434462964,0.2217508434462964,238308000,238308000,https://www.sedar.com/ModifyCompanyDocumentSearchForm.do?lang=EN&company_search=IGM Financial Inc&document_selection=0&industry_group=A&FromDate=13&FromMonth=05&FromYear=2000&ToDate=13&ToMonth=11&ToYear=2020&Variable=Issuer,https://www.sedar.com/ModifyCompanyDocumentSearchForm.do?lang=EN&company_search=IGM Financial Inc&document_selection=0&industry_group=A&FromDate=13&FromMonth=05&FromYear=2000&ToDate=13&ToMonth=11&ToYear=2020&Variable=Issuer,1620593491,16:51:31,20210509
13,2017-09-30,IGM.TO,CAD,2017-09-30,2017-09-30,Q3,748461000,275996000.0,472465000.0,0.6312486555745723,0.0,0.0,0.0,-238792000.0,238792000.0,514788000.0,28949000.0,14771000.0,248444000,0.3319398071509404,233673000.0,0.312204643929343,24875000.0,229599000,0.3067614745457679,54026000.0,175573000,0.2345786888027566,0.7297632061316186,0.7287757092750555,240589000,240915000,https://www.sedar.com/ModifyCompanyDocumentSearchForm.do?lang=EN&company_search=IGM Financial Inc&document_selection=0&industry_group=A&FromDate=13&FromMonth=05&FromYear=2000&ToDate=13&ToMonth=11&ToYear=2020&Variable=Issuer,https://www.sedar.com/ModifyCompanyDocumentSearchForm.do?lang=EN&company_search=IGM Financial Inc&document_selection=0&industry_group=A&FromDate=13&FromMonth=05&FromYear=2000&ToDate=13&ToMonth=11&ToYear=2020&Variable=Issuer,1620593491,16:51:31,20210509
14,2017-06-30,IGM.TO,CAD,2017-06-30,2017-06-30,Q2,778480000,284448000.0,494032000.0,0.6346110368924057,0.0,0.0,0.0,-219075000.0,219075000.0,503523000.0,28703000.0,14892000.0,289849000,0.37232684205117667,274957000.0,0.3531972561915528,19758000.0,266012000,0.3417069160415168,62997000.0,203015000,0.26078383516596443,0.8438319609953987,0.8429455239993356,240587000,240840000,https://www.sedar.com/ModifyCompanyDocumentSearchForm.do?lang=EN&company_search=IGM Financial Inc&document_selection=0&industry_group=A&FromDate=13&FromMonth=05&FromYear=2000&ToDate=13&ToMonth=11&ToYear=2020&Variable=Issuer,https://www.sedar.com/ModifyCompanyDocumentSearchForm.do?lang=EN&company_search=IGM Financial Inc&document_selection=0&industry_group=A&FromDate=13&FromMonth=05&FromYear=2000&ToDate=13&ToMonth=11&ToYear=2020&Variable=Issuer,1620593491,16:51:31,20210509
15,2017-03-31,IGM.TO,CAD,2017-03-31,2017-03-31,Q1,761682000,289307000.0,472375000.0,0.6201735107301998,0.0,0.0,0.0,-246901000.0,246901000.0,536208000.0,26787000.0,11630000.0,237104000,0.311290013417673,225474000.0,0.29602117419080404,28019000.0,226706000,0.2976386470994457,47374000.0,179332000,0.23544208738029782,0.7455330046312079,0.7446816462292944,240542000,240817000,https://www.sedar.com/ModifyCompanyDocumentSearchForm.do?lang=EN&company_search=IGM Financial Inc&document_selection=0&industry_group=A&FromDate=13&FromMonth=05&FromYear=2000&ToDate=13&ToMonth=11&ToYear=2020&Variable=Issuer,https://www.sedar.com/ModifyCompanyDocumentSearchForm.do?lang=EN&company_search=IGM Financial Inc&document_selection=0&industry_group=A&FromDate=13&FromMonth=05&FromYear=2000&ToDate=13&ToMonth=11&ToYear=2020&Variable=Issuer,1620593491,16:51:31,20210509
16,2016-12-31,IGM.TO,CAD,2016-12-31,2016-12-31,Q4,774660000,288203000.0,486457000.0,0.6279619445950482,0.0,0.0,0.0,307530000.0,-145842000.0,142361000.0,23205000.0,10703000.0,643002000,0.8300441484005886,632299000.0,0.8162277644385925,-350464000.0,258630000,0.3338625977848346,23419000.0,235211000,0.30363127049286137,0.9870042130352317,0.9870042130352317,238308000,238308000,https://www.sedar.com/ModifyCompanyDocumentSearchForm.do?lang=EN&company_search=IGM Financial Inc&document_selection=0&industry_group=A&FromDate=13&FromMonth=05&FromYear=2000&ToDate=13&ToMonth=11&ToYear=2020&Variable=Issuer,https://www.sedar.com/ModifyCompanyDocumentSearchForm.do?lang=EN&company_search=IGM Financial Inc&document_selection=0&industry_group=A&FromDate=13&FromMonth=05&FromYear=2000&ToDate=13&ToMonth=11&ToYear=2020&Variable=Issuer,1620593491,16:51:31,20210509
17,2016-09-30,IGM.TO,CAD,2016-09-30,2016-09-30,Q3,750401000,273202000.0,477199000.0,0.6359253252594279,0.0,0.0,0.0,-224880000.0,224880000.0,498082000.0,23165000.0,11046000.0,263365000,0.3509656836811252,252319000.0,0.33624555404377127,26049000.0,255203000,0.34008883250422106,55389000.0,199814000,0.2662762976062132,0.8308343520528237,0.8305200985913737,240498000,240589000,https://www.sedar.com/ModifyCompanyDocumentSearchForm.do?lang=EN&company_search=IGM Financial Inc&document_selection=0&industry_group=A&FromDate=13&FromMonth=05&FromYear=2000&ToDate=13&ToMonth=11&ToYear=2020&Variable=Issuer,https://www.sedar.com/ModifyCompanyDocumentSearchForm.do?lang=EN&company_search=IGM Financial Inc&document_selection=0&industry_group=A&FromDate=13&FromMonth=05&FromYear=2000&ToDate=13&ToMonth=11&ToYear=2020&Variable=Issuer,1620593491,16:51:31,20210509
18,2016-06-30,IGM.TO,CAD,2016-06-30,2016-06-30,Q2,720465000,267128000.0,453337000.0,0.629228345582367,0.0,0.0,0.0,-231740000.0,231740000.0,498868000.0,22913000.0,10731000.0,232328000,0.32246951621522213,221597000.0,0.3075749689436683,23876000.0,222560000,0.3089116056990971,47457000.0,175103000,0.2430416467142748,0.7263544764820322,0.7259028028239664,241071000,241221000,https://www.sedar.com/ModifyCompanyDocumentSearchForm.do?lang=EN&company_search=IGM Financial Inc&document_selection=0&industry_group=A&FromDate=13&FromMonth=05&FromYear=2000&ToDate=13&ToMonth=11&ToYear=2020&Variable=Issuer,https://www.sedar.com/ModifyCompanyDocumentSearchForm.do?lang=EN&company_search=IGM Financial Inc&document_selection=0&industry_group=A&FromDate=13&FromMonth=05&FromYear=2000&ToDate=13&ToMonth=11&ToYear=2020&Variable=Issuer,1620593491,16:51:31,20210509
19,2016-03-31,IGM.TO,CAD,2016-03-31,2016-03-31,Q1,695031000,261515000.0,433516000.0,0.6237362074497397,0.0,0.0,0.0,-227867000.0,227867000.0,489382000.0,22913000.0,10526000.0,216175000,0.31102929221862047,205649000.0,0.29588464399429665,27808000.0,210544000,0.3029274953203526,41368000.0,169176000,0.24340784799526927,0.695833864605741,0.6955935381212198,243127000,243211000,https://www.sedar.com/ModifyCompanyDocumentSearchForm.do?lang=EN&company_search=IGM Financial Inc&document_selection=0&industry_group=A&FromDate=13&FromMonth=05&FromYear=2000&ToDate=13&ToMonth=11&ToYear=2020&Variable=Issuer,https://www.sedar.com/ModifyCompanyDocumentSearchForm.do?lang=EN&company_search=IGM Financial Inc&document_selection=0&industry_group=A&FromDate=13&FromMonth=05&FromYear=2000&ToDate=13&ToMonth=11&ToYear=2020&Variable=Issuer,1620593491,16:51:31,20210509
20,2015-12-31,IGM.TO,CAD,2015-12-31,2015-12-31,Q4,722947000,264357000.0,458590000.0,0.6343341904731605,0.0,0.0,0.0,258950000.0,-133973000.0,130384000.0,23201000.0,10163000.0,602726000,0.8337070352321816,592563000.0,0.8196492965597755,-349818000.0,219544000,0.30367924619647085,43474000.0,176070000,0.2435448241710665,0.7388337781358578,0.7388337781358578,238308000,238308000,https://www.sedar.com/ModifyCompanyDocumentSearchForm.do?lang=EN&company_search=IGM Financial Inc&document_selection=0&industry_group=A&FromDate=13&FromMonth=05&FromYear=2000&ToDate=13&ToMonth=11&ToYear=2020&Variable=Issuer,https://www.sedar.com/ModifyCompanyDocumentSearchForm.do?lang=EN&company_search=IGM Financial Inc&document_selection=0&industry_group=A&FromDate=13&FromMonth=05&FromYear=2000&ToDate=13&ToMonth=11&ToYear=2020&Variable=Issuer,1620593491,16:51:31,20210509
21,2015-09-30,IGM.TO,CAD,2015-09-30,2015-09-30,Q3,725366000,263158000.0,462208000.0,0.6372065963940963,0.0,0.0,0.0,-208471000.0,208471000.0,471629000.0,23200000.0,9984000.0,263721000,0.3635695635031143,253737000.0,0.3498054775106636,26362000.0,256899000,0.3541646561873592,55660000.0,201239000,0.2774309796709523,0.814887853154244,0.8145382277107898,246953000,247059000,https://www.sedar.com/ModifyCompanyDocumentSearchForm.do?lang=EN&company_search=IGM Financial Inc&document_selection=0&industry_group=A&FromDate=13&FromMonth=05&FromYear=2000&ToDate=13&ToMonth=11&ToYear=2020&Variable=Issuer,https://www.sedar.com/ModifyCompanyDocumentSearchForm.do?lang=EN&company_search=IGM Financial Inc&document_selection=0&industry_group=A&FromDate=13&FromMonth=05&FromYear=2000&ToDate=13&ToMonth=11&ToYear=2020&Variable=Issuer,1620593491,16:51:31,20210509
22,2015-06-30,IGM.TO,CAD,2015-06-30,2015-06-30,Q2,733721000,267687000.0,466034000.0,0.6351651377022056,0.0,0.0,0.0,-215853000.0,215853000.0,483540000.0,22964000.0,9716000.0,259897000,0.35421774761796376,250181000.0,0.3409756569595255,29508000.0,256725000,0.3498945784569339,56051000.0,200674000,0.27350178064959296,0.8060588776375036,0.8055056035451655,248957000,249128000,https://www.sedar.com/ModifyCompanyDocumentSearchForm.do?lang=EN&company_search=IGM Financial Inc&document_selection=0&industry_group=A&FromDate=13&FromMonth=05&FromYear=2000&ToDate=13&ToMonth=11&ToYear=2020&Variable=Issuer,https://www.sedar.com/ModifyCompanyDocumentSearchForm.do?lang=EN&company_search=IGM Financial Inc&document_selection=0&industry_group=A&FromDate=13&FromMonth=05&FromYear=2000&ToDate=13&ToMonth=11&ToYear=2020&Variable=Issuer,1620593491,16:51:31,20210509
23,2015-03-31,IGM.TO,CAD,2015-03-31,2015-03-31,Q1,734961000,266867000.0,468094000.0,0.6368963795357849,0.0,0.0,0.0,-213622000.0,213622000.0,480489000.0,22750000.0,9409000.0,263881000,0.3590408198530262,254472000.0,0.34623878001689884,25902000.0,257624000,0.35052744295275534,55065000.0,202559000,0.27560510013456496,0.8063301368172572,0.8056566476149566,251211000,251421000,https://www.sedar.com/ModifyCompanyDocumentSearchForm.do?lang=EN&company_search=IGM Financial Inc&document_selection=0&industry_group=A&FromDate=13&FromMonth=05&FromYear=2000&ToDate=13&ToMonth=11&ToYear=2020&Variable=Issuer,https://www.sedar.com/ModifyCompanyDocumentSearchForm.do?lang=EN&company_search=IGM Financial Inc&document_selection=0&industry_group=A&FromDate=13&FromMonth=05&FromYear=2000&ToDate=13&ToMonth=11&ToYear=2020&Variable=Issuer,1620593491,16:51:31,20210509
24,2014-12-31,IGM.TO,CAD,2014-12-31,2014-12-31,Q4,713909000,253972000.0,459937000.0,0.6442515782823861,0.0,0.0,0.0,267561000.0,-50425000.0,203547000.0,23239000.0,8819000.0,519181000,0.7272369447646689,510362000.0,0.7148838297318005,-302038000.0,185085000,0.25925573147277875,33979000.0,151106000,0.21166002949955806,0.6340785873743223,0.6340785873743223,238308000,238308000,https://www.sedar.com/ModifyCompanyDocumentSearchForm.do?lang=EN&company_search=IGM Financial Inc&document_selection=0&industry_group=A&FromDate=13&FromMonth=05&FromYear=2000&ToDate=13&ToMonth=11&ToYear=2020&Variable=Issuer,https://www.sedar.com/ModifyCompanyDocumentSearchForm.do?lang=EN&company_search=IGM Financial Inc&document_selection=0&industry_group=A&FromDate=13&FromMonth=05&FromYear=2000&ToDate=13&ToMonth=11&ToYear=2020&Variable=Issuer,1620593491,16:51:31,20210509
25,2014-09-30,IGM.TO,CAD,2014-09-30,2014-09-30,Q3,725285000,249833000.0,475452000.0,0.6555381677547447,0.0,0.0,0.0,-190802000.0,190802000.0,440635000.0,23200000.0,8667000.0,293317000,0.4044161950129949,284650000.0,0.3924664097561648,24877000.0,286327000,0.3947786042728031,64456000.0,221871000,0.3059087117477957,0.8801296367552729,0.8776959349336203,252089000,252788000,https://www.sedar.com/ModifyCompanyDocumentSearchForm.do?lang=EN&company_search=IGM Financial Inc&document_selection=0&industry_group=A&FromDate=13&FromMonth=05&FromYear=2000&ToDate=13&ToMonth=11&ToYear=2020&Variable=Issuer,https://www.sedar.com/ModifyCompanyDocumentSearchForm.do?lang=EN&company_search=IGM Financial Inc&document_selection=0&industry_group=A&FromDate=13&FromMonth=05&FromYear=2000&ToDate=13&ToMonth=11&ToYear=2020&Variable=Issuer,1620593491,16:51:31,20210509
26,2014-06-30,IGM.TO,CAD,2014-06-30,2014-06-30,Q2,696230000,245699000.0,450531000.0,0.6471008143860506,0.0,0.0,0.0,-211162000.0,211162000.0,456861000.0,22964000.0,8567000.0,247936000,0.35611220430030305,239369000.0,0.34380736250951555,23995000.0,240400000,0.3452881949930339,47937000.0,192463000,0.27643594789078324,0.7628762594832849,0.7603446504902697,252286000,253126000,https://www.sedar.com/ModifyCompanyDocumentSearchForm.do?lang=EN&company_search=IGM Financial Inc&document_selection=0&industry_group=A&FromDate=13&FromMonth=05&FromYear=2000&ToDate=13&ToMonth=11&ToYear=2020&Variable=Issuer,https://www.sedar.com/ModifyCompanyDocumentSearchForm.do?lang=EN&company_search=IGM Financial Inc&document_selection=0&industry_group=A&FromDate=13&FromMonth=05&FromYear=2000&ToDate=13&ToMonth=11&ToYear=2020&Variable=Issuer,1620593491,16:51:31,20210509
27,2014-03-31,IGM.TO,CAD,2014-03-31,2014-03-31,Q1,695402000,243169000.0,452233000.0,0.6503188084014714,0.0,0.0,0.0,-195777000.0,195777000.0,438946000.0,22749000.0,8105000.0,264561000,0.3804432544053655,256456000.0,0.36878812542960765,19444000.0,253151000,0.36403547875904874,56490000.0,196661000,0.2828018901297379,0.7792628225448551,0.7760493739468772,252368000,253413000,https://www.sedar.com/ModifyCompanyDocumentSearchForm.do?lang=EN&company_search=IGM Financial Inc&document_selection=0&industry_group=A&FromDate=13&FromMonth=05&FromYear=2000&ToDate=13&ToMonth=11&ToYear=2020&Variable=Issuer,https://www.sedar.com/ModifyCompanyDocumentSearchForm.do?lang=EN&company_search=IGM Financial Inc&document_selection=0&industry_group=A&FromDate=13&FromMonth=05&FromYear=2000&ToDate=13&ToMonth=11&ToYear=2020&Variable=Issuer,1620593491,16:51:31,20210509
28,2013-12-31,IGM.TO,CAD,2013-12-31,2013-12-31,Q4,672714000,229384000.0,443330000.0,0.6590170562824618,0.0,0.0,0.0,235592000.0,-101251000.0,128133000.0,23239000.0,8074000.0,552655000,0.8215303977619018,544581000.0,0.8095282690712546,-267823000.0,253519000,0.376860002913571,54174000.0,199345000,0.2963294951494989,0.8365015022575826,0.8365015022575826,238308000,238308000,https://www.sedar.com/ModifyCompanyDocumentSearchForm.do?lang=EN&company_search=IGM Financial Inc&document_selection=0&industry_group=A&FromDate=13&FromMonth=05&FromYear=2000&ToDate=13&ToMonth=11&ToYear=2020&Variable=Issuer,https://www.sedar.com/ModifyCompanyDocumentSearchForm.do?lang=EN&company_search=IGM Financial Inc&document_selection=0&industry_group=A&FromDate=13&FromMonth=05&FromYear=2000&ToDate=13&ToMonth=11&ToYear=2020&Variable=Issuer,1620593491,16:51:31,20210509
29,2013-09-30,IGM.TO,CAD,2013-09-30,2013-09-30,Q3,644150000,219711000.0,424439000.0,0.6589132965924086,0.0,0.0,0.0,-173071000.0,173071000.0,392782000.0,23199000.0,7953000.0,259321000,0.40257859194287043,251368000.0,0.39023208879919274,23316000.0,251485000,0.3904137235116044,55878000.0,195607000,0.30366684778390124,0.776153574503712,0.7743622428781809,252021000,252604000,https://www.sedar.com/ModifyCompanyDocumentSearchForm.do?lang=EN&company_search=IGM Financial Inc&document_selection=0&industry_group=A&FromDate=13&FromMonth=05&FromYear=2000&ToDate=13&ToMonth=11&ToYear=2020&Variable=Issuer,https://www.sedar.com/ModifyCompanyDocumentSearchForm.do?lang=EN&company_search=IGM Financial Inc&document_selection=0&industry_group=A&FromDate=13&FromMonth=05&FromYear=2000&ToDate=13&ToMonth=11&ToYear=2020&Variable=Issuer,1620593491,16:51:31,20210509
30,2013-06-30,IGM.TO,CAD,2013-06-30,2013-06-30,Q2,645966000,218999000.0,426967000.0,0.6609744166101621,0.0,0.0,0.0,-182637000.0,182637000.0,401636000.0,22963000.0,8058000.0,252388000,0.3907140623500308,244330000.0,0.37823972159525426,20987000.0,242354000,0.3751807370666568,49276000.0,193078000,0.2988980844193038,0.7663802171194951,0.7648137658397075,251935000,252451000,https://www.sedar.com/ModifyCompanyDocumentSearchForm.do?lang=EN&company_search=IGM Financial Inc&document_selection=0&industry_group=A&FromDate=13&FromMonth=05&FromYear=2000&ToDate=13&ToMonth=11&ToYear=2020&Variable=Issuer,https://www.sedar.com/ModifyCompanyDocumentSearchForm.do?lang=EN&company_search=IGM Financial Inc&document_selection=0&industry_group=A&FromDate=13&FromMonth=05&FromYear=2000&ToDate=13&ToMonth=11&ToYear=2020&Variable=Issuer,1620593491,16:51:31,20210509
31,2013-03-31,IGM.TO,CAD,2013-03-31,2013-03-31,Q1,633365000,218029000.0,415336000.0,0.655760896165718,0.0,0.0,0.0,-177898000.0,177898000.0,395927000.0,22749000.0,8168000.0,245606000,0.38777955839050154,237438000.0,0.3748833610951031,19333000.0,234022000,0.3694899465553038,51298000.0,182724000,0.2884971540896639,0.7251786911985904,0.7237883979323048,251971000,252455000,https://www.sedar.com/ModifyCompanyDocumentSearchForm.do?lang=EN&company_search=IGM Financial Inc&document_selection=0&industry_group=A&FromDate=13&FromMonth=05&FromYear=2000&ToDate=13&ToMonth=11&ToYear=2020&Variable=Issuer,https://www.sedar.com/ModifyCompanyDocumentSearchForm.do?lang=EN&company_search=IGM Financial Inc&document_selection=0&industry_group=A&FromDate=13&FromMonth=05&FromYear=2000&ToDate=13&ToMonth=11&ToYear=2020&Variable=Issuer,1620593491,16:51:31,20210509
32,2012-12-31,IGM.TO,CAD,2012-12-31,2012-12-31,Q4,629413000,0.0,0.0,0.0,0.0,0.0,0.0,0.0,0.0,0.0,23202000.0,8157000.0,264697000,0.4205458101437371,0.0,0.3707231976460607,0.0,233338000,0.3707231976460607,28198000.0,205140000,0.32592272482455875,0.8608187723450325,0.8608187723450325,238308000,238308000,https://www.sedar.com/ModifyCompanyDocumentSearchForm.do?lang=EN&company_search=IGM Financial Inc&document_selection=0&industry_group=A&FromDate=13&FromMonth=05&FromYear=2000&ToDate=13&ToMonth=11&ToYear=2020&Variable=Issuer,https://www.sedar.com/ModifyCompanyDocumentSearchForm.do?lang=EN&company_search=IGM Financial Inc&document_selection=0&industry_group=A&FromDate=13&FromMonth=05&FromYear=2000&ToDate=13&ToMonth=11&ToYear=2020&Variable=Issuer,1620593491,16:51:31,20210509
33,2012-09-30,IGM.TO,CAD,2012-09-30,2012-09-30,Q3,610899000,0.0,0.0,0.0,0.0,0.0,209758000.0,0.0,0.0,0.0,23163000.0,8204000.0,247144000,0.4045578729053411,0.0,0.39233981394633155,0.0,239680000,0.39233981394633155,50540000.0,189140000,0.30960928074853616,0.7431359914504393,0.7420019222847728,254516000,254905000,https://www.sedar.com/ModifyCompanyDocumentSearchForm.do?lang=EN&company_search=IGM Financial Inc&document_selection=0&industry_group=A&FromDate=13&FromMonth=05&FromYear=2000&ToDate=13&ToMonth=11&ToYear=2020&Variable=Issuer,https://www.sedar.com/ModifyCompanyDocumentSearchForm.do?lang=EN&company_search=IGM Financial Inc&document_selection=0&industry_group=A&FromDate=13&FromMonth=05&FromYear=2000&ToDate=13&ToMonth=11&ToYear=2020&Variable=Issuer,1620593491,16:51:31,20210509
34,2012-06-30,IGM.TO,CAD,2012-06-30,2012-06-30,Q2,614695000,0.0,0.0,0.0,0.0,0.0,213719000.0,0.0,0.0,0.0,22912000.0,8447000.0,249389000,0.4057117757587096,0.0,0.375579759067505,0.0,230867000,0.375579759067505,56027000.0,174840000,0.2844337435638813,0.6834092286043739,0.6817596917965795,255835000,256454000,https://www.sedar.com/ModifyCompanyDocumentSearchForm.do?lang=EN&company_search=IGM Financial Inc&document_selection=0&industry_group=A&FromDate=13&FromMonth=05&FromYear=2000&ToDate=13&ToMonth=11&ToYear=2020&Variable=Issuer,https://www.sedar.com/ModifyCompanyDocumentSearchForm.do?lang=EN&company_search=IGM Financial Inc&document_selection=0&industry_group=A&FromDate=13&FromMonth=05&FromYear=2000&ToDate=13&ToMonth=11&ToYear=2020&Variable=Issuer,1620593491,16:51:31,20210509
35,2012-03-31,IGM.TO,CAD,2012-03-31,2012-03-31,Q1,650178000,0.0,0.0,0.0,0.0,0.0,-221384000.0,0.0,0.0,0.0,22911000.0,8713000.0,290327000,0.4465346412828487,0.0,0.3978956531903571,0.0,258703000,0.3978956531903571,56839000.0,201864000,0.3104749776215129,0.7867855695176328,0.7842942230061815,256568000,257383000,https://www.sedar.com/ModifyCompanyDocumentSearchForm.do?lang=EN&company_search=IGM Financial Inc&document_selection=0&industry_group=A&FromDate=13&FromMonth=05&FromYear=2000&ToDate=13&ToMonth=11&ToYear=2020&Variable=Issuer,https://www.sedar.com/ModifyCompanyDocumentSearchForm.do?lang=EN&company_search=IGM Financial Inc&document_selection=0&industry_group=A&FromDate=13&FromMonth=05&FromYear=2000&ToDate=13&ToMonth=11&ToYear=2020&Variable=Issuer,1620593491,16:51:31,20210509
36,2011-12-31,IGM.TO,CAD,2011-12-31,2011-12-31,Q4,625407000,0.0,0.0,0.0,0.0,0.0,-212997000.0,0.0,0.0,0.0,23199000.0,8262000.0,288513000,0.4613203881632281,0.0,0.4110155466760046,0.0,257052000,0.4110155466760046,53902000.0,232776000,0.3721992238654188,0.9767863437232489,0.9767863437232489,238308000,238308000,https://www.sedar.com/ModifyCompanyDocumentSearchForm.do?lang=EN&company_search=IGM Financial Inc&document_selection=0&industry_group=A&FromDate=13&FromMonth=05&FromYear=2000&ToDate=13&ToMonth=11&ToYear=2020&Variable=Issuer,https://www.sedar.com/ModifyCompanyDocumentSearchForm.do?lang=EN&company_search=IGM Financial Inc&document_selection=0&industry_group=A&FromDate=13&FromMonth=05&FromYear=2000&ToDate=13&ToMonth=11&ToYear=2020&Variable=Issuer,1620593491,16:51:31,20210509
37,2011-09-30,IGM.TO,CAD,2011-09-30,2011-09-30,Q3,650993000,0.0,0.0,0.0,0.0,0.0,-218939000.0,0.0,0.0,0.0,23198000.0,8358000.0,307578000,0.4724751264606532,0.0,0.4240014869591532,0.0,276022000,0.4240014869591532,60775000.0,246242000,0.3782559873915695,0.95,0.94,257807000,258730000,https://www.sedar.com/ModifyCompanyDocumentSearchForm.do?lang=EN&company_search=IGM Financial Inc&document_selection=0&industry_group=A&FromDate=13&FromMonth=05&FromYear=2000&ToDate=13&ToMonth=11&ToYear=2020&Variable=Issuer,https://www.sedar.com/ModifyCompanyDocumentSearchForm.do?lang=EN&company_search=IGM Financial Inc&document_selection=0&industry_group=A&FromDate=13&FromMonth=05&FromYear=2000&ToDate=13&ToMonth=11&ToYear=2020&Variable=Issuer,1620593491,16:51:31,20210509
38,2011-06-30,IGM.TO,CAD,2011-06-30,2011-06-30,Q2,684070000,0.0,0.0,0.0,0.0,0.0,-228866000.0,0.0,0.0,0.0,26139000.0,8358000.0,317721000,0.4644568538307483,0.0,0.4140278041720877,0.0,283224000,0.4140278041720877,64116000.0,219108000,0.3203005540368676,0.8482825905163068,0.8441548934924237,258296000,259559000,https://www.sedar.com/ModifyCompanyDocumentSearchForm.do?lang=EN&company_search=IGM Financial Inc&document_selection=0&industry_group=A&FromDate=13&FromMonth=05&FromYear=2000&ToDate=13&ToMonth=11&ToYear=2020&Variable=Issuer,https://www.sedar.com/ModifyCompanyDocumentSearchForm.do?lang=EN&company_search=IGM Financial Inc&document_selection=0&industry_group=A&FromDate=13&FromMonth=05&FromYear=2000&ToDate=13&ToMonth=11&ToYear=2020&Variable=Issuer,1620593491,16:51:31,20210509
39,2011-03-31,IGM.TO,CAD,2011-03-31,2011-03-31,Q1,690135000,0.0,0.0,0.0,0.0,0.0,-233629000.0,0.0,0.0,0.0,30271000.0,8143000.0,325737000,0.47199026277467454,0.0,0.4163286893144095,0.0,287323000,0.4163286893144095,73280000.0,214043000,0.31014656552703457,0.82,0.81,259289000,260332000,https://www.sedar.com/ModifyCompanyDocumentSearchForm.do?lang=EN&company_search=IGM Financial Inc&document_selection=0&industry_group=A&FromDate=13&FromMonth=05&FromYear=2000&ToDate=13&ToMonth=11&ToYear=2020&Variable=Issuer,https://www.sedar.com/ModifyCompanyDocumentSearchForm.do?lang=EN&company_search=IGM Financial Inc&document_selection=0&industry_group=A&FromDate=13&FromMonth=05&FromYear=2000&ToDate=13&ToMonth=11&ToYear=2020&Variable=Issuer,1620593491,16:51:31,20210509
40,2010-12-31,IGM.TO,CAD,2010-12-31,2010-12-31,Q4,663988000,0.0,0.0,0.0,0.0,0.0,-227245000.0,0.0,0.0,0.0,28631000.0,8545000.0,315351000,0.47493478797809596,0.0,0.4189458243221263,0.0,278175000,0.4189458243221263,78004000.0,200171000,0.30146779761080017,0.8399676049482183,0.8399676049482183,238308000,238308000,https://www.sedar.com/ModifyCompanyDocumentSearchForm.do?lang=EN&company_search=IGM Financial Inc&document_selection=0&industry_group=A&FromDate=13&FromMonth=05&FromYear=2000&ToDate=13&ToMonth=11&ToYear=2020&Variable=Issuer,https://www.sedar.com/ModifyCompanyDocumentSearchForm.do?lang=EN&company_search=IGM Financial Inc&document_selection=0&industry_group=A&FromDate=13&FromMonth=05&FromYear=2000&ToDate=13&ToMonth=11&ToYear=2020&Variable=Issuer,1620593491,16:51:31,20210509
41,2010-09-30,IGM.TO,CAD,2010-09-30,2010-09-30,Q3,609383000,0.0,0.0,0.0,0.0,0.0,-211982000.0,0.0,0.0,0.0,27870000.0,8397000.0,278703000,0.4573527650098542,0.0,0.3978384694026581,0.0,242436000,0.3978384694026581,70533000.0,171903000,0.2820935273875379,0.6568353240560306,0.6542205815192571,261714000,262760000,https://www.sedar.com/ModifyCompanyDocumentSearchForm.do?lang=EN&company_search=IGM Financial Inc&document_selection=0&industry_group=A&FromDate=13&FromMonth=05&FromYear=2000&ToDate=13&ToMonth=11&ToYear=2020&Variable=Issuer,https://www.sedar.com/ModifyCompanyDocumentSearchForm.do?lang=EN&company_search=IGM Financial Inc&document_selection=0&industry_group=A&FromDate=13&FromMonth=05&FromYear=2000&ToDate=13&ToMonth=11&ToYear=2020&Variable=Issuer,1620593491,16:51:31,20210509
42,2010-06-30,IGM.TO,CAD,2010-06-30,2010-06-30,Q2,615647000,0.0,0.0,0.0,0.0,0.0,-215310000.0,0.0,0.0,0.0,27571000.0,8252000.0,274919000,0.4465529759748687,0.0,0.3883654106980136,0.0,239096000,0.3883654106980136,57764000.0,181332000,0.29453891596970344,0.6912125151045022,0.6880233727305496,262339000,263555000,https://www.sedar.com/ModifyCompanyDocumentSearchForm.do?lang=EN&company_search=IGM Financial Inc&document_selection=0&industry_group=A&FromDate=13&FromMonth=05&FromYear=2000&ToDate=13&ToMonth=11&ToYear=2020&Variable=Issuer,https://www.sedar.com/ModifyCompanyDocumentSearchForm.do?lang=EN&company_search=IGM Financial Inc&document_selection=0&industry_group=A&FromDate=13&FromMonth=05&FromYear=2000&ToDate=13&ToMonth=11&ToYear=2020&Variable=Issuer,1620593491,16:51:31,20210509
43,2010-03-31,IGM.TO,CAD,2010-03-31,2010-03-31,Q1,622136000,0.0,0.0,0.0,0.0,0.0,214529000.0,0.0,0.0,0.0,27302000.0,8108000.0,282170000,0.45355034911980663,0.0,0.3966335335039284,0.0,246760000,0.3966335335039284,64581000.0,182179000,0.29282825620121644,0.6936664229796826,0.689949137842884,262632000,264047000,https://www.sedar.com/ModifyCompanyDocumentSearchForm.do?lang=EN&company_search=IGM Financial Inc&document_selection=0&industry_group=A&FromDate=13&FromMonth=05&FromYear=2000&ToDate=13&ToMonth=11&ToYear=2020&Variable=Issuer,https://www.sedar.com/ModifyCompanyDocumentSearchForm.do?lang=EN&company_search=IGM Financial Inc&document_selection=0&industry_group=A&FromDate=13&FromMonth=05&FromYear=2000&ToDate=13&ToMonth=11&ToYear=2020&Variable=Issuer,1620593491,16:51:31,20210509
44,2009-12-31,IGM.TO,CAD,2009-12-31,2009-12-31,Q4,513571000,0.0,0.0,0.0,0.0,0.0,-213504000.0,0.0,0.0,0.0,29264000.0,8751000.0,189350000,0.36869293632233907,0.0,0.294672012243682,0.0,151335000,0.294672012243682,37624000.0,113711000,0.2214124239881146,0.47715980999378954,0.47715980999378954,238308000,238308000,https://www.sedar.com/ModifyCompanyDocumentSearchForm.do?lang=EN&company_search=IGM Financial Inc&document_selection=0&industry_group=A&FromDate=13&FromMonth=05&FromYear=2000&ToDate=13&ToMonth=11&ToYear=2020&Variable=Issuer,https://www.sedar.com/ModifyCompanyDocumentSearchForm.do?lang=EN&company_search=IGM Financial Inc&document_selection=0&industry_group=A&FromDate=13&FromMonth=05&FromYear=2000&ToDate=13&ToMonth=11&ToYear=2020&Variable=Issuer,1620593491,16:51:31,20210509
45,2009-09-30,IGM.TO,CAD,2009-09-30,2009-09-30,Q3,593513000,0.0,0.0,0.0,0.0,0.0,-205293000.0,0.0,0.0,0.0,29125000.0,8412000.0,277034000,0.46676989383551837,0.0,0.40352443838635377,0.0,239497000,0.40352443838635377,72147000.0,167350000,0.2819651802066678,0.6338390916046147,0.6301729916177766,264026000,265562000,https://www.sedar.com/ModifyCompanyDocumentSearchForm.do?lang=EN&company_search=IGM Financial Inc&document_selection=0&industry_group=A&FromDate=13&FromMonth=05&FromYear=2000&ToDate=13&ToMonth=11&ToYear=2020&Variable=Issuer,https://www.sedar.com/ModifyCompanyDocumentSearchForm.do?lang=EN&company_search=IGM Financial Inc&document_selection=0&industry_group=A&FromDate=13&FromMonth=05&FromYear=2000&ToDate=13&ToMonth=11&ToYear=2020&Variable=Issuer,1620593491,16:51:31,20210509
46,2009-06-30,IGM.TO,CAD,2009-06-30,2009-06-30,Q2,559181000,0.0,0.0,0.0,0.0,158252000.0,197309000.0,0.0,0.0,0.0,28582000.0,8684000.0,201702000,0.36070968076526205,0.0,0.36413969716424555,0.0,203620000,0.36413969716424555,59116000.0,144504000,0.2584207975592876,0.5496015974137112,0.5471522366358452,262925000,264102000,https://www.sedar.com/ModifyCompanyDocumentSearchForm.do?lang=EN&company_search=IGM Financial Inc&document_selection=0&industry_group=A&FromDate=13&FromMonth=05&FromYear=2000&ToDate=13&ToMonth=11&ToYear=2020&Variable=Issuer,https://www.sedar.com/ModifyCompanyDocumentSearchForm.do?lang=EN&company_search=IGM Financial Inc&document_selection=0&industry_group=A&FromDate=13&FromMonth=05&FromYear=2000&ToDate=13&ToMonth=11&ToYear=2020&Variable=Issuer,1620593491,16:51:31,20210509
47,2009-03-31,IGM.TO,CAD,2009-03-31,2009-03-31,Q1,536161000,0.0,0.0,0.0,0.0,0.0,-192376000.0,0.0,0.0,0.0,22893000.0,8143000.0,216306000,0.4034347891771315,0.0,0.34554919138094714,0.0,185270000,0.34554919138094714,51743000.0,133527000,0.2490427315675702,0.5088351745504293,0.5071980977269964,262417000,263264000,https://www.sedar.com/ModifyCompanyDocumentSearchForm.do?lang=EN&company_search=IGM Financial Inc&document_selection=0&industry_group=A&FromDate=13&FromMonth=05&FromYear=2000&ToDate=13&ToMonth=11&ToYear=2020&Variable=Issuer,https://www.sedar.com/ModifyCompanyDocumentSearchForm.do?lang=EN&company_search=IGM Financial Inc&document_selection=0&industry_group=A&FromDate=13&FromMonth=05&FromYear=2000&ToDate=13&ToMonth=11&ToYear=2020&Variable=Issuer,1620593491,16:51:31,20210509
48,2008-12-31,IGM.TO,CAD,2008-12-31,2008-12-31,Q4,559543000,0.0,0.0,0.0,0.0,0.0,0.0,0.0,0.0,0.0,24448000.0,11519000.0,167401000,0.29917450490847,0.0,0.2348952627412013,0.0,131434000,0.2348952627412013,50367000.0,104804000,0.18730285250642043,0.4397838091881095,0.4397838091881095,238308000,238308000,https://www.sedar.com/ModifyCompanyDocumentSearchForm.do?lang=EN&company_search=IGM Financial Inc&document_selection=0&industry_group=A&FromDate=13&FromMonth=05&FromYear=2000&ToDate=13&ToMonth=11&ToYear=2020&Variable=Issuer,https://www.sedar.com/ModifyCompanyDocumentSearchForm.do?lang=EN&company_search=IGM Financial Inc&document_selection=0&industry_group=A&FromDate=13&FromMonth=05&FromYear=2000&ToDate=13&ToMonth=11&ToYear=2020&Variable=Issuer,1620593491,16:51:31,20210509
49,2008-09-30,IGM.TO,CAD,2008-09-30,2008-09-30,Q3,662784000,0.0,0.0,0.0,0.0,0.0,0.0,0.0,0.0,0.0,22176000.0,-155788000.0,249887000,0.377026301178061,0.0,0.41800345210505985,0.0,277046000,0.41800345210505985,78352000.0,198694000,0.29978695925067594,0.7549594391777646,0.7504456731931352,263185000,264768000,https://www.sedar.com/ModifyCompanyDocumentSearchForm.do?lang=EN&company_search=IGM Financial Inc&document_selection=0&industry_group=A&FromDate=13&FromMonth=05&FromYear=2000&ToDate=13&ToMonth=11&ToYear=2020&Variable=Issuer,https://www.sedar.com/ModifyCompanyDocumentSearchForm.do?lang=EN&company_search=IGM Financial Inc&document_selection=0&industry_group=A&FromDate=13&FromMonth=05&FromYear=2000&ToDate=13&ToMonth=11&ToYear=2020&Variable=Issuer,1620593491,16:51:31,20210509
50,2008-06-30,IGM.TO,CAD,2008-06-30,2008-06-30,Q2,724068000,0.0,0.0,0.0,0.0,0.0,0.0,0.0,0.0,0.0,21990000.0,87667000.0,436035000,0.6022017269096273,0.0,0.4507560063419458,0.0,326378000,0.4507560063419458,85277000.0,241101000,0.33298115646596727,0.9146159653122617,0.9072439990818473,263609000,265751000,https://www.sedar.com/ModifyCompanyDocumentSearchForm.do?lang=EN&company_search=IGM Financial Inc&document_selection=0&industry_group=A&FromDate=13&FromMonth=05&FromYear=2000&ToDate=13&ToMonth=11&ToYear=2020&Variable=Issuer,https://www.sedar.com/ModifyCompanyDocumentSearchForm.do?lang=EN&company_search=IGM Financial Inc&document_selection=0&industry_group=A&FromDate=13&FromMonth=05&FromYear=2000&ToDate=13&ToMonth=11&ToYear=2020&Variable=Issuer,1620593491,16:51:31,20210509
51,2008-03-31,IGM.TO,CAD,2008-03-31,2008-03-31,Q1,692692000,0.0,0.0,0.0,0.0,0.0,0.0,0.0,0.0,0.0,21990000.0,88205000.0,339109000,0.4895523551592916,0.0,0.41830712639961193,0.0,289758000,0.41830712639961193,78555000.0,211203000,0.3049017456531907,0.8,0.79,264116000,266154000,https://www.sedar.com/ModifyCompanyDocumentSearchForm.do?lang=EN&company_search=IGM Financial Inc&document_selection=0&industry_group=A&FromDate=13&FromMonth=05&FromYear=2000&ToDate=13&ToMonth=11&ToYear=2020&Variable=Issuer,https://www.sedar.com/ModifyCompanyDocumentSearchForm.do?lang=EN&company_search=IGM Financial Inc&document_selection=0&industry_group=A&FromDate=13&FromMonth=05&FromYear=2000&ToDate=13&ToMonth=11&ToYear=2020&Variable=Issuer,1620593491,16:51:31,20210509
52,2007-12-31,IGM.TO,CAD,2007-12-31,2007-12-31,Q4,699395000,0.0,0.0,0.0,0.0,0.0,0.0,0.0,0.0,0.0,22222000.0,93395000.0,416269000,0.5951844093823948,0.0,0.4298743914383145,0.0,300652000,0.4298743914383145,66317000.0,234335000,0.3350538679859021,0.9833282978330564,0.9833282978330564,238308000,238308000,https://www.sedar.com/ModifyCompanyDocumentSearchForm.do?lang=EN&company_search=IGM Financial Inc&document_selection=0&industry_group=A&FromDate=13&FromMonth=05&FromYear=2000&ToDate=13&ToMonth=11&ToYear=2020&Variable=Issuer,https://www.sedar.com/ModifyCompanyDocumentSearchForm.do?lang=EN&company_search=IGM Financial Inc&document_selection=0&industry_group=A&FromDate=13&FromMonth=05&FromYear=2000&ToDate=13&ToMonth=11&ToYear=2020&Variable=Issuer,1620593491,16:51:31,20210509
53,2007-09-30,IGM.TO,CAD,2007-09-30,2007-09-30,Q3,708608000,0.0,0.0,0.0,0.0,0.0,0.0,0.0,0.0,0.0,22221000.0,90516000.0,383725000,0.541519429642341,0.0,0.4442809000180636,0.0,314821000,0.4442809000180636,96424000.0,218397000,0.30820566519147397,0.83,0.82,264399000,267217000,https://www.sedar.com/ModifyCompanyDocumentSearchForm.do?lang=EN&company_search=IGM Financial Inc&document_selection=0&industry_group=A&FromDate=13&FromMonth=05&FromYear=2000&ToDate=13&ToMonth=11&ToYear=2020&Variable=Issuer,https://www.sedar.com/ModifyCompanyDocumentSearchForm.do?lang=EN&company_search=IGM Financial Inc&document_selection=0&industry_group=A&FromDate=13&FromMonth=05&FromYear=2000&ToDate=13&ToMonth=11&ToYear=2020&Variable=Issuer,1620593491,16:51:31,20210509
54,2007-06-30,IGM.TO,CAD,2007-06-30,2007-06-30,Q2,699834000,0.0,0.0,0.0,0.0,0.0,0.0,0.0,0.0,0.0,22036000.0,87643000.0,373542000,0.5337580054698686,0.0,0.4410303014714918,0.0,308648000,0.4410303014714918,92794000.0,215854000,0.30843600053727027,0.82,0.81,264837000,267709000,https://www.sedar.com/ModifyCompanyDocumentSearchForm.do?lang=EN&company_search=IGM Financial Inc&document_selection=0&industry_group=A&FromDate=13&FromMonth=05&FromYear=2000&ToDate=13&ToMonth=11&ToYear=2020&Variable=Issuer,https://www.sedar.com/ModifyCompanyDocumentSearchForm.do?lang=EN&company_search=IGM Financial Inc&document_selection=0&industry_group=A&FromDate=13&FromMonth=05&FromYear=2000&ToDate=13&ToMonth=11&ToYear=2020&Variable=Issuer,1620593491,16:51:31,20210509
55,2007-03-31,IGM.TO,CAD,2007-03-31,2007-03-31,Q1,698940000,0.0,0.0,0.0,0.0,0.0,0.0,0.0,0.0,0.0,21851000.0,86329000.0,354847000,0.5076930780896787,0.0,0.44309382779637735,0.0,309696000,0.44309382779637735,99147000.0,210549000,0.3012404498240192,0.794692463313002,0.7865962319414506,264944000,267671000,https://www.sedar.com/ModifyCompanyDocumentSearchForm.do?lang=EN&company_search=IGM Financial Inc&document_selection=0&industry_group=A&FromDate=13&FromMonth=05&FromYear=2000&ToDate=13&ToMonth=11&ToYear=2020&Variable=Issuer,https://www.sedar.com/ModifyCompanyDocumentSearchForm.do?lang=EN&company_search=IGM Financial Inc&document_selection=0&industry_group=A&FromDate=13&FromMonth=05&FromYear=2000&ToDate=13&ToMonth=11&ToYear=2020&Variable=Issuer,1620593491,16:51:31,20210509
56,2006-12-31,IGM.TO,CAD,2006-12-31,2006-12-31,Q4,656340000,0.0,0.0,0.0,0.0,0.0,0.0,0.0,0.0,0.0,22222000.0,84080000.0,395020000,0.6018526982966146,0.0,0.43989091019898224,0.0,288718000,0.43989091019898224,89126000.0,199592000,0.3040984855410306,0.8375379760645887,0.8375379760645887,238308000,238308000,https://www.sedar.com/ModifyCompanyDocumentSearchForm.do?lang=EN&company_search=IGM Financial Inc&document_selection=0&industry_group=A&FromDate=13&FromMonth=05&FromYear=2000&ToDate=13&ToMonth=11&ToYear=2020&Variable=Issuer,https://www.sedar.com/ModifyCompanyDocumentSearchForm.do?lang=EN&company_search=IGM Financial Inc&document_selection=0&industry_group=A&FromDate=13&FromMonth=05&FromYear=2000&ToDate=13&ToMonth=11&ToYear=2020&Variable=Issuer,1620593491,16:51:31,20210509
57,2006-09-30,IGM.TO,CAD,2006-09-30,2006-09-30,Q3,620881000,0.0,0.0,0.0,0.0,0.0,0.0,0.0,0.0,0.0,22221000.0,78794000.0,381955000,0.6151822974128698,0.0,0.45248606415722176,0.0,280940000,0.45248606415722176,89507000.0,191433000,0.3083247836541946,0.7230189334854156,0.7157283542581113,264769000,267466000,https://www.sedar.com/ModifyCompanyDocumentSearchForm.do?lang=EN&company_search=IGM Financial Inc&document_selection=0&industry_group=A&FromDate=13&FromMonth=05&FromYear=2000&ToDate=13&ToMonth=11&ToYear=2020&Variable=Issuer,https://www.sedar.com/ModifyCompanyDocumentSearchForm.do?lang=EN&company_search=IGM Financial Inc&document_selection=0&industry_group=A&FromDate=13&FromMonth=05&FromYear=2000&ToDate=13&ToMonth=11&ToYear=2020&Variable=Issuer,1620593491,16:51:31,20210509
58,2006-06-30,IGM.TO,CAD,2006-06-30,2006-06-30,Q2,614577000,0.0,0.0,0.0,0.0,0.0,0.0,0.0,0.0,0.0,22036000.0,79923000.0,368080000,0.5989160023886347,0.0,0.433014902933237,0.0,266121000,0.433014902933237,65709000.0,200412000,0.32609746215689817,0.7572060618196794,0.7491225250346691,264673000,267529000,https://www.sedar.com/ModifyCompanyDocumentSearchForm.do?lang=EN&company_search=IGM Financial Inc&document_selection=0&industry_group=A&FromDate=13&FromMonth=05&FromYear=2000&ToDate=13&ToMonth=11&ToYear=2020&Variable=Issuer,https://www.sedar.com/ModifyCompanyDocumentSearchForm.do?lang=EN&company_search=IGM Financial Inc&document_selection=0&industry_group=A&FromDate=13&FromMonth=05&FromYear=2000&ToDate=13&ToMonth=11&ToYear=2020&Variable=Issuer,1620593491,16:51:31,20210509
59,2006-03-31,IGM.TO,CAD,2006-03-31,2006-03-31,Q1,624380000,0.0,0.0,0.0,0.0,0.0,0.0,0.0,0.0,0.0,21941000.0,77499000.0,371582000,0.5951215605881034,0.0,0.43585957269611453,0.0,272142000,0.43585957269611453,86889000.0,185253000,0.29669912553252825,0.7,0.69,264647000,267266000,https://www.sedar.com/ModifyCompanyDocumentSearchForm.do?lang=EN&company_search=IGM Financial Inc&document_selection=0&industry_group=A&FromDate=13&FromMonth=05&FromYear=2000&ToDate=13&ToMonth=11&ToYear=2020&Variable=Issuer,https://www.sedar.com/ModifyCompanyDocumentSearchForm.do?lang=EN&company_search=IGM Financial Inc&document_selection=0&industry_group=A&FromDate=13&FromMonth=05&FromYear=2000&ToDate=13&ToMonth=11&ToYear=2020&Variable=Issuer,1620593491,16:51:31,20210509
60,2005-12-31,IGM.TO,CAD,2005-12-31,2005-12-31,Q4,585576000,0.0,0.0,0.0,0.0,0.0,0.0,0.0,0.0,0.0,22749000.0,71302000.0,348764000,0.595591349372242,0.0,0.4349785510335123,0.0,254713000,0.4349785510335123,77467000.0,177246000,0.30268658551579986,0.7437685684072712,0.7437685684072712,238308000,238308000,https://www.sedar.com/ModifyCompanyDocumentSearchForm.do?lang=EN&company_search=IGM Financial Inc&document_selection=0&industry_group=A&FromDate=13&FromMonth=05&FromYear=2000&ToDate=13&ToMonth=11&ToYear=2020&Variable=Issuer,https://www.sedar.com/ModifyCompanyDocumentSearchForm.do?lang=EN&company_search=IGM Financial Inc&document_selection=0&industry_group=A&FromDate=13&FromMonth=05&FromYear=2000&ToDate=13&ToMonth=11&ToYear=2020&Variable=Issuer,1620593491,16:51:31,20210509
61,2005-09-30,IGM.TO,CAD,2005-09-30,2005-09-30,Q3,564251000,0.0,0.0,0.0,0.0,0.0,0.0,0.0,0.0,0.0,22746000.0,72360000.0,340026000,0.6026147937708572,0.0,0.43406214610164623,0.0,244920000,0.43406214610164623,68365000.0,176555000,0.31290152786614467,0.67,0.66,264581000,266813000,https://www.sedar.com/ModifyCompanyDocumentSearchForm.do?lang=EN&company_search=IGM Financial Inc&document_selection=0&industry_group=A&FromDate=13&FromMonth=05&FromYear=2000&ToDate=13&ToMonth=11&ToYear=2020&Variable=Issuer,https://www.sedar.com/ModifyCompanyDocumentSearchForm.do?lang=EN&company_search=IGM Financial Inc&document_selection=0&industry_group=A&FromDate=13&FromMonth=05&FromYear=2000&ToDate=13&ToMonth=11&ToYear=2020&Variable=Issuer,1620593491,16:51:31,20210509
62,2005-06-30,IGM.TO,CAD,2005-06-30,2005-06-30,Q2,556605000,0.0,0.0,0.0,0.0,0.0,0.0,0.0,0.0,0.0,22557000.0,70673000.0,335659000,0.6030470441336315,0.0,0.4355494470944386,0.0,242429000,0.4355494470944386,74498000.0,167931000,0.30170587759721884,0.6347630189335379,0.6305941285588759,264557000,266306000,https://www.sedar.com/ModifyCompanyDocumentSearchForm.do?lang=EN&company_search=IGM Financial Inc&document_selection=0&industry_group=A&FromDate=13&FromMonth=05&FromYear=2000&ToDate=13&ToMonth=11&ToYear=2020&Variable=Issuer,https://www.sedar.com/ModifyCompanyDocumentSearchForm.do?lang=EN&company_search=IGM Financial Inc&document_selection=0&industry_group=A&FromDate=13&FromMonth=05&FromYear=2000&ToDate=13&ToMonth=11&ToYear=2020&Variable=Issuer,1620593491,16:51:31,20210509
63,2005-03-31,IGM.TO,CAD,2005-03-31,2005-03-31,Q1,550723000,0.0,0.0,0.0,0.0,0.0,0.0,0.0,0.0,0.0,22373000.0,68305000.0,322543000,0.5856719258138846,0.0,0.4210192782941697,0.0,231865000,0.4210192782941697,71170000.0,160695000,0.29178915716249365,0.61,0.6,264647000,266415000,https://www.sedar.com/ModifyCompanyDocumentSearchForm.do?lang=EN&company_search=IGM Financial Inc&document_selection=0&industry_group=A&FromDate=13&FromMonth=05&FromYear=2000&ToDate=13&ToMonth=11&ToYear=2020&Variable=Issuer,https://www.sedar.com/ModifyCompanyDocumentSearchForm.do?lang=EN&company_search=IGM Financial Inc&document_selection=0&industry_group=A&FromDate=13&FromMonth=05&FromYear=2000&ToDate=13&ToMonth=11&ToYear=2020&Variable=Issuer,1620593491,16:51:31,20210509
64,2004-12-31,IGM.TO,CAD,2004-12-31,2004-12-31,Q4,529142000,0.0,0.0,0.0,0.0,0.0,0.0,0.0,0.0,0.0,18925000.0,65973000.0,295633000,0.5587025788918665,0.0,0.3982579345430905,0.0,210735000,0.3982579345430905,63470000.0,147265000,0.27830903613774755,0.6179607902378434,0.6179607902378434,238308000,238308000,https://www.sedar.com/ModifyCompanyDocumentSearchForm.do?lang=EN&company_search=IGM Financial Inc&document_selection=0&industry_group=A&FromDate=13&FromMonth=05&FromYear=2000&ToDate=13&ToMonth=11&ToYear=2020&Variable=Issuer,https://www.sedar.com/ModifyCompanyDocumentSearchForm.do?lang=EN&company_search=IGM Financial Inc&document_selection=0&industry_group=A&FromDate=13&FromMonth=05&FromYear=2000&ToDate=13&ToMonth=11&ToYear=2020&Variable=Issuer,1620593491,16:51:31,20210509
65,2004-09-30,IGM.TO,CAD,2004-09-30,2004-09-30,Q3,508404000,0.0,0.0,0.0,0.0,0.0,0.0,0.0,0.0,0.0,18714000.0,63308000.0,307997000,0.6058115199723055,0.0,0.4444791937120872,0.0,225975000,0.4444791937120872,66969000.0,159006000,0.31275521042320675,0.6008524981672801,0.5973492219726056,264634000,266186000,https://www.sedar.com/ModifyCompanyDocumentSearchForm.do?lang=EN&company_search=IGM Financial Inc&document_selection=0&industry_group=A&FromDate=13&FromMonth=05&FromYear=2000&ToDate=13&ToMonth=11&ToYear=2020&Variable=Issuer,https://www.sedar.com/ModifyCompanyDocumentSearchForm.do?lang=EN&company_search=IGM Financial Inc&document_selection=0&industry_group=A&FromDate=13&FromMonth=05&FromYear=2000&ToDate=13&ToMonth=11&ToYear=2020&Variable=Issuer,1620593491,16:51:31,20210509
66,2004-06-30,IGM.TO,CAD,2004-06-30,2004-06-30,Q2,504950000,0.0,0.0,0.0,0.0,0.0,0.0,0.0,0.0,0.0,18532000.0,60919000.0,303747000,0.6015387662144767,0.0,0.4441944747004654,0.0,224296000,0.4441944747004654,66535000.0,157761000,0.312428953361719,0.58,0.57,264331000,265960000,https://www.sedar.com/ModifyCompanyDocumentSearchForm.do?lang=EN&company_search=IGM Financial Inc&document_selection=0&industry_group=A&FromDate=13&FromMonth=05&FromYear=2000&ToDate=13&ToMonth=11&ToYear=2020&Variable=Issuer,https://www.sedar.com/ModifyCompanyDocumentSearchForm.do?lang=EN&company_search=IGM Financial Inc&document_selection=0&industry_group=A&FromDate=13&FromMonth=05&FromYear=2000&ToDate=13&ToMonth=11&ToYear=2020&Variable=Issuer,1620593491,16:51:31,20210509
67,2004-03-31,IGM.TO,CAD,2004-03-31,2004-03-31,Q1,501682000,0.0,0.0,0.0,0.0,0.0,0.0,0.0,0.0,0.0,18722000.0,59371000.0,299152000,0.5962980533485355,0.0,0.44063570150015346,0.0,221059000,0.44063570150015346,67995000.0,153064000,0.30510163808946705,0.56,0.557,264167000,265743000,https://www.sedar.com/ModifyCompanyDocumentSearchForm.do?lang=EN&company_search=IGM Financial Inc&document_selection=0&industry_group=A&FromDate=13&FromMonth=05&FromYear=2000&ToDate=13&ToMonth=11&ToYear=2020&Variable=Issuer,https://www.sedar.com/ModifyCompanyDocumentSearchForm.do?lang=EN&company_search=IGM Financial Inc&document_selection=0&industry_group=A&FromDate=13&FromMonth=05&FromYear=2000&ToDate=13&ToMonth=11&ToYear=2020&Variable=Issuer,1620593491,16:51:31,20210509
68,2003-12-31,IGM.TO,CAD,2003-12-31,2003-12-31,Q4,475967000,0.0,0.0,0.0,0.0,0.0,0.0,0.0,0.0,0.0,23623000.0,57076000.0,309710000,0.6506963718072891,0.0,0.5021839749394391,0.0,239023000,0.5021839749394391,99286000.0,139737000,0.29358547966560705,0.5863714185004281,0.5863714185004281,238308000,238308000,https://www.sedar.com/ModifyCompanyDocumentSearchForm.do?lang=EN&company_search=IGM Financial Inc&document_selection=0&industry_group=A&FromDate=13&FromMonth=05&FromYear=2000&ToDate=13&ToMonth=11&ToYear=2020&Variable=Issuer,https://www.sedar.com/ModifyCompanyDocumentSearchForm.do?lang=EN&company_search=IGM Financial Inc&document_selection=0&industry_group=A&FromDate=13&FromMonth=05&FromYear=2000&ToDate=13&ToMonth=11&ToYear=2020&Variable=Issuer,1620593491,16:51:31,20210509
69,2003-09-30,IGM.TO,CAD,2003-09-30,2003-09-30,Q3,455074000,0.0,0.0,0.0,0.0,0.0,0.0,0.0,0.0,0.0,19302000.0,53522000.0,288500000,0.6339628280235742,0.0,0.5065022391962626,0.0,230496000,0.5065022391962626,69899000.0,160597000,0.3529030443400414,0.589,0.586,263948000,265370000,https://www.sedar.com/ModifyCompanyDocumentSearchForm.do?lang=EN&company_search=IGM Financial Inc&document_selection=0&industry_group=A&FromDate=13&FromMonth=05&FromYear=2000&ToDate=13&ToMonth=11&ToYear=2020&Variable=Issuer,https://www.sedar.com/ModifyCompanyDocumentSearchForm.do?lang=EN&company_search=IGM Financial Inc&document_selection=0&industry_group=A&FromDate=13&FromMonth=05&FromYear=2000&ToDate=13&ToMonth=11&ToYear=2020&Variable=Issuer,1620593491,16:51:31,20210509
70,2003-06-30,IGM.TO,CAD,2003-06-30,2003-06-30,Q2,438630000,0.0,0.0,0.0,0.0,0.0,0.0,0.0,0.0,0.0,21521000.0,54449000.0,277638000,0.6329662813761029,0.0,0.4597679137313909,0.0,201668000,0.4597679137313909,67143000.0,134525000,0.3066935686113581,0.49,0.488,263831000,265060000,https://www.sedar.com/ModifyCompanyDocumentSearchForm.do?lang=EN&company_search=IGM Financial Inc&document_selection=0&industry_group=A&FromDate=13&FromMonth=05&FromYear=2000&ToDate=13&ToMonth=11&ToYear=2020&Variable=Issuer,https://www.sedar.com/ModifyCompanyDocumentSearchForm.do?lang=EN&company_search=IGM Financial Inc&document_selection=0&industry_group=A&FromDate=13&FromMonth=05&FromYear=2000&ToDate=13&ToMonth=11&ToYear=2020&Variable=Issuer,1620593491,16:51:31,20210509
71,2003-03-31,IGM.TO,CAD,2003-03-31,2003-03-31,Q1,433953000,0.0,0.0,0.0,0.0,0.0,0.0,0.0,0.0,0.0,20931000.0,56242000.0,264965000,0.6105845563920517,0.0,0.4327473251711591,0.0,187792000,0.4327473251711591,62870000.0,124922000,0.28786988452666534,0.454,0.452,263831000,264992000,https://www.sedar.com/ModifyCompanyDocumentSearchForm.do?lang=EN&company_search=IGM Financial Inc&document_selection=0&industry_group=A&FromDate=13&FromMonth=05&FromYear=2000&ToDate=13&ToMonth=11&ToYear=2020&Variable=Issuer,https://www.sedar.com/ModifyCompanyDocumentSearchForm.do?lang=EN&company_search=IGM Financial Inc&document_selection=0&industry_group=A&FromDate=13&FromMonth=05&FromYear=2000&ToDate=13&ToMonth=11&ToYear=2020&Variable=Issuer,1620593491,16:51:31,20210509
72,2002-12-31,IGM.TO,CAD,2002-12-31,2002-12-31,Q4,428169000,0.0,0.0,0.0,0.0,0.0,0.0,0.0,0.0,0.0,19471000.0,209443000.0,428572000,1.0009412171362242,0.0,0.4663065284969253,0.0,199658000,0.4663065284969253,77015000.0,124454000,0.29066560166663163,0.5222401262232069,0.5222401262232069,238308000,238308000,https://www.sedar.com/ModifyCompanyDocumentSearchForm.do?lang=EN&company_search=IGM Financial Inc&document_selection=0&industry_group=A&FromDate=13&FromMonth=05&FromYear=2000&ToDate=13&ToMonth=11&ToYear=2020&Variable=Issuer,https://www.sedar.com/ModifyCompanyDocumentSearchForm.do?lang=EN&company_search=IGM Financial Inc&document_selection=0&industry_group=A&FromDate=13&FromMonth=05&FromYear=2000&ToDate=13&ToMonth=11&ToYear=2020&Variable=Issuer,1620593491,16:51:31,20210509
73,2002-09-30,IGM.TO,CAD,2002-09-30,2002-09-30,Q3,459374000,0.0,0.0,0.0,0.0,0.0,0.0,0.0,0.0,0.0,19801000.0,6487000.0,234094000,0.5095934902715434,0.0,0.45236778746729245,0.0,207806000,0.45236778746729245,77963000.0,129843000,0.2826520438683948,0.473,0.471,263568000,264962000,https://www.sedar.com/ModifyCompanyDocumentSearchForm.do?lang=EN&company_search=IGM Financial Inc&document_selection=0&industry_group=A&FromDate=13&FromMonth=05&FromYear=2000&ToDate=13&ToMonth=11&ToYear=2020&Variable=Issuer,https://www.sedar.com/ModifyCompanyDocumentSearchForm.do?lang=EN&company_search=IGM Financial Inc&document_selection=0&industry_group=A&FromDate=13&FromMonth=05&FromYear=2000&ToDate=13&ToMonth=11&ToYear=2020&Variable=Issuer,1620593491,16:51:31,20210509
74,2002-06-30,IGM.TO,CAD,2002-06-30,2002-06-30,Q2,487327000,0.0,0.0,0.0,0.0,0.0,0.0,0.0,0.0,0.0,19947000.0,7788000.0,245465000,0.5036966964686955,0.0,0.4467841921338239,0.0,217730000,0.4467841921338239,81980000.0,135750000,0.27856039168771685,0.496,0.492,263466000,265638000,https://www.sedar.com/ModifyCompanyDocumentSearchForm.do?lang=EN&company_search=IGM Financial Inc&document_selection=0&industry_group=A&FromDate=13&FromMonth=05&FromYear=2000&ToDate=13&ToMonth=11&ToYear=2020&Variable=Issuer,https://www.sedar.com/ModifyCompanyDocumentSearchForm.do?lang=EN&company_search=IGM Financial Inc&document_selection=0&industry_group=A&FromDate=13&FromMonth=05&FromYear=2000&ToDate=13&ToMonth=11&ToYear=2020&Variable=Issuer,1620593491,16:51:31,20210509
75,2002-03-31,IGM.TO,CAD,2002-03-31,2002-03-31,Q1,485652000,0.0,0.0,0.0,0.0,0.0,0.0,0.0,0.0,0.0,20295000.0,7138000.0,229588000,0.47274179865418037,0.0,0.4162548491512441,0.0,202155000,0.4162548491512441,80443000.0,121712000,0.2506156671855567,0.443,0.44,263185000,264978000,https://www.sedar.com/ModifyCompanyDocumentSearchForm.do?lang=EN&company_search=IGM Financial Inc&document_selection=0&industry_group=A&FromDate=13&FromMonth=05&FromYear=2000&ToDate=13&ToMonth=11&ToYear=2020&Variable=Issuer,https://www.sedar.com/ModifyCompanyDocumentSearchForm.do?lang=EN&company_search=IGM Financial Inc&document_selection=0&industry_group=A&FromDate=13&FromMonth=05&FromYear=2000&ToDate=13&ToMonth=11&ToYear=2020&Variable=Issuer,1620593491,16:51:31,20210509
76,2001-12-31,IGM.TO,CAD,2001-12-31,2001-12-31,Q4,488359000,0.0,0.0,0.0,0.0,0.0,0.0,0.0,0.0,0.0,22033000.0,31522000.0,238960000,0.48931216584520815,0.0,0.3796489877323854,0.0,185405000,0.3796489877323854,95248000.0,90157000,0.18461213983974903,0.37832133205767327,0.37832133205767327,238308000,238308000,https://www.sedar.com/ModifyCompanyDocumentSearchForm.do?lang=EN&company_search=IGM Financial Inc&document_selection=0&industry_group=A&FromDate=13&FromMonth=05&FromYear=2000&ToDate=13&ToMonth=11&ToYear=2020&Variable=Issuer,https://www.sedar.com/ModifyCompanyDocumentSearchForm.do?lang=EN&company_search=IGM Financial Inc&document_selection=0&industry_group=A&FromDate=13&FromMonth=05&FromYear=2000&ToDate=13&ToMonth=11&ToYear=2020&Variable=Issuer,1620593491,16:51:31,20210509
77,2001-09-30,IGM.TO,CAD,2001-09-30,2001-09-30,Q3,476769000,0.0,0.0,0.0,0.0,0.0,0.0,0.0,0.0,0.0,25758000.0,36636000.0,226715000,0.4755237861522037,0.0,0.34465537818104786,0.0,164321000,0.34465537818104786,74840000.0,89481000,0.18768208503489112,0.32,0.319,26345100,264302000,https://www.sedar.com/ModifyCompanyDocumentSearchForm.do?lang=EN&company_search=IGM Financial Inc&document_selection=0&industry_group=A&FromDate=13&FromMonth=05&FromYear=2000&ToDate=13&ToMonth=11&ToYear=2020&Variable=Issuer,https://www.sedar.com/ModifyCompanyDocumentSearchForm.do?lang=EN&company_search=IGM Financial Inc&document_selection=0&industry_group=A&FromDate=13&FromMonth=05&FromYear=2000&ToDate=13&ToMonth=11&ToYear=2020&Variable=Issuer,1620593491,16:51:31,20210509
78,2001-06-30,IGM.TO,CAD,2001-06-30,2001-06-30,Q2,450113000,0.0,0.0,0.0,0.0,0.0,0.0,0.0,0.0,0.0,24734000.0,27781000.0,114090000,0.25346968427928096,0.0,0.13679898158906764,0.0,61575000,0.13679898158906764,32308000.0,29267000,0.06502145016917973,0.11,0.1,251469000,252253000,https://www.sedar.com/ModifyCompanyDocumentSearchForm.do?lang=EN&company_search=IGM Financial Inc&document_selection=0&industry_group=A&FromDate=13&FromMonth=05&FromYear=2000&ToDate=13&ToMonth=11&ToYear=2020&Variable=Issuer,https://www.sedar.com/ModifyCompanyDocumentSearchForm.do?lang=EN&company_search=IGM Financial Inc&document_selection=0&industry_group=A&FromDate=13&FromMonth=05&FromYear=2000&ToDate=13&ToMonth=11&ToYear=2020&Variable=Issuer,1620593491,16:51:31,20210509
79,2001-03-31,IGM.TO,CAD,2001-03-31,2001-03-31,Q1,296399000,0.0,0.0,0.0,0.0,0.0,0.0,0.0,0.0,0.0,4922000.0,3136000.0,122659000,0.4138306809402191,0.0,0.38664435440065587,0.0,114601000,0.38664435440065587,50512000.0,64089000,0.21622542586176066,0.31,0.31,209742580,209742580,https://www.sedar.com/ModifyCompanyDocumentSearchForm.do?lang=EN&company_search=IGM Financial Inc&document_selection=0&industry_group=A&FromDate=13&FromMonth=05&FromYear=2000&ToDate=13&ToMonth=11&ToYear=2020&Variable=Issuer,https://www.sedar.com/ModifyCompanyDocumentSearchForm.do?lang=EN&company_search=IGM Financial Inc&document_selection=0&industry_group=A&FromDate=13&FromMonth=05&FromYear=2000&ToDate=13&ToMonth=11&ToYear=2020&Variable=Issuer,1620593491,16:51:31,20210509
80,2000-12-31,IGM.TO,CAD,2000-12-31,2000-12-31,Q4,333728000,0.0,0.0,0.0,0.0,0.0,0.0,0.0,0.0,0.0,5088000.0,3462000.0,143702000,0.43059617412983026,0.0,0.40497650781474737,0.0,135152000,0.40497650781474737,55239000.0,79913000,0.23945548470610797,0.33533494469342195,0.33533494469342195,238308000,238308000,https://www.sedar.com/ModifyCompanyDocumentSearchForm.do?lang=EN&company_search=IGM Financial Inc&document_selection=0&industry_group=A&FromDate=13&FromMonth=05&FromYear=2000&ToDate=13&ToMonth=11&ToYear=2020&Variable=Issuer,https://www.sedar.com/ModifyCompanyDocumentSearchForm.do?lang=EN&company_search=IGM Financial Inc&document_selection=0&industry_group=A&FromDate=13&FromMonth=05&FromYear=2000&ToDate=13&ToMonth=11&ToYear=2020&Variable=Issuer,1620593491,16:51:31,20210509
81,2000-09-30,IGM.TO,CAD,2000-09-30,2000-09-30,Q3,302822000,0.0,0.0,0.0,0.0,0.0,0.0,0.0,0.0,0.0,5143000.0,2827000.0,148060000,0.4889340932957315,0.0,0.4626150015520669,0.0,140090000,0.4626150015520669,63568000.0,76522000,0.25269630343898397,0.37,0.37,209920898,209920898,https://www.sedar.com/ModifyCompanyDocumentSearchForm.do?lang=EN&company_search=IGM Financial Inc&document_selection=0&industry_group=A&FromDate=13&FromMonth=05&FromYear=2000&ToDate=13&ToMonth=11&ToYear=2020&Variable=Issuer,https://www.sedar.com/ModifyCompanyDocumentSearchForm.do?lang=EN&company_search=IGM Financial Inc&document_selection=0&industry_group=A&FromDate=13&FromMonth=05&FromYear=2000&ToDate=13&ToMonth=11&ToYear=2020&Variable=Issuer,1620593491,16:51:31,20210509
82,2000-06-30,IGM.TO,CAD,2000-06-30,2000-06-30,Q2,287500000,0.0,0.0,0.0,0.0,0.0,0.0,0.0,0.0,0.0,5500000.0,2900000.0,139700000,0.48591304347826086,0.0,0.45669565217391306,0.0,131300000,0.45669565217391306,58200000.0,73100000,0.2542608695652174,0.35,0.35,208857143,208857143,https://www.sedar.com/ModifyCompanyDocumentSearchForm.do?lang=EN&company_search=IGM Financial Inc&document_selection=0&industry_group=A&FromDate=13&FromMonth=05&FromYear=2000&ToDate=13&ToMonth=11&ToYear=2020&Variable=Issuer,https://www.sedar.com/ModifyCompanyDocumentSearchForm.do?lang=EN&company_search=IGM Financial Inc&document_selection=0&industry_group=A&FromDate=13&FromMonth=05&FromYear=2000&ToDate=13&ToMonth=11&ToYear=2020&Variable=Issuer,1620593491,16:51:31,20210509
83,2000-03-31,IGM.TO,CAD,2000-03-31,2000-03-31,Q1,273000000,0.0,0.0,0.0,0.0,0.0,0.0,0.0,0.0,0.0,5600000.0,2300000.0,107600000,0.3941391941391941,0.0,0.3652014652014652,0.0,99700000,0.3652014652014652,45200000.0,54500000,0.19963369963369965,0.26,0.26,209615385,209615385,https://www.sedar.com/ModifyCompanyDocumentSearchForm.do?lang=EN&company_search=IGM Financial Inc&document_selection=0&industry_group=A&FromDate=13&FromMonth=05&FromYear=2000&ToDate=13&ToMonth=11&ToYear=2020&Variable=Issuer,https://www.sedar.com/ModifyCompanyDocumentSearchForm.do?lang=EN&company_search=IGM Financial Inc&document_selection=0&industry_group=A&FromDate=13&FromMonth=05&FromYear=2000&ToDate=13&ToMonth=11&ToYear=2020&Variable=Issuer,1620593491,16:51:31,20210509
84,1999-12-31,IGM.TO,CAD,1999-12-31,1999-12-31,Q4,268400000,0.0,0.0,0.0,0.0,0.0,0.0,0.0,0.0,0.0,6600000.0,2700000.0,125700000,0.4683308494783905,0.0,0.4336810730253353,0.0,116400000,0.4336810730253353,50200000.0,66200000,0.2466467958271237,0.2777917652785471,0.2777917652785471,238308000,238308000,https://www.sedar.com/ModifyCompanyDocumentSearchForm.do?lang=EN&company_search=IGM Financial Inc&document_selection=0&industry_group=A&FromDate=13&FromMonth=05&FromYear=2000&ToDate=13&ToMonth=11&ToYear=2020&Variable=Issuer,https://www.sedar.com/ModifyCompanyDocumentSearchForm.do?lang=EN&company_search=IGM Financial Inc&document_selection=0&industry_group=A&FromDate=13&FromMonth=05&FromYear=2000&ToDate=13&ToMonth=11&ToYear=2020&Variable=Issuer,1620593491,16:51:31,20210509
85,1999-09-30,IGM.TO,CAD,1999-09-30,1999-09-30,Q3,257500000,0.0,0.0,0.0,0.0,0.0,0.0,0.0,0.0,0.0,7100000.0,2200000.0,119700000,0.46485436893203885,0.0,0.4287378640776699,0.0,110400000,0.4287378640776699,46900000.0,63500000,0.24660194174757283,0.3,0.3,211666667,211666667,https://www.sedar.com/ModifyCompanyDocumentSearchForm.do?lang=EN&company_search=IGM Financial Inc&document_selection=0&industry_group=A&FromDate=13&FromMonth=05&FromYear=2000&ToDate=13&ToMonth=11&ToYear=2020&Variable=Issuer,https://www.sedar.com/ModifyCompanyDocumentSearchForm.do?lang=EN&company_search=IGM Financial Inc&document_selection=0&industry_group=A&FromDate=13&FromMonth=05&FromYear=2000&ToDate=13&ToMonth=11&ToYear=2020&Variable=Issuer,1620593491,16:51:31,20210509
86,1999-06-30,IGM.TO,CAD,1999-06-30,1999-06-30,Q2,251500000,0.0,0.0,0.0,0.0,0.0,0.0,0.0,0.0,0.0,9700000.0,3200000.0,119400000,0.4747514910536779,0.0,0.4234592445328032,0.0,106500000,0.4234592445328032,45900000.0,60600000,0.24095427435387673,0.29,0.29,208965517,208965517,https://www.sedar.com/ModifyCompanyDocumentSearchForm.do?lang=EN&company_search=IGM Financial Inc&document_selection=0&industry_group=A&FromDate=13&FromMonth=05&FromYear=2000&ToDate=13&ToMonth=11&ToYear=2020&Variable=Issuer,https://www.sedar.com/ModifyCompanyDocumentSearchForm.do?lang=EN&company_search=IGM Financial Inc&document_selection=0&industry_group=A&FromDate=13&FromMonth=05&FromYear=2000&ToDate=13&ToMonth=11&ToYear=2020&Variable=Issuer,1620593491,16:51:31,20210509
87,1999-03-31,IGM.TO,CAD,1999-03-31,1999-03-31,Q1,237400000,0.0,0.0,0.0,0.0,0.0,0.0,0.0,0.0,0.0,10300000.0,2300000.0,93400000,0.3934288121314238,0.0,0.34035383319292334,0.0,80800000,0.34035383319292334,35500000.0,45300000,0.19081718618365628,0.22,0.22,205909091,205909091,https://www.sedar.com/ModifyCompanyDocumentSearchForm.do?lang=EN&company_search=IGM Financial Inc&document_selection=0&industry_group=A&FromDate=13&FromMonth=05&FromYear=2000&ToDate=13&ToMonth=11&ToYear=2020&Variable=Issuer,https://www.sedar.com/ModifyCompanyDocumentSearchForm.do?lang=EN&company_search=IGM Financial Inc&document_selection=0&industry_group=A&FromDate=13&FromMonth=05&FromYear=2000&ToDate=13&ToMonth=11&ToYear=2020&Variable=Issuer,1620593491,16:51:31,20210509
88,1998-12-31,IGM.TO,CAD,1998-12-31,1998-12-31,Q4,257800000,0.0,0.0,0.0,0.0,0.0,0.0,0.0,0.0,0.0,10900000.0,2700000.0,108600000,0.4212567882079131,0.0,0.36850271528316525,0.0,95000000,0.36850271528316525,42700000.0,52300000,0.20287044220325834,0.21946388707051379,0.21946388707051379,238308000,238308000,https://www.sedar.com/ModifyCompanyDocumentSearchForm.do?lang=EN&company_search=IGM Financial Inc&document_selection=0&industry_group=A&FromDate=13&FromMonth=05&FromYear=2000&ToDate=13&ToMonth=11&ToYear=2020&Variable=Issuer,https://www.sedar.com/ModifyCompanyDocumentSearchForm.do?lang=EN&company_search=IGM Financial Inc&document_selection=0&industry_group=A&FromDate=13&FromMonth=05&FromYear=2000&ToDate=13&ToMonth=11&ToYear=2020&Variable=Issuer,1620593491,16:51:31,20210509
89,1998-09-30,IGM.TO,CAD,1998-09-30,1998-09-30,Q3,227500000,0.0,0.0,0.0,0.0,0.0,0.0,0.0,0.0,0.0,11100000.0,2500000.0,100300000,0.4408791208791209,0.0,0.3810989010989011,0.0,86700000,0.3810989010989011,36400000.0,50300000,0.2210989010989011,0.24,0.24,209583333,209583333,https://www.sedar.com/ModifyCompanyDocumentSearchForm.do?lang=EN&company_search=IGM Financial Inc&document_selection=0&industry_group=A&FromDate=13&FromMonth=05&FromYear=2000&ToDate=13&ToMonth=11&ToYear=2020&Variable=Issuer,https://www.sedar.com/ModifyCompanyDocumentSearchForm.do?lang=EN&company_search=IGM Financial Inc&document_selection=0&industry_group=A&FromDate=13&FromMonth=05&FromYear=2000&ToDate=13&ToMonth=11&ToYear=2020&Variable=Issuer,1620593491,16:51:31,20210509
90,1998-06-30,IGM.TO,CAD,1998-06-30,1998-06-30,Q2,230500000,0.0,0.0,0.0,0.0,0.0,0.0,0.0,0.0,0.0,11500000.0,2200000.0,94600000,0.410412147505423,0.0,0.35097613882863343,0.0,80900000,0.35097613882863343,32400000.0,48500000,0.210412147505423,0.23,0.23,210869565,210869565,https://www.sedar.com/ModifyCompanyDocumentSearchForm.do?lang=EN&company_search=IGM Financial Inc&document_selection=0&industry_group=A&FromDate=13&FromMonth=05&FromYear=2000&ToDate=13&ToMonth=11&ToYear=2020&Variable=Issuer,https://www.sedar.com/ModifyCompanyDocumentSearchForm.do?lang=EN&company_search=IGM Financial Inc&document_selection=0&industry_group=A&FromDate=13&FromMonth=05&FromYear=2000&ToDate=13&ToMonth=11&ToYear=2020&Variable=Issuer,1620593491,16:51:31,20210509
91,1998-03-31,IGM.TO,CAD,1998-03-31,1998-03-31,Q1,213600000,0.0,0.0,0.0,0.0,0.0,0.0,0.0,0.0,0.0,12100000.0,2600000.0,76100000,0.3562734082397004,0.0,0.28745318352059923,0.0,61400000,0.28745318352059923,24300000.0,37100000,0.17368913857677903,0.18,0.18,206111111,206111111,https://www.sedar.com/ModifyCompanyDocumentSearchForm.do?lang=EN&company_search=IGM Financial Inc&document_selection=0&industry_group=A&FromDate=13&FromMonth=05&FromYear=2000&ToDate=13&ToMonth=11&ToYear=2020&Variable=Issuer,https://www.sedar.com/ModifyCompanyDocumentSearchForm.do?lang=EN&company_search=IGM Financial Inc&document_selection=0&industry_group=A&FromDate=13&FromMonth=05&FromYear=2000&ToDate=13&ToMonth=11&ToYear=2020&Variable=Issuer,1620593491,16:51:31,20210509
92,1997-12-31,IGM.TO,CAD,1997-12-31,1997-12-31,Q4,218600000,0.0,0.0,0.0,0.0,0.0,0.0,0.0,0.0,0.0,11500000.0,6800000.0,93900000,0.429551692589204,0.0,0.3458371454711802,0.0,75600000,0.3458371454711802,35200000.0,40400000,0.1848124428179323,0.16952850932406802,0.16952850932406802,238308000,238308000,https://www.sedar.com/ModifyCompanyDocumentSearchForm.do?lang=EN&company_search=IGM Financial Inc&document_selection=0&industry_group=A&FromDate=13&FromMonth=05&FromYear=2000&ToDate=13&ToMonth=11&ToYear=2020&Variable=Issuer,https://www.sedar.com/ModifyCompanyDocumentSearchForm.do?lang=EN&company_search=IGM Financial Inc&document_selection=0&industry_group=A&FromDate=13&FromMonth=05&FromYear=2000&ToDate=13&ToMonth=11&ToYear=2020&Variable=Issuer,1620593491,16:51:31,20210509
93,1997-09-30,IGM.TO,CAD,1997-09-30,1997-09-30,Q3,202600000,0.0,0.0,0.0,0.0,0.0,0.0,0.0,0.0,0.0,12100000.0,2700000.0,82900000,0.4091806515301086,0.0,0.3361303060217177,0.0,68100000,0.3361303060217177,27800000.0,40300000,0.19891411648568608,0.19,0.19,212105263,212105263,https://www.sedar.com/ModifyCompanyDocumentSearchForm.do?lang=EN&company_search=IGM Financial Inc&document_selection=0&industry_group=A&FromDate=13&FromMonth=05&FromYear=2000&ToDate=13&ToMonth=11&ToYear=2020&Variable=Issuer,https://www.sedar.com/ModifyCompanyDocumentSearchForm.do?lang=EN&company_search=IGM Financial Inc&document_selection=0&industry_group=A&FromDate=13&FromMonth=05&FromYear=2000&ToDate=13&ToMonth=11&ToYear=2020&Variable=Issuer,1620593491,16:51:31,20210509
94,1997-06-30,IGM.TO,CAD,1997-06-30,1997-06-30,Q2,191400000,0.0,0.0,0.0,0.0,0.0,0.0,0.0,0.0,0.0,15100000.0,2100000.0,76600000,0.400208986415883,0.0,0.3103448275862069,0.0,59400000,0.3103448275862069,22200000.0,37200000,0.19435736677115986,0.18,0.18,206666667,206666667,https://www.sedar.com/ModifyCompanyDocumentSearchForm.do?lang=EN&company_search=IGM Financial Inc&document_selection=0&industry_group=A&FromDate=13&FromMonth=05&FromYear=2000&ToDate=13&ToMonth=11&ToYear=2020&Variable=Issuer,https://www.sedar.com/ModifyCompanyDocumentSearchForm.do?lang=EN&company_search=IGM Financial Inc&document_selection=0&industry_group=A&FromDate=13&FromMonth=05&FromYear=2000&ToDate=13&ToMonth=11&ToYear=2020&Variable=Issuer,1620593491,16:51:31,20210509
95,1997-03-31,IGM.TO,CAD,1997-03-31,1997-03-31,Q1,176400000,0.0,0.0,0.0,0.0,0.0,0.0,0.0,0.0,0.0,16100000.0,3100000.0,65500000,0.3713151927437642,0.0,0.2624716553287982,0.0,46300000,0.2624716553287982,16700000.0,29600000,0.16780045351473924,0.14,0.14,211428571,211428571,https://www.sedar.com/ModifyCompanyDocumentSearchForm.do?lang=EN&company_search=IGM Financial Inc&document_selection=0&industry_group=A&FromDate=13&FromMonth=05&FromYear=2000&ToDate=13&ToMonth=11&ToYear=2020&Variable=Issuer,https://www.sedar.com/ModifyCompanyDocumentSearchForm.do?lang=EN&company_search=IGM Financial Inc&document_selection=0&industry_group=A&FromDate=13&FromMonth=05&FromYear=2000&ToDate=13&ToMonth=11&ToYear=2020&Variable=Issuer,1620593491,16:51:31,20210509
96,1996-12-31,IGM.TO,CAD,1996-12-31,1996-12-31,Q4,176800000,0.0,0.0,0.0,0.0,0.0,0.0,0.0,0.0,0.0,16500000.0,-20000000.0,64300000,0.36368778280542985,0.0,0.2703619909502262,0.0,47800000,0.2703619909502262,15700000.0,32100000,0.18156108597285067,0.1346996324084798,0.1346996324084798,238308000,238308000,https://www.sedar.com/ModifyCompanyDocumentSearchForm.do?lang=EN&company_search=IGM Financial Inc&document_selection=0&industry_group=A&FromDate=13&FromMonth=05&FromYear=2000&ToDate=13&ToMonth=11&ToYear=2020&Variable=Issuer,https://www.sedar.com/ModifyCompanyDocumentSearchForm.do?lang=EN&company_search=IGM Financial Inc&document_selection=0&industry_group=A&FromDate=13&FromMonth=05&FromYear=2000&ToDate=13&ToMonth=11&ToYear=2020&Variable=Issuer,1620593491,16:51:31,20210509
97,1996-09-30,IGM.TO,CAD,1996-09-30,1996-09-30,Q3,152500000,0.0,0.0,0.0,0.0,0.0,0.0,0.0,0.0,0.0,18100000.0,8400000.0,75500000,0.49508196721311476,0.0,0.32131147540983607,0.0,49000000,0.32131147540983607,17300000.0,31700000,0.2078688524590164,0.15,0.15,211333333,211333333,https://www.sedar.com/ModifyCompanyDocumentSearchForm.do?lang=EN&company_search=IGM Financial Inc&document_selection=0&industry_group=A&FromDate=13&FromMonth=05&FromYear=2000&ToDate=13&ToMonth=11&ToYear=2020&Variable=Issuer,https://www.sedar.com/ModifyCompanyDocumentSearchForm.do?lang=EN&company_search=IGM Financial Inc&document_selection=0&industry_group=A&FromDate=13&FromMonth=05&FromYear=2000&ToDate=13&ToMonth=11&ToYear=2020&Variable=Issuer,1620593491,16:51:31,20210509
98,1996-06-30,IGM.TO,CAD,1996-06-30,1996-06-30,Q2,144600000,0.0,0.0,0.0,0.0,0.0,0.0,0.0,0.0,0.0,19000000.0,10400000.0,75700000,0.5235131396957123,0.0,0.3201936376210235,0.0,46300000,0.3201936376210235,17300000.0,29000000,0.20055325034578148,0.14,0.14,207142857,207142857,https://www.sedar.com/ModifyCompanyDocumentSearchForm.do?lang=EN&company_search=IGM Financial Inc&document_selection=0&industry_group=A&FromDate=13&FromMonth=05&FromYear=2000&ToDate=13&ToMonth=11&ToYear=2020&Variable=Issuer,https://www.sedar.com/ModifyCompanyDocumentSearchForm.do?lang=EN&company_search=IGM Financial Inc&document_selection=0&industry_group=A&FromDate=13&FromMonth=05&FromYear=2000&ToDate=13&ToMonth=11&ToYear=2020&Variable=Issuer,1620593491,16:51:31,20210509
99,1996-03-31,IGM.TO,CAD,1996-03-31,1996-03-31,Q1,139600000,0.0,0.0,0.0,0.0,0.0,0.0,0.0,0.0,0.0,20100000.0,12700000.0,68500000,0.4906876790830946,0.0,0.25573065902578795,0.0,35700000,0.25573065902578795,11000000.0,24700000,0.17693409742120345,0.12,0.12,205833333,205833333,https://www.sedar.com/ModifyCompanyDocumentSearchForm.do?lang=EN&company_search=IGM Financial Inc&document_selection=0&industry_group=A&FromDate=13&FromMonth=05&FromYear=2000&ToDate=13&ToMonth=11&ToYear=2020&Variable=Issuer,https://www.sedar.com/ModifyCompanyDocumentSearchForm.do?lang=EN&company_search=IGM Financial Inc&document_selection=0&industry_group=A&FromDate=13&FromMonth=05&FromYear=2000&ToDate=13&ToMonth=11&ToYear=2020&Variable=Issuer,1620593491,16:51:31,20210509
100,1995-12-31,IGM.TO,CAD,1995-12-31,1995-12-31,Q4,133700000,0.0,0.0,0.0,0.0,0.0,0.0,0.0,0.0,0.0,20400000.0,5800000.0,67100000,0.5018698578908003,0.0,0.3059087509349289,0.0,40900000,0.3059087509349289,14300000.0,26600000,0.19895287958115182,0.11162025613911408,0.11162025613911408,238308000,238308000,https://www.sedar.com/ModifyCompanyDocumentSearchForm.do?lang=EN&company_search=IGM Financial Inc&document_selection=0&industry_group=A&FromDate=13&FromMonth=05&FromYear=2000&ToDate=13&ToMonth=11&ToYear=2020&Variable=Issuer,https://www.sedar.com/ModifyCompanyDocumentSearchForm.do?lang=EN&company_search=IGM Financial Inc&document_selection=0&industry_group=A&FromDate=13&FromMonth=05&FromYear=2000&ToDate=13&ToMonth=11&ToYear=2020&Variable=Issuer,1620593491,16:51:31,20210509
101,1995-09-30,IGM.TO,CAD,1995-09-30,1995-09-30,Q3,126000000,0.0,0.0,0.0,0.0,0.0,0.0,0.0,0.0,0.0,22400000.0,8300000.0,76000000,0.6031746031746031,0.0,0.3595238095238095,0.0,45300000,0.3595238095238095,18900000.0,26400000,0.20952380952380953,0.13,0.13,203076923,203076923,https://www.sedar.com/ModifyCompanyDocumentSearchForm.do?lang=EN&company_search=IGM Financial Inc&document_selection=0&industry_group=A&FromDate=13&FromMonth=05&FromYear=2000&ToDate=13&ToMonth=11&ToYear=2020&Variable=Issuer,https://www.sedar.com/ModifyCompanyDocumentSearchForm.do?lang=EN&company_search=IGM Financial Inc&document_selection=0&industry_group=A&FromDate=13&FromMonth=05&FromYear=2000&ToDate=13&ToMonth=11&ToYear=2020&Variable=Issuer,1620593491,16:51:31,20210509
102,1995-06-30,IGM.TO,CAD,1995-06-30,1995-06-30,Q2,117300000,0.0,0.0,0.0,0.0,0.0,0.0,0.0,0.0,0.0,24200000.0,9800000.0,68800000,0.5865302642796248,0.0,0.2966751918158568,0.0,34800000,0.2966751918158568,10600000.0,24200000,0.20630861040068202,0.12,0.12,201666667,201666667,https://www.sedar.com/ModifyCompanyDocumentSearchForm.do?lang=EN&company_search=IGM Financial Inc&document_selection=0&industry_group=A&FromDate=13&FromMonth=05&FromYear=2000&ToDate=13&ToMonth=11&ToYear=2020&Variable=Issuer,https://www.sedar.com/ModifyCompanyDocumentSearchForm.do?lang=EN&company_search=IGM Financial Inc&document_selection=0&industry_group=A&FromDate=13&FromMonth=05&FromYear=2000&ToDate=13&ToMonth=11&ToYear=2020&Variable=Issuer,1620593491,16:51:31,20210509
103,1995-03-31,IGM.TO,CAD,1995-03-31,1995-03-31,Q1,111400000,0.0,0.0,0.0,0.0,0.0,0.0,0.0,0.0,0.0,23900000.0,11400000.0,63000000,0.5655296229802513,0.0,0.24865350089766608,0.0,27700000,0.24865350089766608,7200000.0,20500000,0.18402154398563733,0.1,0.1,205000000,205000000,https://www.sedar.com/ModifyCompanyDocumentSearchForm.do?lang=EN&company_search=IGM Financial Inc&document_selection=0&industry_group=A&FromDate=13&FromMonth=05&FromYear=2000&ToDate=13&ToMonth=11&ToYear=2020&Variable=Issuer,https://www.sedar.com/ModifyCompanyDocumentSearchForm.do?lang=EN&company_search=IGM Financial Inc&document_selection=0&industry_group=A&FromDate=13&FromMonth=05&FromYear=2000&ToDate=13&ToMonth=11&ToYear=2020&Variable=Issuer,1620593491,16:51:31,20210509
104,1994-12-31,IGM.TO,CAD,1994-12-31,1994-12-31,Q4,106000000,0.0,0.0,0.0,0.0,0.0,0.0,0.0,0.0,0.0,23100000.0,9000000.0,68200000,0.6433962264150943,0.0,0.34056603773584904,0.0,36100000,0.34056603773584904,12900000.0,23200000,0.2188679245283019,0.0973530053544153,0.0973530053544153,238308000,238308000,https://www.sedar.com/ModifyCompanyDocumentSearchForm.do?lang=EN&company_search=IGM Financial Inc&document_selection=0&industry_group=A&FromDate=13&FromMonth=05&FromYear=2000&ToDate=13&ToMonth=11&ToYear=2020&Variable=Issuer,https://www.sedar.com/ModifyCompanyDocumentSearchForm.do?lang=EN&company_search=IGM Financial Inc&document_selection=0&industry_group=A&FromDate=13&FromMonth=05&FromYear=2000&ToDate=13&ToMonth=11&ToYear=2020&Variable=Issuer,1620593491,16:51:31,20210509
105,1994-09-30,IGM.TO,CAD,1994-09-30,1994-09-30,Q3,105400000,0.0,0.0,0.0,0.0,0.0,0.0,0.0,0.0,0.0,23700000.0,6900000.0,62800000,0.5958254269449715,0.0,0.3055028462998102,0.0,32200000,0.3055028462998102,9000000.0,23200000,0.22011385199240988,0.11,0.11,210909091,210909091,https://www.sedar.com/ModifyCompanyDocumentSearchForm.do?lang=EN&company_search=IGM Financial Inc&document_selection=0&industry_group=A&FromDate=13&FromMonth=05&FromYear=2000&ToDate=13&ToMonth=11&ToYear=2020&Variable=Issuer,https://www.sedar.com/ModifyCompanyDocumentSearchForm.do?lang=EN&company_search=IGM Financial Inc&document_selection=0&industry_group=A&FromDate=13&FromMonth=05&FromYear=2000&ToDate=13&ToMonth=11&ToYear=2020&Variable=Issuer,1620593491,16:51:31,20210509
106,1994-06-30,IGM.TO,CAD,1994-06-30,1994-06-30,Q2,109400000,0.0,0.0,0.0,0.0,0.0,0.0,0.0,0.0,0.0,24200000.0,15100000.0,67200000,0.6142595978062158,0.0,0.25502742230347347,0.0,27900000,0.25502742230347347,7700000.0,20200000,0.1846435100548446,0.1,0.1,202000000,202000000,https://www.sedar.com/ModifyCompanyDocumentSearchForm.do?lang=EN&company_search=IGM Financial Inc&document_selection=0&industry_group=A&FromDate=13&FromMonth=05&FromYear=2000&ToDate=13&ToMonth=11&ToYear=2020&Variable=Issuer,https://www.sedar.com/ModifyCompanyDocumentSearchForm.do?lang=EN&company_search=IGM Financial Inc&document_selection=0&industry_group=A&FromDate=13&FromMonth=05&FromYear=2000&ToDate=13&ToMonth=11&ToYear=2020&Variable=Issuer,1620593491,16:51:31,20210509
107,1994-03-31,IGM.TO,CAD,1994-03-31,1994-03-31,Q1,126500000,0.0,0.0,0.0,0.0,0.0,0.0,0.0,0.0,0.0,25000000.0,2400000.0,51500000,0.40711462450592883,0.0,0.19051383399209487,0.0,24100000,0.19051383399209487,6100000.0,18000000,0.1422924901185771,0.08,0.08,225000000,225000000,https://www.sedar.com/ModifyCompanyDocumentSearchForm.do?lang=EN&company_search=IGM Financial Inc&document_selection=0&industry_group=A&FromDate=13&FromMonth=05&FromYear=2000&ToDate=13&ToMonth=11&ToYear=2020&Variable=Issuer,https://www.sedar.com/ModifyCompanyDocumentSearchForm.do?lang=EN&company_search=IGM Financial Inc&document_selection=0&industry_group=A&FromDate=13&FromMonth=05&FromYear=2000&ToDate=13&ToMonth=11&ToYear=2020&Variable=Issuer,1620593491,16:51:31,20210509
