,date,symbol,reportedCurrency,fillingDate,acceptedDate,period,revenue,costOfRevenue,grossProfit,grossProfitRatio,researchAndDevelopmentExpenses,generalAndAdministrativeExpenses,sellingAndMarketingExpenses,otherExpenses,operatingExpenses,costAndExpenses,interestExpense,depreciationAndAmortization,ebitda,ebitdaratio,operatingIncome,operatingIncomeRatio,totalOtherIncomeExpensesNet,incomeBeforeTax,incomeBeforeTaxRatio,incomeTaxExpense,netIncome,netIncomeRatio,eps,epsdiluted,weightedAverageShsOut,weightedAverageShsOutDil,link,finalLink,timestamp,est_time,est_date
0,2017-09-30,YUME,USD,2017-11-08 00:00:00,2017-11-08 17:15:22,Q3,35037000,19071000,15966000,0.45568969946057025,1719000.0,-4627000.0,9360000.0,105000.0,15812000,34883000,2000.0,1412000.0,1566000.0,0.04469560750064218,154000.0,0.004395353483460342,105000.0,257000.0,0.007335102891229272,261000.0,-4000.0,-0.00011416502554442446,-0.00011818235537434261,-0.00011543012149020286,33846000.0,34653000.0,https://www.sec.gov/Archives/edgar/data/1415624/000143774917018715/0001437749-17-018715-index.html,https://www.sec.gov/Archives/edgar/data/1415624/000143774917018715/yume20170930_10q.htm,1620600110,18:41:50,20210509
1,2017-06-30,YUME,USD,2017-08-08 00:00:00,2017-08-08 17:22:22,Q2,42818000,21045000,21773000,0.5085010976692046,2214000.0,-6988000.0,11155000.0,677000.0,17536000,38581000,2000.0,1794000.0,6031000.0,0.14085197814003456,4237000.0,0.0989537110560979,375000.0,4610000.0,0.10766500070063992,243000.0,4367000.0,0.1019898173665281,0.12850542918518082,0.12557872034507547,33983000.0,34775000.0,https://www.sec.gov/Archives/edgar/data/1415624/000143774917014137/0001437749-17-014137-index.html,https://www.sec.gov/Archives/edgar/data/1415624/000143774917014137/yume20170630_10q.htm,1620600110,18:41:50,20210509
2,2017-03-31,YUME,USD,2017-05-10 00:00:00,2017-05-10 16:21:44,Q1,36454000,17401000,19053000,0.5226586931475284,2092000.0,-5258000.0,10590000.0,0.0,18014000,35415000,2000.0,1376000.0,2415000.0,0.06624787403302793,1039000.0,0.028501673341745762,302000.0,1339000.0,0.036731222911066,134000.0,1205000.0,0.03305535743676963,0.03550801508722301,0.03474324597064844,33936000.0,34683000.0,https://www.sec.gov/Archives/edgar/data/1415624/000143774917008616/0001437749-17-008616-index.html,https://www.sec.gov/Archives/edgar/data/1415624/000143774917008616/yume20170505_10q.htm,1620600110,18:41:50,20210509
3,2016-12-31,YUME,USD,2017-03-10 00:00:00,2017-03-10 17:08:19,Q4,45550000,21548000,24002000,0.5269374313940725,2506000.0,-6973000.0,11532000.0,2499000.0,21096000,42644000,1000.0,1721000.0,4627000.0,0.10158068057080132,2906000.0,0.0637980241492865,146000.0,2752000.0,0.06041712403951702,-35000.0,2827000.0,0.062063666300768386,0.08208,0.08208,34441000.0,34441000.0,https://www.sec.gov/Archives/edgar/data/1415624/000143774917004312/0001437749-17-004312-index.html,https://www.sec.gov/Archives/edgar/data/1415624/000143774917004312/yume20161231_10k.htm,1620600110,18:41:50,20210509
4,2016-09-30,YUME,USD,2016-11-09 00:00:00,2016-11-09 17:05:32,Q3,34953000,18050000,16903000,0.4835922524532944,2850000.0,-6853000.0,12730000.0,26000.0,21457000,39507000,1000.0,1632000.0,-2922000.0,-0.08359797442279633,-4554000.0,-0.13028924555832117,26000.0,-4529000.0,-0.12957399937058336,-65000.0,-4464000.0,-0.12771435928246502,-0.1293,-0.1293,34524000.0,34524000.0,https://www.sec.gov/Archives/edgar/data/1415624/000143774916041613/0001437749-16-041613-index.html,https://www.sec.gov/Archives/edgar/data/1415624/000143774916041613/yume20161101_10q.htm,1620600110,18:41:50,20210509
5,2016-06-30,YUME,USD,2016-08-09,2016-08-09 16:36:51,Q2,40675000,20111000,20564000,0.5055685310387216,2947000.0,-7423000.0,13639000.0,-181000.0,22802000,42913000,2000.0,1632000.0,-606000.0,-0.01489858635525507,-2238000.0,-0.055021511985248926,-181000.0,-2421000.0,-0.05952059004302397,65000.0,-2486000.0,-0.06111862323294407,-0.07188,-0.07188,34585000.0,34585000.0,https://www.sec.gov/Archives/edgar/data/1415624/000143774916036904/0001437749-16-036904-index.htm,https://www.sec.gov/Archives/edgar/data/1415624/000143774916036904/yume20160729_10q.htm,1620600110,18:41:50,20210509
6,2016-03-31,YUME,USD,2016-05-06 00:00:00,2016-05-06 16:28:44,Q1,39233000,20481000,18752000,0.477964978462009,2665000.0,-7914000.0,13775000.0,9000.0,22301000,42782000,3000.0,1597000.0,-1952000.0,-0.049754033594168176,-3549000.0,-0.09045956210333138,9000.0,-3543000.0,-0.09030662962302144,55000.0,-3598000.0,-0.09170851069252925,-0.10404,-0.10404,34583000.0,34583000.0,https://www.sec.gov/Archives/edgar/data/1415624/000143774916031124/0001437749-16-031124-index.html,https://www.sec.gov/Archives/edgar/data/1415624/000143774916031124/yume20160331_10q.htm,1620600110,18:41:50,20210509
7,2015-12-31,YUME,USD,2016-03-10 00:00:00,2016-03-10 17:25:56,Q4,53836000,28856000,24980000,0.4640017831934022,2833000.0,-8677000.0,14489000.0,-94000.0,23134000,51990000,2000.0,1596000.0,3442000.0,0.06393491344082027,1846000.0,0.03428932312950442,0.0,1750000.0,0.03250612972732001,130000.0,1620000.0,0.03009138866186195,0.04789,0.04789,33829000.0,33829000.0,https://www.sec.gov/Archives/edgar/data/1415624/000143774916027335/0001437749-16-027335-index.html,https://www.sec.gov/Archives/edgar/data/1415624/000143774916027335/yume20151231_10k.htm,1620600110,18:41:50,20210509
8,2015-09-30,YUME,USD,2015-11-06 00:00:00,2015-11-06 17:05:02,Q3,38870000,21470000,17400000,0.44764599948546435,2961000.0,-8987000.0,14888000.0,-137000.0,23750000,45220000,3000.0,1261000.0,-5089000.0,-0.13092359145870852,-6350000.0,-0.16336506303061488,-1000.0,-6490000.0,-0.1669668124517623,44000.0,-6534000.0,-0.16809879084126575,-0.19431,-0.19431,33626000.0,33626000.0,https://www.sec.gov/Archives/edgar/data/1415624/000143774915020079/0001437749-15-020079-index.html,https://www.sec.gov/Archives/edgar/data/1415624/000143774915020079/yume20150930_10q.htm,1620600110,18:41:50,20210509
9,2015-06-30,YUME,USD,2015-08-10 00:00:00,2015-08-10 17:11:30,Q2,40403000,23416000,16987000,0.4204390763062149,2613000.0,-9073000.0,14814000.0,387000.0,23168000,46584000,1000.0,1463000.0,-4718000.0,-0.11677350691780314,-6181000.0,-0.15298368933000026,387000.0,-5795000.0,-0.1434299433210405,40000.0,-5835000.0,-0.14441996881419697,-0.17471,-0.17471,33399000.0,33399000.0,https://www.sec.gov/Archives/edgar/data/1415624/000143774915015429/0001437749-15-015429-index.html,https://www.sec.gov/Archives/edgar/data/1415624/000143774915015429/yume20150630_10q.htm,1620600110,18:41:50,20210509
10,2015-03-31,YUME,USD,2015-05-08 00:00:00,2015-05-08 17:00:29,Q1,40145000,21286000,18859000,0.4697720762236891,2530000.0,-9591000.0,15721000.0,-386000.0,24381000,45667000,2000.0,1264000.0,-4258000.0,-0.10606551251712543,-5522000.0,-0.13755137626105368,-386000.0,-5910000.0,-0.14721634076472787,86000.0,-5996000.0,-0.1493585751650268,-0.18064,-0.18064,33194000.0,33194000.0,https://www.sec.gov/Archives/edgar/data/1415624/000143774915009562/0001437749-15-009562-index.html,https://www.sec.gov/Archives/edgar/data/1415624/000143774915009562/yume20150331_10q.htm,1620600110,18:41:50,20210509
11,2014-12-31,YUME,USD,2015-03-10,2015-03-10 17:24:02,Q4,57108000,29561000,27547000,0.48236674371366534,1881000.0,-11332000.0,17439000.0,-357000.0,25427000,54988000,0.0,1251000.0,3371000.0,0.0590285073895076,2120000.0,0.03712264481333614,-357000.0,833000.0,0.014586397702598584,149000.0,1912000.0,0.03348042305806542,0.05867,0.05867,32591000.0,32591000.0,https://www.sec.gov/Archives/edgar/data/1415624/000143774915004662/0001437749-15-004662-index.htm,https://www.sec.gov/Archives/edgar/data/1415624/000143774915004662/yume20141231_10k.htm,1620600110,18:41:50,20210509
12,2014-09-30,YUME,USD,2014-11-10 00:00:00,2014-11-10 17:21:22,Q3,42993000,22674000,20319000,0.4726118205289233,1582000.0,-11021000.0,16353000.0,-345000.0,23267000,45941000,2000.0,1159000.0,-1789000.0,-0.04161142511571651,-2948000.0,-0.068569301979392,-531000.0,-3295000.0,-0.0766403833182146,-117000.0,-3028000.0,-0.0704300700113972,-0.09335,-0.09335,32436000.0,32436000.0,https://www.sec.gov/Archives/edgar/data/1415624/000143774914020295/0001437749-14-020295-index.html,https://www.sec.gov/Archives/edgar/data/1415624/000143774914020295/yume20140930_10q.htm,1620600110,18:41:50,20210509
13,2014-06-30,YUME,USD,2014-08-14,2014-08-14 16:25:54,Q2,40386000,20677000,19709000,0.48801564898727284,1509000.0,-11179000.0,15854000.0,-168000.0,22038000,42715000,3000.0,1111000.0,-1218000.0,-0.030158965978309315,-2329000.0,-0.057668498984796715,18000.0,-2500000.0,-0.0619026395285495,60000.0,-2560000.0,-0.06338830287723468,-0.07936,-0.07936,32257000.0,32257000.0,https://www.sec.gov/Archives/edgar/data/1415624/000143774914015505/0001437749-14-015505-index.htm,https://www.sec.gov/Archives/edgar/data/1415624/000143774914015505/yume20140630_10q.htm,1620600110,18:41:50,20210509
14,2014-03-31,YUME,USD,2014-05-15,2014-05-15 17:10:08,Q1,37292000,20184000,17108000,0.45875791054381637,936000.0,-9844000.0,15466000.0,-18000.0,22024000,42208000,3000.0,1099000.0,-3817000.0,-0.10235439236297329,-4916000.0,-0.13182452000429046,-18000.0,-4937000.0,-0.1323876434624048,132000.0,-5069000.0,-0.13592727662769494,-0.15784,-0.15784,32115000.0,32115000.0,https://www.sec.gov/Archives/edgar/data/1415624/000143774914009291/0001437749-14-009291-index.htm,https://www.sec.gov/Archives/edgar/data/1415624/000143774914009291/yume20140331_10q.htm,1620600110,18:41:50,20210509
15,2013-12-31,YUME,USD,2014-03-27,2014-03-27 16:46:00,Q4,54039000,28063000,25976000,0.480689872129388,1417000.0,-9867000.0,14273000.0,13000.0,20096000,48159000,88000.0,1066000.0,6946000.0,0.12853679749810323,5880000.0,0.10881030366957198,13000.0,5265000.0,0.09742963415311164,508000.0,5379000.0,0.09953922167323599,0.3414804469273743,0.31182608695652175,15752000.0,17250000.0,https://www.sec.gov/Archives/edgar/data/1415624/000143774914005255/0001437749-14-005255-index.htm,https://www.sec.gov/Archives/edgar/data/1415624/000143774914005255/yume20131231_10k.htm,1620600110,18:41:50,20210509
16,2013-09-30,YUME,USD,2013-11-14,2013-11-14 14:06:58,Q3,36157000,18968000,17189000,0.4753989545592831,1165000.0,-6817000.0,11735000.0,74000.0,17818000,36786000,-9000.0,987000.0,358000.0,0.009901263932295267,-629000.0,-0.017396354786071853,-252000.0,-564000.0,-0.015598639267638355,63000.0,-627000.0,-0.017341040462427744,-0.06084,-0.06084,10305000.0,10305000.0,https://www.sec.gov/Archives/edgar/data/1415624/000143774913014803/0001437749-13-014803-index.htm,https://www.sec.gov/Archives/edgar/data/1415624/000143774913014803/yume20130930_10q.htm,1620600110,18:41:50,20210509
17,2013-06-30,YUME,USD,2013-06-30,2013-06-30,Q2,-8715068000,37789000,8677279000,-0.995663946626693,-2083000.0,-499442000.0,21110000.0,-96000000.0,-555305000,-7810094000,-32000.0,-764950000.0,-1669924000.0,0.1916134217197158,-904974000.0,0.10384015362817593,0.0,-1007332000.0,0.11558509927862869,-259901000.0,-717431000.0,0.08232075756609128,-148.19893,-148.19893,4841000.0,4841000.0,updating...,,1620600110,18:41:50,20210509
