,date,symbol,reportedCurrency,fillingDate,acceptedDate,period,revenue,costOfRevenue,grossProfit,grossProfitRatio,researchAndDevelopmentExpenses,generalAndAdministrativeExpenses,sellingAndMarketingExpenses,otherExpenses,operatingExpenses,costAndExpenses,interestExpense,depreciationAndAmortization,ebitda,ebitdaratio,operatingIncome,operatingIncomeRatio,totalOtherIncomeExpensesNet,incomeBeforeTax,incomeBeforeTaxRatio,incomeTaxExpense,netIncome,netIncomeRatio,eps,epsdiluted,weightedAverageShsOut,weightedAverageShsOutDil,link,finalLink,timestamp,est_time,est_date
0,2020-12-31,GRAH,USD,2021-03-25,2021-03-25 16:36:36,Q4,948662236000.0,-489931000.0,949152167000.0,1.0005164440845309,0.0,20007328000.0,0.0,732683683000.0,752649081000.0,752159150000.0,54012814000.0,-24541801000.0,-24535541914.0,-0.025863306225251702,6259086.0,6.597802423749057e-06,1365924.0,6305088.0,6.646293865965589e-06,3231092.0,9239150.0,9.739135436608652e-06,47.594085653848616,47.594085653848616,194123910.0,194123910.0,https://www.sec.gov/Archives/edgar/data/1566912/000156691221000017/0001566912-21-000017-index.htm,https://www.sec.gov/Archives/edgar/data/1566912/000156691221000017/gahr-20201231.htm,1620592755,16:39:15,20210509
1,2020-09-30,GRAH,USD,2020-11-16,2020-11-16 12:52:05,Q3,295004000000.0,0.0,295004000000.0,1.0,0.0,6969000000.0,0.0,234020000000.0,240989000000.0,240989000000.0,17229000000.0,24591000000.0,24061000000.0,0.08156160594432618,-530000000.0,-0.0017965858090059797,203000000.0,-530000000.0,-0.0017965858090059797,-150000000.0,-380000000.0,-0.0012881181272118344,-1.9575126011010184,-1.9575126011010184,194123910.0,194123910.0,https://www.sec.gov/Archives/edgar/data/1566912/000156691220000075/0001566912-20-000075-index.htm,https://www.sec.gov/Archives/edgar/data/1566912/000156691220000075/gahr-20200930.htm,1620592755,16:39:15,20210509
2,2020-06-30,GRAH,USD,2020-08-14,2020-08-14 12:53:32,Q2,314720000.0,234191000.0,80529000.0,0.2558750635485511,0.0,15928000.0,0.0,8147000.0,43751999.99999998,277943000.0,17652000.0,24572000.0,61349000.0,0.19493200305033045,36777000.0,0.11685625317742755,521000.0,20906000.0,0.06642730045754956,119000.0,13760000.0,0.043721403152008134,0.07088,0.07088,194123910.0,194123910.0,https://www.sec.gov/Archives/edgar/data/1566912/000156691220000063/0001566912-20-000063-index.htm,https://www.sec.gov/Archives/edgar/data/1566912/000156691220000063/gahr3-10xq2020xq2.htm,1620592755,16:39:15,20210509
3,2020-03-31,GRAH,USD,2020-05-15,2020-05-15,Q1,320044000.0,255740000.0,64304000.0,0.2009223731736886,0.0,14744000.0,0.0,8170000.0,45166999.99999997,300906999.99999994,18534000.0,25087000.0,44224000.0,0.13818100011248452,19137000.0,0.059794903200809886,555000.0,-10994000.0,-0.03435152666508355,-3211000.0,-9910000.0,-0.030964492382297433,-0.05086,-0.05086,194844520.0,194844520.0,https://www.sec.gov/Archives/edgar/data/1566912/000156691220000037/0001566912-20-000037-index.htm,https://www.sec.gov/Archives/edgar/data/1566912/000156691220000037/gahr3-10xq2020xq1.htm,1620592755,16:39:15,20210509
4,2019-12-31,GRAH,USD,2020-03-26,2020-03-26,Q4,315365000.0,251160000.0,64205000.0,0.2035894915415471,0.0,16665000.0,0.0,0.0,41059000.0,292219000.0,18888000.0,24263000.000000004,47409000.0,0.15033056934028824,23146000.0,0.07339432086629778,1359000.0,9922000.0,0.03146195678023877,374000.0,8414000.0,0.02668019596340748,0.04309,0.04309,195256240.0,195256240.0,https://www.sec.gov/Archives/edgar/data/1566912/000156691220000015/0001566912-20-000015-index.htm,https://www.sec.gov/Archives/edgar/data/1566912/000156691220000015/gahr3-10xk2019xq4.htm,1620592755,16:39:15,20210509
5,2019-09-30,GRAH,USD,2019-11-14,2019-11-14,Q3,301762000.0,241858000.0,59904000.0,0.19851406074986247,0.0,16863000.0,0.0,0.0,53644999.99999998,295503000.0,21046000.0,36778000.0,43037000.0,0.14261901763641546,6259000.0,0.02074151152232554,1923000.0,-16263000.0,-0.05389346571138844,840000.0,-17304000.0,-0.05734320424705563,-0.08844,-0.08844,195669000.0,195669000.0,https://www.sec.gov/Archives/edgar/data/1566912/000156691219000077/0001566912-19-000077-index.htm,https://www.sec.gov/Archives/edgar/data/1566912/000156691219000077/gahr3-10xq2019xq3.htm,1620592755,16:39:15,20210509
6,2019-06-30,GRAH,USD,2019-08-14,2019-08-14,Q2,304931000.0,239890000.0,65041000.0,0.21329743450157576,0.0,14738000.0,0.0,0.0,39881000.00000003,279771000.00000006,19560000.0,50371000.0,75531000.0,0.24769865969678387,25160000.0,0.08251046958164306,246000.0,4000.0,1.3117721714092697e-05,159000.0,-1585000.0,-0.0051978972292092305,-0.00808,-0.00808,196075610.0,196075610.0,https://www.sec.gov/Archives/edgar/data/1566912/000156691219000053/0001566912-19-000053-index.htm,https://www.sec.gov/Archives/edgar/data/1566912/000156691219000053/gahr3-10xq2019xq2.htm,1620592755,16:39:15,20210509
7,2019-03-31,GRAH,USD,2019-05-15,2019-05-15,Q1,301058000.0,8425000.0,292633000.0,0.9720153591666723,0.0,6917000.0,0.0,0.0,6917000.0,275226000.0,19059000.0,33205000.0,40214000.0,0.13357559008563133,7009000.0,0.023281228201874723,0.0,7009000.0,0.023281228201874723,151000.0,5510000.0,0.01830212118595088,0.02777,0.02777,198400657.0,198400657.0,https://www.sec.gov/Archives/edgar/data/1566912/000156691219000035/0001566912-19-000035-index.htm,https://www.sec.gov/Archives/edgar/data/1566912/000156691219000035/gahr3-10xq2019xq1.htm,1620592755,16:39:15,20210509
8,2018-12-31,GRAH,USD,2019-03-21,2019-03-21,Q4,292926000.0,8559000.0,284367000.0,0.9707810163659081,0.0,8860000.0,0.0,0.0,8860000.0,271427000.0,17912000.0,26535000.0,28285000.0,0.09656022340113203,1750000.0,0.00597420508933997,0.0,1750000.0,0.00597420508933997,144000.0,1590000.0,0.005427992052600315,0.00795,0.00795,199953936.0,199953936.0,https://www.sec.gov/Archives/edgar/data/1566912/000156691219000017/0001566912-19-000017-index.htm,https://www.sec.gov/Archives/edgar/data/1566912/000156691219000017/gahr3-10xk2018xq4.htm,1620592755,16:39:15,20210509
9,2018-09-30,GRAH,USD,2018-11-14,2018-11-14,Q3,284179000.0,26264000.0,257915000.0,0.907579377786536,0.0,6900000.0,0.0,0.0,6900000.0,261856000.0,16538000.0,24841000.0,28621000.0,0.10071469038880423,3780000.0,0.013301475478483631,0.0,3780000.0,0.013301475478483631,-44000.0,3612000.0,0.012710298790551026,0.01805,0.01805,200120637.0,200120637.0,https://www.sec.gov/Archives/edgar/data/1566912/000156691218000071/0001566912-18-000071-index.htm,https://www.sec.gov/Archives/edgar/data/1566912/000156691218000071/gahr3-10xq2018xq3.htm,1620592755,16:39:15,20210509
10,2018-06-30,GRAH,USD,2018-08-14,2018-08-14,Q2,280263000.0,0.0,280263000.0,1.0,0.0,6622000.0,0.0,0.0,6622000.0,256536000.0,16479000.0,24354000.0,24510000.0,0.08745357039637769,156000.0,0.0005566200318986095,0.0,156000.0,0.0005566200318986095,-526000.0,-58000.0,-0.00020694847339820097,-0.00029,-0.00029,200274238.0,200274238.0,https://www.sec.gov/Archives/edgar/data/1566912/000156691218000049/0001566912-18-000049-index.htm,https://www.sec.gov/Archives/edgar/data/1566912/000156691218000049/gahr3-10xq2018xq2.htm,1620592755,16:39:15,20210509
11,2018-03-31,GRAH,USD,2018-05-15,2018-05-15,Q1,277892000.0,0.0,277892000.0,1.0,0.0,6388000.0,0.0,0.0,6388000.0,255610000.0,15352000.0,24866000.0,32920000.0,0.11846328789601716,8054000.0,0.02898248240323579,0.0,8054000.0,0.02898248240323579,-371000.0,8153000.0,0.02933873591179307,0.04069,0.04069,200347084.0,200347084.0,https://www.sec.gov/Archives/edgar/data/1566912/000156691218000033/0001566912-18-000033-index.htm,https://www.sec.gov/Archives/edgar/data/1566912/000156691218000033/gahr3-10xq2018xq1.htm,1620592755,16:39:15,20210509
12,2017-12-31,GRAH,USD,2018-03-16,2018-03-16,Q4,276570000.0,0.0,276570000.0,1.0,0.0,7945000.0,0.0,0.0,7945000.0,246854000.0,15516000.0,26465000.0,31629000.0,0.11436164442998156,5164000.0,0.018671584047438263,0.0,5164000.0,0.018671584047438263,-1729000.0,6714000.0,0.02427595183859421,0.03387,0.03387,198234677.0,198234677.0,https://www.sec.gov/Archives/edgar/data/1566912/000156691218000015/0001566912-18-000015-index.htm,https://www.sec.gov/Archives/edgar/data/1566912/000156691218000015/gahr3-10xk2017xq4.htm,1620592755,16:39:15,20210509
13,2017-09-30,GRAH,USD,2017-11-14,2017-11-14,Q3,262748000.0,0.0,262748000.0,1.0,0.0,9270000.0,0.0,0.0,9270000.0,244266000.0,14773000.0,28743000.0,32484000.0,0.1236317688431501,3741000.0,0.014237977073089044,0.0,3741000.0,0.014237977073089044,-720000.0,4637000.0,0.017648088662901334,0.02344,0.02344,197832280.0,197832280.0,https://www.sec.gov/Archives/edgar/data/1566912/000156691217000081/0001566912-17-000081-index.htm,https://www.sec.gov/Archives/edgar/data/1566912/000156691217000081/gahr3-10xq2017xq3.htm,1620592755,16:39:15,20210509
14,2017-06-30,GRAH,USD,2017-08-14,2017-08-14,Q2,258573000.0,0.0,258573000.0,1.0,0.0,7509000.0,0.0,0.0,7509000.0,244877000.0,15988000.0,32215000.0,14529000.0,0.05618916128134028,-17686000.0,-0.06839847934625812,0.0,958000.0,0.0037049498594207437,-565000.0,3390000.0,0.013110417560998249,0.01718,0.01718,197374156.0,197374156.0,https://www.sec.gov/Archives/edgar/data/1566912/000156691217000059/0001566912-17-000059-index.htm,https://www.sec.gov/Archives/edgar/data/1566912/000156691217000059/gahr3-10xq2017xq2.htm,1620592755,16:39:15,20210509
15,2017-03-31,GRAH,USD,2017-03-31,2017-03-31,Q1,256401000.0,0.0,256401000.0,1.0,0.0,7863000.0,0.0,0.0,7863000.0,245497000.0,14595000.0,31540000.0,42444000.0,0.16553757590649024,10904000.0,0.042527135229581785,0.0,-7740000.0,-0.03018708975394012,-213000.0,-3519000.0,-0.01372459545789603,-0.01787,-0.01787,196897807.0,196897807.0,,,1620592755,16:39:15,20210509
16,2016-12-31,GRAH,USD,2016-12-31,2016-12-31,Q4,250815000.0,0.0,250815000.0,1.0,0.0,7572000.0,0.0,0.0,7572000.0,274913000.0,13315000.0,59665000.0,35567000.0,0.14180571337439946,-24098000.0,-0.09607878316687599,0.0,-48389000.0,-0.19292705779159938,170000.0,-29942000.0,-0.1193788250304009,-0.15418,-0.15418,194199931.0,194199931.0,,,1620592755,16:39:15,20210509
17,2016-09-30,GRAH,USD,2016-09-30,2016-09-30,Q3,248930000.0,0.0,248930000.0,1.0,0.0,7232000.0,0.0,0.0,7232000.0,289445000.0,13027000.0,72700000.0,32185000.0,0.12929337564777246,-40515000.0,-0.1627565982404692,0.0,-56368000.0,-0.22644116819989554,-2000.0,-42445000.0,-0.17050978186638815,-0.21917,-0.21917,193660666.0,193660666.0,,,1620592755,16:39:15,20210509
18,2016-06-30,GRAH,USD,2016-06-30,2016-06-30,Q2,241321000.0,0.0,241321000.0,1.0,0.0,7253000.0,0.0,0.0,7253000.0,278088000.0,9876000.0,71373000.0,34606000.0,0.14340235619776148,-36767000.0,-0.15235723372603296,0.0,-52793000.0,-0.21876670492829053,-884000.0,-39380000.0,-0.16318513515193456,-0.20407,-0.20407,192969733.0,192969733.0,,,1620592755,16:39:15,20210509
19,2016-03-31,GRAH,USD,2016-03-31,2016-03-31,Q1,248505000.0,0.0,248505000.0,1.0,0.0,6894000.0,0.0,0.0,6894000.0,280934000.0,9447000.0,72167000.0,39738000.0,0.15990825134303133,-32429000.0,-0.13049636828232833,0.0,-46003000.0,-0.18511901168990563,1059000.0,-34267000.0,-0.13789259773445203,-0.17825,-0.17825,192240851.0,192240851.0,,,1620592755,16:39:15,20210509
20,2015-12-31,GRAH,USD,2015-12-31,2015-12-31,Q4,100549000.0,0.0,100549000.0,1.0,0.0,8192000.0,0.0,0.0,8192000.0,171346000.0,3764000.0,48334000.0,-22463000.0,-0.22340351470427353,-70797000.0,-0.7041044664790301,0.0,-76299000.0,-0.7588240559329282,-140000.0,-64955000.0,-0.6460034411083153,-0.35449,-0.35449,183234601.0,183234601.0,,,1620592755,16:39:15,20210509
21,2015-09-30,GRAH,USD,2015-09-30,2015-09-30,Q3,29280000.0,0.0,29280000.0,1.0,0.0,3184000.0,0.0,0.0,3184000.0,44458000.0,898000.0,15408000.0,230000.0,0.007855191256830601,-15178000.0,-0.5183743169398907,0.0,-17611000.0,-0.6014685792349727,330000.0,-15437000.0,-0.5272199453551912,-0.08541,-0.08541,180742403.0,180742403.0,,,1620592755,16:39:15,20210509
22,2015-06-30,GRAH,USD,2015-06-30,2015-06-30,Q2,17884000.0,0.0,17884000.0,1.0,0.0,2401000.0,0.0,0.0,2401000.0,30466000.0,560000.0,8504000.0,-4078000.0,-0.22802505032431222,-12582000.0,-0.7035338850369045,0.0,-12843000.0,-0.7181279355848803,0.0,-12843000.0,-0.7181279355848803,-0.07277,-0.07277,176494837.0,176494837.0,,,1620592755,16:39:15,20210509
23,2015-03-31,GRAH,USD,2015-03-31,2015-03-31,Q1,12763000.0,0.0,12763000.0,1.0,0.0,2767000.0,0.0,0.0,2767000.0,20488000.0,397000.0,4980000.0,-2745000.0,-0.21507482566794642,-7725000.0,-0.6052652197759147,0.0,-8098000.0,-0.634490323591632,0.0,-8098000.0,-0.634490323591632,-0.04896,-0.04896,165407740.0,165407740.0,,,1620592755,16:39:15,20210509
24,2014-12-31,GRAH,USD,2015-03-19,2015-03-19,Q4,2961000.0,0.0,2961000.0,1.0,0.0,689000.0,0.0,0.0,689000.0,9172000.0,214000.0,1401000.0,-4810000.0,-1.624451198919284,-6211000.0,-2.097602161431949,0.0,-6419000.0,-2.1678486997635935,0.0,-6419000.0,-2.1678486997635935,-0.49177,-0.49177,13052785.0,13052785.0,https://www.sec.gov/Archives/edgar/data/1566912/000156691215000032/0001566912-15-000032-index.htm,https://www.sec.gov/Archives/edgar/data/1566912/000156691215000032/gahr3-10xk2014xq4.htm,1620592755,16:39:15,20210509
25,2014-09-30,GRAH,USD,2014-09-30,2014-09-30,Q3,496000.0,0.0,496000.0,1.0,0.0,281000.0,0.0,0.0,281000.0,2064000.0,44000.0,292000.0,-1276000.0,-2.5725806451612905,-1568000.0,-3.161290322580645,0.0,-1593000.0,-3.211693548387097,0.0,-1593000.0,-3.211693548387097,-0.36091,-0.36091,4413858.0,4413858.0,,,1620592755,16:39:15,20210509
26,2014-06-30,GRAH,USD,2014-06-30,2014-06-30,Q2,24000.0,0.0,24000.0,1.0,0.0,222000.0,0.0,0.0,222000.0,564000.0,0.0,12000.0,-529000.0,-22.041666666666668,-541000.0,-22.541666666666668,0.0,-541000.0,-22.541666666666668,0.0,-541000.0,-22.541666666666668,-0.91586,-0.91586,590701.0,590701.0,,,1620592755,16:39:15,20210509
27,2014-03-31,GRAH,USD,2014-03-31,2014-03-31,Q1,0.0,0.0,0.0,0.0,0.0,46000.0,0.0,0.0,46000.0,46000.0,0.0,0.0,-45000.0,0.0,-45000.0,0.0,0.0,-45000.0,0.0,0.0,-45000.0,0.0,-2.02502,-2.02502,22222.0,22222.0,,,1620592755,16:39:15,20210509
