,date,symbol,reportedCurrency,fillingDate,acceptedDate,period,revenue,costOfRevenue,grossProfit,grossProfitRatio,researchAndDevelopmentExpenses,generalAndAdministrativeExpenses,sellingAndMarketingExpenses,otherExpenses,operatingExpenses,costAndExpenses,interestExpense,depreciationAndAmortization,ebitda,ebitdaratio,operatingIncome,operatingIncomeRatio,totalOtherIncomeExpensesNet,incomeBeforeTax,incomeBeforeTaxRatio,incomeTaxExpense,netIncome,netIncomeRatio,eps,epsdiluted,weightedAverageShsOut,weightedAverageShsOutDil,link,finalLink,timestamp,est_time,est_date
0,2017-06-30,SCLN,USD,2017-08-09 00:00:00,2017-08-09 16:16:17,Q2,44520000.0,5654000.0,38866000,0.8730008984725965,2828000.0,-7149000.0,15435000.0,2828000.0,26549000,32203000.0,0.0,268000.0,12585000.0,0.2826819407008086,12317000.0,0.27666217430368373,464000.0,12781000.0,0.2870844564240791,589000.0,12192000.0,0.2738544474393531,0.23614177803602557,0.22936694572476718,51630000,53155000,https://www.sec.gov/Archives/edgar/data/880771/000156276217000128/0001562762-17-000128-index.html,https://www.sec.gov/Archives/edgar/data/880771/000156276217000128/scln-20170630x10q.htm,1620597667,18:01:07,20210509
1,2017-03-31,SCLN,USD,2017-05-10 00:00:00,2017-05-10 16:30:42,Q1,42892000.0,6165000.0,36727000,0.8562669029189592,2495000.0,-5535000.0,12765000.0,2495000.0,22490000,28655000.0,0.0,246000.0,14483000.0,0.337662034878299,14237000.0,0.3319266996176443,1371000.0,15608000.0,0.3638907022288539,1012000.0,14596000.0,0.34029655879884363,0.2837646052452515,0.2753494689581015,51437000,53009000,https://www.sec.gov/Archives/edgar/data/880771/000088077117000079/0000880771-17-000079-index.html,https://www.sec.gov/Archives/edgar/data/880771/000088077117000079/scln-20170331x10q.htm,1620597667,18:01:07,20210509
2,2016-12-31,SCLN,USD,2017-03-09 00:00:00,2017-03-09 15:59:24,Q4,44062000.0,5788000.0,38274000,0.8686396441378058,5558000.0,-3891000.0,14600000.0,5858000.0,30867000,36655000.0,0.0,248000.0,7655000.0,0.1737324678861604,7407000.0,0.16810403522309472,-494000.0,7183000.0,0.16302028959193862,772000.0,6411000.0,0.14549952339884709,0.1276201851298895,0.121960963360347,50235000,52566000,https://www.sec.gov/Archives/edgar/data/880771/000088077117000035/0000880771-17-000035-index.html,https://www.sec.gov/Archives/edgar/data/880771/000088077117000035/scln-20161231x10k.htm,1620597667,18:01:07,20210509
3,2016-09-30,SCLN,USD,2016-11-09 00:00:00,2016-11-09 16:32:07,Q3,40544000.0,5585000.0,34959000,0.8622484214680347,3288000.0,-5420000.0,13320000.0,4988000.0,24508000,30093000.0,0.0,244000.0,10695000.0,0.26378749013417524,10451000.0,0.25776933701657456,721000.0,11172000.0,0.2755524861878453,1056000.0,10116000.0,0.2495067087608524,0.2024941449646696,0.19275180061735453,49957000,52482000,https://www.sec.gov/Archives/edgar/data/880771/000088077116000208/0000880771-16-000208-index.html,https://www.sec.gov/Archives/edgar/data/880771/000088077116000208/scln-20160930x10q.htm,1620597667,18:01:07,20210509
4,2016-06-30,SCLN,USD,2016-08-09,2016-08-09 16:32:11,Q2,38991000.0,5712000.0,33279000,0.8535046549203662,2000000.0,-6303000.0,14432000.0,2765000.0,27326000,33038000.0,0.0,244000.0,6197000.0,0.158934113000436,5953000.0,0.15267625862378498,14000.0,5967000.0,0.1530353158421174,-371000.0,6338000.0,0.16255033212792697,0.12741491265102628,0.12094265814330693,49743000,52405000,https://www.sec.gov/Archives/edgar/data/880771/000088077116000163/0000880771-16-000163-index.htm,https://www.sec.gov/Archives/edgar/data/880771/000088077116000163/scln-20160630x10q.htm,1620597667,18:01:07,20210509
5,2016-03-31,SCLN,USD,2016-05-10 00:00:00,2016-05-10 13:29:34,Q1,36499000.0,5813000.0,30686000,0.8407353626126743,1467000.0,-4909000.0,12352000.0,1467000.0,21262000,27075000.0,0.0,249000.0,9673000.0,0.26502095947834187,9424000.0,0.2581988547631442,387000.0,9811000.0,0.2688018849831502,1947000.0,7864000.0,0.2154579577522672,0.1585835568372018,0.1513617553652199,49589000,51955000,https://www.sec.gov/Archives/edgar/data/880771/000088077116000140/0000880771-16-000140-index.html,https://www.sec.gov/Archives/edgar/data/880771/000088077116000140/scln-20160331x10q.htm,1620597667,18:01:07,20210509
6,2015-12-31,SCLN,USD,2016-03-11 00:00:00,2016-03-11 13:26:00,Q4,42863000.0,5217000.0,37646000,0.8782866341599981,3606000.0,-8376000.0,14863000.0,23140000.0,38990000,61338000.0,0.0,129000.0,12819000.0,0.29906912721928003,12690000.0,0.29605953852973427,50000.0,12740000.0,0.29722604577374423,196000.0,12544000.0,0.2926533373772251,0.2519027250637589,0.2404308742069653,49797000,52173000,https://www.sec.gov/Archives/edgar/data/880771/000088077116000135/0000880771-16-000135-index.html,https://www.sec.gov/Archives/edgar/data/880771/000088077116000135/scln-20151231x10k.htm,1620597667,18:01:07,20210509
7,2015-09-30,SCLN,USD,2015-11-09 00:00:00,2015-11-09 16:32:07,Q3,42880000.0,6853000.0,36027000,0.8401819029850747,1039000.0,-7787000.0,15077000.0,6879000.0,22367000,22367000.0,0.0,283000.0,12878000.0,0.3003264925373134,12595000.0,0.29372667910447764,-281000.0,12566000.0,0.29305037313432836,587000.0,11979000.0,0.27936100746268655,0.2399639423076923,0.22885144429160936,49920000,52344000,https://www.sec.gov/Archives/edgar/data/880771/000088077115000119/0000880771-15-000119-index.html,https://www.sec.gov/Archives/edgar/data/880771/000088077115000119/scln-20150930x10q.htm,1620597667,18:01:07,20210509
8,2015-06-30,SCLN,USD,2015-08-10 00:00:00,2015-08-10 16:41:11,Q2,37946000.0,5681000.0,32265000,0.8502872503030623,5500000.0,-6187000.0,12964000.0,16481000.0,25241000,25241000.0,0.0,288000.0,-4569000.0,-0.12040794813682601,-4857000.0,-0.12799768091498445,289000.0,-4568000.0,-0.12038159489801296,-546000.0,-4022000.0,-0.1059927265060876,-0.08052535687829099,-0.07671765917674436,49947000,52426000,https://www.sec.gov/Archives/edgar/data/880771/000088077115000104/0000880771-15-000104-index.html,https://www.sec.gov/Archives/edgar/data/880771/000088077115000104/scln-20150630x10q.htm,1620597667,18:01:07,20210509
9,2015-03-31,SCLN,USD,2015-05-11 00:00:00,2015-05-11 16:43:03,Q1,33568000.0,4597000.0,28971000,0.86305409914204,1088000.0,-3714000.0,11057000.0,4597000.0,18400000,18400000.0,0.0,231000.0,9714000.0,0.289382745471878,9483000.0,0.28250119161105813,49000.0,9532000.0,0.28396091515729266,570000.0,8962000.0,0.26698045757864636,0.17936914578496518,0.17142966448601707,49964000,52278000,https://www.sec.gov/Archives/edgar/data/880771/000088077115000066/0000880771-15-000066-index.html,https://www.sec.gov/Archives/edgar/data/880771/000088077115000066/scln-20150331x10q.htm,1620597667,18:01:07,20210509
10,2014-12-31,SCLN,USD,2015-03-12 00:00:00,2015-03-12 17:21:05,Q4,41425000.0,7425000.0,34000000,0.8207604103802052,11648000.0,-8204000.0,13490000.0,7425000.0,18776000,18776000.0,0.0,200000.0,3776000.0,0.09115268557634279,3576000.0,0.08632468316234158,349000.0,3925000.0,0.09474954737477369,406000.0,3519000.0,0.08494870247435124,0.06862725978508884,0.06679447270518564,51277000,52684000,https://www.sec.gov/Archives/edgar/data/880771/000088077115000021/0000880771-15-000021-index.html,https://www.sec.gov/Archives/edgar/data/880771/000088077115000021/scln-20141231x10k.htm,1620597667,18:01:07,20210509
11,2014-09-30,SCLN,USD,2014-11-10 00:00:00,2014-11-10 16:58:48,Q3,34287000.0,6005000.0,28282000,0.8248607343891271,653000.0,-8300000.0,13911000.0,6005000.0,19522000,19522000.0,0.0,221000.0,8328000.0,0.24289089159156532,8107000.0,0.23644529996791788,139000.0,8246000.0,0.2404993146090355,331000.0,7915000.0,0.23084550996004316,0.15359090291657773,0.14990814219966286,51533000,52799000,https://www.sec.gov/Archives/edgar/data/880771/000088077114000042/0000880771-14-000042-index.html,https://www.sec.gov/Archives/edgar/data/880771/000088077114000042/scln-20140930x10q.htm,1620597667,18:01:07,20210509
12,2014-06-30,SCLN,USD,2014-08-11 00:00:00,2014-08-11 17:02:41,Q2,32513000.0,5011000.0,27502000,0.8458770338018639,804000.0,-5426000.0,11242000.0,5011000.0,17058000,17058000.0,0.0,224000.0,9864000.0,0.3033863377725833,9640000.0,0.2964967859010242,34000.0,9674000.0,0.2975425214529573,34000.0,9640000.0,0.2964967859010242,0.18614350814860586,0.18193141714005323,51788000,52987000,https://www.sec.gov/Archives/edgar/data/880771/000088077114000008/0000880771-14-000008-index.html,https://www.sec.gov/Archives/edgar/data/880771/000088077114000008/scln-20140630x10q.htm,1620597667,18:01:07,20210509
13,2014-03-31,SCLN,USD,2014-05-12 00:00:00,2014-05-12 16:06:14,Q1,26565000.0,4561000.0,22004000,0.8283079239600979,1476000.0,-3801000.0,9834000.0,4561000.0,15867000,15867000.0,0.0,207000.0,4868000.0,0.18324863542254846,4661000.0,0.17545642763034067,-129000.0,4532000.0,0.17060041407867496,398000.0,4134000.0,0.15561829474872954,0.07946026986506746,0.07765713641657587,52026000,53234000,https://www.sec.gov/Archives/edgar/data/880771/000119312514194793/0001193125-14-194793-index.html,https://www.sec.gov/Archives/edgar/data/880771/000119312514194793/d714802d10q.htm,1620597667,18:01:07,20210509
14,2013-12-31,SCLN,USD,2014-03-17,2014-03-17 15:32:09,Q4,32734000.0,6037000.0,26697000,0.8155740208957047,1142000.0,-6151000.0,13855000.0,9218000.0,21559000,21559000.0,0.0,215000.0,1030000.0,0.031465754261624,815000.0,0.024897659925459767,35000.0,850000.0,0.02596688458483534,814000.0,36000.0,0.001099773935357732,0.0006718047287588407,0.000655307994757536,53587000,54936000,https://www.sec.gov/Archives/edgar/data/880771/000119312514102095/0001193125-14-102095-index.htm,https://www.sec.gov/Archives/edgar/data/880771/000119312514102095/d657541d10k.htm,1620597667,18:01:07,20210509
15,2013-09-30,SCLN,USD,2013-11-12 00:00:00,2013-11-12 17:18:38,Q3,35226000.0,3808000.0,31418000,0.8918980298643048,550000.0,-8260000.0,16498000.0,3808000.0,24736000,24736000.0,0.0,232000.0,6364000.0,0.1806620110145915,6132000.0,0.17407596661556804,2729000.0,8861000.0,0.2515471526713223,153000.0,8708000.0,0.247203769942656,0.16146557638463963,0.1573829748780047,53931000,55330000,https://www.sec.gov/Archives/edgar/data/880771/000119312513438533/0001193125-13-438533-index.html,https://www.sec.gov/Archives/edgar/data/880771/000119312513438533/d590026d10q.htm,1620597667,18:01:07,20210509
16,2013-06-30,SCLN,USD,2013-08-09 00:00:00,2013-08-09 06:11:14,Q2,29292000.0,3205000.0,26087000,0.8905844599207975,5406000.0,-6315000.0,14269000.0,3205000.0,22223000,22223000.0,0.0,211000.0,-1331000.0,-0.04543902772087942,-1542000.0,-0.05264235968865219,47000.0,-1495000.0,-0.051037826027584325,488000.0,-1983000.0,-0.06769766489143794,-0.036651633890285376,-0.03575485476280629,54104000,55461000,https://www.sec.gov/Archives/edgar/data/880771/000119312513327911/0001193125-13-327911-index.html,https://www.sec.gov/Archives/edgar/data/880771/000119312513327911/d572022d10q.htm,1620597667,18:01:07,20210509
17,2013-03-31,SCLN,USD,2013-04-01 00:00:00,2013-04-01 17:25:43,Q1,29806000.0,4618000.0,25188000,0.845064752063343,365000.0,-2599000.0,11199000.0,4618000.0,19799000,19799000.0,0.0,202000.0,5226000.0,0.17533382540428102,5024000.0,0.16855666644299805,-34000.0,4990000.0,0.1674159565188217,787000.0,4203000.0,0.1410118768033282,0.07771244730419348,0.07576795500432651,54084000,55472000,https://www.sec.gov/Archives/edgar/data/880771/000119312513136952/0001193125-13-136952-index.html,https://www.sec.gov/Archives/edgar/data/880771/000119312513136952/d502789d10k.htm,1620597667,18:01:07,20210509
18,2012-12-31,SCLN,USD,2013-04-01,2013-04-01 17:25:43,Q4,33139000.0,6365000.0,26774000,0.8079302332599052,100000.0,-10767000.0,18120000.0,5803000.0,25573000,25573000.0,0.0,203000.0,2712000.0,0.0818371103533601,2509000.0,0.07571139744711669,-20000.0,2487000.0,0.07504752708289326,599000.0,1888000.0,0.056972147620628265,0.03333509896357505,0.03228288562488244,56637000,58483000,https://www.sec.gov/Archives/edgar/data/880771/000119312513136952/0001193125-13-136952-index.htm,https://www.sec.gov/Archives/edgar/data/880771/000119312513136952/d502789d10k.htm,1620597667,18:01:07,20210509
19,2012-09-30,SCLN,USD,2012-11-09 00:00:00,2012-11-09 16:54:15,Q3,40693000.0,15631000.0,25062000,0.6158798810606246,5750000.0,-11390000.0,17063000.0,46144000.0,22736000,22736000.0,0.0,1102000.0,2890000.0,0.07101958567812645,1788000.0,0.04393876096625955,-22000.0,1672000.0,0.04108814783869462,-4085000.0,5757000.0,0.14147396358095987,0.10067501398992726,0.09731072835144775,57184000,59161000,https://www.sec.gov/Archives/edgar/data/880771/000119312512463541/0001193125-12-463541-index.html,https://www.sec.gov/Archives/edgar/data/880771/000119312512463541/d436074d10q.htm,1620597667,18:01:07,20210509
20,2012-06-30,SCLN,USD,2012-08-08 00:00:00,2012-08-08 17:16:27,Q2,41369000.0,5215000.0,36154000,0.8739394232396239,900000.0,-13049000.0,17504000.0,4926000.0,22859000,22859000.0,0.0,1098000.0,13640000.0,0.3297154874422877,12542000.0,0.30317387415697744,-14000.0,12488000.0,0.3018685489134376,1259000.0,11229000.0,0.271435132587203,0.19538889855576821,0.18836811380259008,57470000,59612000,https://www.sec.gov/Archives/edgar/data/880771/000119312512344360/0001193125-12-344360-index.html,https://www.sec.gov/Archives/edgar/data/880771/000119312512344360/d393268d10q.htm,1620597667,18:01:07,20210509
21,2012-03-31,SCLN,USD,2012-05-10,2012-05-10 16:03:11,Q1,41068000.0,4941000.0,36127000,0.8796873478133826,3393000.0,-13679000.0,17640000.0,4909000.0,21601000,21601000.0,0.0,1046000.0,11620000.0,0.2829453589169183,10574000.0,0.25747540664264146,-1000.0,10548000.0,0.2568423103146002,883000.0,9665000.0,0.23534138501996688,0.16817469984339656,0.16213178554653426,57470000,59612000,https://www.sec.gov/Archives/edgar/data/880771/000119312512225450/0001193125-12-225450-index.htm,https://www.sec.gov/Archives/edgar/data/880771/000119312512225450/d332603d10q.htm,1620597667,18:01:07,20210509
22,2011-12-31,SCLN,USD,2012-03-15 00:00:00,2012-03-15 16:14:17,Q4,41446000.0,13301000.0,28145000,0.6790763885537808,3111000.0,-10931000.0,15544000.0,5533000.0,20157000,6856000.0,0.0,1031000.0,13676000.0,0.32997152921874245,12645000.0,0.3050957872894851,-27000.0,12587000.0,0.30369637600733485,185000.0,12402000.0,0.29923273657289,0.215799547590047,0.20804535999463195,57470000,59612000,https://www.sec.gov/Archives/edgar/data/880771/000119312512117370/0001193125-12-117370-index.html,https://www.sec.gov/Archives/edgar/data/880771/000119312512117370/d287563d10k.htm,1620597667,18:01:07,20210509
23,2011-09-30,SCLN,USD,2011-11-09 00:00:00,2011-11-09 16:05:09,Q3,37425000.0,5024000.0,32401000,0.8657581830327321,3035000.0,-10020000.0,15222000.0,3651000.0,20424000,25448000.0,0.0,994000.0,11309000.0,0.30217768871075484,10315000.0,0.2756179024716099,-5000.0,10276000.0,0.2745758183032732,46000.0,10230000.0,0.27334669338677353,0.17800591613015487,0.17160974300476414,57470000,59612000,https://www.sec.gov/Archives/edgar/data/880771/000119312511304514/0001193125-11-304514-index.html,https://www.sec.gov/Archives/edgar/data/880771/000119312511304514/d236742d10q.htm,1620597667,18:01:07,20210509
24,2011-06-30,SCLN,USD,2011-08-09 00:00:00,2011-08-09 16:42:13,Q2,35516895.0,5174000.0,30342895,0.8543228511388735,3091000.0,-3441848.0,15073569.0,9799000.0,22811727,21936265.0,-100656.0,454070.0,6312700.0,0.17773794696861875,5858630.0,0.16495332714191374,-4000.0,5893286.0,0.16592908811426224,786128.0,5545414.0,0.1561345382246956,0.09649232643118148,0.09302512916862377,57470000,59612000,https://www.sec.gov/Archives/edgar/data/880771/000119312511216623/0001193125-11-216623-index.html,https://www.sec.gov/Archives/edgar/data/880771/000119312511216623/d10q.htm,1620597667,18:01:07,20210509
25,2011-03-31,SCLN,USD,2011-05-10 00:00:00,2011-05-10 16:18:47,Q1,21662000.0,3103000.0,18559000,0.8567537623488136,3109000.0,730000.0,5228000.0,0.0,14295000,17398000.0,57000.0,83000.0,4347000.0,0.20067399132120764,4264000.0,0.19684239682393131,15000.0,4242000.0,0.19582679346320747,393000.0,3849000.0,0.17768442433754963,0.08,0.08,48112500,48112500,https://www.sec.gov/Archives/edgar/data/880771/000119312511134238/0001193125-11-134238-index.html,https://www.sec.gov/Archives/edgar/data/880771/000119312511134238/d10q.htm,1620597667,18:01:07,20210509
26,2010-12-31,SCLN,USD,2011-03-31,2011-03-31 17:26:15,Q4,23616000.0,3246000.0,20370000,0.8625508130081301,4715000.0,21199000.0,-15996000.0,22025000.0,15928000,19174000.0,138000.0,238000.0,4680000.0,0.19817073170731708,4442000.0,0.1880928184281843,972000.0,5302000.0,0.22450880758807587,1522000.0,3780000.0,0.1600609756097561,0.0793717453384848,0.07649653944226333,47624000,49414000,https://www.sec.gov/Archives/edgar/data/880771/000119312511085133/0001193125-11-085133-index.htm,https://www.sec.gov/Archives/edgar/data/880771/000119312511085133/d10k.htm,1620597667,18:01:07,20210509
27,2010-09-30,SCLN,USD,2010-11-08 00:00:00,2010-11-08 16:16:58,Q3,22840000.0,3146000.0,19694000,0.8622591943957969,2618000.0,-1625000.0,5445000.0,64000.0,11883000,15029000.0,19000.0,109000.0,7920000.0,0.3467600700525394,7811000.0,0.3419877408056042,64000.0,7887000.0,0.3453152364273205,259000.0,7628000.0,0.3339754816112084,0.15872,0.15872,48058333,48058333,https://www.sec.gov/Archives/edgar/data/880771/000119312510252110/0001193125-10-252110-index.html,https://www.sec.gov/Archives/edgar/data/880771/000119312510252110/d10q.htm,1620597667,18:01:07,20210509
28,2010-06-30,SCLN,USD,2010-08-09 00:00:00,2010-08-09 16:06:01,Q2,20694000.0,3540000.0,17154000,0.8289359234560743,2407000.0,-2217000.0,5603000.0,-85000.0,11396000,14936000.0,19000.0,105000.0,5863000.0,0.283318836377694,5758000.0,0.27824490190393353,-85000.0,5677000.0,0.27433072388131824,197000.0,5480000.0,0.26481105634483426,0.11331,0.11331,48365000,48365000,https://www.sec.gov/Archives/edgar/data/880771/000119312510183318/0001193125-10-183318-index.html,https://www.sec.gov/Archives/edgar/data/880771/000119312510183318/d10q.htm,1620597667,18:01:07,20210509
29,2010-03-31,SCLN,USD,2010-05-10 00:00:00,2010-05-10 16:06:03,Q1,17962000.0,2759000.0,15203000,0.8463979512303752,2675000.0,-1751000.0,4948000.0,2000.0,10820000,13579000.0,19000.0,104000.0,4487000.0,0.24980514419329697,4383000.0,0.2440151430798352,2000.0,4391000.0,0.24446052778087074,198000.0,4193000.0,0.23343725643024163,0.08873135117976934,0.0853380551145846,47255000,49134000,https://www.sec.gov/Archives/edgar/data/880771/000119312510114570/0001193125-10-114570-index.html,https://www.sec.gov/Archives/edgar/data/880771/000119312510114570/d10q.htm,1620597667,18:01:07,20210509
30,2009-12-31,SCLN,USD,2010-03-16 00:00:00,2010-03-16 16:06:27,Q4,72411000.0,11960000.0,60451000,0.834831724461753,16531000.0,-6284000.0,18805000.0,18000.0,47857000,59817000.0,179000.0,-397470000.0,-384876000.0,-5.315159299001533,12594000.0,0.173923851348552,18000.0,12586000.0,0.17381337089668697,641000.0,11945000.0,0.164961124691,0.25647356894404605,0.25198295502489243,46574000,47404000,https://www.sec.gov/Archives/edgar/data/880771/000119312510058363/0001193125-10-058363-index.html,https://www.sec.gov/Archives/edgar/data/880771/000119312510058363/d10k.htm,1620597667,18:01:07,20210509
31,2009-09-30,SCLN,USD,2009-11-09 00:00:00,2009-11-09 16:15:04,Q3,17240000000.0,2977000000.0,14263000000,0.8273201856148492,4284000000.0,-10959000000.0,13898000000.0,-9199000000.0,11926000000,14903000000.0,49000000.0,133000000.0,2412000000.0,0.13990719257540604,2279000000.0,0.1321925754060325,-27000000.0,2226000000.0,0.12911832946635732,474000000.0,2064000000.0,0.1197215777262181,44.521088015149594,43.922719337270856,46360053,46991626,https://www.sec.gov/Archives/edgar/data/880771/000119312509229390/0001193125-09-229390-index.html,https://www.sec.gov/Archives/edgar/data/880771/000119312509229390/d10q.htm,1620597667,18:01:07,20210509
32,2009-06-30,SCLN,USD,2009-08-06 00:00:00,2009-08-06 16:38:01,Q2,21971000000.0,3289000000.0,18682000000,0.8503026717036093,3669000000.0,6847000000.0,-4228000000.0,9218000000.0,11255000000,14544000000.0,51000000.0,126000000.0,7582000000.0,0.34509125665650175,7456000000.0,0.3393564243775886,46000000.0,7491000000.0,0.3409494333439534,-160000000.0,7339000000.0,0.3340312229757407,158.74895355259565,158.3924472334522,46230226,46334280,https://www.sec.gov/Archives/edgar/data/880771/000119312509167257/0001193125-09-167257-index.html,https://www.sec.gov/Archives/edgar/data/880771/000119312509167257/d10q.htm,1620597667,18:01:07,20210509
33,2009-03-31,SCLN,USD,2009-05-11 00:00:00,2009-05-11 16:07:12,Q1,15069000000.0,2544000000.0,12525000000,0.8311765876965956,4965000000.0,-1188000000.0,4228000000.0,-23000000.0,12233000000,14777000000.0,49000000.0,139000000.0,402000000.0,0.026677284491339836,263000000.0,0.017453049306523326,-23000000.0,256000000.0,0.016988519477072136,160000000.0,96000000.0,0.0063706948039020505,2.0770426167171383,2.0763516908921393,46219562,46234942,https://www.sec.gov/Archives/edgar/data/880771/000119312509107121/0001193125-09-107121-index.html,https://www.sec.gov/Archives/edgar/data/880771/000119312509107121/d10q.htm,1620597667,18:01:07,20210509
34,2008-12-31,SCLN,USD,2009-03-13 00:00:00,2009-03-13 17:06:03,Q4,15317000000.0,3063000000.0,12254000000,0.8000261147744336,6690000000.0,-1425000000.0,4997000000.0,-281000000.0,14994000000,18057000000.0,31000000.0,110000000.0,-2952000000.0,-0.19272703532023241,-3062000000.0,-0.19990859828948226,-23000000.0,-3009000000.0,-0.19644839067702552,134000000.0,-3143000000.0,-0.20519684011229353,-68.01231,-68.01231,46212223,46212223,https://www.sec.gov/Archives/edgar/data/880771/000119312509053980/0001193125-09-053980-index.html,https://www.sec.gov/Archives/edgar/data/880771/000119312509053980/d10k.htm,1620597667,18:01:07,20210509
35,2008-09-30,SCLN,USD,2008-11-06,2008-11-06 17:18:20,Q3,38796000000.0,2286000000.0,36510000000,0.9410763996288277,4637000000.0,-1783000000.0,4188000000.0,69000000.0,11299000000,13585000000.0,0.0,86000000.0,829000000.0,0.021368182286833695,743000000.0,0.01915145891329003,-47000000.0,812000000.0,0.02092999278276111,341000000.0,773000000.0,0.01992473450871224,16.72807,16.72807,46209759,46209759,https://www.sec.gov/Archives/edgar/data/880771/000119312508228134/0001193125-08-228134-index.htm,https://www.sec.gov/Archives/edgar/data/880771/000119312508228134/d10q.htm,1620597667,18:01:07,20210509
36,2008-06-30,SCLN,USD,2008-08-01,2008-08-01 17:22:48,Q2,0.0,4478000000.0,-4478000000,0.0,11888000000.0,-2259000000.0,8140000000.0,196000000.0,26105000000,30583000000.0,0.0,81000000.0,-6034000000.0,0.0,-6115000000.0,0.0,54000000.0,-5676000000.0,0.0,0.0,-5978000000.0,0.0,-129.38049,-129.38049,46204804,46204804,https://www.sec.gov/Archives/edgar/data/880771/000119312508163942/0001193125-08-163942-index.htm,https://www.sec.gov/Archives/edgar/data/880771/000119312508163942/d10q.htm,1620597667,18:01:07,20210509
37,2008-03-31,SCLN,USD,2008-05-08,2008-05-08 17:07:45,Q1,10634000000.0,1967000000.0,8667000000,0.8150272710174911,127000000.0,-927000000.0,3948000000.0,7422000000.0,14518000000,16485000000.0,0.0,76000000.0,-5775000000.0,-0.5430694000376152,-5851000000.0,-0.5502162873801015,37000000.0,-5553000000.0,-0.5221929659582472,106000000.0,-5659000000.0,-0.5321609930411887,-122.51557,-122.51557,46190046,46190046,https://www.sec.gov/Archives/edgar/data/880771/000119312508107993/0001193125-08-107993-index.htm,https://www.sec.gov/Archives/edgar/data/880771/000119312508107993/d10q.htm,1620597667,18:01:07,20210509
38,2007-12-31,SCLN,USD,2008-03-13,2008-03-13 16:56:47,Q4,10018000000.0,1757000000.0,8261000000,0.8246156917548413,5011000000.0,-1363000000.0,3960000000.0,531000000.0,12075000000,13832000000.0,0.0,47000000.0,-3767000000.0,-0.37602315831503297,-3814000000.0,-0.38071471351567177,64000000.0,-3401000000.0,-0.33948891994410063,211000000.0,-3612000000.0,-0.36055100818526653,-78.35202,-78.35202,46099641,46099641,https://www.sec.gov/Archives/edgar/data/880771/000119312508055606/0001193125-08-055606-index.htm,https://www.sec.gov/Archives/edgar/data/880771/000119312508055606/d10k.htm,1620597667,18:01:07,20210509
39,2007-09-30,SCLN,USD,2007-11-09,2007-11-09 17:01:20,Q3,9441000000.0,1663000000.0,7778000000,0.8238534053596017,4793000000.0,-1211000000.0,3805000000.0,-7000000.0,11192000000,12855000000.0,0.0,-61000000.0,-3475000000.0,-0.3680754157398581,-3414000000.0,-0.36161423578010804,-7000000.0,-3014000000.0,-0.31924584260141936,41000000.0,-3055000000.0,-0.32358860290223496,-66.27739,-66.27739,46094152,46094152,https://www.sec.gov/Archives/edgar/data/880771/000119312507242617/0001193125-07-242617-index.htm,https://www.sec.gov/Archives/edgar/data/880771/000119312507242617/d10q.htm,1620597667,18:01:07,20210509
40,2007-06-30,SCLN,USD,2007-08-08,2007-08-08 17:13:15,Q2,8955000000.0,1687000000.0,7268000000,0.8116136236739252,4712000000.0,-695000000.0,3139000000.0,-12000000.0,10295000000,11982000000.0,10000000.0,55000000.0,-2972000000.0,-0.3318816303740927,-3027000000.0,-0.33802345058626465,-17000000.0,-2629000000.0,-0.2935790061418202,28000000.0,-2657000000.0,-0.2967057509771078,-57.65586,-57.65586,46083777,46083777,https://www.sec.gov/Archives/edgar/data/880771/000119312507175764/0001193125-07-175764-index.htm,https://www.sec.gov/Archives/edgar/data/880771/000119312507175764/d10q.htm,1620597667,18:01:07,20210509
41,2007-03-31,SCLN,USD,2007-05-08,2007-05-08 16:51:19,Q1,8644000000.0,1628000000.0,7016000000,0.8116612679315132,2423000000.0,-414000000.0,3024000000.0,-5000000.0,8057000000,9685000000.0,10000000.0,54000000.0,-987000000.0,-0.11418324849606663,-1041000000.0,-0.12043035631652013,0.0,-603000000.0,-0.06975937066173069,21000000.0,-624000000.0,-0.07218880148079593,-13.54343,-13.54343,46073995,46073995,https://www.sec.gov/Archives/edgar/data/880771/000119312507106170/0001193125-07-106170-index.htm,https://www.sec.gov/Archives/edgar/data/880771/000119312507106170/d10q.htm,1620597667,18:01:07,20210509
42,2006-12-31,SCLN,USD,2007-03-16,2007-03-16 16:54:24,Q4,229000000.0,6889000000.0,-6660000000,-29.08296943231441,14088000000.0,-2529000000.0,11569000000.0,7981000000.0,34697000000,41586000000.0,94000000.0,60000000.0,-8864000000.0,-38.70742358078603,-8924000000.0,-38.96943231441048,7981000000.0,727000000.0,3.1746724890829694,0.0,727000000.0,3.1746724890829694,15.838429716641341,15.779639997172254,45901015,46072027,https://www.sec.gov/Archives/edgar/data/880771/000119312507057206/0001193125-07-057206-index.htm,https://www.sec.gov/Archives/edgar/data/880771/000119312507057206/d10k.htm,1620597667,18:01:07,20210509
43,2006-09-30,SCLN,USD,2006-11-08,2006-11-07 20:32:08,Q3,8296000000.0,1616000000.0,6680000000,0.8052073288331726,3167000000.0,-728000000.0,3011000000.0,-8000000.0,8461000000,10077000000.0,9000000.0,55000000.0,-1726000000.0,-0.20805207328833172,-1781000000.0,-0.2146817743490839,-8000000.0,-1306000000.0,-0.15742526518804242,0.0,-1306000000.0,-0.15742526518804242,-28.454918410859477,-28.356033756881143,45897162,46057217,https://www.sec.gov/Archives/edgar/data/880771/000119312506227021/0001193125-06-227021-index.htm,https://www.sec.gov/Archives/edgar/data/880771/000119312506227021/d10q.htm,1620597667,18:01:07,20210509
44,2006-06-30,SCLN,USD,2006-08-09,2006-08-09 12:42:39,Q2,7964000000.0,1373000000.0,6591000000,0.8275991963837268,3901000000.0,-3381000000.0,5675000000.0,5151000000.0,9038000000,10411000000.0,22000000.0,54000000.0,-2393000000.0,-0.30047714716223006,-2447000000.0,-0.3072576594676042,7983000000.0,5960000000.0,0.7483676544450025,0.0,5960000000.0,0.7483676544450025,129.85942238180309,129.34892068851562,45895784,46076921,https://www.sec.gov/Archives/edgar/data/880771/000119312506167251/0001193125-06-167251-index.htm,https://www.sec.gov/Archives/edgar/data/880771/000119312506167251/d10q.htm,1620597667,18:01:07,20210509
45,2006-03-31,SCLN,USD,2006-05-09,2006-05-08 19:41:54,Q1,7879000000.0,1566000000.0,6313000000,0.8012438126665821,3829000000.0,2387000000.0,0.0,2832000000.0,9048000000,10614000000.0,41000000.0,64000000.0,-2671000000.0,-0.33900241147353727,-2735000000.0,-0.3471252697042772,0.0,-2424000000.0,-0.3076532554892753,0.0,-2424000000.0,-0.3076532554892753,-52.8198,-52.8198,45891878,45891878,https://www.sec.gov/Archives/edgar/data/880771/000119312506103869/0001193125-06-103869-index.htm,https://www.sec.gov/Archives/edgar/data/880771/000119312506103869/d10q.htm,1620597667,18:01:07,20210509
46,2005-12-31,SCLN,USD,2006-03-16,2006-03-15 20:04:57,Q4,7404000000.0,1375000000.0,6029000000,0.8142895732036737,3213000000.0,-833000000.0,2809000000.0,32000000.0,7998000000,9373000000.0,74000000.0,37000000.0,-1932000000.0,-0.26094003241491087,-1969000000.0,-0.26593733117233925,32000000.0,-1625000000.0,-0.2194759589411129,0.0,-1625000000.0,-0.2194759589411129,-35.84924,-35.84924,45328714,45328714,https://www.sec.gov/Archives/edgar/data/880771/000119312506055355/0001193125-06-055355-index.htm,https://www.sec.gov/Archives/edgar/data/880771/000119312506055355/d10k.htm,1620597667,18:01:07,20210509
47,2005-09-30,SCLN,USD,2005-11-04,2005-11-04 16:26:23,Q3,2653000000.0,71000000.0,2582000000,0.973237843950245,11193000000.0,5343000000.0,138000000.0,-18606000000.0,-1762000000,-1691000000.0,0.0,9000000.0,4353000000.0,1.6407840180927251,4344000000.0,1.6373916321145872,-32000000.0,4835000000.0,1.8224651338107802,0.0,4835000000.0,1.8224651338107802,107.09629,107.09629,45146287,45146287,https://www.sec.gov/Archives/edgar/data/880771/000119312505216947/0001193125-05-216947-index.htm,https://www.sec.gov/Archives/edgar/data/880771/000119312505216947/d10q.htm,1620597667,18:01:07,20210509
48,2004-09-30,SCLN,USD,2004-11-08,2004-11-08 15:45:57,Q3,5887000000.0,1109000000.0,4778000000,0.8116188211313062,-9076000000.0,-5148000000.0,2699000000.0,18585000000.0,9748000000,10857000000.0,90000000.0,58000000.0,-4912000000.0,-0.8343808391370817,-4970000000.0,-0.8442330558858502,11000000.0,-4913000000.0,-0.8345507049430949,0.0,-4913000000.0,-0.8345507049430949,-110.12989,-110.12989,44610958,44610958,https://www.sec.gov/Archives/edgar/data/880771/000095013404016721/0000950134-04-016721-index.htm,https://www.sec.gov/Archives/edgar/data/880771/000095013404016721/f03078e10vq.htm,1620597667,18:01:07,20210509
49,2004-06-30,SCLN,USD,2004-08-06,2004-08-06 15:23:31,Q2,12162000000.0,6592000000.0,5570000000,0.4579838842295675,5145000000.0,-992000000.0,2148000000.0,-19000000.0,8449000000,15041000000.0,91000000.0,49000000.0,-2830000000.0,-0.23269199144877487,-2879000000.0,-0.23672093405689854,-19000000.0,-2877000000.0,-0.23655648741983226,0.0,-2877000000.0,-0.23655648741983226,-64.52022,-64.52022,44590674,44590674,https://www.sec.gov/Archives/edgar/data/880771/000095013404011595/0000950134-04-011595-index.htm,https://www.sec.gov/Archives/edgar/data/880771/000095013404011595/f00963e10vq.htm,1620597667,18:01:07,20210509
50,2004-03-31,SCLN,USD,2004-04-30,2004-04-30 15:16:57,Q1,228000000.0,4272000000.0,-4044000000,-17.736842105263158,3931000000.0,-1150000000.0,2443000000.0,8000000.0,7667000000,3395000000.0,90000000.0,50000000.0,-3117000000.0,-13.671052631578947,-3167000000.0,-13.890350877192983,8000000.0,-3133000000.0,-13.741228070175438,0.0,-3133000000.0,-13.741228070175438,-70.29536,-70.29536,44569087,44569087,https://www.sec.gov/Archives/edgar/data/880771/000095013404006350/0000950134-04-006350-index.htm,https://www.sec.gov/Archives/edgar/data/880771/000095013404006350/f98578e10vq.htm,1620597667,18:01:07,20210509
51,2003-12-31,SCLN,USD,2004-03-15,2004-03-15 14:27:37,Q4,5238000000.0,754000000.0,4484000000,0.8560519282168767,6273000000.0,-783000000.0,1872000000.0,30000000.0,9234000000,9988000000.0,90000000.0,51000000.0,-4699000000.0,-0.8970981290568919,-4750000000.0,-0.9068346697212677,30000000.0,-4687000000.0,-0.8948071783123329,0.0,-4687000000.0,-0.8948071783123329,-118.45371,-118.45371,39568199,39568199,https://www.sec.gov/Archives/edgar/data/880771/000095014904000641/0000950149-04-000641-index.htm,https://www.sec.gov/Archives/edgar/data/880771/000095014904000641/f97347e10vk.htm,1620597667,18:01:07,20210509
52,2003-09-30,SCLN,USD,2003-10-31,2003-10-31 14:32:49,Q3,5645000000.0,935000000.0,4710000000,0.8343666961913198,4585000000.0,-894000000.0,1892000000.0,-42000000.0,7475000000,8410000000.0,90000000.0,44000000.0,-2721000000.0,-0.4820194862710363,-2765000000.0,-0.48981399468556247,-42000000.0,-588000000.0,-0.104162976085031,0.0,-588000000.0,-0.104162976085031,-15.50398,-15.50398,37925757,37925757,https://www.sec.gov/Archives/edgar/data/880771/000095014903002461/0000950149-03-002461-index.htm,https://www.sec.gov/Archives/edgar/data/880771/000095014903002461/f94113e10vq.htm,1620597667,18:01:07,20210509
53,2003-06-30,SCLN,USD,2003-07-30,2003-07-30 14:14:12,Q2,16431000000.0,2931000000.0,13500000000,0.8216176739090744,4308000000.0,-978000000.0,3025000000.0,-981000000.0,8368000000,11299000000.0,90000000.0,45000000.0,5177000000.0,0.3150751628020206,5132000000.0,0.3123364372223237,31000000.0,2862000000.0,0.17418294686872376,0.0,2862000000.0,0.17418294686872376,76.32513515509324,72.75229718810084,37497477,39338964,https://www.sec.gov/Archives/edgar/data/880771/000095014903001750/0000950149-03-001750-index.htm,https://www.sec.gov/Archives/edgar/data/880771/000095014903001750/f91868e10vq.htm,1620597667,18:01:07,20210509
54,2003-03-31,SCLN,USD,2003-05-09,2003-05-09 15:15:02,Q1,5224000000.0,1016000000.0,4208000000,0.8055130168453293,3783000000.0,0.0,2229000000.0,1012000000.0,7024000000,8040000000.0,91000000.0,45000000.0,-2771000000.0,-0.530436447166922,-2816000000.0,-0.5390505359877489,0.0,-2862000000.0,-0.5478560490045942,0.0,-2862000000.0,-0.5478560490045942,-80.0,-80.0,35775000,35775000,https://www.sec.gov/Archives/edgar/data/880771/000095014903001086/0000950149-03-001086-index.htm,https://www.sec.gov/Archives/edgar/data/880771/000095014903001086/f90012e10vq.htm,1620597667,18:01:07,20210509
55,2002-12-31,SCLN,USD,2003-03-26,2003-03-26 17:26:48,Q4,223000000.0,962000000.0,-739000000,-3.31390134529148,3240000000.0,-5340000000.0,2433000000.0,3915000000.0,6668000000,7630000000.0,90000000.0,135000000.0,-2465000000.0,-11.053811659192824,-2600000000.0,-11.659192825112108,2000000.0,-2617000000.0,-11.73542600896861,0.0,-2617000000.0,-11.73542600896861,-76.1528,-76.1528,34365118,34365118,https://www.sec.gov/Archives/edgar/data/880771/000095014903000695/0000950149-03-000695-index.htm,https://www.sec.gov/Archives/edgar/data/880771/000095014903000695/f87946e10vk.htm,1620597667,18:01:07,20210509
56,2002-09-30,SCLN,USD,2002-11-07,2002-11-07 16:21:28,Q3,224000000.0,918000000.0,-694000000,-3.0982142857142856,2110000000.0,-1257000000.0,2217000000.0,2000000.0,5287000000,6205000000.0,91000000.0,421000000.0,-1262000000.0,-5.633928571428571,-1683000000.0,-7.513392857142857,2000000.0,-1672000000.0,-7.464285714285714,0.0,-1672000000.0,-7.464285714285714,-48.65399,-48.65399,34365118,34365118,https://www.sec.gov/Archives/edgar/data/880771/000095014902002216/0000950149-02-002216-index.htm,https://www.sec.gov/Archives/edgar/data/880771/000095014902002216/f85675e10vq.htm,1620597667,18:01:07,20210509
57,2002-06-30,SCLN,USD,2002-08-14,2002-08-14 14:34:19,Q2,224000000.0,1607000000.0,-1383000000,-6.174107142857143,3771000000.0,-2127000000.0,4074000000.0,-3015000000.0,6792000000,8399000000.0,90000000.0,-146000000.0,-3481000000.0,-15.540178571428571,-3335000000.0,-14.888392857142858,4000000.0,-3345000000.0,-14.933035714285714,0.0,-3345000000.0,-14.933035714285714,-101.08074,-101.08074,33092358,33092358,https://www.sec.gov/Archives/edgar/data/880771/000095014902001724/0000950149-02-001724-index.htm,https://www.sec.gov/Archives/edgar/data/880771/000095014902001724/f83802e10vq.htm,1620597667,18:01:07,20210509
58,2002-03-31,SCLN,USD,2002-05-10,2002-05-10 15:01:20,Q1,0.0,0.0,3156000000,0.0,2526000000.0,0.0,0.0,3000000000.0,5526000000,5526000000.0,90000000.0,146000000.0,-2224000000.0,0.0,-2370000000.0,0.0,-19000000.0,-2403000000.0,0.0,0.0,-2403000000.0,0.0,-73.74885,-73.74885,32583558,32583558,https://www.sec.gov/Archives/edgar/data/880771/000095014902000957/0000950149-02-000957-index.htm,https://www.sec.gov/Archives/edgar/data/880771/000095014902000957/f81527e10-q.htm,1620597667,18:01:07,20210509
