,date,symbol,reportedCurrency,fillingDate,acceptedDate,period,revenue,costOfRevenue,grossProfit,grossProfitRatio,researchAndDevelopmentExpenses,generalAndAdministrativeExpenses,sellingAndMarketingExpenses,otherExpenses,operatingExpenses,costAndExpenses,interestExpense,depreciationAndAmortization,ebitda,ebitdaratio,operatingIncome,operatingIncomeRatio,totalOtherIncomeExpensesNet,incomeBeforeTax,incomeBeforeTaxRatio,incomeTaxExpense,netIncome,netIncomeRatio,eps,epsdiluted,weightedAverageShsOut,weightedAverageShsOutDil,link,finalLink,timestamp,est_time,est_date
0,2020-12-31,NMTP.ME,USD,2020-12-31,2020-12-31,Q4,150744000,44301000,106443000,0.7061176564241363,0.0,389000.0,0.0,8642000.0,36932000.0,81233000,12091000.0,0.0,127410000.0,0.8452077694634612,69511000,0.4611195138778326,0.0,115293000,0.7648264607546569,107054000.0,7609000.0,0.05047630419784535,0.0004116770623108842,0.0004116770623108842,18482934068,18482934068,http://www.cbr.ru/eng/search/?text=NMTP&category=Any&time=Any&dateFrom=&dateTo=,http://www.cbr.ru/eng/search/?text=NMTP&category=Any&time=Any&dateFrom=&dateTo=,1620595747,17:29:07,20210509
1,2020-09-30,NMTP.ME,USD,2020-09-30,2020-09-30,Q3,124991000,38196000,86795000,0.6944099975198215,0.0,661000.0,0.0,-1133000.0,36740000.0,74936000,11113000.0,0.0,-25085000.0,-0.20069445000040004,50055000,0.40046883375603043,0.0,-36225000,-0.2898208671024314,-8673000.0,-28217000.0,-0.2257522541622997,-0.0015266515530590378,-0.0015266515530590378,18482934068,18482934068,,,1620595747,17:29:07,20210509
2,2020-06-30,NMTP.ME,USD,2020-06-30,2020-06-30,Q2,156484000,36463000,120021000,0.7669857621226451,0.0,190000.0,0.0,369000.0,31892000.0,68355000,19600000.0,0.0,181167000.0,1.157734976099793,88129000,0.5631821783696735,0.0,161505000,1.032086347486005,31174000.0,129666000.0,0.8286214565067355,0.007015444600026693,0.007015444600026693,18482934068,18482934068,http://www.cbr.ru/eng/search/?text=NMTP&category=Any&time=Any&dateFrom=&dateTo=,http://www.cbr.ru/eng/search/?text=NMTP&category=Any&time=Any&dateFrom=&dateTo=,1620595747,17:29:07,20210509
3,2020-03-31,NMTP.ME,USD,2020-03-31,2020-03-31,Q1,200070000,46009000,154061000,0.7700354875793473,0.0,502000.0,0.0,3129000.0,35235000.0,81244000,21433000.0,0.0,-39039000.0,-0.19512670565302145,118826000,0.5939221272554606,0.0,-59031000,-0.29505173189383715,-15148000.0,-44950000.0,-0.22467136502224222,-0.002,-0.002,18482934068,18482934068,http://www.cbr.ru/eng/search/?text=NMTP&category=Any&time=Any&dateFrom=&dateTo=,http://www.cbr.ru/eng/search/?text=NMTP&category=Any&time=Any&dateFrom=&dateTo=,1620595747,17:29:07,20210509
4,2019-12-31,NMTP.ME,USD,2019-12-31,2019-12-31,Q4,200932000,29977000,170955000,0.850810224354508,0.0,1314000.0,0.0,5711000.0,35271000.0,65248000,20021000.0,0.0,181153000.0,0.9015637130969681,135684000,0.675273226763283,0.0,164221000,0.8172963987816774,31409000.0,131835000.0,0.6561174924850198,0.007132796098009648,0.007132796098009648,18482934068,18482934068,http://www.cbr.ru/eng/search/?text=NMTP&category=Any&time=Any&dateFrom=&dateTo=,http://www.cbr.ru/eng/search/?text=NMTP&category=Any&time=Any&dateFrom=&dateTo=,1620595747,17:29:07,20210509
5,2019-09-30,NMTP.ME,USD,2019-09-30,2019-09-30,Q3,210423000,47836000,162587000,0.7726674365444842,0.0,776000.0,0.0,786000.0,32853000.0,80689000,21699000.0,23757000.0,153491000.0,0.7294402227893338,129734000,0.6165390665469079,0.0,104125000,0.49483659105706124,-75976000.0,179263000.0,0.8519173284289265,0.009698838904065716,0.009698838904065716,18482934068,18482934068,http://www.cbr.ru/eng/search/?text=NMTP&category=Any&time=Any&dateFrom=&dateTo=,http://www.cbr.ru/eng/search/?text=NMTP&category=Any&time=Any&dateFrom=&dateTo=,1620595747,17:29:07,20210509
6,2019-06-30,NMTP.ME,USD,2019-06-30,2019-06-30,Q2,215191000,53489000,161702000,0.7514347719003118,0.0,737000.0,0.0,2097000.0,30744000.0,84233000,22341000.0,23270000.0,154228000.0,0.7167028360851523,130958000,0.608566343387967,0.0,586499000,2.725481084246088,123869000.0,461779000.0,2.1459029420375386,0.024984074406210775,0.024984074406210775,18482934068,18482934068,http://www.cbr.ru/eng/search/?text=NMTP&category=Any&time=Any&dateFrom=&dateTo=,http://www.cbr.ru/eng/search/?text=NMTP&category=Any&time=Any&dateFrom=&dateTo=,1620595747,17:29:07,20210509
7,2019-03-31,NMTP.ME,USD,2019-03-31,2019-03-31,Q1,239885000,48436000,191449000,0.7980865831544282,0.0,617000.0,0.0,472000.0,30534000.0,78970000,24863000.0,23093000.0,184008000.0,0.7670675532025762,160915000,0.6708005919503095,0.0,208513000,0.8692206682368635,40776000.0,166753000.0,0.6951372532671906,0.009,0.009,18481869991,18481869991,http://www.cbr.ru/eng/search/?text=NMTP&category=Any&time=Any&dateFrom=&dateTo=,http://www.cbr.ru/eng/search/?text=NMTP&category=Any&time=Any&dateFrom=&dateTo=,1620595747,17:29:07,20210509
8,2018-12-31,NMTP.ME,USD,2018-12-31,2018-12-31,Q4,238753000,-14449000,253202000,1.0605186112844656,0.0,0.0,0.0,5318000.0,122319000.0,107870000,18220000.0,0.0,83090000.0,0.3480165694253057,130883000,0.5481941588168525,0.0,64870000,0.2717033922086843,12457000.0,51794000.0,0.21693549400426382,0.0028022607130148425,0.0028022607130148425,18482934068,18482934068,http://www.cbr.ru/eng/search/?text=NMTP&category=Any&time=Any&dateFrom=&dateTo=,http://www.cbr.ru/eng/search/?text=NMTP&category=Any&time=Any&dateFrom=&dateTo=,1620595747,17:29:07,20210509
9,2018-09-30,NMTP.ME,USD,2018-09-30,2018-09-30,Q3,232022000,74870000,157152000,0.677315082190482,0.0,0.0,0.0,-2179000.0,2972000.0,77842000,18147000.0,0.0,111755000.0,0.48165691184456644,154180000,0.6645059520217911,0.0,93608000,0.4034445009524959,18196000.0,74637000.0,0.3216807026919861,0.0040381575633719885,0.0040381575633719885,18482934068,18482934068,http://www.cbr.ru/eng/search/?text=NMTP&category=Any&time=Any&dateFrom=&dateTo=,http://www.cbr.ru/eng/search/?text=NMTP&category=Any&time=Any&dateFrom=&dateTo=,1620595747,17:29:07,20210509
10,2018-06-30,NMTP.ME,USD,2018-06-30,2018-06-30,Q2,242570000,83678000,158892000,0.6550356598095395,0.0,0.0,0.0,1207000.0,4059000.0,87737000,19260000.0,0.0,55551000.0,0.2290101826276951,154833000,0.6383023457146391,0.0,36291000,0.14961042173393246,7175000.0,27778000.0,0.11451539761718267,0.0015028999128494861,0.0015028999128494861,18482934068,18482934068,http://www.cbr.ru/eng/search/?text=NMTP&category=Any&time=Any&dateFrom=&dateTo=,http://www.cbr.ru/eng/search/?text=NMTP&category=Any&time=Any&dateFrom=&dateTo=,1620595747,17:29:07,20210509
11,2018-03-31,NMTP.ME,USD,2018-03-31,2018-03-31,Q1,237908000,88318000,149590000,0.6287724666677875,0.0,0.0,0.0,17000.0,4895000.0,93213000,17468000.0,0.0,156172000.0,0.6564386233333894,144695000,0.6081972863459825,0.0,138704000,0.5830152832187232,27534000.0,110062000.0,0.46262420767691714,0.006,0.006,18481516593,18481516593,http://www.cbr.ru/eng/search/?text=NMTP&category=Any&time=Any&dateFrom=&dateTo=,http://www.cbr.ru/eng/search/?text=NMTP&category=Any&time=Any&dateFrom=&dateTo=,1620595747,17:29:07,20210509
12,2017-12-31,NMTP.ME,USD,2017-12-31,2017-12-31,Q4,238274000,105860000,132414000,0.5557215642495614,0.0,0.0,0.0,0.0,-17289000.0,88571000,18040000.0,70388000.0,220091000.0,0.9236886945281483,149703000,0.628280886710258,0.0,107934000,0.45298270058839823,28336000.0,78514000.0,0.3295114028387487,0.004247918631919669,0.004247918631919669,18482934068,18482934068,http://www.cbr.ru/eng/search/?text=NMTP&category=Any&time=Any&dateFrom=&dateTo=,http://www.cbr.ru/eng/search/?text=NMTP&category=Any&time=Any&dateFrom=&dateTo=,1620595747,17:29:07,20210509
13,2017-09-30,NMTP.ME,USD,2017-09-30,2017-09-30,Q3,212698000,67337000,145361000,0.683414982745489,0.0,350000.0,0.0,-1145000.0,12426000.0,79763000,17960000.0,538000.0,133473000.0,0.6275235310158065,132935000,0.6249941231229255,0.0,139403000,0.6554034358574129,26050000.0,112651000.0,0.5296288634589889,0.006094865652041453,0.006094865652041453,18482934068,18482934068,http://www.cbr.ru/eng/search/?text=NMTP&category=Any&time=Any&dateFrom=&dateTo=,http://www.cbr.ru/eng/search/?text=NMTP&category=Any&time=Any&dateFrom=&dateTo=,1620595747,17:29:07,20210509
14,2017-06-30,NMTP.ME,USD,2017-06-30,2017-06-30,Q2,222361000,64805000,157556000,0.7085595045893839,0.0,0.0,0.0,3551000.0,16789000.0,81594000,18520000.0,1388000.0,142155000.0,0.6392982582377306,140767000,0.6330561564303093,0.0,68173000,0.30658703639577084,13497000.0,53507000.0,0.24063122579948823,0.0028949408033997212,0.0028949408033997212,18482934068,18482934068,http://www.cbr.ru/eng/search/?text=NMTP&category=Any&time=Any&dateFrom=&dateTo=,http://www.cbr.ru/eng/search/?text=NMTP&category=Any&time=Any&dateFrom=&dateTo=,1620595747,17:29:07,20210509
15,2017-03-31,NMTP.ME,USD,2017-03-31,2017-03-31,Q1,226498000,62653000,163845000,0.7233838709392577,0.0,0.0,0.0,-33000.0,13055000.0,75708000,17941000.0,1201000.0,151991000.0,0.6710478679723442,150790000,0.6657453928953015,0.0,238102000,1.0512322404612844,46777000.0,190484000.0,0.8409963884890815,0.0103,0.0103,18481516593,18481516593,http://www.cbr.ru/eng/search/?text=NMTP&category=Any&time=Any&dateFrom=&dateTo=,http://www.cbr.ru/eng/search/?text=NMTP&category=Any&time=Any&dateFrom=&dateTo=,1620595747,17:29:07,20210509
16,2016-12-31,NMTP.ME,USD,2016-12-31,2016-12-31,Q4,216286000,57927000,158359000,0.7321740658202565,0.0,364000.0,0.0,-1584000.0,17911000.0,75838000,6292000.0,1469000.0,141917000.0,0.6561543511831557,140448000,0.6493624182795003,0.0,181753000,0.8403364064248264,37388000.0,143726000.0,0.6645182767261866,0.007776146334300715,0.007776146334300715,18482934068,18482934068,http://www.cbr.ru/eng/search/?text=NMTP&category=Any&time=Any&dateFrom=&dateTo=,http://www.cbr.ru/eng/search/?text=NMTP&category=Any&time=Any&dateFrom=&dateTo=,1620595747,17:29:07,20210509
17,2016-09-30,NMTP.ME,USD,2016-09-30,2016-09-30,Q3,207341000,55561000,151780000,0.732030809150144,0.0,281000.0,0.0,264000.0,10838000.0,66399000,31470000.0,926000.0,141868000.0,0.684225502915487,140942000,0.6797594301175358,0.0,156890000,0.756676200076203,32403000.0,123539000.0,0.5958252347582003,0.006683949612409557,0.006683949612409557,18482934068,18482934068,http://www.cbr.ru/eng/search/?text=NMTP&category=Any&time=Any&dateFrom=&dateTo=,http://www.cbr.ru/eng/search/?text=NMTP&category=Any&time=Any&dateFrom=&dateTo=,1620595747,17:29:07,20210509
18,2016-06-30,NMTP.ME,USD,2016-06-30,2016-06-30,Q2,220699000,57862000,162837000,0.7378239140186408,0.0,0.0,0.0,-3078000.0,12776000.0,70638000,22038000.0,839000.0,150900000.0,0.6837366730252515,150061000,0.6799351152474638,0.0,192417000,0.871852613740887,38638000.0,151331000.0,0.6856895590827325,0.008187606980755475,0.008187606980755475,18482934068,18482934068,http://www.cbr.ru/eng/search/?text=NMTP&category=Any&time=Any&dateFrom=&dateTo=,http://www.cbr.ru/eng/search/?text=NMTP&category=Any&time=Any&dateFrom=&dateTo=,1620595747,17:29:07,20210509
19,2016-03-31,NMTP.ME,USD,2016-03-31,2016-03-31,Q1,221265000,43604000,177661000,0.8029331344767586,0.0,0.0,0.0,3614000.0,7957000.0,51561000,20838000.0,740000.0,170444000.0,0.7703161367590898,169704000,0.76697173073012,0.0,260576000,1.17766479108761,50373000.0,207931000.0,0.9397374189320498,0.011,0.011,18743128904,18743128904,http://www.cbr.ru/eng/search/?text=NMTP&category=Any&time=Any&dateFrom=&dateTo=,http://www.cbr.ru/eng/search/?text=NMTP&category=Any&time=Any&dateFrom=&dateTo=,1620595747,17:29:07,20210509
20,2015-12-31,NMTP.ME,USD,2015-12-31,2015-12-31,Q4,222515000,58971000,163544000,0.7349796642922949,0.0,0.0,0.0,2365000.0,13215000.0,72186000,22247000.0,783000.0,151112000.0,0.6791092735321215,150329000,0.6755904096353055,0.0,-300296000,-1.349553962654203,-60367000.0,-230768000.0,-1.0370896344066691,-0.012485463571475636,-0.012485463571475636,18482934068,18482934068,http://www.cbr.ru/eng/search/?text=NMTP&category=Any&time=Any&dateFrom=&dateTo=,http://www.cbr.ru/eng/search/?text=NMTP&category=Any&time=Any&dateFrom=&dateTo=,1620595747,17:29:07,20210509
21,2015-09-30,NMTP.ME,USD,2015-09-30,2015-09-30,Q3,216558000,56407000,160151000,0.7395293639579235,0.0,0.0,0.0,49000.0,10483000.0,66890000,21785000.0,772000.0,150440000.0,0.6946868737243602,149668000,0.6911220088844559,0.0,-118841000,-0.5487721534184837,-25061000.0,-98103000.0,-0.45301027900146845,-0.005307761183320367,-0.005307761183320367,18482934068,18482934068,http://www.cbr.ru/eng/search/?text=NMTP&category=Any&time=Any&dateFrom=&dateTo=,http://www.cbr.ru/eng/search/?text=NMTP&category=Any&time=Any&dateFrom=&dateTo=,1620595747,17:29:07,20210509
22,2015-06-30,NMTP.ME,USD,2015-06-30,2015-06-30,Q2,218284000,67141000,151143000,0.6924144692235803,0.0,0.0,0.0,149000.0,9567000.0,76708000,26368000.0,0.0,232992000.0,1.0673801103150025,141576000,0.6485862454417182,0.0,206624000,0.946583350131022,27343000.0,176858000.0,0.8102197137673857,0.009568718870571475,0.009568718870571475,18482934068,18482934068,http://www.cbr.ru/eng/search/?text=NMTP&category=Any&time=Any&dateFrom=&dateTo=,http://www.cbr.ru/eng/search/?text=NMTP&category=Any&time=Any&dateFrom=&dateTo=,1620595747,17:29:07,20210509
23,2015-03-31,NMTP.ME,USD,2015-03-31,2015-03-31,Q1,219834000,55124000,164710000,0.7492471592201388,0.0,0.0,0.0,-146000.0,8696000.0,63820000,21889000.0,0.0,110789000.0,0.5039666293657942,156014000,0.709690038847494,0.0,88900000,0.4043960442879627,17899000.0,67727000.0,0.3080824622214944,0.0036,0.0036,18743128904,18743128904,http://www.cbr.ru/eng/search/?text=NMTP&category=Any&time=Any&dateFrom=&dateTo=,http://www.cbr.ru/eng/search/?text=NMTP&category=Any&time=Any&dateFrom=&dateTo=,1620595747,17:29:07,20210509
24,2014-12-31,NMTP.ME,USD,2014-12-31,2014-12-31,Q4,208726000,69665000,139061000,0.6662370763584795,0.0,416000.0,0.0,-10016000.0,15738000.0,85403000,2743000.0,896000.0,124219000.0,0.5951294999185535,123323000,0.5908367908166687,0.0,-507282000,-2.4303728332838266,-82532000.0,-431056000.0,-2.065176355604956,-0.02332183831929038,-0.02332183831929038,18482934068,18482934068,http://www.cbr.ru/eng/search/?text=NMTP&category=Any&time=Any&dateFrom=&dateTo=,http://www.cbr.ru/eng/search/?text=NMTP&category=Any&time=Any&dateFrom=&dateTo=,1620595747,17:29:07,20210509
25,2014-09-30,NMTP.ME,USD,2014-09-30,2014-09-30,Q3,235819000,87836000,147983000,0.6275278921545762,0.0,271000.0,0.0,26000.0,16758000.0,104594000,54171000.0,1156000.0,132381000.0,0.5613669806080087,131225000,0.5564649158888809,0.0,-155393000,-0.658950296625802,-27613000.0,-131785000.0,-0.5588396185209843,-0.007130090899808105,-0.007130090899808105,18482934068,18482934068,http://www.cbr.ru/eng/search/?text=NMTP&category=Any&time=Any&dateFrom=&dateTo=,http://www.cbr.ru/eng/search/?text=NMTP&category=Any&time=Any&dateFrom=&dateTo=,1620595747,17:29:07,20210509
26,2014-06-30,NMTP.ME,USD,2014-06-30,2014-06-30,Q2,255664000,108496000,147168000,0.5756305150510045,0.0,0.0,0.0,-657000.0,17230000.0,125726000,19405000.0,0.0,228687000.0,0.894482602165342,129938000,0.5082373740534452,0.0,209340000,0.8188090618937355,39281000.0,169340000.0,0.662353714249953,0.0091619652689874,0.0091619652689874,18482934068,18482934068,http://www.cbr.ru/eng/search/?text=NMTP&category=Any&time=Any&dateFrom=&dateTo=,http://www.cbr.ru/eng/search/?text=NMTP&category=Any&time=Any&dateFrom=&dateTo=,1620595747,17:29:07,20210509
27,2014-03-31,NMTP.ME,USD,2014-03-31,2014-03-31,Q1,255436000,106712000,148724000,0.5822358633865234,0.0,0.0,0.0,302000.0,16094000.0,122806000,41522000.0,0.0,2414000.0,0.009450508150769664,132630000,0.5192298657980864,0.0,-38678000,-0.1514195336600949,-6486000.0,-35132000.0,-0.13753738705585744,-0.0019,-0.0019,18743128904,18743128904,http://www.cbr.ru/eng/search/?text=NMTP&category=Any&time=Any&dateFrom=&dateTo=,http://www.cbr.ru/eng/search/?text=NMTP&category=Any&time=Any&dateFrom=&dateTo=,1620595747,17:29:07,20210509
28,2013-12-31,NMTP.ME,USD,2013-12-31,2013-12-31,Q4,236697000,105999000,130698000,0.5521742987870568,0.0,540000.0,0.0,-1513000.0,19782000.0,125781000,24247000.0,1161000.0,112077000.0,0.4735041001787095,110916000,0.4685990950455646,0.0,-194596000,-0.8221312479668099,11955000.0,-207599000.0,-0.8770664604959083,-0.011231928828844428,-0.011231928828844428,18482934068,18482934068,http://www.cbr.ru/eng/search/?text=NMTP&category=Any&time=Any&dateFrom=&dateTo=,http://www.cbr.ru/eng/search/?text=NMTP&category=Any&time=Any&dateFrom=&dateTo=,1620595747,17:29:07,20210509
29,2013-09-30,NMTP.ME,USD,2013-09-30,2013-09-30,Q3,223578000,99209000,124369000,0.5562667167610409,0.0,888000.0,0.0,262000.0,17155000.0,116364000,38507000.0,1008000.0,108222000.0,0.48404583635241394,107214000,0.479537342672356,0.0,108716000,0.48625535607260106,20745000.0,87249000.0,0.3902396479081126,0.004720516757729312,0.004720516757729312,18482934068,18482934068,http://www.cbr.ru/eng/search/?text=NMTP&category=Any&time=Any&dateFrom=&dateTo=,http://www.cbr.ru/eng/search/?text=NMTP&category=Any&time=Any&dateFrom=&dateTo=,1620595747,17:29:07,20210509
30,2013-06-30,NMTP.ME,USD,2013-06-30,2013-06-30,Q2,228395000,113113000,115282000,0.5047483526346899,0.0,0.0,0.0,1345000.0,21190000.0,134303000,30388000.0,0.0,1315000.0,0.00575756912366733,94092000,0.411970489721754,0.0,-29026000,-0.1270868451586068,-5113000.0,-25365000.0,-0.11105759758313448,-0.0013723470476429988,-0.0013723470476429988,18482934068,18482934068,http://www.cbr.ru/eng/search/?text=NMTP&category=Any&time=Any&dateFrom=&dateTo=,http://www.cbr.ru/eng/search/?text=NMTP&category=Any&time=Any&dateFrom=&dateTo=,1620595747,17:29:07,20210509
31,2013-03-31,NMTP.ME,USD,2013-03-31,2013-03-31,Q1,239420000,106135000,133285000,0.5566995238493024,0.0,0.0,0.0,108000.0,18289000.0,124424000,33744000.0,0.0,80407000.0,0.33584078188956645,114996000,0.4803107509815387,0.0,46801000,0.19547656837356947,9014000.0,35922000.0,0.15003759084454096,0.0019,0.0019,18743128904,18743128904,http://www.cbr.ru/eng/search/?text=NMTP&category=Any&time=Any&dateFrom=&dateTo=,http://www.cbr.ru/eng/search/?text=NMTP&category=Any&time=Any&dateFrom=&dateTo=,1620595747,17:29:07,20210509
32,2012-12-31,NMTP.ME,USD,2012-12-31,2012-12-31,Q4,247798000,116318000,131480000,0.5305934672596228,0.0,-50816000.0,0.0,-490000.0,29264000.0,145582000,24707000.0,0.0,135738000.0,0.5477768182148363,102216000,0.41249727600707026,0.0,19126000,0.07718383522062325,22836000.0,-4816000.0,-0.01943518511045287,-0.00026056469077266636,-0.00026056469077266636,18482934068,18482934068,http://www.cbr.ru/eng/search/?text=NMTP&category=Any&time=Any&dateFrom=&dateTo=,http://www.cbr.ru/eng/search/?text=NMTP&category=Any&time=Any&dateFrom=&dateTo=,1620595747,17:29:07,20210509
33,2012-09-30,NMTP.ME,USD,2012-09-30,2012-09-30,Q3,244809000,98619000,146190000,0.5971594181586461,0.0,56260000.0,0.0,-161000.0,17930000.0,116549000,41616000.0,0.0,263890000.0,1.0779423959086472,128260000,0.5239186467817768,0.0,222398000,0.9084551630046281,43777000.0,178026000.0,0.7272036567283066,0.00963191230055953,0.00963191230055953,18482934068,18482934068,http://www.cbr.ru/eng/search/?text=NMTP&category=Any&time=Any&dateFrom=&dateTo=,http://www.cbr.ru/eng/search/?text=NMTP&category=Any&time=Any&dateFrom=&dateTo=,1620595747,17:29:07,20210509
34,2012-06-30,NMTP.ME,USD,2012-06-30,2012-06-30,Q2,266395000,112516000,153879000,0.5776347153662794,0.0,0.0,0.0,437000.0,20858000.0,133374000,36643000.0,0.0,-103628000.0,-0.3890012950693519,133021000,0.49933745002721525,0.0,-140227000,-0.5263875072730344,-28428000.0,-114265000.0,-0.42893072317423375,-0.006182189449987276,-0.006182189449987276,18482934068,18482934068,http://www.cbr.ru/eng/search/?text=NMTP&category=Any&time=Any&dateFrom=&dateTo=,http://www.cbr.ru/eng/search/?text=NMTP&category=Any&time=Any&dateFrom=&dateTo=,1620595747,17:29:07,20210509
35,2012-03-31,NMTP.ME,USD,2012-03-31,2012-03-31,Q1,274678000,108223000,166455000,0.6060004805626952,0.0,0.0,0.0,194000.0,18321000.0,126544000,36802000.0,0.0,351392000.0,1.2792870197103519,148134000,0.5393005628408537,0.0,314583000,1.145279199644675,61735000.0,251826000.0,0.916804403701789,0.0134,0.0134,18743128904,18743128904,http://www.cbr.ru/eng/search/?text=NMTP&category=Any&time=Any&dateFrom=&dateTo=,http://www.cbr.ru/eng/search/?text=NMTP&category=Any&time=Any&dateFrom=&dateTo=,1620595747,17:29:07,20210509
36,2011-12-31,NMTP.ME,USD,2011-12-31,2011-12-31,Q4,267498000,116487000,151011000,0.5645313235986811,0.0,0.0,0.0,0.0,-144508000.0,-28021000,37467000.0,0.0,110522000.0,0.41316944425752716,295519000,1.104752185063066,0.0,74659000,0.27910115215814696,16122000.0,57821000.0,0.2161548871393431,0.0031283453042288915,0.0031283453042288915,18482934068,18482934068,http://www.cbr.ru/eng/search/?text=NMTP&category=Any&time=Any&dateFrom=&dateTo=,http://www.cbr.ru/eng/search/?text=NMTP&category=Any&time=Any&dateFrom=&dateTo=,1620595747,17:29:07,20210509
