,date,symbol,reportedCurrency,fillingDate,acceptedDate,period,revenue,costOfRevenue,grossProfit,grossProfitRatio,researchAndDevelopmentExpenses,generalAndAdministrativeExpenses,sellingAndMarketingExpenses,otherExpenses,operatingExpenses,costAndExpenses,interestExpense,depreciationAndAmortization,ebitda,ebitdaratio,operatingIncome,operatingIncomeRatio,totalOtherIncomeExpensesNet,incomeBeforeTax,incomeBeforeTaxRatio,incomeTaxExpense,netIncome,netIncomeRatio,eps,epsdiluted,weightedAverageShsOut,weightedAverageShsOutDil,link,finalLink,timestamp,est_time,est_date
0,2020-12-31,SCANA.OL,NOK,2020-12-31,2020-12-31,Q4,79216000,53806000.0,25410000,0.3207685316097758,0.0,0.0,0.0,0.0,28934000.0,82740000,2629000.0,713000.0,-2811000.0,-0.0354852555039386,-3524000.0,0.15594071904665724,0.0,12353000.0,0.15594071904665724,3189000.0,9064000.0,0.11442132902443951,0.08416571404524081,0.08416571404524081,107692308.0,107692308.0,https://www.oslobors.no/ob_eng/,https://www.oslobors.no/ob_eng/,1620597642,18:00:42,20210509
1,2020-09-30,SCANA.OL,NOK,2020-09-30,2020-09-30,Q3,64900000,29300000.0,35600000,0.5485362095531587,0.0,0.0,0.0,0.0,22500000.0,51800000,2200000.0,2200000.0,15300000.0,0.2357473035439137,13100000.0,0.20184899845916796,0.0,9100000.0,0.14021571648690292,-32800000.0,42000000.0,0.6471494607087828,0.39,0.36,107692308.0,116666667.0,https://www.oslobors.no/ob_eng/,https://www.oslobors.no/ob_eng/,1620597642,18:00:42,20210509
2,2020-06-30,SCANA.OL,NOK,2020-06-30,2020-06-30,Q2,83200000,46200000.0,37000000,0.44471153846153844,0.0,0.0,0.0,0.0,35000000.0,81200000,2200000.0,2000000.0,4000000.0,0.04807692307692308,2000000.0,0.02403846153846154,0.0,4800000.0,0.057692307692307696,0.0,4800000.0,0.057692307692307696,0.04,0.04,120000000.0,120000000.0,https://www.oslobors.no/ob_eng/,https://www.oslobors.no/ob_eng/,1620597642,18:00:42,20210509
3,2020-03-31,SCANA.OL,NOK,2020-03-31,2020-03-31,Q1,76000000,40000000.0,36000000,0.47368421052631576,0.0,0.0,0.0,0.0,36000000.0,76000000,2000000.0,2000000.0,-2000000.0,-0.02631578947368421,0.0,-0.07894736842105263,0.0,-6000000.0,-0.07894736842105263,0.0,-6000000.0,-0.07894736842105263,-0.05,-0.05,120000000.0,120000000.0,https://www.oslobors.no/ob_eng/,https://www.oslobors.no/ob_eng/,1620597642,18:00:42,20210509
4,2019-12-31,SCANA.OL,NOK,2019-12-31,2019-12-31,Q4,81878000,148174000.0,-66296000,-0.8096924692835682,0.0,0.0,0.0,0.0,-56355000.0,91819000,3000000.0,2328000.0,-7613000.0,-0.09297979921346393,-9941000.0,-0.12141234519651188,0.0,-6805000.0,-0.08311145851144386,-3096000.0,-3723000.0,-0.04547008964557024,-0.03457071418694082,-0.03457071418694082,107692308.0,107692308.0,https://www.oslobors.no/ob_eng/,https://www.oslobors.no/ob_eng/,1620597642,18:00:42,20210509
5,2019-09-30,SCANA.OL,NOK,2019-09-30,2019-09-30,Q3,90000000,22000000.0,68000000,0.7555555555555555,0.0,0.0,0.0,0.0,62000000.0,84000000,2000000.0,4000000.0,10000000.0,0.1111111111111111,6000000.0,0.06666666666666667,0.0,-1000000.0,-0.011111111111111112,0.0,-1000000.0,-0.011111111111111112,-0.01,-0.01,100000000.0,100000000.0,https://www.oslobors.no/ob_eng/,https://www.oslobors.no/ob_eng/,1620597642,18:00:42,20210509
6,2019-06-30,SCANA.OL,NOK,2019-06-30,2019-06-30,Q2,112000000,28000000.0,84000000,0.75,0.0,0.0,0.0,0.0,80000000.0,108000000,1000000.0,2000000.0,6000000.0,0.05357142857142857,4000000.0,0.03571428571428571,0.0,5000000.0,0.044642857142857144,-1000000.0,10000000.0,0.08928571428571429,0.09,0.09,111111111.0,111111111.0,https://www.oslobors.no/ob_eng/,https://www.oslobors.no/ob_eng/,1620597642,18:00:42,20210509
7,2019-03-31,SCANA.OL,NOK,2019-03-31,2019-03-31,Q1,102000000,37000000.0,65000000,0.6372549019607843,0.0,0.0,0.0,0.0,66000000.0,103000000,2000000.0,3000000.0,2000000.0,0.0196078431372549,-1000000.0,-0.00980392156862745,0.0,3000000.0,0.029411764705882353,0.0,3000000.0,0.029411764705882353,0.03,0.03,100000000.0,100000000.0,https://www.oslobors.no/ob_eng/,https://www.oslobors.no/ob_eng/,1620597642,18:00:42,20210509
8,2018-12-31,SCANA.OL,NOK,2018-12-31,2018-12-31,Q4,-242240000,-131466000.0,-110774000,0.45729029062087184,0.0,0.0,0.0,0.0,-171555000.0,-303021000,-1008000.0,-20610000.0,40171000.0,-0.1658314068692206,60781000.0,-0.2509123183619551,0.0,57771000.0,-0.2384866248348745,3352000.0,-78774000.0,0.325189894319683,-0.7314728550529347,-0.7314728550529347,107692308.0,107692308.0,https://www.oslobors.no/ob_eng/,https://www.oslobors.no/ob_eng/,1620597642,18:00:42,20210509
9,2018-09-30,SCANA.OL,NOK,2018-09-30,2018-09-30,Q3,143000000,63000000.0,80000000,0.5594405594405595,0.0,0.0,0.0,0.0,106000000.0,169000000,2000000.0,12000000.0,-14000000.0,-0.0979020979020979,-26000000.0,-0.18181818181818182,0.0,-35000000.0,-0.24475524475524477,0.0,-34000000.0,-0.23776223776223776,-0.31,-0.31,109677419.0,109677419.0,https://www.oslobors.no/ob_eng/,https://www.oslobors.no/ob_eng/,1620597642,18:00:42,20210509
10,2018-06-30,SCANA.OL,NOK,2018-06-30,2018-06-30,Q2,204000000,88000000.0,116000000,0.5686274509803921,0.0,0.0,0.0,0.0,126000000.0,214000000,2000000.0,8000000.0,-2000000.0,-0.00980392156862745,-10000000.0,-0.049019607843137254,0.0,-11000000.0,-0.05392156862745098,0.0,-11000000.0,-0.05392156862745098,-0.1,-0.1,110000000.0,110000000.0,https://www.oslobors.no/ob_eng/,https://www.oslobors.no/ob_eng/,1620597642,18:00:42,20210509
11,2018-03-31,SCANA.OL,NOK,2018-03-31,2018-03-31,Q1,179000000,85000000.0,94000000,0.5251396648044693,0.0,0.0,0.0,0.0,114000000.0,199000000,2000000.0,8000000.0,-12000000.0,-0.0670391061452514,-20000000.0,-0.11173184357541899,0.0,-21000000.0,-0.11731843575418995,0.0,-21000000.0,-0.11731843575418995,-0.19,-0.19,110526316.0,110526316.0,https://www.oslobors.no/ob_eng/,https://www.oslobors.no/ob_eng/,1620597642,18:00:42,20210509
12,2017-12-31,SCANA.OL,NOK,2017-12-31,2017-12-31,Q4,126069000,70258000.0,55811000,0.44270201239004037,0.0,0.0,0.0,0.0,148954000.0,219212000,2581000.0,27335000.0,-65808000.0,-0.5219998572210456,-93143000.0,-0.7388255637785657,0.0,-92880000.0,-0.7367394046117602,-970000.0,-44519000.0,-0.35313201500765456,-0.41339071310459796,-0.41339071310459796,107692308.0,107692308.0,https://www.oslobors.no/ob_eng/,https://www.oslobors.no/ob_eng/,1620597642,18:00:42,20210509
13,2017-09-30,SCANA.OL,NOK,2017-09-30,2017-09-30,Q3,138000000,55000000.0,83000000,0.6014492753623188,0.0,0.0,0.0,1000000.0,100000000.0,155000000,2000000.0,8000000.0,-9000000.0,-0.06521739130434782,-17000000.0,-0.12318840579710146,0.0,-20000000.0,-0.14492753623188406,-7000000.0,-14000000.0,-0.10144927536231885,-0.13,-0.13,107692308.0,107692308.0,https://www.oslobors.no/ob_eng/,https://www.oslobors.no/ob_eng/,1620597642,18:00:42,20210509
14,2017-06-30,SCANA.OL,NOK,2017-06-30,2017-06-30,Q2,174000000,66000000.0,108000000,0.6206896551724138,0.0,0.0,0.0,0.0,111000000.0,177000000,2000000.0,7000000.0,4000000.0,0.022988505747126436,-3000000.0,-0.017241379310344827,0.0,0.0,0.0,1000000.0,-1000000.0,-0.005747126436781609,-0.01,-0.01,100000000.0,100000000.0,https://www.oslobors.no/ob_eng/,https://www.oslobors.no/ob_eng/,1620597642,18:00:42,20210509
15,2017-03-31,SCANA.OL,NOK,2017-03-31,2017-03-31,Q1,207000000,66000000.0,141000000,0.6811594202898551,0.0,0.0,0.0,0.0,109000000.0,175000000,2000000.0,6000000.0,38000000.0,0.18357487922705315,32000000.0,0.15458937198067632,0.0,30000000.0,0.14492753623188406,3000000.0,26000000.0,0.12560386473429952,0.24,0.24,108333333.0,108333333.0,https://www.oslobors.no/ob_eng/,https://www.oslobors.no/ob_eng/,1620597642,18:00:42,20210509
16,2016-12-31,SCANA.OL,NOK,2016-12-31,2016-12-31,Q4,-47251000,-8574000.0,-38677000,0.8185435228884045,0.0,54769000.0,0.0,4418000.0,-6020000.0,-14594000,2979000.0,17930000.0,-14727000.0,0.31167594336627796,-32657000.0,0.6911388118769973,0.0,16751000.0,-0.35451101563988063,-10689000.0,42539000.0,-0.900277242809676,0.39500499887141427,0.39500499887141427,107692308.0,107692308.0,https://www.oslobors.no/ob_eng/,https://www.oslobors.no/ob_eng/,1620597642,18:00:42,20210509
17,2016-09-30,SCANA.OL,NOK,2016-09-30,2016-09-30,Q3,179000000,61000000.0,118000000,0.659217877094972,0.0,0.0,0.0,0.0,125000000.0,186000000,4000000.0,10000000.0,3000000.0,0.01675977653631285,-7000000.0,-0.03910614525139665,0.0,9000000.0,0.05027932960893855,2000000.0,20000000.0,0.11173184357541899,0.18,0.18,111111111.0,111111111.0,https://www.oslobors.no/ob_eng/,https://www.oslobors.no/ob_eng/,1620597642,18:00:42,20210509
18,2016-06-30,SCANA.OL,NOK,2016-06-30,2016-06-30,Q2,245000000,98000000.0,147000000,0.6,0.0,0.0,0.0,0.0,167000000.0,265000000,5000000.0,11000000.0,-9000000.0,-0.036734693877551024,-20000000.0,-0.08163265306122448,0.0,-20000000.0,-0.08163265306122448,1000000.0,-21000000.0,-0.08571428571428572,-0.2,-0.2,105000000.0,105000000.0,https://www.oslobors.no/ob_eng/,https://www.oslobors.no/ob_eng/,1620597642,18:00:42,20210509
19,2016-03-31,SCANA.OL,NOK,2016-03-31,2016-03-31,Q1,269000000,77000000.0,192000000,0.7137546468401487,0.0,0.0,0.0,0.0,219000000.0,296000000,5000000.0,11000000.0,-16000000.0,-0.05947955390334572,-27000000.0,-0.10037174721189591,0.0,-21000000.0,-0.07806691449814127,-9000000.0,-12000000.0,-0.04460966542750929,-0.11,-0.11,109090909.0,109090909.0,https://www.oslobors.no/ob_eng/,https://www.oslobors.no/ob_eng/,1620597642,18:00:42,20210509
20,2015-12-31,SCANA.OL,NOK,2015-12-31,2015-12-31,Q4,285416000,238790000.0,46626000,0.16336154945763376,0.0,0.0,0.0,0.0,86989000.0,325779000,5556000.0,16786000.0,-23577000.0,-0.08260574039297026,-40363000.0,-0.14141814053872243,0.0,-33330000.0,-0.11677691509936373,15005000.0,-21777000.0,-0.07629915631919724,-0.20221499942224286,-0.20221499942224286,107692308.0,107692308.0,https://www.oslobors.no/ob_eng/,https://www.oslobors.no/ob_eng/,1620597642,18:00:42,20210509
21,2015-09-30,SCANA.OL,NOK,2015-09-30,2015-09-30,Q3,269000000,94000000.0,175000000,0.6505576208178439,0.0,0.0,0.0,0.0,180000000.0,274000000,5000000.0,11000000.0,6000000.0,0.022304832713754646,-5000000.0,-0.01858736059479554,0.0,-14000000.0,-0.05204460966542751,-3000000.0,-11000000.0,-0.040892193308550186,-0.1,-0.1,21869421.0,21869421.0,https://www.oslobors.no/ob_eng/,https://www.oslobors.no/ob_eng/,1620597642,18:00:42,20210509
22,2015-06-30,SCANA.OL,NOK,2015-06-30,2015-06-30,Q2,302000000,115000000.0,187000000,0.6192052980132451,0.0,0.0,0.0,0.0,199000000.0,314000000,6000000.0,12000000.0,0.0,0.0,-12000000.0,-0.039735099337748346,0.0,-23000000.0,-0.076158940397351,-4000000.0,-11000000.0,-0.03642384105960265,-1.4,-1.4,21869421.0,21869421.0,https://www.oslobors.no/ob_eng/,https://www.oslobors.no/ob_eng/,1620597642,18:00:42,20210509
23,2015-03-31,SCANA.OL,NOK,2015-03-31,2015-03-31,Q1,313000000,118000000.0,195000000,0.6230031948881789,0.0,0.0,0.0,0.0,204000000.0,322000000,6000000.0,11000000.0,2000000.0,0.006389776357827476,-9000000.0,-0.02875399361022364,0.0,-17000000.0,-0.054313099041533544,-2000000.0,-28000000.0,-0.08945686900958466,-1.270719,-1.270719,22034774.0,22034774.0,https://www.oslobors.no/ob_eng/,https://www.oslobors.no/ob_eng/,1620597642,18:00:42,20210509
24,2014-12-31,SCANA.OL,NOK,2014-12-31,2014-12-31,Q4,157657000,67420000.0,90237000,0.5723627875704853,0.0,0.0,0.0,0.0,269105000.0,336525000,5798000.0,38415000.0,-140453000.0,-0.890877030515613,-178868000.0,-1.1345389040765712,0.0,-149601000.0,-0.9489017297043582,-2037000.0,-249361000.0,-1.5816677978142424,-2.3154949933843,-2.3154949933843,107692308.0,107692308.0,https://www.oslobors.no/ob_eng/,https://www.oslobors.no/ob_eng/,1620597642,18:00:42,20210509
25,2014-09-30,SCANA.OL,NOK,2014-09-30,2014-09-30,Q3,371000000,138000000.0,233000000,0.628032345013477,0.0,0.0,0.0,0.0,238000000.0,376000000,7000000.0,15000000.0,10000000.0,0.026954177897574125,-5000000.0,-0.013477088948787063,0.0,-12000000.0,-0.03234501347708895,-7000000.0,-8000000.0,-0.0215633423180593,-0.343437,-0.343437,23293904.0,23293904.0,https://www.oslobors.no/ob_eng/,https://www.oslobors.no/ob_eng/,1620597642,18:00:42,20210509
26,2014-06-30,SCANA.OL,NOK,2014-06-30,2014-06-30,Q2,445000000,140000000.0,305000000,0.6853932584269663,0.0,0.0,0.0,0.0,312000000.0,452000000,7000000.0,16000000.0,9000000.0,0.020224719101123594,-7000000.0,-0.015730337078651686,0.0,-11000000.0,-0.024719101123595506,-2000000.0,1000000.0,0.0022471910112359553,0.034344,0.034344,21869190.0,21869190.0,https://www.oslobors.no/ob_eng/,https://www.oslobors.no/ob_eng/,1620597642,18:00:42,20210509
27,2014-03-31,SCANA.OL,NOK,2014-03-31,2014-03-31,Q1,464000000,143000000.0,321000000,0.6918103448275862,0.0,0.0,0.0,0.0,329000000.0,472000000,8000000.0,15000000.0,7000000.0,0.015086206896551725,-8000000.0,-0.017241379310344827,0.0,-13000000.0,-0.028017241379310345,2000000.0,-9000000.0,-0.01939655172413793,-0.412125,-0.412125,21838035.0,21838035.0,https://www.oslobors.no/ob_eng/,https://www.oslobors.no/ob_eng/,1620597642,18:00:42,20210509
28,2013-12-31,SCANA.OL,NOK,2013-12-31,2013-12-31,Q4,463036000,175957000.0,287079000,0.61999282993115,0.0,0.0,0.0,0.0,472867000.0,648824000,9772000.0,129331000.0,-56457000.0,-0.12192788465691652,-185788000.0,-0.4012387805699773,0.0,-167528000.0,-0.361803401895317,19246000.0,-171572000.0,-0.37053706407277187,-1.5931685668766613,-1.5931685668766613,107692308.0,107692308.0,https://www.oslobors.no/ob_eng/,https://www.oslobors.no/ob_eng/,1620597642,18:00:42,20210509
29,2013-09-30,SCANA.OL,NOK,2013-09-30,2013-09-30,Q3,451000000,158000000.0,293000000,0.6496674057649667,0.0,0.0,0.0,0.0,315000000.0,473000000,8000000.0,20000000.0,-2000000.0,-0.004434589800443459,-22000000.0,-0.04878048780487805,0.0,-36000000.0,-0.07982261640798226,-5000000.0,-26000000.0,-0.057649667405764965,-1.167687,-1.167687,22266232.0,22266232.0,https://www.oslobors.no/ob_eng/,https://www.oslobors.no/ob_eng/,1620597642,18:00:42,20210509
30,2013-06-30,SCANA.OL,NOK,2013-06-30,2013-06-30,Q2,507000000,163000000.0,344000000,0.6785009861932939,0.0,0.0,0.0,0.0,372000000.0,535000000,9000000.0,21000000.0,-7000000.0,-0.013806706114398421,-28000000.0,-0.055226824457593686,0.0,-32000000.0,-0.0631163708086785,-1000000.0,-31000000.0,-0.0611439842209073,-1.888906,-1.888906,16411614.0,16411614.0,https://www.oslobors.no/ob_eng/,https://www.oslobors.no/ob_eng/,1620597642,18:00:42,20210509
31,2013-03-31,SCANA.OL,NOK,2013-03-31,2013-03-31,Q1,504000000,166000000.0,338000000,0.6706349206349206,0.0,0.0,0.0,0.0,371000000.0,537000000,7000000.0,20000000.0,-13000000.0,-0.025793650793650792,-33000000.0,-0.06547619047619048,0.0,-51000000.0,-0.10119047619047619,-5000000.0,-47000000.0,-0.09325396825396826,-5.495,-5.495,8553230.0,8553230.0,https://www.oslobors.no/ob_eng/,https://www.oslobors.no/ob_eng/,1620597642,18:00:42,20210509
32,2012-12-31,SCANA.OL,NOK,2012-12-31,2012-12-31,Q4,521293000,200016000.0,321277000,0.6163079112898121,0.0,0.0,0.0,-6467000.0,422080000.0,622096000,-64562000.0,56409000.0,-44394000.0,-0.08516132002539839,-100803000.0,-0.1933710984033931,0.0,-109123000.0,-0.2093314124686117,20589000.0,-121744000.0,-0.23354236485047755,-1.1304799967700572,-1.1304799967700572,107692308.0,107692308.0,https://www.oslobors.no/ob_eng/,https://www.oslobors.no/ob_eng/,1620597642,18:00:42,20210509
33,2012-09-30,SCANA.OL,NOK,2012-09-30,2012-09-30,Q3,399000000,134000000.0,265000000,0.6641604010025063,0.0,0.0,0.0,0.0,297000000.0,431000000,32000000.0,22000000.0,-10000000.0,-0.02506265664160401,-32000000.0,-0.08020050125313283,0.0,-48000000.0,-0.12030075187969924,-12000000.0,-37000000.0,-0.09273182957393483,-4.12125,-4.12125,8492569.0,8492569.0,https://www.oslobors.no/ob_eng/,https://www.oslobors.no/ob_eng/,1620597642,18:00:42,20210509
34,2012-06-30,SCANA.OL,NOK,2012-06-30,2012-06-30,Q2,557000000,205000000.0,352000000,0.6319569120287253,0.0,0.0,0.0,0.0,349000000.0,554000000,29000000.0,20000000.0,23000000.0,0.04129263913824058,3000000.0,0.005385996409335727,0.0,-3000000.0,-0.005385996409335727,1000000.0,-3000000.0,-0.005385996409335727,-0.343437,-0.343437,8735214.0,8735214.0,https://www.oslobors.no/ob_eng/,https://www.oslobors.no/ob_eng/,1620597642,18:00:42,20210509
35,2012-03-31,SCANA.OL,NOK,2012-03-31,2012-03-31,Q1,559000000,216000000.0,343000000,0.6135957066189625,0.0,0.0,0.0,0.0,366000000.0,582000000,35000000.0,20000000.0,-3000000.0,-0.005366726296958855,-23000000.0,-0.04114490161001789,0.0,-35000000.0,-0.0626118067978533,-9000000.0,-26000000.0,-0.046511627906976744,-3.434375,-3.434375,6696997.0,6696997.0,https://www.oslobors.no/ob_eng/,https://www.oslobors.no/ob_eng/,1620597642,18:00:42,20210509
36,2011-12-31,SCANA.OL,NOK,2011-12-31,2011-12-31,Q4,612988000,238211000.0,374777000,0.6113936977559103,0.0,0.0,0.0,0.0,371603000.0,609814000,-79877000.0,18951000.0,22125000.0,0.036093691883038494,3174000.0,0.005177915391492166,0.0,-14356000.0,-0.023419708053012456,391000.0,-13747000.0,-0.022426213889994585,-0.12765071392099797,-0.12765071392099797,107692308.0,107692308.0,https://www.oslobors.no/ob_eng/,https://www.oslobors.no/ob_eng/,1620597642,18:00:42,20210509
37,2011-09-30,SCANA.OL,NOK,2011-09-30,2011-09-30,Q3,449000000,176000000.0,273000000,0.6080178173719376,0.0,0.0,0.0,-1000000.0,285000000.0,461000000,39000000.0,23000000.0,11000000.0,0.024498886414253896,-12000000.0,-0.026726057906458798,0.0,-27000000.0,-0.060133630289532294,-7000000.0,-19000000.0,-0.042316258351893093,-3.63719,-3.63719,6048625.0,6048625.0,https://www.oslobors.no/ob_eng/,https://www.oslobors.no/ob_eng/,1620597642,18:00:42,20210509
38,2011-06-30,SCANA.OL,NOK,2011-06-30,2011-06-30,Q2,494000000,221000000.0,273000000,0.5526315789473685,0.0,0.0,0.0,0.0,303000000.0,524000000,37000000.0,20000000.0,-10000000.0,-0.020242914979757085,-30000000.0,-0.06072874493927125,0.0,-38000000.0,-0.07692307692307693,10000000.0,-28000000.0,-0.05668016194331984,-4.476542,-4.476542,6031441.0,6031441.0,https://www.oslobors.no/ob_eng/,https://www.oslobors.no/ob_eng/,1620597642,18:00:42,20210509
39,2011-03-31,SCANA.OL,NOK,2011-03-31,2011-03-31,Q1,486000000,218000000.0,268000000,0.551440329218107,0.0,0.0,0.0,0.0,308000000.0,526000000,37000000.0,19000000.0,-21000000.0,-0.043209876543209874,-40000000.0,-0.0823045267489712,0.0,-28000000.0,-0.05761316872427984,-7000000.0,-22000000.0,-0.04526748971193416,-3.357406,-3.357406,5956979.0,5956979.0,https://www.oslobors.no/ob_eng/,https://www.oslobors.no/ob_eng/,1620597642,18:00:42,20210509
40,2010-12-31,SCANA.OL,NOK,2010-12-31,2010-12-31,Q4,468789000,241368000.0,227421000,0.4851244376467878,0.0,0.0,0.0,0.0,322914000.0,564282000,-96913000.0,33578000.0,-61915000.0,-0.13207434474785032,-95493000.0,-0.20370145203919035,0.0,-128586000.0,-0.2742939787409687,27200000.0,-102386000.0,-0.21840529534609388,-0.9507271401407796,-0.9507271401407796,107692308.0,107692308.0,https://www.oslobors.no/ob_eng/,https://www.oslobors.no/ob_eng/,1620597642,18:00:42,20210509
41,2010-09-30,SCANA.OL,NOK,2010-09-30,2010-09-30,Q3,397000000,179000000.0,218000000,0.5491183879093199,0.0,0.0,0.0,-8000000.0,242000000.0,421000000,26000000.0,18000000.0,-6000000.0,-0.015113350125944584,-24000000.0,-0.060453400503778336,0.0,-16000000.0,-0.04030226700251889,3000000.0,-12000000.0,-0.030226700251889168,-1.398919,-1.398919,5718700.0,5718700.0,https://www.oslobors.no/ob_eng/,https://www.oslobors.no/ob_eng/,1620597642,18:00:42,20210509
42,2010-06-30,SCANA.OL,NOK,2010-06-30,2010-06-30,Q2,448000000,191000000.0,257000000,0.5736607142857143,0.0,0.0,0.0,0.0,268000000.0,459000000,55000000.0,17000000.0,6000000.0,0.013392857142857142,-11000000.0,-0.024553571428571428,0.0,-18000000.0,-0.04017857142857143,5000000.0,-12000000.0,-0.026785714285714284,-2.238271,-2.238271,5808055.0,5808055.0,https://www.oslobors.no/ob_eng/,https://www.oslobors.no/ob_eng/,1620597642,18:00:42,20210509
43,2010-03-31,SCANA.OL,NOK,2010-03-31,2010-03-31,Q1,430000000,179000000.0,251000000,0.5837209302325581,0.0,0.0,0.0,0.0,250000000.0,429000000,30000000.0,16000000.0,17000000.0,0.03953488372093023,1000000.0,0.002325581395348837,0.0,7000000.0,0.01627906976744186,1000000.0,6000000.0,0.013953488372093023,0.559568,0.559568,7148375.0,7148375.0,https://www.oslobors.no/ob_eng/,https://www.oslobors.no/ob_eng/,1620597642,18:00:42,20210509
44,2009-12-31,SCANA.OL,NOK,2009-12-31,2009-12-31,Q4,491269000,197113000.0,294156000,0.5987676812499872,0.0,0.0,0.0,0.0,272648000.0,469761000,-134243000.0,18355000.0,39863000.0,0.08114291762761339,21508000.0,0.04378049500375558,0.0,26917000.0,0.054790756184493625,157292000.0,21624000.0,0.04401661818677751,0.20079428514058775,0.20079428514058775,107692308.0,107692308.0,https://www.oslobors.no/ob_eng/,https://www.oslobors.no/ob_eng/,1620597642,18:00:42,20210509
45,2009-09-30,SCANA.OL,NOK,2009-09-30,2009-09-30,Q3,457000000,191000000.0,266000000,0.5820568927789934,0.0,0.0,0.0,0.0,228000000.0,419000000,30000000.0,15000000.0,53000000.0,0.11597374179431072,38000000.0,0.08315098468271334,0.0,83000000.0,0.18161925601750548,-23000000.0,61000000.0,0.13347921225382933,10.631787,10.631787,6019684.0,6019684.0,https://www.oslobors.no/ob_eng/,https://www.oslobors.no/ob_eng/,1620597642,18:00:42,20210509
46,2009-06-30,SCANA.OL,NOK,2009-06-30,2009-06-30,Q2,618000000,240000000.0,378000000,0.6116504854368932,0.0,0.0,0.0,0.0,310000000.0,550000000,24000000.0,15000000.0,83000000.0,0.1343042071197411,68000000.0,0.11003236245954692,0.0,71000000.0,0.11488673139158576,-17000000.0,54000000.0,0.08737864077669903,8.953084,8.953084,6031441.0,6031441.0,https://www.oslobors.no/ob_eng/,https://www.oslobors.no/ob_eng/,1620597642,18:00:42,20210509
47,2009-03-31,SCANA.OL,NOK,2009-03-31,2009-03-31,Q1,702000000,308000000.0,394000000,0.5612535612535613,0.0,0.0,0.0,0.0,320000000.0,628000000,90000000.0,15000000.0,89000000.0,0.1267806267806268,74000000.0,0.10541310541310542,0.0,144000000.0,0.20512820512820512,36000000.0,108000000.0,0.15384615384615385,18.185951,17.906167,5883663.0,5975595.0,https://www.oslobors.no/ob_eng/,https://www.oslobors.no/ob_eng/,1620597642,18:00:42,20210509
