,date,symbol,reportedCurrency,fillingDate,acceptedDate,period,revenue,costOfRevenue,grossProfit,grossProfitRatio,researchAndDevelopmentExpenses,generalAndAdministrativeExpenses,sellingAndMarketingExpenses,otherExpenses,operatingExpenses,costAndExpenses,interestExpense,depreciationAndAmortization,ebitda,ebitdaratio,operatingIncome,operatingIncomeRatio,totalOtherIncomeExpensesNet,incomeBeforeTax,incomeBeforeTaxRatio,incomeTaxExpense,netIncome,netIncomeRatio,eps,epsdiluted,weightedAverageShsOut,weightedAverageShsOutDil,link,finalLink,timestamp,est_time,est_date
0,2020-09-30,CTD.AX,AUD,2020-09-30,2020-09-30,Q3,78598750.0,0.0,78598750.0,1.0,0.0,61437000.0,0.0,8877500.0,10033750.0,0.0,2405000.0,10628000.0,7128000.0,0.09068846514734649,-3500000.0,-0.04452997026034129,2966750.0,-2938250.0,-0.03738291003355651,-282250.0,-2046250.0,-0.02603412904149239,-0.018360964090548406,-0.018360964090548406,111445673,111445673,,,1620590783,16:06:23,20210509
1,2020-06-30,CTD.AX,AUD,2020-06-30,2020-06-30,Q2,78598750.0,0.0,78598750.0,1.0,0.0,61437000.0,0.0,8877500.0,10033750.0,0.0,2405000.0,10628000.0,7128000.0,0.09068846514734649,-3500000.0,-0.04452997026034129,2966750.0,-2938250.0,-0.03738291003355651,-282250.0,-2046250.0,-0.02603412904149239,-0.018360964090548406,-0.018360964090548406,111445673,111445673,,,1620590783,16:06:23,20210509
2,2020-03-31,CTD.AX,AUD,2020-03-31,2020-03-31,Q1,78598750.0,0.0,78598750.0,1.0,0.0,61437000.0,0.0,8877500.0,10033750.0,0.0,2405000.0,10628000.0,7128000.0,0.09068846514734649,-3500000.0,-0.04452997026034129,2966750.0,-2938250.0,-0.03738291003355651,-282250.0,-2046250.0,-0.02603412904149239,-0.018360964090548406,-0.018360964090548406,111445673,111445673,,,1620590783,16:06:23,20210509
3,2020-01-31,CTD.AX,AUD,2020-01-31,2020-01-31,Q1,78598750.0,0.0,78598750.0,1.0,0.0,61437000.0,0.0,8877500.0,10033750.0,0.0,2405000.0,10628000.0,7128000.0,0.09068846514734649,-3500000.0,-0.04452997026034129,2966750.0,-2938250.0,-0.03738291003355651,-282250.0,-2046250.0,-0.02603412904149239,-0.018360964090548406,-0.018360964090548406,111445673,111445673,,,1620590783,16:06:23,20210509
4,2019-06-30,CTD.AX,AUD,2019-06-30,2019-06-30,Q2,111684750.0,0.0,111684750.0,1.0,0.0,65274750.0,0.0,686000.0,11083000.0,0.0,691250.0,5087000.0,35327000.0,0.3163099706987749,30240000.0,0.27076212285025486,686000.0,30234750.0,0.27071511553726,7866500.0,21558750.0,0.19303217314807974,0.19334475,0.192616,111445673,111926070,,,1620590783,16:06:23,20210509
5,2019-03-31,CTD.AX,AUD,2019-03-31,2019-03-31,Q1,111684750.0,0.0,111684750.0,1.0,0.0,65274750.0,0.0,686000.0,11083000.0,0.0,691250.0,5087000.0,35327000.0,0.3163099706987749,30240000.0,0.27076212285025486,686000.0,30234750.0,0.27071511553726,7866500.0,21558750.0,0.19303217314807974,0.19334475,0.192616,111445673,111926070,,,1620590783,16:06:23,20210509
6,2019-01-31,CTD.AX,AUD,2019-01-31,2019-01-31,Q1,111684750.0,0.0,111684750.0,1.0,0.0,65274750.0,0.0,686000.0,11083000.0,0.0,691250.0,5087000.0,35327000.0,0.3163099706987749,30240000.0,0.27076212285025486,686000.0,30234750.0,0.27071511553726,7866500.0,21558750.0,0.19303217314807974,0.19334475,0.192616,111445673,111926070,,,1620590783,16:06:23,20210509
7,2018-06-30,CTD.AX,AUD,2018-06-30,2018-06-30,Q2,92271500.0,0.0,92271500.0,1.0,0.0,52918000.0,0.0,754750.0,8958750.0,0.0,806500.0,4458250.0,30394750.0,0.3294056127840124,25936500.0,0.28108896029651625,754750.0,25917500.0,0.28088304622770843,5772000.0,19178000.0,0.20784315850506385,0.17585625,0.17342725,109040006,110582389,,,1620590783,16:06:23,20210509
8,2018-03-31,CTD.AX,AUD,2018-03-31,2018-03-31,Q1,92271500.0,0.0,92271500.0,1.0,0.0,52918000.0,0.0,754750.0,8958750.0,0.0,806500.0,4458250.0,30394750.0,0.3294056127840124,25936500.0,0.28108896029651625,754750.0,25917500.0,0.28088304622770843,5772000.0,19178000.0,0.20784315850506385,0.17585625,0.17342725,109040006,110582389,,,1620590783,16:06:23,20210509
9,2018-01-31,CTD.AX,AUD,2018-01-31,2018-01-31,Q1,92271500.0,0.0,92271500.0,1.0,0.0,52918000.0,0.0,754750.0,8958750.0,0.0,806500.0,4458250.0,30394750.0,0.3294056127840124,25936500.0,0.28108896029651625,754750.0,25917500.0,0.28088304622770843,5772000.0,19178000.0,0.20784315850506385,0.17585625,0.17342725,109040006,110582389,,,1620590783,16:06:23,20210509
10,2017-06-30,CTD.AX,AUD,2017-06-30,2017-06-30,Q2,80797500.0,0.0,80797500.0,1.0,0.0,50807000.0,0.0,621750.0,6355000.0,0.0,860750.0,4039250.0,23635500.0,0.2925276153346329,19596250.0,0.24253535072248522,621750.0,19406500.0,0.24018688697051271,4947000.0,13639000.0,0.16880472786905534,0.129949,0.12752,104911409,106955739,,,1620590783,16:06:23,20210509
11,2017-03-31,CTD.AX,AUD,2017-03-31,2017-03-31,Q1,80797500.0,0.0,80797500.0,1.0,0.0,50807000.0,0.0,621750.0,6355000.0,0.0,860750.0,4039250.0,23635500.0,0.2925276153346329,19596250.0,0.24253535072248522,621750.0,19406500.0,0.24018688697051271,4947000.0,13639000.0,0.16880472786905534,0.129949,0.12752,104911409,106955739,,,1620590783,16:06:23,20210509
12,2017-01-31,CTD.AX,AUD,2017-01-31,2017-01-31,Q1,80797500.0,0.0,80797500.0,1.0,0.0,50807000.0,0.0,621750.0,6355000.0,0.0,860750.0,4039250.0,23635500.0,0.2925276153346329,19596250.0,0.24253535072248522,621750.0,19406500.0,0.24018688697051271,4947000.0,13639000.0,0.16880472786905534,0.129949,0.12752,104911409,106955739,,,1620590783,16:06:23,20210509
13,2016-06-30,CTD.AX,AUD,2016-06-30,2016-06-30,Q2,64934500.0,0.0,64934500.0,1.0,0.0,44123500.0,0.0,1236500.0,4526250.0,0.0,452250.0,2640500.0,16284750.0,0.2507873318497871,13644250.0,0.21012327807251924,1236500.0,14467250.0,0.22279758833901855,3031500.0,10533500.0,0.16221731129060823,0.104407,0.10344025,100936341,101831648,,,1620590783,16:06:23,20210509
14,2016-03-31,CTD.AX,AUD,2016-03-31,2016-03-31,Q1,64934500.0,0.0,64934500.0,1.0,0.0,44123500.0,0.0,1236500.0,4526250.0,0.0,452250.0,2640500.0,16284750.0,0.2507873318497871,13644250.0,0.21012327807251924,1236500.0,14467250.0,0.22279758833901855,3031500.0,10533500.0,0.16221731129060823,0.104407,0.10344025,100936341,101831648,,,1620590783,16:06:23,20210509
15,2016-01-31,CTD.AX,AUD,2016-01-31,2016-01-31,Q1,64934500.0,0.0,64934500.0,1.0,0.0,44123500.0,0.0,1236500.0,4526250.0,0.0,452250.0,2640500.0,16284750.0,0.2507873318497871,13644250.0,0.21012327807251924,1236500.0,14467250.0,0.22279758833901855,3031500.0,10533500.0,0.16221731129060823,0.104407,0.10344025,100936341,101831648,,,1620590783,16:06:23,20210509
16,2015-09-30,CTD.AX,AUD,2015-09-30,2015-09-30,Q3,49109750.0,0.0,49109750.0,1.0,0.0,34208750.0,0.0,345750.0,3333750.0,0.0,239750.0,1885000.0,11567250.0,0.2355387677599662,9682250.0,0.19715535102500012,345750.0,9814000.0,0.19983811768538834,2540500.0,6591750.0,0.13422487387942314,0.067913,0.0674295,97041642,97757563,,,1620590783,16:06:23,20210509
17,2015-06-30,CTD.AX,AUD,2015-06-30,2015-06-30,Q2,49109750.0,0.0,49109750.0,1.0,0.0,34208750.0,0.0,345750.0,3333750.0,0.0,239750.0,1885000.0,11567250.0,0.2355387677599662,9682250.0,0.19715535102500012,345750.0,9814000.0,0.19983811768538834,2540500.0,6591750.0,0.13422487387942314,0.067913,0.0674295,97041642,97757563,,,1620590783,16:06:23,20210509
18,2015-03-31,CTD.AX,AUD,2015-03-31,2015-03-31,Q1,49109750.0,0.0,49109750.0,1.0,0.0,34208750.0,0.0,345750.0,3333750.0,0.0,239750.0,1885000.0,11567250.0,0.2355387677599662,9682250.0,0.19715535102500012,345750.0,9814000.0,0.19983811768538834,2540500.0,6591750.0,0.13422487387942314,0.067913,0.0674295,97041642,97757563,,,1620590783,16:06:23,20210509
19,2015-01-31,CTD.AX,AUD,2015-01-31,2015-01-31,Q1,49109750.0,0.0,49109750.0,1.0,0.0,34208750.0,0.0,345750.0,3333750.0,0.0,239750.0,1885000.0,11567250.0,0.2355387677599662,9682250.0,0.19715535102500012,345750.0,9814000.0,0.19983811768538834,2540500.0,6591750.0,0.13422487387942314,0.067913,0.0674295,97041642,97757563,,,1620590783,16:06:23,20210509
20,2014-09-30,CTD.AX,AUD,2014-09-30,2014-09-30,Q3,27314000.0,0.0,27314000.0,1.0,0.0,18846000.0,0.0,241500.0,1969000.0,0.0,160000.0,899750.0,6499000.0,0.2379365892948671,5599250.0,0.2049956066486051,241500.0,5744500.0,0.21031339239950209,1599750.0,3961250.0,0.14502636010836933,0.04555825,0.04507875,87024908,87873989,,,1620590783,16:06:23,20210509
21,2014-06-30,CTD.AX,AUD,2014-06-30,2014-06-30,Q2,27314000.0,0.0,27314000.0,1.0,0.0,18846000.0,0.0,241500.0,1969000.0,0.0,160000.0,899750.0,6499000.0,0.2379365892948671,5599250.0,0.2049956066486051,241500.0,5744500.0,0.21031339239950209,1599750.0,3961250.0,0.14502636010836933,0.04555825,0.04507875,87024908,87873989,,,1620590783,16:06:23,20210509
22,2014-03-31,CTD.AX,AUD,2014-03-31,2014-03-31,Q1,27314000.0,0.0,27314000.0,1.0,0.0,18846000.0,0.0,241500.0,1969000.0,0.0,160000.0,899750.0,6499000.0,0.2379365892948671,5599250.0,0.2049956066486051,241500.0,5744500.0,0.21031339239950209,1599750.0,3961250.0,0.14502636010836933,0.04555825,0.04507875,87024908,87873989,,,1620590783,16:06:23,20210509
23,2014-01-31,CTD.AX,AUD,2014-01-31,2014-01-31,Q1,27314000.0,0.0,27314000.0,1.0,0.0,18846000.0,0.0,241500.0,1969000.0,0.0,160000.0,899750.0,6499000.0,0.2379365892948671,5599250.0,0.2049956066486051,241500.0,5744500.0,0.21031339239950209,1599750.0,3961250.0,0.14502636010836933,0.04555825,0.04507875,87024908,87873989,,,1620590783,16:06:23,20210509
24,2013-09-30,CTD.AX,AUD,2013-09-30,2013-09-30,Q3,19595000.0,0.0,19595000.0,1.0,0.0,13172000.0,0.0,95750.0,1522750.0,0.0,180500.0,519750.0,4900250.0,0.2500765501403419,4380500.0,0.22355192651186528,95750.0,4345500.0,0.22176575657055372,1247000.0,3098500.0,0.1581270732329676,0.038111,0.038111,81122600,81122600,,,1620590783,16:06:23,20210509
25,2013-06-30,CTD.AX,AUD,2013-06-30,2013-06-30,Q2,19595000.0,0.0,19595000.0,1.0,0.0,13172000.0,0.0,95750.0,1522750.0,0.0,180500.0,519750.0,4900250.0,0.2500765501403419,4380500.0,0.22355192651186528,95750.0,4345500.0,0.22176575657055372,1247000.0,3098500.0,0.1581270732329676,0.038111,0.038111,81122600,81122600,,,1620590783,16:06:23,20210509
26,2013-03-31,CTD.AX,AUD,2013-03-31,2013-03-31,Q1,19595000.0,0.0,19595000.0,1.0,0.0,13172000.0,0.0,95750.0,1522750.0,0.0,180500.0,519750.0,4900250.0,0.2500765501403419,4380500.0,0.22355192651186528,95750.0,4345500.0,0.22176575657055372,1247000.0,3098500.0,0.1581270732329676,0.038111,0.038111,81122600,81122600,,,1620590783,16:06:23,20210509
27,2013-01-31,CTD.AX,AUD,2013-01-31,2013-01-31,Q1,19595000.0,0.0,19595000.0,1.0,0.0,13172000.0,0.0,95750.0,1522750.0,0.0,180500.0,519750.0,4900250.0,0.2500765501403419,4380500.0,0.22355192651186528,95750.0,4345500.0,0.22176575657055372,1247000.0,3098500.0,0.1581270732329676,0.038111,0.038111,81122600,81122600,,,1620590783,16:06:23,20210509
28,2012-09-30,CTD.AX,AUD,2012-09-30,2012-09-30,Q3,16165250.0,0.0,16165250.0,1.0,0.0,10735250.0,0.0,324750.0,1263250.0,0.0,13250.0,350000.0,4166750.0,0.25775970059231995,3816750.0,0.23610831877020153,324750.0,4195000.0,0.2595072764108195,1245500.0,2949500.0,0.18245928766953806,0.038111,0.038111,77462436,77462436,,,1620590783,16:06:23,20210509
29,2012-06-30,CTD.AX,AUD,2012-06-30,2012-06-30,Q2,16165250.0,0.0,16165250.0,1.0,0.0,10735250.0,0.0,324750.0,1263250.0,0.0,13250.0,350000.0,4166750.0,0.25775970059231995,3816750.0,0.23610831877020153,324750.0,4195000.0,0.2595072764108195,1245500.0,2949500.0,0.18245928766953806,0.038111,0.038111,77462436,77462436,,,1620590783,16:06:23,20210509
30,2012-03-31,CTD.AX,AUD,2012-03-31,2012-03-31,Q1,16165250.0,0.0,16165250.0,1.0,0.0,10735250.0,0.0,324750.0,1263250.0,0.0,13250.0,350000.0,4166750.0,0.25775970059231995,3816750.0,0.23610831877020153,324750.0,4195000.0,0.2595072764108195,1245500.0,2949500.0,0.18245928766953806,0.038111,0.038111,77462436,77462436,,,1620590783,16:06:23,20210509
31,2012-01-31,CTD.AX,AUD,2012-01-31,2012-01-31,Q1,16165250.0,0.0,16165250.0,1.0,0.0,10735250.0,0.0,324750.0,1263250.0,0.0,13250.0,350000.0,4166750.0,0.25775970059231995,3816750.0,0.23610831877020153,324750.0,4195000.0,0.2595072764108195,1245500.0,2949500.0,0.18245928766953806,0.038111,0.038111,77462436,77462436,,,1620590783,16:06:23,20210509
32,2011-09-30,CTD.AX,AUD,2011-09-30,2011-09-30,Q3,11476750.0,0.0,11476750.0,1.0,0.0,7532500.0,0.0,139500.0,1001000.0,0.0,26750.0,214250.0,2943250.0,0.25645326420807285,2729000.0,0.23778508724159714,139500.0,2918750.0,0.2543185135164572,851750.0,2067000.0,0.18010325222732917,0.03156425,0.03156425,65399802,65399802,,,1620590783,16:06:23,20210509
33,2011-06-30,CTD.AX,AUD,2011-06-30,2011-06-30,Q2,11476750.0,0.0,11476750.0,1.0,0.0,7532500.0,0.0,139500.0,1001000.0,0.0,26750.0,214250.0,2943250.0,0.25645326420807285,2729000.0,0.23778508724159714,139500.0,2918750.0,0.2543185135164572,851750.0,2067000.0,0.18010325222732917,0.03156425,0.03156425,65399802,65399802,,,1620590783,16:06:23,20210509
34,2011-03-31,CTD.AX,AUD,2011-03-31,2011-03-31,Q1,11476750.0,0.0,11476750.0,1.0,0.0,7532500.0,0.0,139500.0,1001000.0,0.0,26750.0,214250.0,2943250.0,0.25645326420807285,2729000.0,0.23778508724159714,139500.0,2918750.0,0.2543185135164572,851750.0,2067000.0,0.18010325222732917,0.03156425,0.03156425,65399802,65399802,,,1620590783,16:06:23,20210509
35,2011-01-31,CTD.AX,AUD,2011-01-31,2011-01-31,Q1,11476750.0,0.0,11476750.0,1.0,0.0,7532500.0,0.0,139500.0,1001000.0,0.0,26750.0,214250.0,2943250.0,0.25645326420807285,2729000.0,0.23778508724159714,139500.0,2918750.0,0.2543185135164572,851750.0,2067000.0,0.18010325222732917,0.03156425,0.03156425,65399802,65399802,,,1620590783,16:06:23,20210509
36,2010-09-30,CTD.AX,AUD,2010-09-30,2010-09-30,Q3,7886750.0,0.0,7886750.0,1.0,0.0,0.0,0.0,160750.0,6482000.0,0.0,60000.0,160750.0,1565500.0,0.19849747995054998,1404750.0,0.17811519320379116,160750.0,1184000.0,0.15012521000412082,354750.0,829250.0,0.10514470472628142,0.011021,0.011021,75242706,75242706,,,1620590783,16:06:23,20210509
37,2010-06-30,CTD.AX,AUD,2010-06-30,2010-06-30,Q2,7886750.0,0.0,7886750.0,1.0,0.0,0.0,0.0,160750.0,6482000.0,0.0,60000.0,160750.0,1565500.0,0.19849747995054998,1404750.0,0.17811519320379116,160750.0,1184000.0,0.15012521000412082,354750.0,829250.0,0.10514470472628142,0.011021,0.011021,75242706,75242706,,,1620590783,16:06:23,20210509
38,2010-03-31,CTD.AX,AUD,2010-03-31,2010-03-31,Q1,7886750.0,0.0,7886750.0,1.0,0.0,0.0,0.0,160750.0,6482000.0,0.0,60000.0,160750.0,1565500.0,0.19849747995054998,1404750.0,0.17811519320379116,160750.0,1184000.0,0.15012521000412082,354750.0,829250.0,0.10514470472628142,0.011021,0.011021,75242706,75242706,,,1620590783,16:06:23,20210509
39,2010-01-31,CTD.AX,AUD,2010-01-31,2010-01-31,Q1,7886750.0,0.0,7886750.0,1.0,0.0,0.0,0.0,160750.0,6482000.0,0.0,60000.0,160750.0,1565500.0,0.19849747995054998,1404750.0,0.17811519320379116,160750.0,1184000.0,0.15012521000412082,354750.0,829250.0,0.10514470472628142,0.011021,0.011021,75242706,75242706,,,1620590783,16:06:23,20210509
