,date,symbol,reportedCurrency,fillingDate,acceptedDate,period,revenue,costOfRevenue,grossProfit,grossProfitRatio,researchAndDevelopmentExpenses,generalAndAdministrativeExpenses,sellingAndMarketingExpenses,otherExpenses,operatingExpenses,costAndExpenses,interestExpense,depreciationAndAmortization,ebitda,ebitdaratio,operatingIncome,operatingIncomeRatio,totalOtherIncomeExpensesNet,incomeBeforeTax,incomeBeforeTaxRatio,incomeTaxExpense,netIncome,netIncomeRatio,eps,epsdiluted,weightedAverageShsOut,weightedAverageShsOutDil,link,finalLink,timestamp,est_time,est_date
0,2019-06-30,CPI.L,GBP,2019-06-30,2019-06-30,Q2,919650000.0,670750000.0,248900000.0,0.2706464415810363,0.0,248800000.0,0.0,0.0,0.0,919550000.0,15600000.0,60225000.0,60325000.0,0.06559560702441146,100000.0,0.000108737019518295,0.0,-15650000.0,-0.01701734355461317,-875000.0,-16050000.0,-0.01745229163268635,-0.0097,-0.0097,1656100000,1656100000,https://find-and-update.company-information.service.gov.uk/search/companies?q=Capita+PLC,https://find-and-update.company-information.service.gov.uk/search/companies?q=Capita+PLC,1620590612,16:03:32,20210509
1,2019-03-31,CPI.L,GBP,2019-03-31,2019-03-31,Q1,919650000.0,670750000.0,248900000.0,0.2706464415810363,0.0,248800000.0,0.0,0.0,0.0,919550000.0,15600000.0,60225000.0,60325000.0,0.06559560702441146,100000.0,0.000108737019518295,0.0,-15650000.0,-0.01701734355461317,-875000.0,-16050000.0,-0.01745229163268635,-0.0097,-0.0097,1656100000,1656100000,https://find-and-update.company-information.service.gov.uk/search/companies?q=Capita+PLC,https://find-and-update.company-information.service.gov.uk/search/companies?q=Capita+PLC,1620590612,16:03:32,20210509
2,2019-01-31,CPI.L,GBP,2019-01-31,2019-01-31,Q1,919650000.0,670750000.0,248900000.0,0.2706464415810363,0.0,248800000.0,0.0,0.0,0.0,919550000.0,15600000.0,60225000.0,60325000.0,0.06559560702441146,100000.0,0.000108737019518295,0.0,-15650000.0,-0.01701734355461317,-875000.0,-16050000.0,-0.01745229163268635,-0.0097,-0.0097,1656100000,1656100000,https://find-and-update.company-information.service.gov.uk/search/companies?q=Capita+PLC,https://find-and-update.company-information.service.gov.uk/search/companies?q=Capita+PLC,1620590612,16:03:32,20210509
3,2018-06-30,CPI.L,GBP,2018-06-30,2018-06-30,Q2,979600000.0,737850000.0,241750000.0,0.2467844017966517,0.0,233025000.0,0.0,0.0,0.0,970875000.0,18550000.0,43675000.0,52400000.0,0.05349122090649244,8725000.0,0.008906696610861577,0.0,68150000.0,0.06956921192323397,-225000.0,67250000.0,0.06865046957942017,0.045925,0.045375,1463900000,1482200000,https://find-and-update.company-information.service.gov.uk/search/companies?q=Capita+PLC,https://find-and-update.company-information.service.gov.uk/search/companies?q=Capita+PLC,1620590612,16:03:32,20210509
4,2018-03-31,CPI.L,GBP,2018-03-31,2018-03-31,Q1,979600000.0,737850000.0,241750000.0,0.2467844017966517,0.0,233025000.0,0.0,0.0,0.0,970875000.0,18550000.0,43675000.0,52400000.0,0.05349122090649244,8725000.0,0.008906696610861577,0.0,68150000.0,0.06956921192323397,-225000.0,67250000.0,0.06865046957942017,0.045925,0.045375,1463900000,1482200000,https://find-and-update.company-information.service.gov.uk/search/companies?q=Capita+PLC,https://find-and-update.company-information.service.gov.uk/search/companies?q=Capita+PLC,1620590612,16:03:32,20210509
5,2018-01-31,CPI.L,GBP,2018-01-31,2018-01-31,Q1,979600000.0,737850000.0,241750000.0,0.2467844017966517,0.0,233025000.0,0.0,0.0,0.0,970875000.0,18550000.0,43675000.0,52400000.0,0.05349122090649244,8725000.0,0.008906696610861577,0.0,68150000.0,0.06956921192323397,-225000.0,67250000.0,0.06865046957942017,0.045925,0.045375,1463900000,1482200000,https://find-and-update.company-information.service.gov.uk/search/companies?q=Capita+PLC,https://find-and-update.company-information.service.gov.uk/search/companies?q=Capita+PLC,1620590612,16:03:32,20210509
6,2017-06-30,CPI.L,GBP,2017-06-30,2017-06-30,Q2,1041975000.0,781825000.0,260150000.0,0.24967009765109527,0.0,149675000.0,0.0,0.0,7500000.0,970075000.0,15625000.0,31075000.0,102975000.0,0.09882674728280429,71900000.0,0.06900357494181722,0.0,-116925000.0,-0.11221478442381055,3500000.0,-29275000.0,-0.02809568367763142,-0.02680025,-0.02680025,1091686755,1091686755,https://find-and-update.company-information.service.gov.uk/search/companies?q=Capita+PLC,https://find-and-update.company-information.service.gov.uk/search/companies?q=Capita+PLC,1620590612,16:03:32,20210509
7,2017-03-31,CPI.L,GBP,2017-03-31,2017-03-31,Q1,1041975000.0,781825000.0,260150000.0,0.24967009765109527,0.0,149675000.0,0.0,0.0,7500000.0,970075000.0,15625000.0,31075000.0,102975000.0,0.09882674728280429,71900000.0,0.06900357494181722,0.0,-116925000.0,-0.11221478442381055,3500000.0,-29275000.0,-0.02809568367763142,-0.02680025,-0.02680025,1091686755,1091686755,https://find-and-update.company-information.service.gov.uk/search/companies?q=Capita+PLC,https://find-and-update.company-information.service.gov.uk/search/companies?q=Capita+PLC,1620590612,16:03:32,20210509
8,2017-01-31,CPI.L,GBP,2017-01-31,2017-01-31,Q1,1041975000.0,781825000.0,260150000.0,0.24967009765109527,0.0,149675000.0,0.0,0.0,7500000.0,970075000.0,15625000.0,31075000.0,102975000.0,0.09882674728280429,71900000.0,0.06900357494181722,0.0,-116925000.0,-0.11221478442381055,3500000.0,-29275000.0,-0.02809568367763142,-0.02680025,-0.02680025,1091686755,1091686755,https://find-and-update.company-information.service.gov.uk/search/companies?q=Capita+PLC,https://find-and-update.company-information.service.gov.uk/search/companies?q=Capita+PLC,1620590612,16:03:32,20210509
9,2016-06-30,CPI.L,GBP,2016-06-30,2016-06-30,Q2,1224475000.0,908800000.0,315675000.0,0.25780436513607874,0.0,182225000.0,0.0,-1650000.0,3350000.0,1129075000.0,13500000.0,38050000.0,133450000.0,0.10898548357459319,95400000.0,0.07791094142387554,0.0,17975000.0,0.01467976071377529,8250000.0,9225000.0,0.007533841033912493,0.00846075,0.00846075,1090046847,1090046847,https://find-and-update.company-information.service.gov.uk/search/companies?q=Capita+PLC,https://find-and-update.company-information.service.gov.uk/search/companies?q=Capita+PLC,1620590612,16:03:32,20210509
10,2016-03-31,CPI.L,GBP,2016-03-31,2016-03-31,Q1,1224475000.0,908800000.0,315675000.0,0.25780436513607874,0.0,182225000.0,0.0,-1650000.0,3350000.0,1129075000.0,13500000.0,38050000.0,133450000.0,0.10898548357459319,95400000.0,0.07791094142387554,0.0,17975000.0,0.01467976071377529,8250000.0,9225000.0,0.007533841033912493,0.00846075,0.00846075,1090046847,1090046847,https://find-and-update.company-information.service.gov.uk/search/companies?q=Capita+PLC,https://find-and-update.company-information.service.gov.uk/search/companies?q=Capita+PLC,1620590612,16:03:32,20210509
11,2016-01-31,CPI.L,GBP,2016-01-31,2016-01-31,Q1,1224475000.0,908800000.0,315675000.0,0.25780436513607874,0.0,182225000.0,0.0,-1650000.0,3350000.0,1129075000.0,13500000.0,38050000.0,133450000.0,0.10898548357459319,95400000.0,0.07791094142387554,0.0,17975000.0,0.01467976071377529,8250000.0,9225000.0,0.007533841033912493,0.00846075,0.00846075,1090046847,1090046847,https://find-and-update.company-information.service.gov.uk/search/companies?q=Capita+PLC,https://find-and-update.company-information.service.gov.uk/search/companies?q=Capita+PLC,1620590612,16:03:32,20210509
12,2015-09-30,CPI.L,GBP,2015-09-30,2015-09-30,Q3,1168575000.0,841925000.0,326650000.0,0.2795284855486383,0.0,166900000.0,0.0,0.0,4300000.0,1050075000.0,12025000.0,41250000.0,159750000.0,0.13670496117065656,118500000.0,0.10140555805147294,0.0,69125000.0,0.05915324219669255,14725000.0,13175000.0,0.011274415420490768,0.01213475,0.0119825,1085947077,1099722304,https://find-and-update.company-information.service.gov.uk/search/companies?q=Capita+PLC,https://find-and-update.company-information.service.gov.uk/search/companies?q=Capita+PLC,1620590612,16:03:32,20210509
13,2015-06-30,CPI.L,GBP,2015-06-30,2015-06-30,Q2,1168575000.0,841925000.0,326650000.0,0.2795284855486383,0.0,166900000.0,0.0,0.0,4300000.0,1050075000.0,12025000.0,41250000.0,159750000.0,0.13670496117065656,118500000.0,0.10140555805147294,0.0,69125000.0,0.05915324219669255,14725000.0,13175000.0,0.011274415420490768,0.01213475,0.0119825,1085947077,1099722304,https://find-and-update.company-information.service.gov.uk/search/companies?q=Capita+PLC,https://find-and-update.company-information.service.gov.uk/search/companies?q=Capita+PLC,1620590612,16:03:32,20210509
14,2015-03-31,CPI.L,GBP,2015-03-31,2015-03-31,Q1,1168575000.0,841925000.0,326650000.0,0.2795284855486383,0.0,166900000.0,0.0,0.0,4300000.0,1050075000.0,12025000.0,41250000.0,159750000.0,0.13670496117065656,118500000.0,0.10140555805147294,0.0,69125000.0,0.05915324219669255,14725000.0,13175000.0,0.011274415420490768,0.01213475,0.0119825,1085947077,1099722304,https://find-and-update.company-information.service.gov.uk/search/companies?q=Capita+PLC,https://find-and-update.company-information.service.gov.uk/search/companies?q=Capita+PLC,1620590612,16:03:32,20210509
15,2015-01-31,CPI.L,GBP,2015-01-31,2015-01-31,Q1,1168575000.0,841925000.0,326650000.0,0.2795284855486383,0.0,166900000.0,0.0,0.0,4300000.0,1050075000.0,12025000.0,41250000.0,159750000.0,0.13670496117065656,118500000.0,0.10140555805147294,0.0,69125000.0,0.05915324219669255,14725000.0,13175000.0,0.011274415420490768,0.01213475,0.0119825,1085947077,1099722304,https://find-and-update.company-information.service.gov.uk/search/companies?q=Capita+PLC,https://find-and-update.company-information.service.gov.uk/search/companies?q=Capita+PLC,1620590612,16:03:32,20210509
16,2014-09-30,CPI.L,GBP,2014-09-30,2014-09-30,Q3,1093075000.0,791725000.0,301350000.0,0.2756901402008096,0.0,157275000.0,0.0,-1250000.0,7100000.0,985775000.0,9725000.0,36775000.0,144075000.0,0.13180705807012327,107300000.0,0.09816343800745603,0.0,79325000.0,0.07257050065183085,13575000.0,58975000.0,0.05395329689179608,0.054561,0.0540885,1080535381,1090210838,https://find-and-update.company-information.service.gov.uk/search/companies?q=Capita+PLC,https://find-and-update.company-information.service.gov.uk/search/companies?q=Capita+PLC,1620590612,16:03:32,20210509
17,2014-06-30,CPI.L,GBP,2014-06-30,2014-06-30,Q2,1093075000.0,791725000.0,301350000.0,0.2756901402008096,0.0,157275000.0,0.0,-1250000.0,7100000.0,985775000.0,9725000.0,36775000.0,144075000.0,0.13180705807012327,107300000.0,0.09816343800745603,0.0,79325000.0,0.07257050065183085,13575000.0,58975000.0,0.05395329689179608,0.054561,0.0540885,1080535381,1090210838,https://find-and-update.company-information.service.gov.uk/search/companies?q=Capita+PLC,https://find-and-update.company-information.service.gov.uk/search/companies?q=Capita+PLC,1620590612,16:03:32,20210509
18,2014-03-31,CPI.L,GBP,2014-03-31,2014-03-31,Q1,1093075000.0,791725000.0,301350000.0,0.2756901402008096,0.0,157275000.0,0.0,-1250000.0,7100000.0,985775000.0,9725000.0,36775000.0,144075000.0,0.13180705807012327,107300000.0,0.09816343800745603,0.0,79325000.0,0.07257050065183085,13575000.0,58975000.0,0.05395329689179608,0.054561,0.0540885,1080535381,1090210838,https://find-and-update.company-information.service.gov.uk/search/companies?q=Capita+PLC,https://find-and-update.company-information.service.gov.uk/search/companies?q=Capita+PLC,1620590612,16:03:32,20210509
19,2014-01-31,CPI.L,GBP,2014-01-31,2014-01-31,Q1,1093075000.0,791725000.0,301350000.0,0.2756901402008096,0.0,157275000.0,0.0,-1250000.0,7100000.0,985775000.0,9725000.0,36775000.0,144075000.0,0.13180705807012327,107300000.0,0.09816343800745603,0.0,79325000.0,0.07257050065183085,13575000.0,58975000.0,0.05395329689179608,0.054561,0.0540885,1080535381,1090210838,https://find-and-update.company-information.service.gov.uk/search/companies?q=Capita+PLC,https://find-and-update.company-information.service.gov.uk/search/companies?q=Capita+PLC,1620590612,16:03:32,20210509
20,2013-09-30,CPI.L,GBP,2013-09-30,2013-09-30,Q3,962725000.0,695225000.0,267500000.0,0.2778571243086032,0.0,138275000.0,0.0,0.0,0.0,864050000.0,9025000.0,30550000.0,129225000.0,0.13422836220104392,98675000.0,0.10249552052766886,0.0,90425000.0,0.09392609519852502,14475000.0,44300000.0,0.04601521722194812,0.041237,0.0407645,1074303730,1086931022,https://find-and-update.company-information.service.gov.uk/search/companies?q=Capita+PLC,https://find-and-update.company-information.service.gov.uk/search/companies?q=Capita+PLC,1620590612,16:03:32,20210509
21,2013-06-30,CPI.L,GBP,2013-06-30,2013-06-30,Q2,962725000.0,695225000.0,267500000.0,0.2778571243086032,0.0,138275000.0,0.0,0.0,0.0,864050000.0,9025000.0,30550000.0,129225000.0,0.13422836220104392,98675000.0,0.10249552052766886,0.0,90425000.0,0.09392609519852502,14475000.0,44300000.0,0.04601521722194812,0.041237,0.0407645,1074303730,1086931022,https://find-and-update.company-information.service.gov.uk/search/companies?q=Capita+PLC,https://find-and-update.company-information.service.gov.uk/search/companies?q=Capita+PLC,1620590612,16:03:32,20210509
22,2013-03-31,CPI.L,GBP,2013-03-31,2013-03-31,Q1,962725000.0,695225000.0,267500000.0,0.2778571243086032,0.0,138275000.0,0.0,0.0,0.0,864050000.0,9025000.0,30550000.0,129225000.0,0.13422836220104392,98675000.0,0.10249552052766886,0.0,90425000.0,0.09392609519852502,14475000.0,44300000.0,0.04601521722194812,0.041237,0.0407645,1074303730,1086931022,https://find-and-update.company-information.service.gov.uk/search/companies?q=Capita+PLC,https://find-and-update.company-information.service.gov.uk/search/companies?q=Capita+PLC,1620590612,16:03:32,20210509
23,2013-01-31,CPI.L,GBP,2013-01-31,2013-01-31,Q1,962725000.0,695225000.0,267500000.0,0.2778571243086032,0.0,138275000.0,0.0,0.0,0.0,864050000.0,9025000.0,30550000.0,129225000.0,0.13422836220104392,98675000.0,0.10249552052766886,0.0,90425000.0,0.09392609519852502,14475000.0,44300000.0,0.04601521722194812,0.041237,0.0407645,1074303730,1086931022,https://find-and-update.company-information.service.gov.uk/search/companies?q=Capita+PLC,https://find-and-update.company-information.service.gov.uk/search/companies?q=Capita+PLC,1620590612,16:03:32,20210509
24,2012-09-30,CPI.L,GBP,2012-09-30,2012-09-30,Q3,837950000.0,602750000.0,235200000.0,0.28068500507190164,0.0,117275000.0,0.0,125000.0,0.0,743850000.0,9350000.0,23825000.0,117925000.0,0.1407303538397279,94100000.0,0.1122978698013008,0.0,72500000.0,0.08652067545796288,13500000.0,59000000.0,0.0704099289933767,0.0565275,0.05591775,1043637451,1055116807,https://find-and-update.company-information.service.gov.uk/search/companies?q=Capita+PLC,https://find-and-update.company-information.service.gov.uk/search/companies?q=Capita+PLC,1620590612,16:03:32,20210509
25,2012-06-30,CPI.L,GBP,2012-06-30,2012-06-30,Q2,837950000.0,602750000.0,235200000.0,0.28068500507190164,0.0,117275000.0,0.0,125000.0,0.0,743850000.0,9350000.0,23825000.0,117925000.0,0.1407303538397279,94100000.0,0.1122978698013008,0.0,72500000.0,0.08652067545796288,13500000.0,59000000.0,0.0704099289933767,0.0565275,0.05591775,1043637451,1055116807,https://find-and-update.company-information.service.gov.uk/search/companies?q=Capita+PLC,https://find-and-update.company-information.service.gov.uk/search/companies?q=Capita+PLC,1620590612,16:03:32,20210509
26,2012-03-31,CPI.L,GBP,2012-03-31,2012-03-31,Q1,837950000.0,602750000.0,235200000.0,0.28068500507190164,0.0,117275000.0,0.0,125000.0,0.0,743850000.0,9350000.0,23825000.0,117925000.0,0.1407303538397279,94100000.0,0.1122978698013008,0.0,72500000.0,0.08652067545796288,13500000.0,59000000.0,0.0704099289933767,0.0565275,0.05591775,1043637451,1055116807,https://find-and-update.company-information.service.gov.uk/search/companies?q=Capita+PLC,https://find-and-update.company-information.service.gov.uk/search/companies?q=Capita+PLC,1620590612,16:03:32,20210509
27,2012-01-31,CPI.L,GBP,2012-01-31,2012-01-31,Q1,837950000.0,602750000.0,235200000.0,0.28068500507190164,0.0,117275000.0,0.0,125000.0,0.0,743850000.0,9350000.0,23825000.0,117925000.0,0.1407303538397279,94100000.0,0.1122978698013008,0.0,72500000.0,0.08652067545796288,13500000.0,59000000.0,0.0704099289933767,0.0565275,0.05591775,1043637451,1055116807,https://find-and-update.company-information.service.gov.uk/search/companies?q=Capita+PLC,https://find-and-update.company-information.service.gov.uk/search/companies?q=Capita+PLC,1620590612,16:03:32,20210509
28,2011-09-30,CPI.L,GBP,2011-09-30,2011-09-30,Q3,732550000.0,523675000.0,208875000.0,0.28513412053784726,0.0,102500000.0,0.0,100000.0,60800000.0,639225000.0,7725000.0,34525000.0,127850000.0,0.17452733601801926,93325000.0,0.12739744727322366,0.0,75725000.0,0.1033717834960071,16225000.0,59500000.0,0.08122312470138557,0.0596985,0.05956125,996572091,998867962,https://find-and-update.company-information.service.gov.uk/search/companies?q=Capita+PLC,https://find-and-update.company-information.service.gov.uk/search/companies?q=Capita+PLC,1620590612,16:03:32,20210509
29,2011-06-30,CPI.L,GBP,2011-06-30,2011-06-30,Q2,732550000.0,523675000.0,208875000.0,0.28513412053784726,0.0,102500000.0,0.0,100000.0,60800000.0,639225000.0,7725000.0,34525000.0,127850000.0,0.17452733601801926,93325000.0,0.12739744727322366,0.0,75725000.0,0.1033717834960071,16225000.0,59500000.0,0.08122312470138557,0.0596985,0.05956125,996572091,998867962,https://find-and-update.company-information.service.gov.uk/search/companies?q=Capita+PLC,https://find-and-update.company-information.service.gov.uk/search/companies?q=Capita+PLC,1620590612,16:03:32,20210509
30,2011-03-31,CPI.L,GBP,2011-03-31,2011-03-31,Q1,732550000.0,523675000.0,208875000.0,0.28513412053784726,0.0,102500000.0,0.0,100000.0,60800000.0,639225000.0,7725000.0,34525000.0,127850000.0,0.17452733601801926,93325000.0,0.12739744727322366,0.0,75725000.0,0.1033717834960071,16225000.0,59500000.0,0.08122312470138557,0.0596985,0.05956125,996572091,998867962,https://find-and-update.company-information.service.gov.uk/search/companies?q=Capita+PLC,https://find-and-update.company-information.service.gov.uk/search/companies?q=Capita+PLC,1620590612,16:03:32,20210509
31,2011-01-31,CPI.L,GBP,2011-01-31,2011-01-31,Q1,732550000.0,523675000.0,208875000.0,0.28513412053784726,0.0,102500000.0,0.0,100000.0,60800000.0,639225000.0,7725000.0,34525000.0,127850000.0,0.17452733601801926,93325000.0,0.12739744727322366,0.0,75725000.0,0.1033717834960071,16225000.0,59500000.0,0.08122312470138557,0.0596985,0.05956125,996572091,998867962,https://find-and-update.company-information.service.gov.uk/search/companies?q=Capita+PLC,https://find-and-update.company-information.service.gov.uk/search/companies?q=Capita+PLC,1620590612,16:03:32,20210509
32,2010-09-30,CPI.L,GBP,2010-09-30,2010-09-30,Q3,686000000.0,487600000.0,198400000.0,0.2892128279883382,0.0,99625000.0,0.0,-450000.0,67275000.0,601625000.0,5575000.0,27950000.0,112325000.0,0.1637390670553936,84375000.0,0.12299562682215744,0.0,77450000.0,0.11290087463556851,18700000.0,58750000.0,0.08564139941690962,0.05860075,0.05794525,1002475760,1013955116,https://find-and-update.company-information.service.gov.uk/search/companies?q=Capita+PLC,https://find-and-update.company-information.service.gov.uk/search/companies?q=Capita+PLC,1620590612,16:03:32,20210509
33,2010-06-30,CPI.L,GBP,2010-06-30,2010-06-30,Q2,686000000.0,487600000.0,198400000.0,0.2892128279883382,0.0,99625000.0,0.0,-450000.0,67275000.0,601625000.0,5575000.0,27950000.0,112325000.0,0.1637390670553936,84375000.0,0.12299562682215744,0.0,77450000.0,0.11290087463556851,18700000.0,58750000.0,0.08564139941690962,0.05860075,0.05794525,1002475760,1013955116,https://find-and-update.company-information.service.gov.uk/search/companies?q=Capita+PLC,https://find-and-update.company-information.service.gov.uk/search/companies?q=Capita+PLC,1620590612,16:03:32,20210509
34,2010-03-31,CPI.L,GBP,2010-03-31,2010-03-31,Q1,686000000.0,487600000.0,198400000.0,0.2892128279883382,0.0,99625000.0,0.0,-450000.0,67275000.0,601625000.0,5575000.0,27950000.0,112325000.0,0.1637390670553936,84375000.0,0.12299562682215744,0.0,77450000.0,0.11290087463556851,18700000.0,58750000.0,0.08564139941690962,0.05860075,0.05794525,1002475760,1013955116,https://find-and-update.company-information.service.gov.uk/search/companies?q=Capita+PLC,https://find-and-update.company-information.service.gov.uk/search/companies?q=Capita+PLC,1620590612,16:03:32,20210509
35,2010-01-31,CPI.L,GBP,2010-01-31,2010-01-31,Q1,686000000.0,487600000.0,198400000.0,0.2892128279883382,0.0,99625000.0,0.0,-450000.0,67275000.0,601625000.0,5575000.0,27950000.0,112325000.0,0.1637390670553936,84375000.0,0.12299562682215744,0.0,77450000.0,0.11290087463556851,18700000.0,58750000.0,0.08564139941690962,0.05860075,0.05794525,1002475760,1013955116,https://find-and-update.company-information.service.gov.uk/search/companies?q=Capita+PLC,https://find-and-update.company-information.service.gov.uk/search/companies?q=Capita+PLC,1620590612,16:03:32,20210509
36,2009-09-30,CPI.L,GBP,2009-09-30,2009-09-30,Q3,671700000.0,484250000.0,187450000.0,0.2790680363257407,0.0,98025000.0,0.0,-100000.0,63675000.0,587725000.0,7400000.0,20925000.0,104900000.0,0.1561709096322763,83975000.0,0.1250186094982879,0.0,64525000.0,0.09606223016227483,17300000.0,47225000.0,0.07030668453178503,0.04689275,0.0464965,1007231493,1015759015,https://find-and-update.company-information.service.gov.uk/search/companies?q=Capita+PLC,https://find-and-update.company-information.service.gov.uk/search/companies?q=Capita+PLC,1620590612,16:03:32,20210509
37,2009-06-30,CPI.L,GBP,2009-06-30,2009-06-30,Q2,671700000.0,484250000.0,187450000.0,0.2790680363257407,0.0,98025000.0,0.0,-100000.0,63675000.0,587725000.0,7400000.0,20925000.0,104900000.0,0.1561709096322763,83975000.0,0.1250186094982879,0.0,64525000.0,0.09606223016227483,17300000.0,47225000.0,0.07030668453178503,0.04689275,0.0464965,1007231493,1015759015,https://find-and-update.company-information.service.gov.uk/search/companies?q=Capita+PLC,https://find-and-update.company-information.service.gov.uk/search/companies?q=Capita+PLC,1620590612,16:03:32,20210509
38,2009-03-31,CPI.L,GBP,2009-03-31,2009-03-31,Q1,671700000.0,484250000.0,187450000.0,0.2790680363257407,0.0,98025000.0,0.0,-100000.0,63675000.0,587725000.0,7400000.0,20925000.0,104900000.0,0.1561709096322763,83975000.0,0.1250186094982879,0.0,64525000.0,0.09606223016227483,17300000.0,47225000.0,0.07030668453178503,0.04689275,0.0464965,1007231493,1015759015,https://find-and-update.company-information.service.gov.uk/search/companies?q=Capita+PLC,https://find-and-update.company-information.service.gov.uk/search/companies?q=Capita+PLC,1620590612,16:03:32,20210509
39,2009-01-31,CPI.L,GBP,2009-01-31,2009-01-31,Q1,671700000.0,484250000.0,187450000.0,0.2790680363257407,0.0,98025000.0,0.0,-100000.0,63675000.0,587725000.0,7400000.0,20925000.0,104900000.0,0.1561709096322763,83975000.0,0.1250186094982879,0.0,64525000.0,0.09606223016227483,17300000.0,47225000.0,0.07030668453178503,0.04689275,0.0464965,1007231493,1015759015,https://find-and-update.company-information.service.gov.uk/search/companies?q=Capita+PLC,https://find-and-update.company-information.service.gov.uk/search/companies?q=Capita+PLC,1620590612,16:03:32,20210509
40,2008-09-30,CPI.L,GBP,2008-09-30,2008-09-30,Q3,610350000.0,439450000.0,170900000.0,0.28000327680838866,0.0,90675000.0,0.0,100000.0,60275000.0,534900000.0,12275000.0,17525000.0,92975000.0,0.15233062996641272,75450000.0,0.12361759646104695,0.0,56650000.0,0.09281559760792987,15200000.0,41450000.0,0.06791185385434587,0.04155725,0.041176,997556036,1006575530,https://find-and-update.company-information.service.gov.uk/search/companies?q=Capita+PLC,https://find-and-update.company-information.service.gov.uk/search/companies?q=Capita+PLC,1620590612,16:03:32,20210509
41,2008-06-30,CPI.L,GBP,2008-06-30,2008-06-30,Q2,610350000.0,439450000.0,170900000.0,0.28000327680838866,0.0,90675000.0,0.0,100000.0,60275000.0,534900000.0,12275000.0,17525000.0,92975000.0,0.15233062996641272,75450000.0,0.12361759646104695,0.0,56650000.0,0.09281559760792987,15200000.0,41450000.0,0.06791185385434587,0.04155725,0.041176,997556036,1006575530,https://find-and-update.company-information.service.gov.uk/search/companies?q=Capita+PLC,https://find-and-update.company-information.service.gov.uk/search/companies?q=Capita+PLC,1620590612,16:03:32,20210509
42,2008-03-31,CPI.L,GBP,2008-03-31,2008-03-31,Q1,610350000.0,439450000.0,170900000.0,0.28000327680838866,0.0,90675000.0,0.0,100000.0,60275000.0,534900000.0,12275000.0,17525000.0,92975000.0,0.15233062996641272,75450000.0,0.12361759646104695,0.0,56650000.0,0.09281559760792987,15200000.0,41450000.0,0.06791185385434587,0.04155725,0.041176,997556036,1006575530,https://find-and-update.company-information.service.gov.uk/search/companies?q=Capita+PLC,https://find-and-update.company-information.service.gov.uk/search/companies?q=Capita+PLC,1620590612,16:03:32,20210509
43,2008-01-31,CPI.L,GBP,2008-01-31,2008-01-31,Q1,610350000.0,439450000.0,170900000.0,0.28000327680838866,0.0,90675000.0,0.0,100000.0,60275000.0,534900000.0,12275000.0,17525000.0,92975000.0,0.15233062996641272,75450000.0,0.12361759646104695,0.0,56650000.0,0.09281559760792987,15200000.0,41450000.0,0.06791185385434587,0.04155725,0.041176,997556036,1006575530,https://find-and-update.company-information.service.gov.uk/search/companies?q=Capita+PLC,https://find-and-update.company-information.service.gov.uk/search/companies?q=Capita+PLC,1620590612,16:03:32,20210509
44,2007-09-30,CPI.L,GBP,2007-09-30,2007-09-30,Q3,518325000.0,374625000.0,143700000.0,0.27723918390970914,0.0,75875000.0,0.0,-600000.0,46575000.0,452900000.0,8850000.0,14325000.0,79750000.0,0.1538609945497516,65425000.0,0.12622389427482758,0.0,57175000.0,0.11030723966623257,15625000.0,41550000.0,0.08016206048328751,0.041298,0.040612,1006247548,1023138601,https://find-and-update.company-information.service.gov.uk/search/companies?q=Capita+PLC,https://find-and-update.company-information.service.gov.uk/search/companies?q=Capita+PLC,1620590612,16:03:32,20210509
45,2007-06-30,CPI.L,GBP,2007-06-30,2007-06-30,Q2,518325000.0,374625000.0,143700000.0,0.27723918390970914,0.0,75875000.0,0.0,-600000.0,46575000.0,452900000.0,8850000.0,14325000.0,79750000.0,0.1538609945497516,65425000.0,0.12622389427482758,0.0,57175000.0,0.11030723966623257,15625000.0,41550000.0,0.08016206048328751,0.041298,0.040612,1006247548,1023138601,https://find-and-update.company-information.service.gov.uk/search/companies?q=Capita+PLC,https://find-and-update.company-information.service.gov.uk/search/companies?q=Capita+PLC,1620590612,16:03:32,20210509
46,2007-03-31,CPI.L,GBP,2007-03-31,2007-03-31,Q1,518325000.0,374625000.0,143700000.0,0.27723918390970914,0.0,75875000.0,0.0,-600000.0,46575000.0,452900000.0,8850000.0,14325000.0,79750000.0,0.1538609945497516,65425000.0,0.12622389427482758,0.0,57175000.0,0.11030723966623257,15625000.0,41550000.0,0.08016206048328751,0.041298,0.040612,1006247548,1023138601,https://find-and-update.company-information.service.gov.uk/search/companies?q=Capita+PLC,https://find-and-update.company-information.service.gov.uk/search/companies?q=Capita+PLC,1620590612,16:03:32,20210509
47,2007-01-31,CPI.L,GBP,2007-01-31,2007-01-31,Q1,518325000.0,374625000.0,143700000.0,0.27723918390970914,0.0,75875000.0,0.0,-600000.0,46575000.0,452900000.0,8850000.0,14325000.0,79750000.0,0.1538609945497516,65425000.0,0.12622389427482758,0.0,57175000.0,0.11030723966623257,15625000.0,41550000.0,0.08016206048328751,0.041298,0.040612,1006247548,1023138601,https://find-and-update.company-information.service.gov.uk/search/companies?q=Capita+PLC,https://find-and-update.company-information.service.gov.uk/search/companies?q=Capita+PLC,1620590612,16:03:32,20210509
48,2006-09-30,CPI.L,GBP,2006-09-30,2006-09-30,Q3,434625000.0,314125000.0,120500000.0,0.27725050330744894,0.0,64225000.0,0.0,0.0,37400000.0,380000000.0,6475000.0,12575000.0,67200000.0,0.1546160483175151,54625000.0,0.12568306010928962,0.0,48300000.0,0.11113028472821397,13375000.0,34950000.0,0.08041415012942192,0.0351605,0.03434125,993943015,1017748132,https://find-and-update.company-information.service.gov.uk/search/companies?q=Capita+PLC,https://find-and-update.company-information.service.gov.uk/search/companies?q=Capita+PLC,1620590612,16:03:32,20210509
49,2006-06-30,CPI.L,GBP,2006-06-30,2006-06-30,Q2,434625000.0,314125000.0,120500000.0,0.27725050330744894,0.0,64225000.0,0.0,0.0,37400000.0,380000000.0,6475000.0,12575000.0,67200000.0,0.1546160483175151,54625000.0,0.12568306010928962,0.0,48300000.0,0.11113028472821397,13375000.0,34950000.0,0.08041415012942192,0.0351605,0.03434125,993943015,1017748132,https://find-and-update.company-information.service.gov.uk/search/companies?q=Capita+PLC,https://find-and-update.company-information.service.gov.uk/search/companies?q=Capita+PLC,1620590612,16:03:32,20210509
50,2006-03-31,CPI.L,GBP,2006-03-31,2006-03-31,Q1,434625000.0,314125000.0,120500000.0,0.27725050330744894,0.0,64225000.0,0.0,0.0,37400000.0,380000000.0,6475000.0,12575000.0,67200000.0,0.1546160483175151,54625000.0,0.12568306010928962,0.0,48300000.0,0.11113028472821397,13375000.0,34950000.0,0.08041415012942192,0.0351605,0.03434125,993943015,1017748132,https://find-and-update.company-information.service.gov.uk/search/companies?q=Capita+PLC,https://find-and-update.company-information.service.gov.uk/search/companies?q=Capita+PLC,1620590612,16:03:32,20210509
51,2006-01-31,CPI.L,GBP,2006-01-31,2006-01-31,Q1,434625000.0,314125000.0,120500000.0,0.27725050330744894,0.0,64225000.0,0.0,0.0,37400000.0,380000000.0,6475000.0,12575000.0,67200000.0,0.1546160483175151,54625000.0,0.12568306010928962,0.0,48300000.0,0.11113028472821397,13375000.0,34950000.0,0.08041415012942192,0.0351605,0.03434125,993943015,1017748132,https://find-and-update.company-information.service.gov.uk/search/companies?q=Capita+PLC,https://find-and-update.company-information.service.gov.uk/search/companies?q=Capita+PLC,1620590612,16:03:32,20210509
52,2005-09-30,CPI.L,GBP,2005-09-30,2005-09-30,Q3,358875000.0,263650000.0,95225000.0,0.2653430860327412,0.0,49450000.0,0.0,0.0,25275000.0,314100000.0,3425000.0,10275000.0,55050000.0,0.15339602925809823,44775000.0,0.12476489028213165,0.0,38275000.0,0.10665273423894113,11450000.0,26875000.0,0.07488679902473006,0.02564575,0.0252835,1047583880,1062977856,https://find-and-update.company-information.service.gov.uk/search/companies?q=Capita+PLC,https://find-and-update.company-information.service.gov.uk/search/companies?q=Capita+PLC,1620590612,16:03:32,20210509
53,2005-06-30,CPI.L,GBP,2005-06-30,2005-06-30,Q2,358875000.0,263650000.0,95225000.0,0.2653430860327412,0.0,49450000.0,0.0,0.0,25275000.0,314100000.0,3425000.0,10275000.0,55050000.0,0.15339602925809823,44775000.0,0.12476489028213165,0.0,38275000.0,0.10665273423894113,11450000.0,26875000.0,0.07488679902473006,0.02564575,0.0252835,1047583880,1062977856,https://find-and-update.company-information.service.gov.uk/search/companies?q=Capita+PLC,https://find-and-update.company-information.service.gov.uk/search/companies?q=Capita+PLC,1620590612,16:03:32,20210509
54,2005-03-31,CPI.L,GBP,2005-03-31,2005-03-31,Q1,358875000.0,263650000.0,95225000.0,0.2653430860327412,0.0,49450000.0,0.0,0.0,25275000.0,314100000.0,3425000.0,10275000.0,55050000.0,0.15339602925809823,44775000.0,0.12476489028213165,0.0,38275000.0,0.10665273423894113,11450000.0,26875000.0,0.07488679902473006,0.02564575,0.0252835,1047583880,1062977856,https://find-and-update.company-information.service.gov.uk/search/companies?q=Capita+PLC,https://find-and-update.company-information.service.gov.uk/search/companies?q=Capita+PLC,1620590612,16:03:32,20210509
55,2005-01-31,CPI.L,GBP,2005-01-31,2005-01-31,Q1,358875000.0,263650000.0,95225000.0,0.2653430860327412,0.0,49450000.0,0.0,0.0,25275000.0,314100000.0,3425000.0,10275000.0,55050000.0,0.15339602925809823,44775000.0,0.12476489028213165,0.0,38275000.0,0.10665273423894113,11450000.0,26875000.0,0.07488679902473006,0.02564575,0.0252835,1047583880,1062977856,https://find-and-update.company-information.service.gov.uk/search/companies?q=Capita+PLC,https://find-and-update.company-information.service.gov.uk/search/companies?q=Capita+PLC,1620590612,16:03:32,20210509
56,2004-09-30,CPI.L,GBP,2004-09-30,2004-09-30,Q3,320550000.0,238900000.0,81650000.0,0.2547184526594915,0.0,43150000.0,0.0,0.0,-33150000.0,269525000.0,3025000.0,8150000.0,59175000.0,0.1846045858680393,51025000.0,0.15917953517391983,0.0,35525000.0,0.11082514428326314,9850000.0,25175000.0,0.07853688972079238,0.024354,0.02414925,1055995021,1070119391,https://find-and-update.company-information.service.gov.uk/search/companies?q=Capita+PLC,https://find-and-update.company-information.service.gov.uk/search/companies?q=Capita+PLC,1620590612,16:03:32,20210509
57,2004-06-30,CPI.L,GBP,2004-06-30,2004-06-30,Q2,320550000.0,238900000.0,81650000.0,0.2547184526594915,0.0,43150000.0,0.0,0.0,-33150000.0,269525000.0,3025000.0,8150000.0,59175000.0,0.1846045858680393,51025000.0,0.15917953517391983,0.0,35525000.0,0.11082514428326314,9850000.0,25175000.0,0.07853688972079238,0.024354,0.02414925,1055995021,1070119391,https://find-and-update.company-information.service.gov.uk/search/companies?q=Capita+PLC,https://find-and-update.company-information.service.gov.uk/search/companies?q=Capita+PLC,1620590612,16:03:32,20210509
58,2004-03-31,CPI.L,GBP,2004-03-31,2004-03-31,Q1,320550000.0,238900000.0,81650000.0,0.2547184526594915,0.0,43150000.0,0.0,0.0,-33150000.0,269525000.0,3025000.0,8150000.0,59175000.0,0.1846045858680393,51025000.0,0.15917953517391983,0.0,35525000.0,0.11082514428326314,9850000.0,25175000.0,0.07853688972079238,0.024354,0.02414925,1055995021,1070119391,https://find-and-update.company-information.service.gov.uk/search/companies?q=Capita+PLC,https://find-and-update.company-information.service.gov.uk/search/companies?q=Capita+PLC,1620590612,16:03:32,20210509
59,2004-01-31,CPI.L,GBP,2004-01-31,2004-01-31,Q1,320550000.0,238900000.0,81650000.0,0.2547184526594915,0.0,43150000.0,0.0,0.0,-33150000.0,269525000.0,3025000.0,8150000.0,59175000.0,0.1846045858680393,51025000.0,0.15917953517391983,0.0,35525000.0,0.11082514428326314,9850000.0,25175000.0,0.07853688972079238,0.024354,0.02414925,1055995021,1070119391,https://find-and-update.company-information.service.gov.uk/search/companies?q=Capita+PLC,https://find-and-update.company-information.service.gov.uk/search/companies?q=Capita+PLC,1620590612,16:03:32,20210509
60,2003-09-30,CPI.L,GBP,2003-09-30,2003-09-30,Q3,270150000.0,201200000.0,68950000.0,0.2552285767166389,0.0,36100000.0,0.0,0.0,19875000.0,237450000.0,2750000.0,6100000.0,38800000.0,0.1436239126411253,32700000.0,0.12104386451971128,0.0,23375000.0,0.08652600407181196,8525000.0,14825000.0,0.05487692022950213,0.014003116021549723,0.013259728462871063,1058692935,1118047028,https://find-and-update.company-information.service.gov.uk/search/companies?q=Capita+PLC,https://find-and-update.company-information.service.gov.uk/search/companies?q=Capita+PLC,1620590612,16:03:32,20210509
61,2003-06-30,CPI.L,GBP,2003-06-30,2003-06-30,Q2,270150000.0,201200000.0,68950000.0,0.2552285767166389,0.0,36100000.0,0.0,0.0,19875000.0,237450000.0,2750000.0,6100000.0,38800000.0,0.1436239126411253,32700000.0,0.12104386451971128,0.0,23375000.0,0.08652600407181196,8525000.0,14825000.0,0.05487692022950213,0.014003116021549723,0.013259728462871063,1058692935,1118047028,https://find-and-update.company-information.service.gov.uk/search/companies?q=Capita+PLC,https://find-and-update.company-information.service.gov.uk/search/companies?q=Capita+PLC,1620590612,16:03:32,20210509
62,2003-03-31,CPI.L,GBP,2003-03-31,2003-03-31,Q1,270150000.0,201200000.0,68950000.0,0.2552285767166389,0.0,36100000.0,0.0,0.0,19875000.0,237450000.0,2750000.0,6100000.0,38800000.0,0.1436239126411253,32700000.0,0.12104386451971128,0.0,23375000.0,0.08652600407181196,8525000.0,14825000.0,0.05487692022950213,0.014003116021549723,0.013259728462871063,1058692935,1118047028,https://find-and-update.company-information.service.gov.uk/search/companies?q=Capita+PLC,https://find-and-update.company-information.service.gov.uk/search/companies?q=Capita+PLC,1620590612,16:03:32,20210509
63,2003-01-31,CPI.L,GBP,2003-01-31,2003-01-31,Q1,270150000.0,201200000.0,68950000.0,0.2552285767166389,0.0,36100000.0,0.0,0.0,19875000.0,237450000.0,2750000.0,6100000.0,38800000.0,0.1436239126411253,32700000.0,0.12104386451971128,0.0,23375000.0,0.08652600407181196,8525000.0,14825000.0,0.05487692022950213,0.014003116021549723,0.013259728462871063,1058692935,1118047028,https://find-and-update.company-information.service.gov.uk/search/companies?q=Capita+PLC,https://find-and-update.company-information.service.gov.uk/search/companies?q=Capita+PLC,1620590612,16:03:32,20210509
64,2002-09-30,CPI.L,GBP,2002-09-30,2002-09-30,Q3,224376000.0,166254250.0,58121750.0,0.25903728562769635,0.0,31305500.0,0.0,-131000.0,18216500.0,197690750.0,2320500.0,5283250.0,31968500.0,0.14247735943238135,26685250.0,0.11893094626876315,0.0,19517250.0,0.08698457054230399,7556000.0,11966000.0,0.05333012443398581,0.011341276243445239,0.010717804297192835,1055084079,1116460020,https://find-and-update.company-information.service.gov.uk/search/companies?q=Capita+PLC,https://find-and-update.company-information.service.gov.uk/search/companies?q=Capita+PLC,1620590612,16:03:32,20210509
65,2002-06-30,CPI.L,GBP,2002-06-30,2002-06-30,Q2,224376000.0,166254250.0,58121750.0,0.25903728562769635,0.0,31305500.0,0.0,-131000.0,18216500.0,197690750.0,2320500.0,5283250.0,31968500.0,0.14247735943238135,26685250.0,0.11893094626876315,0.0,19517250.0,0.08698457054230399,7556000.0,11966000.0,0.05333012443398581,0.011341276243445239,0.010717804297192835,1055084079,1116460020,https://find-and-update.company-information.service.gov.uk/search/companies?q=Capita+PLC,https://find-and-update.company-information.service.gov.uk/search/companies?q=Capita+PLC,1620590612,16:03:32,20210509
66,2002-03-31,CPI.L,GBP,2002-03-31,2002-03-31,Q1,224376000.0,166254250.0,58121750.0,0.25903728562769635,0.0,31305500.0,0.0,-131000.0,18216500.0,197690750.0,2320500.0,5283250.0,31968500.0,0.14247735943238135,26685250.0,0.11893094626876315,0.0,19517250.0,0.08698457054230399,7556000.0,11966000.0,0.05333012443398581,0.011341276243445239,0.010717804297192835,1055084079,1116460020,https://find-and-update.company-information.service.gov.uk/search/companies?q=Capita+PLC,https://find-and-update.company-information.service.gov.uk/search/companies?q=Capita+PLC,1620590612,16:03:32,20210509
67,2002-01-31,CPI.L,GBP,2002-01-31,2002-01-31,Q1,224376000.0,166254250.0,58121750.0,0.25903728562769635,0.0,31305500.0,0.0,-131000.0,18216500.0,197690750.0,2320500.0,5283250.0,31968500.0,0.14247735943238135,26685250.0,0.11893094626876315,0.0,19517250.0,0.08698457054230399,7556000.0,11966000.0,0.05333012443398581,0.011341276243445239,0.010717804297192835,1055084079,1116460020,https://find-and-update.company-information.service.gov.uk/search/companies?q=Capita+PLC,https://find-and-update.company-information.service.gov.uk/search/companies?q=Capita+PLC,1620590612,16:03:32,20210509
68,2001-09-30,CPI.L,GBP,2001-09-30,2001-09-30,Q3,172800750.0,120865750.0,51935000.0,0.3005484640546988,0.0,0.0,0.0,0.0,23268750.0,153669500.0,1512750.0,3860000.0,22991250.0,0.1330506378010512,19131250.0,0.1107127717906317,0.0,13275000.0,0.07682258323531582,5372750.0,7895500.0,0.045691352612763546,0.0075615,0.00724625,1043484639,1099917051,https://find-and-update.company-information.service.gov.uk/search/companies?q=Capita+PLC,https://find-and-update.company-information.service.gov.uk/search/companies?q=Capita+PLC,1620590612,16:03:32,20210509
69,2001-06-30,CPI.L,GBP,2001-06-30,2001-06-30,Q2,172800750.0,120865750.0,51935000.0,0.3005484640546988,0.0,0.0,0.0,0.0,23268750.0,153669500.0,1512750.0,3860000.0,22991250.0,0.1330506378010512,19131250.0,0.1107127717906317,0.0,13275000.0,0.07682258323531582,5372750.0,7895500.0,0.045691352612763546,0.0075615,0.00724625,1043484639,1099917051,https://find-and-update.company-information.service.gov.uk/search/companies?q=Capita+PLC,https://find-and-update.company-information.service.gov.uk/search/companies?q=Capita+PLC,1620590612,16:03:32,20210509
70,2001-03-31,CPI.L,GBP,2001-03-31,2001-03-31,Q1,172800750.0,120865750.0,51935000.0,0.3005484640546988,0.0,0.0,0.0,0.0,23268750.0,153669500.0,1512750.0,3860000.0,22991250.0,0.1330506378010512,19131250.0,0.1107127717906317,0.0,13275000.0,0.07682258323531582,5372750.0,7895500.0,0.045691352612763546,0.0075615,0.00724625,1043484639,1099917051,https://find-and-update.company-information.service.gov.uk/search/companies?q=Capita+PLC,https://find-and-update.company-information.service.gov.uk/search/companies?q=Capita+PLC,1620590612,16:03:32,20210509
71,2001-01-31,CPI.L,GBP,2001-01-31,2001-01-31,Q1,172800750.0,120865750.0,51935000.0,0.3005484640546988,0.0,0.0,0.0,0.0,23268750.0,153669500.0,1512750.0,3860000.0,22991250.0,0.1330506378010512,19131250.0,0.1107127717906317,0.0,13275000.0,0.07682258323531582,5372750.0,7895500.0,0.045691352612763546,0.0075615,0.00724625,1043484639,1099917051,https://find-and-update.company-information.service.gov.uk/search/companies?q=Capita+PLC,https://find-and-update.company-information.service.gov.uk/search/companies?q=Capita+PLC,1620590612,16:03:32,20210509
72,2000-09-30,CPI.L,GBP,2000-09-30,2000-09-30,Q3,113337000.0,77487750.0,35849250.0,0.3163066783133487,0.0,0.0,0.0,-357250.0,15084250.0,99340500.0,688000.0,2344750.0,16341250.0,0.14418283526121214,13996500.0,0.12349453400037058,0.0,9993500.0,0.08817508845302063,3717000.0,6264500.0,0.05527321174903165,0.00614375,0.005986,1028428695,1067227863,https://find-and-update.company-information.service.gov.uk/search/companies?q=Capita+PLC,https://find-and-update.company-information.service.gov.uk/search/companies?q=Capita+PLC,1620590612,16:03:32,20210509
73,2000-06-30,CPI.L,GBP,2000-06-30,2000-06-30,Q2,113337000.0,77487750.0,35849250.0,0.3163066783133487,0.0,0.0,0.0,-357250.0,15084250.0,99340500.0,688000.0,2344750.0,16341250.0,0.14418283526121214,13996500.0,0.12349453400037058,0.0,9993500.0,0.08817508845302063,3717000.0,6264500.0,0.05527321174903165,0.00614375,0.005986,1028428695,1067227863,https://find-and-update.company-information.service.gov.uk/search/companies?q=Capita+PLC,https://find-and-update.company-information.service.gov.uk/search/companies?q=Capita+PLC,1620590612,16:03:32,20210509
74,2000-03-31,CPI.L,GBP,2000-03-31,2000-03-31,Q1,113337000.0,77487750.0,35849250.0,0.3163066783133487,0.0,0.0,0.0,-357250.0,15084250.0,99340500.0,688000.0,2344750.0,16341250.0,0.14418283526121214,13996500.0,0.12349453400037058,0.0,9993500.0,0.08817508845302063,3717000.0,6264500.0,0.05527321174903165,0.00614375,0.005986,1028428695,1067227863,https://find-and-update.company-information.service.gov.uk/search/companies?q=Capita+PLC,https://find-and-update.company-information.service.gov.uk/search/companies?q=Capita+PLC,1620590612,16:03:32,20210509
75,2000-01-31,CPI.L,GBP,2000-01-31,2000-01-31,Q1,113337000.0,77487750.0,35849250.0,0.3163066783133487,0.0,0.0,0.0,-357250.0,15084250.0,99340500.0,688000.0,2344750.0,16341250.0,0.14418283526121214,13996500.0,0.12349453400037058,0.0,9993500.0,0.08817508845302063,3717000.0,6264500.0,0.05527321174903165,0.00614375,0.005986,1028428695,1067227863,https://find-and-update.company-information.service.gov.uk/search/companies?q=Capita+PLC,https://find-and-update.company-information.service.gov.uk/search/companies?q=Capita+PLC,1620590612,16:03:32,20210509
76,1999-09-30,CPI.L,GBP,1999-09-30,1999-09-30,Q3,81799750.0,55453750.0,26346000.0,0.3220792239585084,0.0,0.0,0.0,0.0,11288750.0,72580250.0,230250.0,1689250.0,10908750.0,0.13335920953303648,9219500.0,0.11270816842349762,0.0,8037000.0,0.09825213402241449,2818250.0,5205250.0,0.06363405756130061,0.005356,0.0051985,975171886,1006113778,https://find-and-update.company-information.service.gov.uk/search/companies?q=Capita+PLC,https://find-and-update.company-information.service.gov.uk/search/companies?q=Capita+PLC,1620590612,16:03:32,20210509
77,1999-06-30,CPI.L,GBP,1999-06-30,1999-06-30,Q2,81799750.0,55453750.0,26346000.0,0.3220792239585084,0.0,0.0,0.0,0.0,11288750.0,72580250.0,230250.0,1689250.0,10908750.0,0.13335920953303648,9219500.0,0.11270816842349762,0.0,8037000.0,0.09825213402241449,2818250.0,5205250.0,0.06363405756130061,0.005356,0.0051985,975171886,1006113778,https://find-and-update.company-information.service.gov.uk/search/companies?q=Capita+PLC,https://find-and-update.company-information.service.gov.uk/search/companies?q=Capita+PLC,1620590612,16:03:32,20210509
78,1999-03-31,CPI.L,GBP,1999-03-31,1999-03-31,Q1,81799750.0,55453750.0,26346000.0,0.3220792239585084,0.0,0.0,0.0,0.0,11288750.0,72580250.0,230250.0,1689250.0,10908750.0,0.13335920953303648,9219500.0,0.11270816842349762,0.0,8037000.0,0.09825213402241449,2818250.0,5205250.0,0.06363405756130061,0.005356,0.0051985,975171886,1006113778,https://find-and-update.company-information.service.gov.uk/search/companies?q=Capita+PLC,https://find-and-update.company-information.service.gov.uk/search/companies?q=Capita+PLC,1620590612,16:03:32,20210509
79,1999-01-31,CPI.L,GBP,1999-01-31,1999-01-31,Q1,81799750.0,55453750.0,26346000.0,0.3220792239585084,0.0,0.0,0.0,0.0,11288750.0,72580250.0,230250.0,1689250.0,10908750.0,0.13335920953303648,9219500.0,0.11270816842349762,0.0,8037000.0,0.09825213402241449,2818250.0,5205250.0,0.06363405756130061,0.005356,0.0051985,975171886,1006113778,https://find-and-update.company-information.service.gov.uk/search/companies?q=Capita+PLC,https://find-and-update.company-information.service.gov.uk/search/companies?q=Capita+PLC,1620590612,16:03:32,20210509
80,1998-09-30,CPI.L,GBP,1998-09-30,1998-09-30,Q3,59450500.0,40181750.0,19268750.0,0.3241141790228846,0.0,0.0,0.0,0.0,7557250.0,52779000.0,218000.0,981750.0,7653250.0,0.12873314774476244,6671500.0,0.11221940942464739,0.0,6453500.0,0.10855249325068754,2177000.0,4075500.0,0.06855282966501543,0.00441075,0.00430575,925095440,950976364,https://find-and-update.company-information.service.gov.uk/search/companies?q=Capita+PLC,https://find-and-update.company-information.service.gov.uk/search/companies?q=Capita+PLC,1620590612,16:03:32,20210509
81,1998-06-30,CPI.L,GBP,1998-06-30,1998-06-30,Q2,59450500.0,40181750.0,19268750.0,0.3241141790228846,0.0,0.0,0.0,0.0,7557250.0,52779000.0,218000.0,981750.0,7653250.0,0.12873314774476244,6671500.0,0.11221940942464739,0.0,6453500.0,0.10855249325068754,2177000.0,4075500.0,0.06855282966501543,0.00441075,0.00430575,925095440,950976364,https://find-and-update.company-information.service.gov.uk/search/companies?q=Capita+PLC,https://find-and-update.company-information.service.gov.uk/search/companies?q=Capita+PLC,1620590612,16:03:32,20210509
82,1998-03-31,CPI.L,GBP,1998-03-31,1998-03-31,Q1,59450500.0,40181750.0,19268750.0,0.3241141790228846,0.0,0.0,0.0,0.0,7557250.0,52779000.0,218000.0,981750.0,7653250.0,0.12873314774476244,6671500.0,0.11221940942464739,0.0,6453500.0,0.10855249325068754,2177000.0,4075500.0,0.06855282966501543,0.00441075,0.00430575,925095440,950976364,https://find-and-update.company-information.service.gov.uk/search/companies?q=Capita+PLC,https://find-and-update.company-information.service.gov.uk/search/companies?q=Capita+PLC,1620590612,16:03:32,20210509
83,1998-01-31,CPI.L,GBP,1998-01-31,1998-01-31,Q1,59450500.0,40181750.0,19268750.0,0.3241141790228846,0.0,0.0,0.0,0.0,7557250.0,52779000.0,218000.0,981750.0,7653250.0,0.12873314774476244,6671500.0,0.11221940942464739,0.0,6453500.0,0.10855249325068754,2177000.0,4075500.0,0.06855282966501543,0.00441075,0.00430575,925095440,950976364,https://find-and-update.company-information.service.gov.uk/search/companies?q=Capita+PLC,https://find-and-update.company-information.service.gov.uk/search/companies?q=Capita+PLC,1620590612,16:03:32,20210509
84,1997-09-30,CPI.L,GBP,1997-09-30,1997-09-30,Q3,43226000.0,0.0,0.0,0.0,0.0,0.0,0.0,0.0,34719500.0,39066500.0,12500.0,849000.0,5008500.0,0.11586776477120252,4159500.0,0.09622680793966594,0.0,4578000.0,0.10590848100680146,1465000.0,3041500.0,0.07036274464442696,0.00341325,0.0033605,889854344,913926079,https://find-and-update.company-information.service.gov.uk/search/companies?q=Capita+PLC,https://find-and-update.company-information.service.gov.uk/search/companies?q=Capita+PLC,1620590612,16:03:32,20210509
85,1997-06-30,CPI.L,GBP,1997-06-30,1997-06-30,Q2,43226000.0,0.0,0.0,0.0,0.0,0.0,0.0,0.0,34719500.0,39066500.0,12500.0,849000.0,5008500.0,0.11586776477120252,4159500.0,0.09622680793966594,0.0,4578000.0,0.10590848100680146,1465000.0,3041500.0,0.07036274464442696,0.00341325,0.0033605,889854344,913926079,https://find-and-update.company-information.service.gov.uk/search/companies?q=Capita+PLC,https://find-and-update.company-information.service.gov.uk/search/companies?q=Capita+PLC,1620590612,16:03:32,20210509
86,1997-03-31,CPI.L,GBP,1997-03-31,1997-03-31,Q1,43226000.0,0.0,0.0,0.0,0.0,0.0,0.0,0.0,34719500.0,39066500.0,12500.0,849000.0,5008500.0,0.11586776477120252,4159500.0,0.09622680793966594,0.0,4578000.0,0.10590848100680146,1465000.0,3041500.0,0.07036274464442696,0.00341325,0.0033605,889854344,913926079,https://find-and-update.company-information.service.gov.uk/search/companies?q=Capita+PLC,https://find-and-update.company-information.service.gov.uk/search/companies?q=Capita+PLC,1620590612,16:03:32,20210509
87,1997-01-31,CPI.L,GBP,1997-01-31,1997-01-31,Q1,43226000.0,0.0,0.0,0.0,0.0,0.0,0.0,0.0,34719500.0,39066500.0,12500.0,849000.0,5008500.0,0.11586776477120252,4159500.0,0.09622680793966594,0.0,4578000.0,0.10590848100680146,1465000.0,3041500.0,0.07036274464442696,0.00341325,0.0033605,889854344,913926079,https://find-and-update.company-information.service.gov.uk/search/companies?q=Capita+PLC,https://find-and-update.company-information.service.gov.uk/search/companies?q=Capita+PLC,1620590612,16:03:32,20210509
88,1996-09-30,CPI.L,GBP,1996-09-30,1996-09-30,Q3,27967250.0,0.0,0.0,0.0,0.0,0.0,0.0,-437500.0,22040500.0,25034250.0,2500.0,572750.0,3505750.0,0.12535197418409033,2933000.0,0.10487266356184466,0.0,3073000.0,0.10987851862446255,1002500.0,2025500.0,0.07242399592380373,0.002503,0.002503,812021131,812021131,https://find-and-update.company-information.service.gov.uk/search/companies?q=Capita+PLC,https://find-and-update.company-information.service.gov.uk/search/companies?q=Capita+PLC,1620590612,16:03:32,20210509
89,1996-06-30,CPI.L,GBP,1996-06-30,1996-06-30,Q2,27967250.0,0.0,0.0,0.0,0.0,0.0,0.0,-437500.0,22040500.0,25034250.0,2500.0,572750.0,3505750.0,0.12535197418409033,2933000.0,0.10487266356184466,0.0,3073000.0,0.10987851862446255,1002500.0,2025500.0,0.07242399592380373,0.002503,0.002503,812021131,812021131,https://find-and-update.company-information.service.gov.uk/search/companies?q=Capita+PLC,https://find-and-update.company-information.service.gov.uk/search/companies?q=Capita+PLC,1620590612,16:03:32,20210509
90,1996-03-31,CPI.L,GBP,1996-03-31,1996-03-31,Q1,27967250.0,0.0,0.0,0.0,0.0,0.0,0.0,-437500.0,22040500.0,25034250.0,2500.0,572750.0,3505750.0,0.12535197418409033,2933000.0,0.10487266356184466,0.0,3073000.0,0.10987851862446255,1002500.0,2025500.0,0.07242399592380373,0.002503,0.002503,812021131,812021131,https://find-and-update.company-information.service.gov.uk/search/companies?q=Capita+PLC,https://find-and-update.company-information.service.gov.uk/search/companies?q=Capita+PLC,1620590612,16:03:32,20210509
91,1996-01-31,CPI.L,GBP,1996-01-31,1996-01-31,Q1,27967250.0,0.0,0.0,0.0,0.0,0.0,0.0,-437500.0,22040500.0,25034250.0,2500.0,572750.0,3505750.0,0.12535197418409033,2933000.0,0.10487266356184466,0.0,3073000.0,0.10987851862446255,1002500.0,2025500.0,0.07242399592380373,0.002503,0.002503,812021131,812021131,https://find-and-update.company-information.service.gov.uk/search/companies?q=Capita+PLC,https://find-and-update.company-information.service.gov.uk/search/companies?q=Capita+PLC,1620590612,16:03:32,20210509
92,1995-09-30,CPI.L,GBP,1995-09-30,1995-09-30,Q3,21748500.0,0.0,0.0,0.0,0.0,0.0,0.0,-67250.0,16968750.0,19471750.0,7250.0,496500.0,2773250.0,0.1275145412327287,2276750.0,0.10468538060096098,0.0,2355000.0,0.10828332988481965,725250.0,1617750.0,0.07438444030622801,0.0020655,0.0020655,786111641,786111641,https://find-and-update.company-information.service.gov.uk/search/companies?q=Capita+PLC,https://find-and-update.company-information.service.gov.uk/search/companies?q=Capita+PLC,1620590612,16:03:32,20210509
93,1995-06-30,CPI.L,GBP,1995-06-30,1995-06-30,Q2,21748500.0,0.0,0.0,0.0,0.0,0.0,0.0,-67250.0,16968750.0,19471750.0,7250.0,496500.0,2773250.0,0.1275145412327287,2276750.0,0.10468538060096098,0.0,2355000.0,0.10828332988481965,725250.0,1617750.0,0.07438444030622801,0.0020655,0.0020655,786111641,786111641,https://find-and-update.company-information.service.gov.uk/search/companies?q=Capita+PLC,https://find-and-update.company-information.service.gov.uk/search/companies?q=Capita+PLC,1620590612,16:03:32,20210509
94,1995-03-31,CPI.L,GBP,1995-03-31,1995-03-31,Q1,21748500.0,0.0,0.0,0.0,0.0,0.0,0.0,-67250.0,16968750.0,19471750.0,7250.0,496500.0,2773250.0,0.1275145412327287,2276750.0,0.10468538060096098,0.0,2355000.0,0.10828332988481965,725250.0,1617750.0,0.07438444030622801,0.0020655,0.0020655,786111641,786111641,https://find-and-update.company-information.service.gov.uk/search/companies?q=Capita+PLC,https://find-and-update.company-information.service.gov.uk/search/companies?q=Capita+PLC,1620590612,16:03:32,20210509
95,1995-01-31,CPI.L,GBP,1995-01-31,1995-01-31,Q1,21748500.0,0.0,0.0,0.0,0.0,0.0,0.0,-67250.0,16968750.0,19471750.0,7250.0,496500.0,2773250.0,0.1275145412327287,2276750.0,0.10468538060096098,0.0,2355000.0,0.10828332988481965,725250.0,1617750.0,0.07438444030622801,0.0020655,0.0020655,786111641,786111641,https://find-and-update.company-information.service.gov.uk/search/companies?q=Capita+PLC,https://find-and-update.company-information.service.gov.uk/search/companies?q=Capita+PLC,1620590612,16:03:32,20210509
96,1994-09-30,CPI.L,GBP,1994-09-30,1994-09-30,Q3,18450000.0,0.0,0.0,0.0,0.0,0.0,0.0,128750.0,14848250.0,16787000.0,13500.0,492250.0,2155250.0,0.11681571815718157,1663000.0,0.09013550135501355,0.0,1975750.0,0.10708672086720868,613000.0,1352750.0,0.07331978319783197,0.00183775,0.00183775,737063576,737063576,https://find-and-update.company-information.service.gov.uk/search/companies?q=Capita+PLC,https://find-and-update.company-information.service.gov.uk/search/companies?q=Capita+PLC,1620590612,16:03:32,20210509
97,1994-06-30,CPI.L,GBP,1994-06-30,1994-06-30,Q2,18450000.0,0.0,0.0,0.0,0.0,0.0,0.0,128750.0,14848250.0,16787000.0,13500.0,492250.0,2155250.0,0.11681571815718157,1663000.0,0.09013550135501355,0.0,1975750.0,0.10708672086720868,613000.0,1352750.0,0.07331978319783197,0.00183775,0.00183775,737063576,737063576,https://find-and-update.company-information.service.gov.uk/search/companies?q=Capita+PLC,https://find-and-update.company-information.service.gov.uk/search/companies?q=Capita+PLC,1620590612,16:03:32,20210509
98,1994-03-31,CPI.L,GBP,1994-03-31,1994-03-31,Q1,18450000.0,0.0,0.0,0.0,0.0,0.0,0.0,128750.0,14848250.0,16787000.0,13500.0,492250.0,2155250.0,0.11681571815718157,1663000.0,0.09013550135501355,0.0,1975750.0,0.10708672086720868,613000.0,1352750.0,0.07331978319783197,0.00183775,0.00183775,737063576,737063576,https://find-and-update.company-information.service.gov.uk/search/companies?q=Capita+PLC,https://find-and-update.company-information.service.gov.uk/search/companies?q=Capita+PLC,1620590612,16:03:32,20210509
99,1994-01-31,CPI.L,GBP,1994-01-31,1994-01-31,Q1,18450000.0,0.0,0.0,0.0,0.0,0.0,0.0,128750.0,14848250.0,16787000.0,13500.0,492250.0,2155250.0,0.11681571815718157,1663000.0,0.09013550135501355,0.0,1975750.0,0.10708672086720868,613000.0,1352750.0,0.07331978319783197,0.00183775,0.00183775,737063576,737063576,https://find-and-update.company-information.service.gov.uk/search/companies?q=Capita+PLC,https://find-and-update.company-information.service.gov.uk/search/companies?q=Capita+PLC,1620590612,16:03:32,20210509
100,1993-09-30,CPI.L,GBP,1993-09-30,1993-09-30,Q3,12542000.0,0.0,0.0,0.0,0.0,0.0,0.0,21500.0,9917750.0,11312750.0,3000.0,345750.0,1575000.0,0.1255780577260405,1229250.0,0.09801068410141923,0.0,1365750.0,0.10889411577100941,394250.0,949250.0,0.07568569606123425,0.00138275,0.00138275,690772144,690772144,https://find-and-update.company-information.service.gov.uk/search/companies?q=Capita+PLC,https://find-and-update.company-information.service.gov.uk/search/companies?q=Capita+PLC,1620590612,16:03:32,20210509
101,1993-06-30,CPI.L,GBP,1993-06-30,1993-06-30,Q2,12542000.0,0.0,0.0,0.0,0.0,0.0,0.0,21500.0,9917750.0,11312750.0,3000.0,345750.0,1575000.0,0.1255780577260405,1229250.0,0.09801068410141923,0.0,1365750.0,0.10889411577100941,394250.0,949250.0,0.07568569606123425,0.00138275,0.00138275,690772144,690772144,https://find-and-update.company-information.service.gov.uk/search/companies?q=Capita+PLC,https://find-and-update.company-information.service.gov.uk/search/companies?q=Capita+PLC,1620590612,16:03:32,20210509
102,1993-03-31,CPI.L,GBP,1993-03-31,1993-03-31,Q1,12542000.0,0.0,0.0,0.0,0.0,0.0,0.0,21500.0,9917750.0,11312750.0,3000.0,345750.0,1575000.0,0.1255780577260405,1229250.0,0.09801068410141923,0.0,1365750.0,0.10889411577100941,394250.0,949250.0,0.07568569606123425,0.00138275,0.00138275,690772144,690772144,https://find-and-update.company-information.service.gov.uk/search/companies?q=Capita+PLC,https://find-and-update.company-information.service.gov.uk/search/companies?q=Capita+PLC,1620590612,16:03:32,20210509
103,1993-01-31,CPI.L,GBP,1993-01-31,1993-01-31,Q1,12542000.0,0.0,0.0,0.0,0.0,0.0,0.0,21500.0,9917750.0,11312750.0,3000.0,345750.0,1575000.0,0.1255780577260405,1229250.0,0.09801068410141923,0.0,1365750.0,0.10889411577100941,394250.0,949250.0,0.07568569606123425,0.00138275,0.00138275,690772144,690772144,https://find-and-update.company-information.service.gov.uk/search/companies?q=Capita+PLC,https://find-and-update.company-information.service.gov.uk/search/companies?q=Capita+PLC,1620590612,16:03:32,20210509
104,1992-09-30,CPI.L,GBP,1992-09-30,1992-09-30,Q3,8274500.0,0.0,0.0,0.0,0.0,0.0,0.0,58000.0,6419500.0,7403500.0,1500.0,257000.0,1128000.0,0.136322436400991,871000.0,0.10526315789473684,0.0,1101500.0,0.1331198259713578,319500.0,737250.0,0.08909903921687111,0.001126,0.001126,654821656,654821656,https://find-and-update.company-information.service.gov.uk/search/companies?q=Capita+PLC,https://find-and-update.company-information.service.gov.uk/search/companies?q=Capita+PLC,1620590612,16:03:32,20210509
105,1992-06-30,CPI.L,GBP,1992-06-30,1992-06-30,Q2,8274500.0,0.0,0.0,0.0,0.0,0.0,0.0,58000.0,6419500.0,7403500.0,1500.0,257000.0,1128000.0,0.136322436400991,871000.0,0.10526315789473684,0.0,1101500.0,0.1331198259713578,319500.0,737250.0,0.08909903921687111,0.001126,0.001126,654821656,654821656,https://find-and-update.company-information.service.gov.uk/search/companies?q=Capita+PLC,https://find-and-update.company-information.service.gov.uk/search/companies?q=Capita+PLC,1620590612,16:03:32,20210509
106,1992-03-31,CPI.L,GBP,1992-03-31,1992-03-31,Q1,8274500.0,0.0,0.0,0.0,0.0,0.0,0.0,58000.0,6419500.0,7403500.0,1500.0,257000.0,1128000.0,0.136322436400991,871000.0,0.10526315789473684,0.0,1101500.0,0.1331198259713578,319500.0,737250.0,0.08909903921687111,0.001126,0.001126,654821656,654821656,https://find-and-update.company-information.service.gov.uk/search/companies?q=Capita+PLC,https://find-and-update.company-information.service.gov.uk/search/companies?q=Capita+PLC,1620590612,16:03:32,20210509
107,1992-01-31,CPI.L,GBP,1992-01-31,1992-01-31,Q1,8274500.0,0.0,0.0,0.0,0.0,0.0,0.0,58000.0,6419500.0,7403500.0,1500.0,257000.0,1128000.0,0.136322436400991,871000.0,0.10526315789473684,0.0,1101500.0,0.1331198259713578,319500.0,737250.0,0.08909903921687111,0.001126,0.001126,654821656,654821656,https://find-and-update.company-information.service.gov.uk/search/companies?q=Capita+PLC,https://find-and-update.company-information.service.gov.uk/search/companies?q=Capita+PLC,1620590612,16:03:32,20210509
108,1991-09-30,CPI.L,GBP,1991-09-30,1991-09-30,Q3,6178000.0,0.0,0.0,0.0,0.0,0.0,0.0,762250.0,5368250.0,6178000.0,2250.0,149000.0,1013250.0,6.097211941771527,0.0,0.0,0.0,862000.0,0.1395273551311104,284500.0,512750.0,0.08299611524765296,0.000882,0.000882,581420956,581420956,https://find-and-update.company-information.service.gov.uk/search/companies?q=Capita+PLC,https://find-and-update.company-information.service.gov.uk/search/companies?q=Capita+PLC,1620590612,16:03:32,20210509
109,1991-06-30,CPI.L,GBP,1991-06-30,1991-06-30,Q2,6178000.0,0.0,0.0,0.0,0.0,0.0,0.0,762250.0,5368250.0,6178000.0,2250.0,149000.0,1013250.0,6.097211941771527,0.0,0.0,0.0,862000.0,0.1395273551311104,284500.0,512750.0,0.08299611524765296,0.000882,0.000882,581420956,581420956,https://find-and-update.company-information.service.gov.uk/search/companies?q=Capita+PLC,https://find-and-update.company-information.service.gov.uk/search/companies?q=Capita+PLC,1620590612,16:03:32,20210509
110,1991-03-31,CPI.L,GBP,1991-03-31,1991-03-31,Q1,6178000.0,0.0,0.0,0.0,0.0,0.0,0.0,762250.0,5368250.0,6178000.0,2250.0,149000.0,1013250.0,6.097211941771527,0.0,0.0,0.0,862000.0,0.1395273551311104,284500.0,512750.0,0.08299611524765296,0.000882,0.000882,581420956,581420956,https://find-and-update.company-information.service.gov.uk/search/companies?q=Capita+PLC,https://find-and-update.company-information.service.gov.uk/search/companies?q=Capita+PLC,1620590612,16:03:32,20210509
111,1991-01-31,CPI.L,GBP,1991-01-31,1991-01-31,Q1,6178000.0,0.0,0.0,0.0,0.0,0.0,0.0,762250.0,5368250.0,6178000.0,2250.0,149000.0,1013250.0,6.097211941771527,0.0,0.0,0.0,862000.0,0.1395273551311104,284500.0,512750.0,0.08299611524765296,0.000882,0.000882,581420956,581420956,https://find-and-update.company-information.service.gov.uk/search/companies?q=Capita+PLC,https://find-and-update.company-information.service.gov.uk/search/companies?q=Capita+PLC,1620590612,16:03:32,20210509
112,1990-09-30,CPI.L,GBP,1990-09-30,1990-09-30,Q3,5018000.0,0.0,0.0,0.0,0.0,0.0,0.0,561500.0,4604250.0,5018000.0,3500.0,108500.0,740000.0,6.781081081081081,0.0,0.0,0.0,628000.0,0.1251494619370267,228000.0,375500.0,0.07483060980470307,0.00079575,0.00079575,471875313,471875313,https://find-and-update.company-information.service.gov.uk/search/companies?q=Capita+PLC,https://find-and-update.company-information.service.gov.uk/search/companies?q=Capita+PLC,1620590612,16:03:32,20210509
113,1990-06-30,CPI.L,GBP,1990-06-30,1990-06-30,Q2,5018000.0,0.0,0.0,0.0,0.0,0.0,0.0,561500.0,4604250.0,5018000.0,3500.0,108500.0,740000.0,6.781081081081081,0.0,0.0,0.0,628000.0,0.1251494619370267,228000.0,375500.0,0.07483060980470307,0.00079575,0.00079575,471875313,471875313,https://find-and-update.company-information.service.gov.uk/search/companies?q=Capita+PLC,https://find-and-update.company-information.service.gov.uk/search/companies?q=Capita+PLC,1620590612,16:03:32,20210509
114,1990-03-31,CPI.L,GBP,1990-03-31,1990-03-31,Q1,5018000.0,0.0,0.0,0.0,0.0,0.0,0.0,561500.0,4604250.0,5018000.0,3500.0,108500.0,740000.0,6.781081081081081,0.0,0.0,0.0,628000.0,0.1251494619370267,228000.0,375500.0,0.07483060980470307,0.00079575,0.00079575,471875313,471875313,https://find-and-update.company-information.service.gov.uk/search/companies?q=Capita+PLC,https://find-and-update.company-information.service.gov.uk/search/companies?q=Capita+PLC,1620590612,16:03:32,20210509
115,1990-01-31,CPI.L,GBP,1990-01-31,1990-01-31,Q1,5018000.0,0.0,0.0,0.0,0.0,0.0,0.0,561500.0,4604250.0,5018000.0,3500.0,108500.0,740000.0,6.781081081081081,0.0,0.0,0.0,628000.0,0.1251494619370267,228000.0,375500.0,0.07483060980470307,0.00079575,0.00079575,471875313,471875313,https://find-and-update.company-information.service.gov.uk/search/companies?q=Capita+PLC,https://find-and-update.company-information.service.gov.uk/search/companies?q=Capita+PLC,1620590612,16:03:32,20210509
116,1989-09-30,CPI.L,GBP,1989-09-30,1989-09-30,Q3,1721000.0,0.0,0.0,0.0,0.0,0.0,0.0,253250.0,1578500.0,1721000.0,3250.0,31250.0,360500.0,4.773925104022191,0.0,0.0,0.0,326000.0,0.189424753050552,117750.0,208250.0,0.12100522951772226,0.00059325,0.00059325,351022380,351022380,https://find-and-update.company-information.service.gov.uk/search/companies?q=Capita+PLC,https://find-and-update.company-information.service.gov.uk/search/companies?q=Capita+PLC,1620590612,16:03:32,20210509
117,1989-06-30,CPI.L,GBP,1989-06-30,1989-06-30,Q2,1721000.0,0.0,0.0,0.0,0.0,0.0,0.0,253250.0,1578500.0,1721000.0,3250.0,31250.0,360500.0,4.773925104022191,0.0,0.0,0.0,326000.0,0.189424753050552,117750.0,208250.0,0.12100522951772226,0.00059325,0.00059325,351022380,351022380,https://find-and-update.company-information.service.gov.uk/search/companies?q=Capita+PLC,https://find-and-update.company-information.service.gov.uk/search/companies?q=Capita+PLC,1620590612,16:03:32,20210509
118,1989-03-31,CPI.L,GBP,1989-03-31,1989-03-31,Q1,1721000.0,0.0,0.0,0.0,0.0,0.0,0.0,253250.0,1578500.0,1721000.0,3250.0,31250.0,360500.0,4.773925104022191,0.0,0.0,0.0,326000.0,0.189424753050552,117750.0,208250.0,0.12100522951772226,0.00059325,0.00059325,351022380,351022380,https://find-and-update.company-information.service.gov.uk/search/companies?q=Capita+PLC,https://find-and-update.company-information.service.gov.uk/search/companies?q=Capita+PLC,1620590612,16:03:32,20210509
119,1989-01-31,CPI.L,GBP,1989-01-31,1989-01-31,Q1,1721000.0,0.0,0.0,0.0,0.0,0.0,0.0,253250.0,1578500.0,1721000.0,3250.0,31250.0,360500.0,4.773925104022191,0.0,0.0,0.0,326000.0,0.189424753050552,117750.0,208250.0,0.12100522951772226,0.00059325,0.00059325,351022380,351022380,https://find-and-update.company-information.service.gov.uk/search/companies?q=Capita+PLC,https://find-and-update.company-information.service.gov.uk/search/companies?q=Capita+PLC,1620590612,16:03:32,20210509
120,1988-09-30,CPI.L,GBP,1988-09-30,1988-09-30,Q3,1075250.0,0.0,0.0,0.0,0.0,0.0,0.0,178250.0,985750.0,1075250.0,10250.0,12500.0,209500.0,5.1324582338902145,0.0,0.0,0.0,186750.0,0.17368053940943967,72000.0,114750.0,0.1067193675889328,0.00029425,0.00029425,389927507,389927507,https://find-and-update.company-information.service.gov.uk/search/companies?q=Capita+PLC,https://find-and-update.company-information.service.gov.uk/search/companies?q=Capita+PLC,1620590612,16:03:32,20210509
121,1988-06-30,CPI.L,GBP,1988-06-30,1988-06-30,Q2,1075250.0,0.0,0.0,0.0,0.0,0.0,0.0,178250.0,985750.0,1075250.0,10250.0,12500.0,209500.0,5.1324582338902145,0.0,0.0,0.0,186750.0,0.17368053940943967,72000.0,114750.0,0.1067193675889328,0.00029425,0.00029425,389927507,389927507,https://find-and-update.company-information.service.gov.uk/search/companies?q=Capita+PLC,https://find-and-update.company-information.service.gov.uk/search/companies?q=Capita+PLC,1620590612,16:03:32,20210509
122,1988-03-31,CPI.L,GBP,1988-03-31,1988-03-31,Q1,1075250.0,0.0,0.0,0.0,0.0,0.0,0.0,178250.0,985750.0,1075250.0,10250.0,12500.0,209500.0,5.1324582338902145,0.0,0.0,0.0,186750.0,0.17368053940943967,72000.0,114750.0,0.1067193675889328,0.00029425,0.00029425,389927507,389927507,https://find-and-update.company-information.service.gov.uk/search/companies?q=Capita+PLC,https://find-and-update.company-information.service.gov.uk/search/companies?q=Capita+PLC,1620590612,16:03:32,20210509
123,1988-01-31,CPI.L,GBP,1988-01-31,1988-01-31,Q1,1075250.0,0.0,0.0,0.0,0.0,0.0,0.0,178250.0,985750.0,1075250.0,10250.0,12500.0,209500.0,5.1324582338902145,0.0,0.0,0.0,186750.0,0.17368053940943967,72000.0,114750.0,0.1067193675889328,0.00029425,0.00029425,389927507,389927507,https://find-and-update.company-information.service.gov.uk/search/companies?q=Capita+PLC,https://find-and-update.company-information.service.gov.uk/search/companies?q=Capita+PLC,1620590612,16:03:32,20210509
124,1987-09-30,CPI.L,GBP,1987-09-30,1987-09-30,Q3,484000.0,0.0,0.0,0.0,0.0,0.0,0.0,0.0,458750.0,484000.0,7750.0,7000.0,115750.0,4.181425485961123,0.0,0.0,0.0,101000.0,0.20867768595041322,35750.0,43500.0,0.08987603305785125,0.000178,0.000178,244252343,244252343,https://find-and-update.company-information.service.gov.uk/search/companies?q=Capita+PLC,https://find-and-update.company-information.service.gov.uk/search/companies?q=Capita+PLC,1620590612,16:03:32,20210509
125,1987-06-30,CPI.L,GBP,1987-06-30,1987-06-30,Q2,484000.0,0.0,0.0,0.0,0.0,0.0,0.0,0.0,458750.0,484000.0,7750.0,7000.0,115750.0,4.181425485961123,0.0,0.0,0.0,101000.0,0.20867768595041322,35750.0,43500.0,0.08987603305785125,0.000178,0.000178,244252343,244252343,https://find-and-update.company-information.service.gov.uk/search/companies?q=Capita+PLC,https://find-and-update.company-information.service.gov.uk/search/companies?q=Capita+PLC,1620590612,16:03:32,20210509
126,1987-03-31,CPI.L,GBP,1987-03-31,1987-03-31,Q1,484000.0,0.0,0.0,0.0,0.0,0.0,0.0,0.0,458750.0,484000.0,7750.0,7000.0,115750.0,4.181425485961123,0.0,0.0,0.0,101000.0,0.20867768595041322,35750.0,43500.0,0.08987603305785125,0.000178,0.000178,244252343,244252343,https://find-and-update.company-information.service.gov.uk/search/companies?q=Capita+PLC,https://find-and-update.company-information.service.gov.uk/search/companies?q=Capita+PLC,1620590612,16:03:32,20210509
127,1987-01-31,CPI.L,GBP,1987-01-31,1987-01-31,Q1,484000.0,0.0,0.0,0.0,0.0,0.0,0.0,0.0,458750.0,484000.0,7750.0,7000.0,115750.0,4.181425485961123,0.0,0.0,0.0,101000.0,0.20867768595041322,35750.0,43500.0,0.08987603305785125,0.000178,0.000178,244252343,244252343,https://find-and-update.company-information.service.gov.uk/search/companies?q=Capita+PLC,https://find-and-update.company-information.service.gov.uk/search/companies?q=Capita+PLC,1620590612,16:03:32,20210509
128,1986-09-30,CPI.L,GBP,1986-09-30,1986-09-30,Q3,339000.0,0.0,0.0,0.0,0.0,0.0,0.0,65500.0,330500.0,339000.0,4750.0,5750.0,73750.0,4.596610169491526,0.0,0.0,0.0,63250.0,0.18657817109144542,23000.0,40250.0,0.1187315634218289,0.00010325,0.00010325,389927507,389927507,https://find-and-update.company-information.service.gov.uk/search/companies?q=Capita+PLC,https://find-and-update.company-information.service.gov.uk/search/companies?q=Capita+PLC,1620590612,16:03:32,20210509
129,1986-06-30,CPI.L,GBP,1986-06-30,1986-06-30,Q2,339000.0,0.0,0.0,0.0,0.0,0.0,0.0,65500.0,330500.0,339000.0,4750.0,5750.0,73750.0,4.596610169491526,0.0,0.0,0.0,63250.0,0.18657817109144542,23000.0,40250.0,0.1187315634218289,0.00010325,0.00010325,389927507,389927507,https://find-and-update.company-information.service.gov.uk/search/companies?q=Capita+PLC,https://find-and-update.company-information.service.gov.uk/search/companies?q=Capita+PLC,1620590612,16:03:32,20210509
130,1986-03-31,CPI.L,GBP,1986-03-31,1986-03-31,Q1,339000.0,0.0,0.0,0.0,0.0,0.0,0.0,65500.0,330500.0,339000.0,4750.0,5750.0,73750.0,4.596610169491526,0.0,0.0,0.0,63250.0,0.18657817109144542,23000.0,40250.0,0.1187315634218289,0.00010325,0.00010325,389927507,389927507,https://find-and-update.company-information.service.gov.uk/search/companies?q=Capita+PLC,https://find-and-update.company-information.service.gov.uk/search/companies?q=Capita+PLC,1620590612,16:03:32,20210509
131,1986-01-31,CPI.L,GBP,1986-01-31,1986-01-31,Q1,339000.0,0.0,0.0,0.0,0.0,0.0,0.0,65500.0,330500.0,339000.0,4750.0,5750.0,73750.0,4.596610169491526,0.0,0.0,0.0,63250.0,0.18657817109144542,23000.0,40250.0,0.1187315634218289,0.00010325,0.00010325,389927507,389927507,https://find-and-update.company-information.service.gov.uk/search/companies?q=Capita+PLC,https://find-and-update.company-information.service.gov.uk/search/companies?q=Capita+PLC,1620590612,16:03:32,20210509
132,1985-09-30,CPI.L,GBP,1985-09-30,1985-09-30,Q3,198250.0,0.0,0.0,0.0,0.0,0.0,0.0,17250.0,197000.0,198250.0,3750.0,500.0,18500.0,10.716216216216216,0.0,0.0,0.0,14250.0,0.07187894073139975,4750.0,9500.0,0.04791929382093316,2.425e-05,2.425e-05,389927507,389927507,https://find-and-update.company-information.service.gov.uk/search/companies?q=Capita+PLC,https://find-and-update.company-information.service.gov.uk/search/companies?q=Capita+PLC,1620590612,16:03:32,20210509
133,1985-06-30,CPI.L,GBP,1985-06-30,1985-06-30,Q2,198250.0,0.0,0.0,0.0,0.0,0.0,0.0,17250.0,197000.0,198250.0,3750.0,500.0,18500.0,10.716216216216216,0.0,0.0,0.0,14250.0,0.07187894073139975,4750.0,9500.0,0.04791929382093316,2.425e-05,2.425e-05,389927507,389927507,https://find-and-update.company-information.service.gov.uk/search/companies?q=Capita+PLC,https://find-and-update.company-information.service.gov.uk/search/companies?q=Capita+PLC,1620590612,16:03:32,20210509
134,1985-03-31,CPI.L,GBP,1985-03-31,1985-03-31,Q1,198250.0,0.0,0.0,0.0,0.0,0.0,0.0,17250.0,197000.0,198250.0,3750.0,500.0,18500.0,10.716216216216216,0.0,0.0,0.0,14250.0,0.07187894073139975,4750.0,9500.0,0.04791929382093316,2.425e-05,2.425e-05,389927507,389927507,https://find-and-update.company-information.service.gov.uk/search/companies?q=Capita+PLC,https://find-and-update.company-information.service.gov.uk/search/companies?q=Capita+PLC,1620590612,16:03:32,20210509
135,1985-01-31,CPI.L,GBP,1985-01-31,1985-01-31,Q1,198250.0,0.0,0.0,0.0,0.0,0.0,0.0,17250.0,197000.0,198250.0,3750.0,500.0,18500.0,10.716216216216216,0.0,0.0,0.0,14250.0,0.07187894073139975,4750.0,9500.0,0.04791929382093316,2.425e-05,2.425e-05,389927507,389927507,https://find-and-update.company-information.service.gov.uk/search/companies?q=Capita+PLC,https://find-and-update.company-information.service.gov.uk/search/companies?q=Capita+PLC,1620590612,16:03:32,20210509
