,date,symbol,reportedCurrency,fillingDate,acceptedDate,period,revenue,costOfRevenue,grossProfit,grossProfitRatio,researchAndDevelopmentExpenses,generalAndAdministrativeExpenses,sellingAndMarketingExpenses,otherExpenses,operatingExpenses,costAndExpenses,interestExpense,depreciationAndAmortization,ebitda,ebitdaratio,operatingIncome,operatingIncomeRatio,totalOtherIncomeExpensesNet,incomeBeforeTax,incomeBeforeTaxRatio,incomeTaxExpense,netIncome,netIncomeRatio,eps,epsdiluted,weightedAverageShsOut,weightedAverageShsOutDil,link,finalLink,timestamp,est_time,est_date
0,2020-09-30,MEEC,USD,2020-11-23,2020-11-23 17:00:33,Q3,1695521.0,951208.0,744313.0,0.4389877801572496,0.0,0.0,0.0,0.0,1271351.0,1046337.0,-7967.0,-114640.0,-113990.816,-0.06723055391233727,649.184,0.00038288172190140964,0.0,649.184,0.00038288172190140964,0.0,649.184,0.00038288172190140964,0.008349875076770711,0.008349875076770711,77747750.0,77747750.0,https://www.sec.gov/Archives/edgar/data/728385/000147793220006882/0001477932-20-006882-index.htm,https://www.sec.gov/Archives/edgar/data/728385/000147793220006882/meec_10q.htm,1620594895,17:14:55,20210509
1,2020-06-30,MEEC,USD,2020-07-06 00:00:00,2020-07-06 08:00:38,Q2,1883500.0,1385850.0,497650.0,0.2642155561454739,0.0,0.0,0.0,0.0,1133470.0,2519320.0,10301.0,117080.0,-518740.0,-0.27541279532784707,-635820.0,-0.3375736660472525,376040.0,-904220.0,-0.4800743297053358,0.0,-904220.0,-0.4800743297053358,-0.01163,-0.01163,77747750.0,77747750.0,https://www.sec.gov/Archives/edgar/data/728385/000147793220003741/0001477932-20-003741-index.htm,https://www.sec.gov/Archives/edgar/data/728385/000147793220003741/meec_10q.htm,1620594895,17:14:55,20210509
2,2020-03-31,MEEC,USD,2020-07-06,2020-05-14 17:01:43,Q1,1116680.0,930530.0,186150.0,0.16669950209549736,0.0,0.0,0.0,0.0,1171975.0,2102510.0,9937.0,116890.0,-868940.0,-0.7781459325858796,-985830.0,-0.8828222946591683,-123650.0,-1773870.0,-1.588521331088584,0.0,-1773870.0,-1.588521331088584,-0.02282,-0.02282,77736640.0,77736640.0,https://www.sec.gov/Archives/edgar/data/728385/000147793220003741/0001477932-20-003741-index.htm,https://www.sec.gov/Archives/edgar/data/728385/000147793220003741/meec_10q.htm,1620594895,17:14:55,20210509
3,2019-12-31,MEEC,USD,2020-05-14,2020-05-14,Q4,2523850.0,1896440.0,627410.0,0.24859242823464153,0.0,0.0,0.0,-196895000000.0,1312093.0,6620739.999999999,-315630.0,117260.0,-3979630.0,-1.5768092398518136,-4096890.0,-1.6232700041603105,-374460.0,-4757420.0,-1.8849852408027419,14000.0,-4771420.0,-1.8905323216514451,-0.06217,-0.06217,76750090.0,76750090.0,https://www.sec.gov/Archives/edgar/data/728385/000147793220002679/meec_10k.htm,https://www.sec.gov/Archives/edgar/data/728385/000147793220002679/meec_10k.htm,1620594895,17:14:55,20210509
4,2019-09-30,MEEC,USD,2019-11-14 00:00:00,2019-11-14 17:01:10,Q3,3596110.0,2477670.0,1118440.0,0.3110138455164052,0.0,0.0,0.0,0.0,1186280.0,3663950.0,-782700.0,135210.00000000003,67370.00000000003,0.01873413215947233,-67840.0,-0.01886482894016034,0.0,-850540.0,-0.23651668052423314,0.0,-850540.0,-0.23651668052423314,-0.01108,-0.01108,76730400.0,76730400.0,https://www.sec.gov/Archives/edgar/data/728385/000147793219006565/0001477932-19-006565-index.html,https://www.sec.gov/Archives/edgar/data/728385/000147793219006565/meec_10q.htm,1620594895,17:14:55,20210509
5,2019-06-30,MEEC,USD,2019-08-14 00:00:00,2019-08-14 16:13:44,Q2,2509750.0,1794990.0,714760.0,0.28479330610618586,0.0,0.0,0.0,0.0,2790013.0,4585000.0,-763870.0,130739.99999999997,-1944510.0,-0.7747823488395259,-2075250.0,-0.8268751867715908,-105720.0,-2746570.0,-1.0943599960155395,0.0,-2746570.0,-1.0943599960155395,-0.03601,-0.03601,76278400.0,76278400.0,https://www.sec.gov/Archives/edgar/data/728385/000147793219004811/0001477932-19-004811-index.html,https://www.sec.gov/Archives/edgar/data/728385/000147793219004811/meec_10q.htm,1620594895,17:14:55,20210509
6,2019-03-31,MEEC,USD,2019-04-11 00:00:00,2019-04-11 16:31:20,Q1,2787320.0,2166340.0,620980.0,0.2227874804471679,0.0,0.0,0.0,0.0,1140195.0,3306540.0,-502010.0,132900.00000000003,-386320.0,-0.13859908442518262,-519220.0,-0.18627929337141053,-37560.0,-1058780.0,-0.3798559189472325,0.0,-1058780.0,-0.3798559189472325,-0.01389,-0.01389,76246110.0,76246110.0,https://www.sec.gov/Archives/edgar/data/728385/000147793219001664/0001477932-19-001664-index.html,https://www.sec.gov/Archives/edgar/data/728385/000147793219001664/meec_10k.htm,1620594895,17:14:55,20210509
7,2018-12-31,MEEC,USD,2019-04-30,2019-04-30,Q4,3514110.0,2547160.0,966950.0,0.27516213209034435,0.0,0.0,0.0,3074376.0,1039069.0,3586230.0,1975097.0,195119.99999999997,122999.99999999997,0.03500175008750437,-72120.0,-0.020522977368380615,0.0,-546550.0,-0.15553013423028875,22150.0,-568700.0,-0.16183329491677836,-0.0075,-0.0075,75813240.0,75813240.0,https://www.sec.gov/Archives/edgar/data/728385/000147793219002186/0001477932-19-002186-index.htm,https://www.sec.gov/Archives/edgar/data/728385/000147793219002186/meec_10ka.htm,1620594895,17:14:55,20210509
8,2018-09-30,MEEC,USD,2018-11-13 00:00:00,2018-11-13 16:31:24,Q3,4209090.0,3009660.0,1199430.0,0.28496183260514746,0.0,0.0,0.0,-942174.0,1364312.0,4373970.0,-471090.0,200859.99999999997,35979.99999999997,0.008548165993124397,-164880.0,-0.03917236267221656,0.0,-635960.0,-0.1510920412725791,0.0,-635960.0,-0.1510920412725791,-0.00834,-0.00834,76246110.0,76246110.0,https://www.sec.gov/Archives/edgar/data/728385/000147793218005448/0001477932-18-005448-index.html,https://www.sec.gov/Archives/edgar/data/728385/000147793218005448/meec_10q.htm,1620594895,17:14:55,20210509
9,2018-06-30,MEEC,USD,2018-08-14 00:00:00,2018-08-14 16:36:21,Q2,2450000.0,1880000.0,570000.0,0.23265306122448978,0.0,0.0,0.0,-1076200.0,1709763.0,3640000.0,-520000.0,160000.00000000003,-1020000.0,-0.4163265306122449,-1180000.0,-0.4816326530612245,0.0,-1700000.0,-0.6938775510204082,0.0,-1700000.0,-0.6938775510204082,-0.0223,-0.0223,76250000.0,76250000.0,https://www.sec.gov/Archives/edgar/data/728385/000147793218004050/0001477932-18-004050-index.html,https://www.sec.gov/Archives/edgar/data/728385/000147793218004050/meec_10q.htm,1620594895,17:14:55,20210509
10,2018-03-31,MEEC,USD,2018-04-17 00:00:00,2018-04-17 16:46:57,Q1,2120000.0,1710000.0,410000.0,0.19339622641509435,0.0,0.0,0.0,-1056002.0,1781368.0,3490000.0,-510000.0,240000.0,-1130000.0,-0.5330188679245284,-1370000.0,-0.6462264150943396,-30000.0,-1910000.0,-0.9009433962264151,0.0,-1910000.0,-0.9009433962264151,-0.02505,-0.02505,76250000.0,76250000.0,https://www.sec.gov/Archives/edgar/data/728385/000147793218001894/0001477932-18-001894-index.html,https://www.sec.gov/Archives/edgar/data/728385/000147793218001894/meec_10k.htm,1620594895,17:14:55,20210509
11,2017-12-31,MEEC,USD,2018-04-17,2018-04-17,Q4,5690000.0,4730000.0,970000.0,0.1704745166959578,0.0,0.0,0.0,-2337567.0,1614538.0,6339999.999999999,-530000.0,409999.9999999999,-240000.00000000012,-0.04217926186291742,-650000.0,-0.11423550087873462,-1280000.0,-2460000.0,-0.43233743409490333,540000.0,-3000000.0,-0.5272407732864675,-0.03934,-0.03934,76260000.0,76260000.0,https://www.sec.gov/Archives/edgar/data/728385/000147793218001894/0001477932-18-001894-index.htm,https://www.sec.gov/Archives/edgar/data/728385/000147793218001894/meec_10k.htm,1620594895,17:14:55,20210509
12,2017-09-30,MEEC,USD,2017-11-20 00:00:00,2017-11-20 16:36:35,Q3,8450000.0,5510000.0,2940000.0,0.3479289940828402,0.0,0.0,0.0,-762476.0,1910020.0,7420000.0,-540000.0,320000.00000000006,1350000.0,0.15976331360946747,1030000.0,0.12189349112426036,380000.0,870000.0,0.10295857988165681,0.0,870000.0,0.10295857988165681,0.01147,0.01147,75870000.0,75870000.0,https://www.sec.gov/Archives/edgar/data/728385/000147793217005731/0001477932-17-005731-index.html,https://www.sec.gov/Archives/edgar/data/728385/000147793217005731/meec_10q.htm,1620594895,17:14:55,20210509
13,2017-06-30,MEEC,USD,2017-08-21 00:00:00,2017-08-21 17:01:20,Q2,7930000.0,5000000.0,2940000.0,0.3707440100882724,0.0,0.0,0.0,-495480.0,2313357.0,7310000.0,-540000.0,330000.0,950000.0,0.11979823455233292,620000.0,0.07818411097099622,-60000.0,20000.0,0.0025220680958385876,0.0,20000.0,0.0025220680958385876,0.00027,0.00027,74490000.0,74490000.0,https://www.sec.gov/Archives/edgar/data/728385/000147793217004120/0001477932-17-004120-index.html,https://www.sec.gov/Archives/edgar/data/728385/000147793217004120/meec_10q.htm,1620594895,17:14:55,20210509
14,2017-03-31,MEEC,USD,2017-05-15 00:00:00,2017-05-15 16:40:06,Q1,5430000.0,3790000.0,1640000.0,0.3020257826887661,0.0,0.0,0.0,-932950.0,2694282.0,6480000.0,-540000.0,300000.0,-750000.0,-0.13812154696132597,-1050000.0,-0.19337016574585636,-60000.0,-1650000.0,-0.30386740331491713,0.0,-1650000.0,-0.30386740331491713,-0.02222,-0.02222,74270000.0,74270000.0,https://www.sec.gov/Archives/edgar/data/728385/000147793217002292/0001477932-17-002292-index.html,https://www.sec.gov/Archives/edgar/data/728385/000147793217002292/meec_10q.htm,1620594895,17:14:55,20210509
15,2016-12-31,MEEC,USD,2017-03-28 00:00:00,2017-03-28 13:36:45,Q4,7810000.0,5420000.0,2390000.0,0.3060179257362356,0.0,0.0,0.0,-1738606.0,2205610.0,21700000.0,260000.0,270000.0,-13630000.0,-1.7451984635083226,-13900000.0,-1.7797695262483995,14180000.0,550000.0,0.07042253521126761,-470000.0,1020000.0,0.13060179257362356,0.01701,0.01701,59950000.0,59950000.0,https://www.sec.gov/Archives/edgar/data/728385/000147793217001322/0001477932-17-001322-index.html,https://www.sec.gov/Archives/edgar/data/728385/000147793217001322/meec_10k.htm,1620594895,17:14:55,20210509
16,2016-09-30,MEEC,USD,2016-11-15 00:00:00,2016-11-14 19:51:09,Q3,11770000.0,7820000.0,3950000.0,0.33559898045879355,0.0,0.0,0.0,-12011294.0,2213849.0,10050000.0,-970000.0,250000.0,1970000.0,0.16737468139337297,1720000.0,0.14613423959218352,-10050000.0,-9300000.0,-0.7901444350042481,0.0,-9300000.0,-0.7901444350042481,-0.19407,-0.19407,47920000.0,47920000.0,https://www.sec.gov/Archives/edgar/data/728385/000147793216013516/0001477932-16-013516-index.html,https://www.sec.gov/Archives/edgar/data/728385/000147793216013516/meec_10q.htm,1620594895,17:14:55,20210509
17,2016-06-30,MEEC,USD,2016-06-30,2016-06-30,Q2,9390000.0,7300000.0,2090000.0,0.22257720979765708,0.0,0.0,0.0,-10260609.0,1667827.0,8980000.0,-1030000.0,230000.0,650000.0,0.06922257720979766,420000.0,0.04472843450479233,-7630000.0,-8240000.0,-0.8775292864749734,0.0,-8240000.0,-0.8775292864749734,-0.17399,-0.17399,47360000.0,47360000.0,,,1620594895,17:14:55,20210509
18,2016-03-31,MEEC,USD,2016-05-16 00:00:00,2016-05-16 08:39:02,Q1,3370000.0,2490000.0,890000.0,0.26409495548961426,0.0,260564.0,0.0,-315721.0,1739253.0,3660000.0,-2070000.0,160000.0,-130000.0,-0.03857566765578635,-290000.0,-0.08605341246290801,3270000.0,910000.0,0.27002967359050445,0.0,910000.0,0.27002967359050445,0.01921,0.01921,47360000.0,47360000.0,https://www.sec.gov/Archives/edgar/data/728385/000147793216010301/0001477932-16-010301-index.html,https://www.sec.gov/Archives/edgar/data/728385/000147793216010301/meec_10q.htm,1620594895,17:14:55,20210509
19,2015-12-31,MEEC,USD,2016-03-30 00:00:00,2016-03-30 16:24:54,Q4,6070000.0,4440000.0,1630000.0,0.2685337726523888,0.0,266669.0,0.0,40000.0,1818821.0,7589999.999999999,-950000.0,120000.00000000001,-1410000.0,-0.23228995057660626,-1530000.0,-0.25205930807248766,-4660000.0,-7140000.0,-1.1762767710049424,0.0,-7140000.0,-1.1762767710049424,-0.15114,-0.15114,47240000.0,47240000.0,https://www.sec.gov/Archives/edgar/data/728385/000147793216009335/0001477932-16-009335-index.html,https://www.sec.gov/Archives/edgar/data/728385/000147793216009335/meec_10k.htm,1620594895,17:14:55,20210509
20,2015-09-30,MEEC,USD,2015-11-16 00:00:00,2015-11-16 17:00:49,Q3,3630000.0,2250000.0,1370000.0,0.3774104683195592,0.0,267111.0,0.0,630000.0,1597660.0,3850000.0,-910000.0,110000.00000000001,-109999.99999999999,-0.0303030303030303,-220000.0,-0.06060606060606061,-20000.0,-1150000.0,-0.3168044077134986,0.0,-1150000.0,-0.3168044077134986,-0.02467,-0.02467,46620000.0,46620000.0,https://www.sec.gov/Archives/edgar/data/728385/000147793215007142/0001477932-15-007142-index.html,https://www.sec.gov/Archives/edgar/data/728385/000147793215007142/meec_10q.htm,1620594895,17:14:55,20210509
21,2015-06-30,MEEC,USD,2015-08-14 00:00:00,2015-08-14 16:32:05,Q2,2700000.0,1790000.0,910000.0,0.337037037037037,0.0,1500242.0,0.0,550000.0,1599705.0,3390000.0,-940000.0,90000.0,-600000.0,-0.2222222222222222,-690000.0,-0.25555555555555554,2230000.0,600000.0,0.2222222222222222,0.0,600000.0,0.2222222222222222,0.01452,0.01452,41320000.0,41320000.0,https://www.sec.gov/Archives/edgar/data/728385/000147793215005225/0001477932-15-005225-index.html,https://www.sec.gov/Archives/edgar/data/728385/000147793215005225/meec_10q.htm,1620594895,17:14:55,20210509
22,2015-03-31,MEEC,USD,2015-05-15 00:00:00,2015-05-15 16:41:48,Q1,240000.0,150000.0,90000.0,0.375,0.0,1274198.0,0.0,350000.0,1339786.0,1490000.0,-3420000.0,70000.0,-1180000.0,-4.916666666666667,-1250000.0,-5.208333333333333,-1900000.0,-6570000.0,-27.375,0.0,-6570000.0,-27.375,-0.16258,-0.16258,40410000.0,40410000.0,https://www.sec.gov/Archives/edgar/data/728385/000147793215003294/0001477932-15-003294-index.html,https://www.sec.gov/Archives/edgar/data/728385/000147793215003294/meec_10q.htm,1620594895,17:14:55,20210509
23,2014-12-31,MEEC,USD,2014-12-31,2014-12-31,Q4,540000.0,290000.0,250000.0,0.46296296296296297,0.0,1336780.0,0.0,180000.0,1397942.0,1680000.0,-8391.0,60000.00000000003,-1080000.0,-2.0,-1140000.0,-2.111111111111111,4190000.0,1760000.0,3.259259259259259,0.0,1760000.0,3.259259259259259,0.04376,0.04376,40220000.0,40220000.0,,,1620594895,17:14:55,20210509
24,2014-09-30,MEEC,USD,2014-11-14 00:00:00,2014-11-14 17:00:32,Q3,1370000.0,830000.0,540000.0,0.39416058394160586,0.0,1619720.0,0.0,470000.0,1810498.0,2640000.0,1833.0,189999.99999999997,-1080000.0,-0.7883211678832117,-1270000.0,-0.927007299270073,0.0,-1980000.0,-1.4452554744525548,0.0,-1980000.0,-1.4452554744525548,-0.04954,-0.04954,39970000.0,39970000.0,https://www.sec.gov/Archives/edgar/data/728385/000147793214006277/0001477932-14-006277-index.html,https://www.sec.gov/Archives/edgar/data/728385/000147793214006277/meec_10q.htm,1620594895,17:14:55,20210509
25,2014-06-30,MEEC,USD,2014-08-14 00:00:00,2014-08-14 16:58:59,Q2,880000.0,370000.0,510000.0,0.5795454545454546,0.0,1393894.0,0.0,250000.0,1485570.0,1850000.0,3792.0,100000.0,-870000.0,-0.9886363636363636,-970000.0,-1.1022727272727273,0.0,-1380000.0,-1.5681818181818181,0.0,-1380000.0,-1.5681818181818181,-0.03538,-0.03538,39010000.0,39010000.0,https://www.sec.gov/Archives/edgar/data/728385/000147793214004477/0001477932-14-004477-index.html,https://www.sec.gov/Archives/edgar/data/728385/000147793214004477/meec_10q.htm,1620594895,17:14:55,20210509
26,2014-03-31,MEEC,USD,2014-05-15 00:00:00,2014-05-15 16:13:20,Q1,0.0,0.0,0.0,1.0,60000.0,2997607.0,0.0,20000.0,3104057.0,3100000.0,3750.0,40000.0,-3060000.0,9.8183220493,-3100000.0,10.408998387,0.0,-3400000.0,0.0,0.0,-3400000.0,11.408998387,-0.0911,-0.0911,37320000.0,37320000.0,https://www.sec.gov/Archives/edgar/data/728385/000147793214002626/0001477932-14-002626-index.html,https://www.sec.gov/Archives/edgar/data/728385/000147793214002626/meec_10q.htm,1620594895,17:14:55,20210509
27,2013-12-31,MEEC,USD,2013-12-31,2013-12-31,Q4,240000.0,90000.0,160000.0,0.6666666666666666,0.0,1081627.0,0.0,80000.0,1877608.0,1960000.0,-270000.0,50000.00000000001,-1670000.0,-6.958333333333333,-1720000.0,-7.166666666666667,0.0,-1990000.0,-8.291666666666666,0.0,-1990000.0,-8.291666666666666,-0.05636,-0.05636,35310000.0,35310000.0,,,1620594895,17:14:55,20210509
28,2013-09-30,MEEC,USD,2013-11-12 00:00:00,2013-11-12 16:41:38,Q3,920000.0,210000.0,710000.0,0.7717391304347826,0.0,159846.0,0.0,360000.0,1269275.0,1480000.0,1487.0,40000.00000000001,-520000.0,-0.5652173913043478,-560000.0,-0.6086956521739131,0.0,-740000.0,-0.8043478260869565,0.0,-740000.0,-0.8043478260869565,-0.02112,-0.02112,35030000.0,35030000.0,https://www.sec.gov/Archives/edgar/data/728385/000147793213005295/0001477932-13-005295-index.html,https://www.sec.gov/Archives/edgar/data/728385/000147793213005295/meec_10q.htm,1620594895,17:14:55,20210509
29,2013-06-30,MEEC,USD,2013-08-14 00:00:00,2013-08-14 18:13:19,Q2,450000.0,50000.0,400000.0,0.8888888888888888,0.0,129889.0,0.0,420000.0,1354037.0,1320000.0,2263.0,49999.99999999999,-820000.0,-1.8222222222222222,-870000.0,-1.9333333333333333,0.0,-1000000.0,-2.2222222222222223,0.0,-1000000.0,-2.2222222222222223,-0.0299,-0.0299,33440000.0,33440000.0,https://www.sec.gov/Archives/edgar/data/728385/000147793213003743/0001477932-13-003743-index.html,https://www.sec.gov/Archives/edgar/data/728385/000147793213003743/meec_10q.htm,1620594895,17:14:55,20210509
30,2013-03-31,MEEC,USD,2013-05-14 00:00:00,2013-05-14 17:15:57,Q1,60000.0,30000.0,30000.0,0.5,90000.0,269489.0,0.0,30000.0,1019566.0,1050000.0,-120000.0,40000.0,-950000.0,-15.833333333333334,-990000.0,-16.5,0.0,-1120000.0,-18.666666666666668,0.0,-1120000.0,-18.666666666666668,-0.03359,-0.03359,33340000.0,33340000.0,https://www.sec.gov/Archives/edgar/data/728385/000147793213002386/0001477932-13-002386-index.html,https://www.sec.gov/Archives/edgar/data/728385/000147793213002386/meec_10q.htm,1620594895,17:14:55,20210509
31,2012-12-31,MEEC,USD,2013-03-13 00:00:00,2013-03-13 17:07:48,Q4,430000.0,60000.0,370000.0,0.8604651162790697,90000.0,459048.0,0.0,130000.0,1027463.0,1190000.0,-100000.0,99999.99999999996,-660000.0,-1.5348837209302326,-760000.0,-1.7674418604651163,0.0,-880000.0,-2.046511627906977,0.0,-770000.0,-1.7906976744186047,-0.02307,-0.02307,33380000.0,33380000.0,https://www.sec.gov/Archives/edgar/data/728385/000147793213001136/0001477932-13-001136-index.html,https://www.sec.gov/Archives/edgar/data/728385/000147793213001136/meec_10k.htm,1620594895,17:14:55,20210509
32,2012-09-30,MEEC,USD,2012-11-13 00:00:00,2012-11-13 17:00:32,Q3,270000.0,110000.0,170000.0,0.6296296296296297,200000.0,341171.0,0.0,100000.0,1238218.0,1360000.0,-70000.0,90000.0,-1000000.0,-3.7037037037037037,-1090000.0,-4.037037037037037,0.0,-1170000.0,-4.333333333333333,0.0,-1170000.0,-4.333333333333333,-0.0352,-0.0352,33240000.0,33240000.0,https://www.sec.gov/Archives/edgar/data/728385/000147793212004273/0001477932-12-004273-index.html,https://www.sec.gov/Archives/edgar/data/728385/000147793212004273/meec_10q.htm,1620594895,17:14:55,20210509
33,2012-06-30,MEEC,USD,2012-08-10 00:00:00,2012-08-10 16:36:28,Q2,0.0,0.0,0.0,0.0,60000.0,690783.0,0.0,30000.0,751097.0,750000.0,-60000.0,100000.0,-650000.0,0.0,-750000.0,0.0,0.0,-810000.0,0.0,0.0,-810000.0,0.0,-0.0242,-0.0242,33470000.0,33470000.0,https://www.sec.gov/Archives/edgar/data/728385/000147793212002844/0001477932-12-002844-index.html,https://www.sec.gov/Archives/edgar/data/728385/000147793212002844/midwest_10q.htm,1620594895,17:14:55,20210509
34,2012-03-31,MEEC,USD,2012-05-11 00:00:00,2012-05-11 17:00:34,Q1,90000.0,70000.0,20000.0,0.2222222222222222,60000.0,657151.0,0.0,10000.0,720151.0,1190000.0,-30000.0,130000.0,-970000.0,-10.777777777777779,-1100000.0,-12.222222222222221,0.0,-1130000.0,-12.555555555555555,0.0,-1130000.0,-12.555555555555555,-0.03443,-0.03443,32820000.0,32820000.0,https://www.sec.gov/Archives/edgar/data/728385/000147793212001490/0001477932-12-001490-index.html,https://www.sec.gov/Archives/edgar/data/728385/000147793212001490/meec_10q.htm,1620594895,17:14:55,20210509
35,2011-12-31,MEEC,USD,2011-12-31,2011-12-31,Q4,190000.0,130000.0,70000.0,0.3684210526315789,500000.0,3910924.0,0.0,30000.0,4405757.0,4440000.000000001,-10000.0,20000.0,-4230000.0,-22.263157894736842,-4250000.0,-22.36842105263158,0.0,-4260000.0,-22.42105263157895,0.0,-4260000.0,-22.42105263157895,-0.14524,-0.14524,29330000.0,29330000.0,,,1620594895,17:14:55,20210509
36,2011-09-30,MEEC,USD,2011-11-21 00:00:00,2011-11-21 16:10:11,Q3,270000.0,320000.0,-50000.0,-0.18518518518518517,70000.0,595512.0,0.0,170000.0,660512.0,959999.9999999999,-20000.0,0.0,-740000.0,-2.740741,-690000.0,-2.5555555555555554,0.0,-710000.0,-2.6296296296296298,0.0,-720000.0,-2.6666666666666665,-0.23226,-0.23226,3100000.0,3100000.0,https://www.sec.gov/Archives/edgar/data/728385/000147793211002634/0001477932-11-002634-index.html,https://www.sec.gov/Archives/edgar/data/728385/000147793211002634/meec_10q.htm,1620594895,17:14:55,20210509
37,2011-06-30,MEEC,USD,2011-08-22 00:00:00,2011-08-22 17:17:30,Q2,0.0,0.0,0.0,0.0,120000.0,50000.0,0.0,20000.0,593169.0,4220000.0,-10000.0,10000.0,-4210000.0,0.0,-4220000.0,0.0,0.0,-4230000.0,0.0,0.0,-4250000.0,0.0,-2.65625,-2.65625,1600000.0,1600000.0,https://www.sec.gov/Archives/edgar/data/728385/000147793211001670/0001477932-11-001670-index.html,https://www.sec.gov/Archives/edgar/data/728385/000147793211001670/chyu_10q.htm,1620594895,17:14:55,20210509
38,2011-03-31,MEEC,USD,2011-04-19 00:00:00,2011-04-19 14:44:20,Q1,0.0,0.0,0.0,0.0,70000.0,0.0,0.0,30000.0,354970.0,260000.0,-10000.0,0.0,-280000.0,0.0,-260000.0,0.0,0.0,-270000.0,0.0,0.0,-270000.0,0.0,-0.00995,-0.00995,27130000.0,27130000.0,https://www.sec.gov/Archives/edgar/data/728385/000147793211000558/0001477932-11-000558-index.html,https://www.sec.gov/Archives/edgar/data/728385/000147793211000558/chyu10k_110414.htm,1620594895,17:14:55,20210509
39,2010-12-31,MEEC,USD,2011-04-19,2011-04-19,Q4,0.0,0.0,0.0,0.0,0.0,0.0,0.0,0.0,77245.0,290000.0,0.0,10000.0,-280000.0,0.0,-290000.0,0.0,0.0,-290000.0,0.0,0.0,-290000.0,0.0,-0.0153,-0.0153,18950000.0,18950000.0,https://www.sec.gov/Archives/edgar/data/728385/000147793211000558/0001477932-11-000558-index.htm,https://www.sec.gov/Archives/edgar/data/728385/000147793211000558/chyu10k_110414.htm,1620594895,17:14:55,20210509
40,2010-09-30,MEEC,USD,2010-11-22 00:00:00,2010-11-22 16:02:27,Q3,0.0,0.0,0.0,0.0,40000.0,0.0,0.0,0.0,514111.0,110000.0,0.0,0.0,-110000.0,0.0,-110000.0,0.0,0.0,-110000.0,0.0,0.0,-110000.0,0.0,-1182.09,-1182.09,18950000.0,18950000.0,https://www.sec.gov/Archives/edgar/data/728385/000072838510000015/0000728385-10-000015-index.html,https://www.sec.gov/Archives/edgar/data/728385/000072838510000015/chyu10q-q310_101122.htm,1620594895,17:14:55,20210509
41,2010-06-30,MEEC,USD,2010-08-23 00:00:00,2010-08-23 15:03:43,Q2,10000.0,0.0,10000.0,1.0,0.0,0.0,0.0,0.0,553840.0,-10000.0,0.0,-170000.0,-150000.0,-15.0,20000.0,2.0,0.0,20000.0,2.0,0.0,20000.0,2.0,196.54,196.54,18950000.0,18950000.0,https://www.sec.gov/Archives/edgar/data/728385/000072838510000012/0000728385-10-000012-index.html,https://www.sec.gov/Archives/edgar/data/728385/000072838510000012/chyu10q-q210_100823.htm,1620594895,17:14:55,20210509
42,2010-03-31,MEEC,USD,2010-04-15 00:00:00,2010-04-15 16:18:30,Q1,0.0,0.0,0.0,0.0,0.0,0.0,0.0,0.0,1070585.0,90000.0,0.0,170000.0,80000.0,0.0,-90000.0,0.0,0.0,-90000.0,0.0,0.0,-90000.0,0.0,-984.44,-984.44,2070000.0,2070000.0,https://www.sec.gov/Archives/edgar/data/728385/000072838510000006/0000728385-10-000006-index.html,https://www.sec.gov/Archives/edgar/data/728385/000072838510000006/chyu10k-091231.htm,1620594895,17:14:55,20210509
43,2009-12-31,MEEC,USD,2009-12-31,2009-12-31,Q4,-100000.0,0.0,0.0,0.0,0.0,0.0,0.0,0.0,1453096.0,7210000.0,50000.0,-459999.99999999994,-7770000.0,77.7,-7310000.0,73.1,100000.0,-7160000.0,71.6,0.0,-7160000.0,71.6,-3.45894,-3.45894,2070000.0,2070000.0,,,1620594895,17:14:55,20210509
44,2009-09-30,MEEC,USD,2009-11-16 00:00:00,2009-11-16 13:37:28,Q3,10000.0,0.0,10000.0,1.0,0.0,0.0,0.0,0.0,1310292.0,1310000.0,-70000.0,259999.99999999994,-1050000.0,-105.0,-1310000.0,-131.0,50000.0,-1320000.0,-132.0,0.0,-1320000.0,-132.0,-0.92308,-0.92308,1430000.0,1430000.0,https://www.sec.gov/Archives/edgar/data/728385/000072838509000021/0000728385-09-000021-index.html,https://www.sec.gov/Archives/edgar/data/728385/000072838509000021/chyu10q-q309_091116.htm,1620594895,17:14:55,20210509
45,2009-06-30,MEEC,USD,2009-08-14 00:00:00,2009-08-14 16:10:20,Q2,100000.0,20000.0,80000.0,0.8,0.0,0.0,0.0,0.0,1931046.0,20000.0,-190000.0,180000.00000000003,260000.00000000003,2.6,80000.0,0.8,0.0,-120000.0,-1.2,0.0,-120000.0,-1.2,-0.25,-0.25,480000.0,480000.0,https://www.sec.gov/Archives/edgar/data/728385/000072838509000019/0000728385-09-000019-index.html,https://www.sec.gov/Archives/edgar/data/728385/000072838509000019/chyu10q-q209_090814.htm,1620594895,17:14:55,20210509
46,2009-03-31,MEEC,USD,2009-04-13 00:00:00,2009-04-13 15:52:31,Q1,0.0,0.0,0.0,0.0,0.0,0.0,0.0,0.0,695016.0,700000.0,-70000.0,170000.0,-530000.0,0.0,-700000.0,0.0,50000.0,-720000.0,0.0,0.0,-720000.0,0.0,-1.07463,-1.07463,670000.0,670000.0,https://www.sec.gov/Archives/edgar/data/728385/000072838509000008/0000728385-09-000008-index.html,https://www.sec.gov/Archives/edgar/data/728385/000072838509000008/chyu10k-081231.htm,1620594895,17:14:55,20210509
47,2008-12-31,MEEC,USD,2008-12-31,2008-12-31,Q4,0.0,40000.0,-40000.0,0.0,0.0,0.0,0.0,0.0,652211.0,930000.0,60000.0,179999.99999999994,-750000.0,0.0,-930000.0,0.0,50000.0,-820000.0,0.0,0.0,-820000.0,0.0,-1.67347,-1.67347,490000.0,490000.0,,,1620594895,17:14:55,20210509
48,2008-09-30,MEEC,USD,2008-11-19 00:00:00,2008-11-19 14:00:05,Q3,30000.0,0.0,30000.0,1.0,0.0,0.0,0.0,0.0,1024632.0,1030000.0,-250000.0,600000.0,-400000.0,-13.333333333333334,-1000000.0,-33.333333333333336,50000.0,-1200000.0,-40.0,0.0,-1200000.0,-40.0,-2.55319,-2.55319,470000.0,470000.0,https://www.sec.gov/Archives/edgar/data/728385/000072838508000021/0000728385-08-000021-index.html,https://www.sec.gov/Archives/edgar/data/728385/000072838508000021/chyu10q-q308_081119.htm,1620594895,17:14:55,20210509
49,2008-06-30,MEEC,USD,2008-08-19 00:00:00,2008-08-19 16:21:54,Q2,0.0,0.0,0.0,0.0,0.0,0.0,0.0,0.0,477789.0,480000.0,-40000.0,20000.000000000004,-460000.0,0.0,-480000.0,0.0,50000.0,-470000.0,0.0,0.0,-470000.0,0.0,-1.02174,-1.02174,460000.0,460000.0,https://www.sec.gov/Archives/edgar/data/728385/000072838508000014/0000728385-08-000014-index.html,https://www.sec.gov/Archives/edgar/data/728385/000072838508000014/dgco_form10q-q208.htm,1620594895,17:14:55,20210509
50,2008-03-31,MEEC,USD,2008-05-19 00:00:00,2008-05-19 17:04:21,Q1,80000.0,20000.0,60000.0,0.75,0.0,0.0,0.0,0.0,379095.0,530000.0,-40000.0,50000.0,-400000.0,-5.0,-450000.0,-5.625,0.0,-490000.0,-6.125,0.0,-490000.0,-6.125,-1.36111,-1.36111,360000.0,360000.0,https://www.sec.gov/Archives/edgar/data/728385/000072838508000010/0000728385-08-000010-index.html,https://www.sec.gov/Archives/edgar/data/728385/000072838508000010/form10q-q108_080519.htm,1620594895,17:14:55,20210509
51,2007-12-31,MEEC,USD,2008-04-16,2008-04-16,Q4,250000.0,90000.0,120000.0,0.48,0.0,0.0,0.0,91416.0,386634.0,620000.0,-36955.0,69999.99999999999,-310000.0,-1.24,-380000.0,-1.52,0.0,-410000.0,-1.64,0.0,-410000.0,-1.64,-1.13889,-1.13889,360000.0,360000.0,https://www.sec.gov/Archives/edgar/data/728385/000072838508000008/dgco10ksb-071231.htm,https://www.sec.gov/Archives/edgar/data/728385/000072838508000008/dgco10ksb-071231.htm,1620594895,17:14:55,20210509
52,2007-09-30,MEEC,USD,2007-09-30,2007-09-30,Q3,140000.0,30000.0,110000.0,0.7857142857142857,0.0,0.0,0.0,0.0,494647.0,530000.0,-30000.0,59999.99999999999,-320000.0,-2.2857142857142856,-380000.0,-2.7142857142857144,0.0,-420000.0,-3.0,0.0,-420000.0,-3.0,-1.16667,-1.16667,360000.0,360000.0,,,1620594895,17:14:55,20210509
53,2007-06-30,MEEC,USD,2007-06-30,2007-06-30,Q2,80000.0,30000.0,50000.0,0.625,0.0,0.0,0.0,0.0,799271.0,829999.9999999999,-80000.0,50000.0,-700000.0,-8.75,-750000.0,-9.375,0.0,-840000.0,-10.5,0.0,-840000.0,-10.5,-2.4,-2.4,350000.0,350000.0,,,1620594895,17:14:55,20210509
54,2007-03-31,MEEC,USD,2007-05-21,2007-05-21,Q1,130000.0,40000.0,80000.0,0.6153846153846154,0.0,0.0,0.0,0.0,779307.0,819999.9999999999,-30000.0,60000.0,-640000.0,-4.923076923076923,-700000.0,-5.384615384615385,0.0,-720000.0,-5.538461538461538,0.0,-720000.0,-5.538461538461538,-2.11765,-2.11765,340000.0,340000.0,https://www.sec.gov/Archives/edgar/data/728385/000114420407027854/0001144204-07-027854-index.htm,https://www.sec.gov/Archives/edgar/data/728385/000114420407027854/v076261_10qsb.htm,1620594895,17:14:55,20210509
55,2006-12-31,MEEC,USD,2006-12-31,2006-12-31,Q4,80000.0,70000.0,10000.0,0.125,0.0,0.0,0.0,0.0,1342824.0,1460000.0,-20000.0,70000.0,-1320000.0,-16.5,-1390000.0,-17.375,0.0,-1410000.0,-17.625,0.0,-1410000.0,-17.625,-4.14706,-4.14706,340000.0,340000.0,,,1620594895,17:14:55,20210509
56,2006-09-30,MEEC,USD,2006-12-13,2006-12-13,Q3,100000.0,70000.0,30000.0,0.3,0.0,0.0,0.0,0.0,1325138.0,1370000.0,-20000.0,10000.0,-1260000.0,-12.6,-1270000.0,-12.7,0.0,-1300000.0,-13.0,0.0,-1300000.0,-13.0,-3.82353,-3.82353,340000.0,340000.0,https://www.sec.gov/Archives/edgar/data/728385/000114420406052473/0001144204-06-052473-index.htm,https://www.sec.gov/Archives/edgar/data/728385/000114420406052473/v060188.txt,1620594895,17:14:55,20210509
57,2006-06-30,MEEC,USD,2006-06-30,2006-06-30,Q2,220000.0,160000.0,70000.0,0.3181818181818182,0.0,0.0,0.0,0.0,1312094.0,1450000.0,-30000.0,30000.000000000007,-1190000.0,-5.409090909090909,-1220000.0,-5.545454545454546,0.0,-1250000.0,-5.681818181818182,0.0,-1250000.0,-5.681818181818182,-3.67647,-3.67647,340000.0,340000.0,,,1620594895,17:14:55,20210509
58,2006-03-31,MEEC,USD,2006-03-31,2006-03-31,Q1,440000.0,260000.0,180000.0,0.4090909090909091,0.0,0.0,0.0,0.0,1309355.0,1560000.0,-10000.0,40000.0,-1080000.0,-2.4545454545454546,-1120000.0,-2.5454545454545454,0.0,-1130000.0,-2.5681818181818183,0.0,-1130000.0,-2.5681818181818183,-3.32353,-3.32353,340000.0,340000.0,,,1620594895,17:14:55,20210509
59,2005-12-31,MEEC,USD,2005-12-31,2005-12-31,Q4,330000.0,0.0,0.0,0.0,0.0,100000.0,0.0,0.0,320000.0,320000.0,0.0,120000.0,140000.0,0.42424242424242425,20000.0,0.06060606060606061,0.0,10000.0,0.030303030303030304,0.0,10000.0,0.030303030303030304,0.03846,0.03846,260000.0,260000.0,,,1620594895,17:14:55,20210509
60,2005-09-30,MEEC,USD,2005-09-30,2005-09-30,Q3,0.0,0.0,0.0,0.0,0.0,0.0,0.0,0.0,296654.0,300000.0,0.0,0.0,-290000.0,0.0,-300000.0,0.0,0.0,-290000.0,0.0,0.0,-290000.0,0.0,-2.41667,-2.41667,120000.0,120000.0,,,1620594895,17:14:55,20210509
61,2005-06-30,MEEC,USD,2005-06-30,2005-06-30,Q2,0.0,0.0,0.0,0.0,0.0,0.0,0.0,0.0,78798.0,80000.0,0.0,0.0,-80000.0,0.0,-80000.0,0.0,0.0,-80000.0,0.0,0.0,-80000.0,0.0,-0.8,-0.8,100000.0,100000.0,,,1620594895,17:14:55,20210509
62,2005-03-31,MEEC,USD,2005-03-31,2005-03-31,Q1,0.0,0.0,0.0,0.0,0.0,0.0,0.0,0.0,996.0,0.0,0.0,0.0,0.0,0.0,0.0,0.0,0.0,0.0,0.0,0.0,0.0,0.0,-0.01,-0.01,90000.0,90000.0,,,1620594895,17:14:55,20210509
63,2004-12-31,MEEC,USD,2004-12-31,2004-12-31,Q4,0.0,0.0,0.0,0.0,0.0,0.0,0.0,0.0,200.0,0.0,0.0,0.0,0.0,0.0,0.0,0.0,0.0,0.0,0.0,0.0,0.0,0.0,0.0,0.0,90000.0,90000.0,,,1620594895,17:14:55,20210509
64,2004-09-30,MEEC,USD,2004-09-30,2004-09-30,Q3,0.0,0.0,0.0,0.0,0.0,0.0,0.0,0.0,1515.0,0.0,0.0,0.0,0.0,0.0,0.0,0.0,0.0,0.0,0.0,0.0,0.0,0.0,-0.02,-0.02,90000.0,90000.0,,,1620594895,17:14:55,20210509
65,2004-06-30,MEEC,USD,2004-06-30,2004-06-30,Q2,0.0,0.0,0.0,0.0,0.0,0.0,0.0,0.0,212.0,0.0,0.0,0.0,0.0,0.0,0.0,0.0,0.0,0.0,0.0,0.0,0.0,0.0,-0.03,-0.03,90000.0,90000.0,,,1620594895,17:14:55,20210509
66,2004-03-31,MEEC,USD,2004-03-31,2004-03-31,Q1,0.0,0.0,0.0,0.0,0.0,0.0,0.0,0.0,200.0,0.0,0.0,0.0,0.0,0.0,0.0,0.0,0.0,0.0,0.0,0.0,0.0,0.0,0.0,0.0,90000.0,90000.0,,,1620594895,17:14:55,20210509
67,2003-12-31,MEEC,USD,2003-12-31,2003-12-31,Q4,0.0,0.0,0.0,0.0,0.0,0.0,0.0,0.0,812.0,0.0,0.0,0.0,0.0,0.0,0.0,0.0,0.0,0.0,0.0,0.0,0.0,0.0,-0.01,-0.01,90000.0,90000.0,,,1620594895,17:14:55,20210509
68,2003-09-30,MEEC,USD,2003-09-30,2003-09-30,Q3,0.0,0.0,0.0,0.0,0.0,0.0,0.0,0.0,1550.0,0.0,0.0,0.0,0.0,0.0,0.0,0.0,0.0,0.0,0.0,0.0,0.0,0.0,-0.02,-0.02,80000.0,80000.0,,,1620594895,17:14:55,20210509
