,date,symbol,reportedCurrency,fillingDate,acceptedDate,period,revenue,costOfRevenue,grossProfit,grossProfitRatio,researchAndDevelopmentExpenses,generalAndAdministrativeExpenses,sellingAndMarketingExpenses,otherExpenses,operatingExpenses,costAndExpenses,interestExpense,depreciationAndAmortization,ebitda,ebitdaratio,operatingIncome,operatingIncomeRatio,totalOtherIncomeExpensesNet,incomeBeforeTax,incomeBeforeTaxRatio,incomeTaxExpense,netIncome,netIncomeRatio,eps,epsdiluted,weightedAverageShsOut,weightedAverageShsOutDil,link,finalLink,timestamp,est_time,est_date
0,2015-06-30,DTV,USD,2015-08-07 00:00:00,2015-08-07 16:35:35,Q2,8441000000,0.0,8441000000,1.0,0.0,601000000,0.0,948000000,1549000000,8112000000,234000000,721000000,1050000000,0.12439284444970974,329000000,0.03897642459424239,0.0,144000000,0.017059590095960194,502000000,750000000,0.08885203174979268,1.4880952380952381,1.4763779527559056,504000000,508000000.0,https://www.sec.gov/Archives/edgar/data/1465112/000104746915006714/0001047469-15-006714-index.html,https://www.sec.gov/Archives/edgar/data/1465112/000104746915006714/a2225634z10-q.htm,1620591319,16:15:19,20210509
1,2015-03-31,DTV,USD,2015-05-08 00:00:00,2015-05-08 16:40:11,Q1,8143000000,0.0,8143000000,1.0,0.0,514000000,0.0,943000000,1457000000,6756000000,245000000,730000000,2117000000,0.2599778951246469,1387000000,0.17033034508166522,0.0,1171000000,0.14380449465798845,441000000,730000000,0.08964755004298171,1.4512922465208749,1.4398422090729783,503000000,507000000.0,https://www.sec.gov/Archives/edgar/data/1465112/000104746915004592/0001047469-15-004592-index.html,https://www.sec.gov/Archives/edgar/data/1465112/000104746915004592/a2224620z10-q.htm,1620591319,16:15:19,20210509
2,2014-12-31,DTV,USD,2015-02-25,2015-02-25 14:56:51,Q4,8922000000,0.0,8922000000,1.0,0.0,571000000,0.0,926000000,1497000000,7667000000,221000000,745000000,2000000000,0.22416498542927596,1255000000,0.14066352835687065,0.0,1116000000,0.12508406186953597,335000000,778000000,0.08720017933198834,1.5405940594059406,1.5254901960784313,505000000,510000000.0,https://www.sec.gov/Archives/edgar/data/1465112/000104746915001196/0001047469-15-001196-index.htm,https://www.sec.gov/Archives/edgar/data/1465112/000104746915001196/a2223104z10-k.htm,1620591319,16:15:19,20210509
3,2014-09-30,DTV,USD,2014-11-07 00:00:00,2014-11-07 15:54:36,Q3,8374000000,0.0,8374000000,1.0,0.0,571000000,0.0,931000000,1502000000,7152000000,215000000,755000000,1977000000,0.2360878910914736,1222000000,0.1459278719847146,0.0,1026000000,0.12252209219011226,411000000,611000000,0.0729639359923573,1.2099009900990099,1.1980392156862745,505000000,510000000.0,https://www.sec.gov/Archives/edgar/data/1465112/000104746914008978/0001047469-14-008978-index.html,https://www.sec.gov/Archives/edgar/data/1465112/000104746914008978/a2222000z10-q.htm,1620591319,16:15:19,20210509
4,2014-06-30,DTV,USD,2014-08-01 00:00:00,2014-08-01 16:41:49,Q2,8109000000,0.0,8109000000,1.0,0.0,517000000,0.0,911000000,1428000000,6685000000,230000000,729000000,2153000000,0.2655074608459736,1424000000,0.17560734985818227,0.0,1241000000,0.1530398322851153,431000000,806000000,0.09939573313602171,1.5897435897435896,1.57421875,507000000,512000000.0,https://www.sec.gov/Archives/edgar/data/1465112/000104746914006602/0001047469-14-006602-index.html,https://www.sec.gov/Archives/edgar/data/1465112/000104746914006602/a2220944z10-q.htm,1620591319,16:15:19,20210509
5,2014-03-31,DTV,USD,2014-05-12 00:00:00,2014-05-12 16:38:57,Q1,7855000000,0.0,7855000000,1.0,0.0,454000000,0.0,880000000,1334000000,6628000000,232000000,714000000,1941000000,0.24710375556970082,1227000000,0.1562062380649268,0.0,1065000000,0.13558243157224698,496000000,561000000,0.07141947803946531,1.0978473581213308,1.0893203883495146,511000000,515000000.0,https://www.sec.gov/Archives/edgar/data/1465112/000104746914004856/0001047469-14-004856-index.html,https://www.sec.gov/Archives/edgar/data/1465112/000104746914004856/a2220046z10-q.htm,1620591319,16:15:19,20210509
6,2013-12-31,DTV,USD,2014-02-24,2014-02-21 19:36:55,Q4,8594000000,0.0,8594000000,1.0,0.0,550000000,0.0,894000000,1444000000,7261000000,222000000,711000000,2044000000,0.23784035373516407,1333000000,0.15510821503374447,0.0,1227000000,0.14277402839190131,411000000,810000000,0.09425180358389575,1.4781021897810218,1.4647377938517179,548000000,553000000.0,https://www.sec.gov/Archives/edgar/data/1465112/000104746914001182/0001047469-14-001182-index.htm,https://www.sec.gov/Archives/edgar/data/1465112/000104746914001182/a2218415z10-k.htm,1620591319,16:15:19,20210509
7,2013-09-30,DTV,USD,2013-11-06 00:00:00,2013-11-06 13:27:53,Q3,7880000000,0.0,7880000000,1.0,0.0,473000000,0.0,863000000,1336000000,6655000000,182000000,708000000,1933000000,0.2453045685279188,1225000000,0.15545685279187818,0.0,1101000000,0.13972081218274113,391000000,699000000,0.08870558375634517,1.2549371633752244,1.2437722419928825,557000000,562000000.0,https://www.sec.gov/Archives/edgar/data/1465112/000104746913010310/0001047469-13-010310-index.html,https://www.sec.gov/Archives/edgar/data/1465112/000104746913010310/a2217230z10-q.htm,1620591319,16:15:19,20210509
8,2013-06-30,DTV,USD,2013-08-02 00:00:00,2013-08-01 19:22:11,Q2,7700000000,0.0,7700000000,1.0,0.0,510000000,0.0,870000000,1380000000,6350000000,219000000,731000000,2081000000,0.27025974025974026,1350000000,0.17532467532467533,0.0,1075000000,0.1396103896103896,414000000,660000000,0.08571428571428572,1.168141592920354,1.1599297012302285,565000000,569000000.0,https://www.sec.gov/Archives/edgar/data/1465112/000104746913008001/0001047469-13-008001-index.html,https://www.sec.gov/Archives/edgar/data/1465112/000104746913008001/a2216137z10-q.htm,1620591319,16:15:19,20210509
9,2013-03-31,DTV,USD,2013-05-08 00:00:00,2013-05-08 17:06:41,Q1,7580000000,0.0,7580000000,1.0,0.0,469000000,0.0,864000000,1333000000,6338000000,217000000,678000000,1920000000,0.2532981530343008,1242000000,0.16385224274406332,0.0,1085000000,0.14313984168865435,387000000,690000000,0.09102902374670185,1.2062937062937062,1.1958405545927209,572000000,577000000.0,https://www.sec.gov/Archives/edgar/data/1465112/000104746913005747/0001047469-13-005747-index.html,https://www.sec.gov/Archives/edgar/data/1465112/000104746913005747/a2214975z10-q.htm,1620591319,16:15:19,20210509
10,2012-12-31,DTV,USD,2013-02-21 00:00:00,2013-02-21 15:02:10,Q4,8054000000,0.0,8054000000,1.0,0.0,483000000,0.0,869000000,1352000000,6756000000,220000000,626000000,1924000000,0.23888750931214303,1298000000,0.16116215545070772,0.0,1224000000,0.1519741743233176,276000000,942000000,0.11696051651353365,1.4764890282131662,1.4627329192546583,638000000,644000000.0,https://www.sec.gov/Archives/edgar/data/1465112/000104746913001381/0001047469-13-001381-index.html,https://www.sec.gov/Archives/edgar/data/1465112/000104746913001381/a2212949z10-k.htm,1620591319,16:15:19,20210509
11,2012-09-30,DTV,USD,2012-11-07 00:00:00,2012-11-07 14:19:34,Q3,7416000000,0.0,7416000000,1.0,0.0,447000000,0.0,873000000,1320000000,6348000000,204000000,618000000,1686000000,0.2273462783171521,1068000000,0.14401294498381878,0.0,920000000,0.12405609492988134,348000000,565000000,0.0761866235167206,0.8678955453149002,0.8625954198473282,651000000,655000000.0,https://www.sec.gov/Archives/edgar/data/1465112/000104746912010174/0001047469-12-010174-index.html,https://www.sec.gov/Archives/edgar/data/1465112/000104746912010174/a2211619z10-q.htm,1620591319,16:15:19,20210509
12,2012-06-30,DTV,USD,2012-08-03 00:00:00,2012-08-02 20:10:30,Q2,7224000000,0.0,7224000000,1.0,0.0,468000000,0.0,844000000,1312000000,5813000000,214000000,598000000,2009000000,0.27810077519379844,1411000000,0.19532115171650055,0.0,1141000000,0.15794573643410853,425000000,711000000,0.09842192691029901,1.0707831325301205,1.06437125748503,664000000,668000000.0,https://www.sec.gov/Archives/edgar/data/1465112/000104746912007709/0001047469-12-007709-index.html,https://www.sec.gov/Archives/edgar/data/1465112/000104746912007709/a2210441z10-q.htm,1620591319,16:15:19,20210509
13,2012-03-31,DTV,USD,2012-05-09,2012-05-08 19:34:30,Q1,7046000000,0.0,7046000000,1.0,0.0,417000000,0.0,807000000,1224000000,5738000000,204000000,595000000,1903000000,0.27008231620777745,1308000000,0.1856372409877945,0.0,1157000000,0.16420664206642066,416000000,731000000,0.10374680669883622,1.0781710914454277,1.0734214390602055,678000000,681000000.0,https://www.sec.gov/Archives/edgar/data/1465112/000104746912005575/0001047469-12-005575-index.htm,https://www.sec.gov/Archives/edgar/data/1465112/000104746912005575/a2209360z10-q.htm,1620591319,16:15:19,20210509
14,2011-12-31,DTV,USD,2012-02-23 00:00:00,2012-02-23 16:52:15,Q4,7463000000,0.0,7463000000,1.0,0.0,422000000,0.0,790000000,1212000000,6249000000,194000000,568000000,1782000000,0.23877797132520434,1214000000,0.16266916789494842,0.0,1039000000,0.13922015275358435,316000000,718000000,0.09620795926571084,0.9611780455153949,0.9547872340425532,747000000,752000000.0,https://www.sec.gov/Archives/edgar/data/1465112/000104746912001379/0001047469-12-001379-index.html,https://www.sec.gov/Archives/edgar/data/1465112/000104746912001379/a2207454z10-k.htm,1620591319,16:15:19,20210509
15,2011-09-30,DTV,USD,2011-11-04 00:00:00,2011-11-03 20:21:41,Q3,6844000000,0.0,6844000000,1.0,0.0,408000000,0.0,793000000,1201000000,5814000000,194000000,554000000,1584000000,0.2314436002337814,1030000000,0.15049678550555232,0.0,807000000,0.1179135008766803,286000000,516000000,0.07539450613676213,0.6771653543307087,0.6727509778357236,762000000,767000000.0,https://www.sec.gov/Archives/edgar/data/1465112/000104746911009013/0001047469-11-009013-index.html,https://www.sec.gov/Archives/edgar/data/1465112/000104746911009013/a2206045z10-q.htm,1620591319,16:15:19,20210509
16,2011-06-30,DTV,USD,2011-08-05 00:00:00,2011-08-04 17:41:22,Q2,6600000000,0.0,6600000000,1.0,0.0,406000000,0.0,765000000,1171000000,5370000000,203000000,616000000,1846000000,0.2796969696969697,1230000000,0.18636363636363637,0.0,1106000000,0.16757575757575757,397000000,701000000,0.10621212121212122,0.9010282776349614,0.8964194373401535,778000000,782000000.0,https://www.sec.gov/Archives/edgar/data/1465112/000104746911006960/0001047469-11-006960-index.html,https://www.sec.gov/Archives/edgar/data/1465112/000104746911006960/a2204322z10-q.htm,1620591319,16:15:19,20210509
17,2011-03-31,DTV,USD,2011-05-06 00:00:00,2011-05-05 20:20:29,Q1,6319000000,0.0,6319000000,1.0,0.0,340000000,0.0,715000000,1055000000,5164000000,172000000,611000000,1766000000,0.2794746004114575,1155000000,0.18278208577306534,0.0,1032000000,0.16331698053489477,349000000,674000000,0.10666244658965027,0.849936948297604,0.8456712672521958,793000000,797000000.0,https://www.sec.gov/Archives/edgar/data/1465112/000104746911004655/0001047469-11-004655-index.html,https://www.sec.gov/Archives/edgar/data/1465112/000104746911004655/a2203829z10-q.htm,1620591319,16:15:19,20210509
18,2010-12-31,DTV,USD,2011-02-28,2011-02-25 20:01:37,Q4,6621000000,0.0,6621000000,1.0,0.0,383000000,0.0,342000000,725000000,5559000000,161000000,622000000,1684000000,0.25434224437396163,1062000000,0.16039873130946986,0.0,936000000,0.14136837335749886,253000000,618000000,0.09333937471681016,0.7022727272727273,103.0,880000000,6000000.0,https://www.sec.gov/Archives/edgar/data/1465112/000104746911001443/0001047469-11-001443-index.htm,https://www.sec.gov/Archives/edgar/data/1465112/000104746911001443/a2202196z10-k.htm,1620591319,16:15:19,20210509
19,2010-09-30,DTV,USD,2010-11-05 00:00:00,2010-11-04 19:16:31,Q3,6025000000,0.0,6025000000,1.0,0.0,384000000,0.0,672000000,1056000000,5157000000,147000000,616000000,1484000000,0.24630705394190872,868000000,0.14406639004149377,0.0,756000000,0.12547717842323652,256000000,479000000,0.07950207468879668,21.77273,21.77273,22000000,22000000.0,https://www.sec.gov/Archives/edgar/data/1465112/000104746910009250/0001047469-10-009250-index.html,https://www.sec.gov/Archives/edgar/data/1465112/000104746910009250/a2200731z10-q.htm,1620591319,16:15:19,20210509
20,2010-06-30,DTV,USD,2010-08-06 00:00:00,2010-08-05 19:19:53,Q2,11456000000,0.0,11456000000,1.0,0.0,374000000,0.0,626000000,1000000000,4838000000,134000000,625000000,1635000000,0.1427199720670391,1010000000,0.08816340782122906,0.0,897000000,0.0782995810055866,343000000,543000000,0.047398743016759774,0.6060267857142857,0.6013289036544851,896000000,903000000.0,https://www.sec.gov/Archives/edgar/data/1465112/000104746910007078/0001047469-10-007078-index.html,https://www.sec.gov/Archives/edgar/data/1465112/000104746910007078/a2199629z10-q.htm,1620591319,16:15:19,20210509
21,2010-03-31,DTV,USD,2010-05-07 00:00:00,2010-05-06 20:05:47,Q1,5608000000,0.0,5608000000,1.0,0.0,304000000,0.0,598000000,902000000,4652000000,115000000,619000000,1575000000,0.280848787446505,956000000,0.1704707560627675,0.0,925000000,0.16494293865905849,350000000,558000000,0.09950071326676177,0.634090909090909,0.5948827292110874,880000000,938000000.0,https://www.sec.gov/Archives/edgar/data/1465112/000104746910004900/0001047469-10-004900-index.html,https://www.sec.gov/Archives/edgar/data/1465112/000104746910004900/a2198599z10-q.htm,1620591319,16:15:19,20210509
