,date,symbol,reportedCurrency,fillingDate,acceptedDate,period,revenue,costOfRevenue,grossProfit,grossProfitRatio,researchAndDevelopmentExpenses,generalAndAdministrativeExpenses,sellingAndMarketingExpenses,otherExpenses,operatingExpenses,costAndExpenses,interestExpense,depreciationAndAmortization,ebitda,ebitdaratio,operatingIncome,operatingIncomeRatio,totalOtherIncomeExpensesNet,incomeBeforeTax,incomeBeforeTaxRatio,incomeTaxExpense,netIncome,netIncomeRatio,eps,epsdiluted,weightedAverageShsOut,weightedAverageShsOutDil,link,finalLink,timestamp,est_time,est_date
0,2019-12-31,TLRA,USD,2020-03-16 00:00:00,2020-03-16 17:18:00,Q4,19636000.0,4287000.0,15349000.0,0.7816765125280097,2609000.0,7996000.0,5719000.0,3232000.0,16657000.0,7319000.0,0.0,332999.99999999994,-975000.0,-0.049653697290690565,-1308000.0,-0.0666123446730495,1288000.0,-18000.0,-0.000916683642289672,372000.0,-390000.0,-0.019861478916276227,-0.00835,-0.00835,46719700,46719700,https://www.sec.gov/Archives/edgar/data/1375796/000162828020003666/0001628280-20-003666-index.html,https://www.sec.gov/Archives/edgar/data/1375796/000162828020003666/tlra-20191231.htm,1620598866,18:21:06,20210509
1,2019-09-30,TLRA,USD,2019-11-06 00:00:00,2019-11-06 14:50:57,Q3,16564000.0,3419000.0,13145000.0,0.7935885051919827,2936000.0,6840000.0,6681000.0,344000.0,16802000.0,20220000.0,0.0,344000.0,-3313000.0,-0.20001207437816954,-3657000.0,-0.22078000482975127,910000.0,-2748000.0,-0.16590195604926347,53000.0,-2801000.0,-0.1691016662641874,-0.06068,-0.06068,46158470,46158470,https://www.sec.gov/Archives/edgar/data/1375796/000162828019013459/0001628280-19-013459-index.html,https://www.sec.gov/Archives/edgar/data/1375796/000162828019013459/tlra-20190930.htm,1620598866,18:21:06,20210509
2,2019-06-30,TLRA,USD,2019-08-08,2019-08-08 16:59:48,Q2,18216000.0,3468000.0,14748000.0,0.8096179183135704,2739000.0,7528000.0,6756000.0,370000.0,17393000.0,20862000.0,-3000.0,322000.00000000006,-2323000.0,-0.1275252525252525,-2645000.0,-0.1452020202020202,1203000.0,-1440000.0,-0.07905138339920949,44000.0,-1484000.0,-0.08146684233640755,-0.03247,-0.03247,45702810,45702810,https://www.sec.gov/Archives/edgar/data/1375796/000162828019010483/tlra630201910q1.htm,https://www.sec.gov/Archives/edgar/data/1375796/000162828019010483/tlra630201910q1.htm,1620598866,18:21:06,20210509
3,2019-03-31,TLRA,USD,2019-05-09 00:00:00,2019-05-09 16:36:08,Q1,13622000.0,2451000.0,11171000.0,0.8200704742328586,2855000.0,6836000.0,6347000.0,439000.0,16477000.0,18928000.0,3000.0,487000.0,-4819000.0,-0.353765966818382,-5306000.0,-0.3895169578622816,983000.0,-4326000.0,-0.3175745118191161,7000.0,-4333000.0,-0.3180883864337102,-0.09665,-0.09665,44831450,44831450,https://www.sec.gov/Archives/edgar/data/1375796/000162828019006454/0001628280-19-006454-index.html,https://www.sec.gov/Archives/edgar/data/1375796/000162828019006454/tlra331201910q.htm,1620598866,18:21:06,20210509
4,2018-12-31,TLRA,USD,2019-03-19 00:00:00,2019-03-18 17:49:58,Q4,19656000.0,2812000.0,16844000.0,0.856939356939357,2881000.0,5517000.0,6646000.0,564000.0,15608000.000000002,18420000.0,15000.0,507000.0000000001,1743000.0,0.08867521367521368,1236000.0,0.06288156288156288,58000.0,1279000.0,0.06506919006919007,-156000.0,1435000.0,0.073005698005698,0.02855,0.02855,50262340,50262340,https://www.sec.gov/Archives/edgar/data/1375796/000162828019003094/0001628280-19-003094-index.html,https://www.sec.gov/Archives/edgar/data/1375796/000162828019003094/tlraq4201810k.htm,1620598866,18:21:06,20210509
5,2018-09-30,TLRA,USD,2018-11-08 00:00:00,2018-11-08 16:43:35,Q3,13478000.0,1868000.0,11610000.0,0.8614037691052084,2432000.0,4306000.0,5840000.0,555000.0,13133000.0,15001000.0,26000.0,517999.9999999998,-1005000.0000000002,-0.07456595934114855,-1523000.0,-0.11299896127021813,72000.0,-1478000.0,-0.10966018697136073,103000.0,-1581000.0,-0.11730227036652323,-0.02999,-0.02999,52716630,52716630,https://www.sec.gov/Archives/edgar/data/1375796/000162828018014008/0001628280-18-014008-index.html,https://www.sec.gov/Archives/edgar/data/1375796/000162828018014008/tlra930201810q.htm,1620598866,18:21:06,20210509
6,2018-06-30,TLRA,USD,2018-08-09 00:00:00,2018-08-09 16:51:37,Q2,12430000.0,1140000.0,11290000.0,0.9082864038616251,2310000.0,5365000.0,6645000.0,991000.0,15300000.0,16442000.0,45000.0,880000.0000000001,-3130000.0,-0.251810136765889,-4010000.0,-0.32260659694288013,1130000.0,-2930000.0,-0.23572003218020918,30000.0,-3120000.0,-0.251005631536605,-0.05972,-0.05972,52240000,52240000,https://www.sec.gov/Archives/edgar/data/1375796/000162828018010968/0001628280-18-010968-index.html,https://www.sec.gov/Archives/edgar/data/1375796/000162828018010968/tlra630201810q.htm,1620598866,18:21:06,20210509
7,2018-03-31,TLRA,USD,2018-05-08 00:00:00,2018-05-08 17:10:39,Q1,9600000.0,1030000.0,8570000.0,0.8927083333333333,2310000.0,4997000.0,6293000.0,1801000.0,15400000.0,16428000.0,3000.0,1800000.0,-5030000.0,-0.5239583333333333,-6830000.0,-0.7114583333333333,720000.0,-6110000.0,-0.6364583333333333,10000.0,-6100000.0,-0.6354166666666666,-0.11769,-0.11769,51830000,51830000,https://www.sec.gov/Archives/edgar/data/1375796/000162828018006279/0001628280-18-006279-index.html,https://www.sec.gov/Archives/edgar/data/1375796/000162828018006279/tlra331201810q.htm,1620598866,18:21:06,20210509
8,2017-12-31,TLRA,USD,2018-03-02 00:00:00,2018-03-01 18:37:22,Q4,15010000.0,1000000.0,14010000.0,0.9333777481678881,0.0,7144000.0,6386000.0,1591000.0,15120000.000000002,16123000.0,14000.0,1540000.0,430000.0,0.028647568287808126,-1110000.0,-0.07395069953364423,470000.0,-470000.0,-0.0313124583610926,-400000.0,-910000.0,-0.060626249167221855,-0.01777,-0.01777,51200000,51200000,https://www.sec.gov/Archives/edgar/data/1375796/000162828018002676/0001628280-18-002676-index.html,https://www.sec.gov/Archives/edgar/data/1375796/000162828018002676/tlraq4201710k.htm,1620598866,18:21:06,20210509
9,2017-09-30,TLRA,USD,2017-11-09 00:00:00,2017-11-09 17:30:44,Q3,12720000.0,760000.0,11950000.0,0.9394654088050315,0.0,-6767000.0,21687000.0,9793000.0,15910000.000000002,48915000.0,64000.0,1509999.9999999998,-2440000.0,-0.1918238993710692,-3950000.0,-0.31053459119496857,720000.0,-3300000.0,-0.25943396226415094,-30000.0,12290000.0,0.9661949685534591,0.24269,0.24269,50640000,50640000,https://www.sec.gov/Archives/edgar/data/1375796/000110465917067462/0001104659-17-067462-index.html,https://www.sec.gov/Archives/edgar/data/1375796/000110465917067462/a17-22417_110q.htm,1620598866,18:21:06,20210509
10,2017-06-30,TLRA,USD,2017-08-09 00:00:00,2017-08-09 16:54:53,Q2,9930000.0,920000.0,9020000.0,0.9083585095669687,2110000.0,-1438000.0,13908000.0,2450000.0,15659999.999999998,50994000.0,138000.0,2360000.0,-4290000.0,-0.43202416918429004,-6650000.0,-0.6696878147029205,-50000.0,-6730000.0,-0.6777442094662638,90000.0,-2300000.0,-0.23162134944612287,-0.04581,-0.04581,50210000,50210000,https://www.sec.gov/Archives/edgar/data/1375796/000110465917050746/0001104659-17-050746-index.html,https://www.sec.gov/Archives/edgar/data/1375796/000110465917050746/a17-13365_110q.htm,1620598866,18:21:06,20210509
11,2017-03-31,TLRA,USD,2017-05-10 00:00:00,2017-05-10 08:01:40,Q1,6140000.0,760000.0,5380000.0,0.8762214983713354,2430000.0,-1653000.0,13053000.0,2404000.0,14900000.0,48224000.0,52000.0,2350000.0,-7180000.0,-1.1693811074918568,-9530000.0,-1.5521172638436482,10000.0,-9550000.0,-1.5553745928338762,-10000.0,-6860000.0,-1.1172638436482085,-0.1372,-0.1372,50000000,50000000,https://www.sec.gov/Archives/edgar/data/1375796/000110465917031345/0001104659-17-031345-index.html,https://www.sec.gov/Archives/edgar/data/1375796/000110465917031345/a17-8913_110q.htm,1620598866,18:21:06,20210509
12,2016-12-31,TLRA,USD,2017-03-10 00:00:00,2017-03-10 16:06:55,Q4,10380000.0,770000.0,9610000.0,0.9258188824662813,0.0,-1052000.0,12952000.0,2419000.0,13010000.0,54534000.0,110000.0,2250000.0,-1160000.0,-0.11175337186897881,-3410000.0,-0.3285163776493256,90000.0,-3430000.0,-0.3304431599229287,-330000.0,-400000.0,-0.038535645472061654,-0.00775,-0.00775,51640000,51640000,https://www.sec.gov/Archives/edgar/data/1375796/000110465917015821/0001104659-17-015821-index.html,https://www.sec.gov/Archives/edgar/data/1375796/000110465917015821/a17-1097_110k.htm,1620598866,18:21:06,20210509
13,2016-09-30,TLRA,USD,2016-11-09 00:00:00,2016-11-09 08:32:23,Q3,7630000.0,510000.0,7120000.0,0.9331585845347313,0.0,-1093000.0,11403000.0,2364000.0,11340000.0,45009000.0,4000.0,2360000.0000000005,-1849999.9999999995,-0.24246395806028828,-4210000.0,-0.5517693315858454,70000.0,-4150000.0,-0.5439056356487549,-30000.0,-3620000.0,-0.4744429882044561,-0.06899,-0.06899,52470000,52470000,https://www.sec.gov/Archives/edgar/data/1375796/000110465916155717/0001104659-16-155717-index.html,https://www.sec.gov/Archives/edgar/data/1375796/000110465916155717/a16-17239_110q.htm,1620598866,18:21:06,20210509
14,2016-06-30,TLRA,USD,2016-08-09 00:00:00,2016-08-09 09:06:00,Q2,-23450000.0,-17420000.0,-6040000.0,0.25756929637526654,0.0,-11652000.0,11342000.0,2370000.0,-709999.9999999973,42738000.0,13000.0,2319999.9999999995,-3000000.0000000005,0.12793176972281453,-5320000.0,0.22686567164179106,-30000.0,-5370000.0,0.22899786780383796,200000.0,-5860000.0,0.24989339019189766,-0.11021,-0.11021,53170000,53170000,https://www.sec.gov/Archives/edgar/data/1375796/000110465916138151/0001104659-16-138151-index.html,https://www.sec.gov/Archives/edgar/data/1375796/000110465916138151/a16-11650_110q.htm,1620598866,18:21:06,20210509
15,2016-03-31,TLRA,USD,2016-05-10 00:00:00,2016-05-10 08:33:58,Q1,34570000.0,18350000.0,16220000.0,0.46919294185710153,0.0,10766000.0,12664000.0,3283000.0,26710000.0,45059000.0,2000.0,2240000.0,-8250000.0,-0.2386462250506219,-10490000.0,-0.30344229100376047,-250000.0,-10750000.0,-0.3109632629447498,330000.0,-11070000.0,-0.32021984379519813,-0.21138,-0.21138,52370000,52370000,https://www.sec.gov/Archives/edgar/data/1375796/000110465916119516/0001104659-16-119516-index.html,https://www.sec.gov/Archives/edgar/data/1375796/000110465916119516/a16-6553_110q.htm,1620598866,18:21:06,20210509
16,2015-12-31,TLRA,USD,2016-03-15 00:00:00,2016-03-15 06:18:35,Q4,-116140000.0,-73000000.0,-43140000.0,0.371448252109523,0.0,-41349000.0,13099000.0,2289000.0,-54790000.00000001,40007000.0,3000.0,2280000.0,13930000.0,-0.11994144997416911,11650000.0,-0.10030997072498708,-70000.0,11580000.0,-0.09970724987084553,-60000.0,-2420000.0,0.02083692095746513,-0.04538,-0.04538,53330000,53330000,https://www.sec.gov/Archives/edgar/data/1375796/000110465916105045/0001104659-16-105045-index.html,https://www.sec.gov/Archives/edgar/data/1375796/000110465916105045/a15-23194_110k.htm,1620598866,18:21:06,20210509
17,2015-09-30,TLRA,USD,2015-11-09 00:00:00,2015-11-09 16:06:22,Q3,41620000.0,24020000.0,17600000.0,0.42287361845266697,0.0,9178000.0,12112000.0,24987000.0,46280000.0,77953000.0,2000.0,2329999.9999999995,-26350000.0,-0.6331090821720327,-28680000.0,-0.6890917827967323,80000.0,-28600000.0,-0.6871696299855838,20000.0,-28620000.0,-0.687650168188371,-0.55166,-0.55166,51880000,51880000,https://www.sec.gov/Archives/edgar/data/1375796/000110465915077230/0001104659-15-077230-index.html,https://www.sec.gov/Archives/edgar/data/1375796/000110465915077230/a15-17911_110q.htm,1620598866,18:21:06,20210509
18,2015-06-30,TLRA,USD,2015-08-10 00:00:00,2015-08-10 06:05:40,Q2,46070000.0,28060000.0,18010000.0,0.39092685044497505,0.0,9473000.0,11707000.0,1956000.0,23140000.000000004,51201000.0,3000.0,1950000.0,-3180000.0,-0.06902539613631431,-5130000.0,-0.11135228999348817,10000.0,-5120000.0,-0.11113522899934881,120000.0,-5240000.0,-0.11373996092902106,-0.10185,-0.10185,51450000,51450000,https://www.sec.gov/Archives/edgar/data/1375796/000110465915057876/0001104659-15-057876-index.html,https://www.sec.gov/Archives/edgar/data/1375796/000110465915057876/a15-11996_110q.htm,1620598866,18:21:06,20210509
19,2015-03-31,TLRA,USD,2015-05-11 00:00:00,2015-05-11 06:04:30,Q1,38050000.0,21860000.0,16190000.0,0.4254927726675427,0.0,9299000.0,11961000.0,1777000.0,23030000.0,47443000.0,2000.0,1780000.0,-5060000.0,-0.13298291721419186,-6840000.0,-0.1797634691195795,10000.0,-6830000.0,-0.1795006570302234,120000.0,-6950000.0,-0.18265440210249673,-0.13569,-0.13569,51220000,51220000,https://www.sec.gov/Archives/edgar/data/1375796/000110465915036440/0001104659-15-036440-index.html,https://www.sec.gov/Archives/edgar/data/1375796/000110465915036440/a15-7298_110q.htm,1620598866,18:21:06,20210509
20,2014-12-31,TLRA,USD,2015-03-16,2015-03-16 06:05:50,Q4,41880000.0,25790000.0,16090000.0,0.3841929321872015,0.0,8085000.0,11505000.0,1773000.0,21360000.0,47153000.0,1000.0,5399999.999999999,119999.99999999907,0.0028653295128939606,-5280000.0,-0.12607449856733524,60000.0,-5220000.0,-0.12464183381088825,200000.0,-5410000.0,-0.12917860553963706,-0.10589,-0.10589,51090000,51090000,https://www.sec.gov/Archives/edgar/data/1375796/000110465915019720/a15-1142_110k.htm,https://www.sec.gov/Archives/edgar/data/1375796/000110465915019720/a15-1142_110k.htm,1620598866,18:21:06,20210509
21,2014-09-30,TLRA,USD,2014-11-14 00:00:00,2014-11-14 06:23:47,Q3,39040000.0,24050000.0,14990000.0,0.38396516393442626,0.0,7999000.0,10761000.0,1673000.0,20419999.999999996,44474000.0,3000.0,1680000.0,-3760000.0,-0.09631147540983606,-5440000.0,-0.13934426229508196,10000.0,-5430000.0,-0.13908811475409835,40000.0,-5470000.0,-0.1401127049180328,-0.10778,-0.10778,50750000,50750000,https://www.sec.gov/Archives/edgar/data/1375796/000110465914080630/0001104659-14-080630-index.html,https://www.sec.gov/Archives/edgar/data/1375796/000110465914080630/a14-19875_110q.htm,1620598866,18:21:06,20210509
22,2014-06-30,TLRA,USD,2014-08-14 00:00:00,2014-08-14 07:11:58,Q2,43700000.0,28890000.0,14810000.0,0.3389016018306636,0.0,7584000.0,10906000.0,1643000.0,20130000.000000004,49024000.0,0.0,1640000.0,-3680000.0,-0.08421052631578947,-5320000.0,-0.12173913043478261,-30000.0,-5350000.0,-0.12242562929061784,20000.0,-5370000.0,-0.12288329519450801,-0.10655,-0.10655,50400000,50400000,https://www.sec.gov/Archives/edgar/data/1375796/000110465914060669/0001104659-14-060669-index.html,https://www.sec.gov/Archives/edgar/data/1375796/000110465914060669/a14-14169_110q.htm,1620598866,18:21:06,20210509
23,2014-03-31,TLRA,USD,2014-05-15 00:00:00,2014-05-15 07:34:17,Q1,34870000.0,22940000.0,11930000.0,0.3421279036420992,0.0,8049000.0,9451000.0,1586000.0,19080000.000000004,42024000.0,0.0,1590000.0,-5570000.0,-0.15973616289073703,-7160000.0,-0.20533409807857758,10000.0,-7150000.0,-0.20504731861198738,80000.0,-7230000.0,-0.2073415543447089,-0.14374,-0.14374,50300000,50300000,https://www.sec.gov/Archives/edgar/data/1375796/000110465914038960/0001104659-14-038960-index.html,https://www.sec.gov/Archives/edgar/data/1375796/000110465914038960/a14-9780_110q.htm,1620598866,18:21:06,20210509
24,2013-12-31,TLRA,USD,2014-03-28,2014-03-28 07:31:21,Q4,36300000.0,24060000.0,12240000.0,0.3371900826446281,0.0,6167000.0,10233000.0,1734000.0,18130000.0,42193000.0,0.0,1730000.0,-4160000.0,-0.11460055096418732,-5890000.0,-0.1622589531680441,20000.0,-5880000.0,-0.16198347107438016,-40000.0,-5840000.0,-0.16088154269972452,-0.11736,-0.11736,49760000,49760000,https://www.sec.gov/Archives/edgar/data/1375796/000110465914023528/a13-27126_110k.htm,https://www.sec.gov/Archives/edgar/data/1375796/000110465914023528/a13-27126_110k.htm,1620598866,18:21:06,20210509
25,2013-09-30,TLRA,USD,2013-11-14 00:00:00,2013-11-14 08:02:13,Q3,35270000.0,21060000.0,14210000.0,0.4028919761837255,0.0,5513000.0,9477000.0,1581000.0,16570000.000000004,37629000.0,14000.0,1580000.0,-780000.0,-0.02211511199319535,-2360000.0,-0.06691239013325773,150000.0,-2220000.0,-0.062943011057556,20000.0,-2240000.0,-0.06351006521122768,-0.0456,-0.0456,49120000,49120000,https://www.sec.gov/Archives/edgar/data/1375796/000110465913084459/0001104659-13-084459-index.html,https://www.sec.gov/Archives/edgar/data/1375796/000110465913084459/a13-19862_110q.htm,1620598866,18:21:06,20210509
