,date,symbol,reportedCurrency,fillingDate,acceptedDate,period,revenue,costOfRevenue,grossProfit,grossProfitRatio,researchAndDevelopmentExpenses,generalAndAdministrativeExpenses,sellingAndMarketingExpenses,otherExpenses,operatingExpenses,costAndExpenses,interestExpense,depreciationAndAmortization,ebitda,ebitdaratio,operatingIncome,operatingIncomeRatio,totalOtherIncomeExpensesNet,incomeBeforeTax,incomeBeforeTaxRatio,incomeTaxExpense,netIncome,netIncomeRatio,eps,epsdiluted,weightedAverageShsOut,weightedAverageShsOutDil,link,finalLink,timestamp,est_time,est_date
0,2020-03-31,SVON,USD,2020-05-08 00:00:00,2020-05-08 16:01:59,Q1,0.0,0.0,0.0,0.0,4549000.0,5224000.0,0.0,3994000.0,13767000.0,13767000.0,0.0,275000.0,-13492000.0,0.0,-13767000.0,0.0,179000.0,-13946000.0,0.0,0.0,-13946000.0,0.0,-0.348,-0.348,40074275,40074275.0,https://www.sec.gov/Archives/edgar/data/1035354/000156459020023543/0001564590-20-023543-index.html,https://www.sec.gov/Archives/edgar/data/1035354/000156459020023543/elox-10q_20200331.htm,1620598476,18:14:36,20210509
1,2019-12-31,SVON,USD,2020-03-06 00:00:00,2020-03-06 14:54:23,Q4,0.0,0.0,0.0,0.0,5682000.0,5806000.0,0.0,319000.0,11488000.0,11488000.0,0.0,371000.0,-50184000.0,0.0,-50555000.0,0.0,319000.0,-50874000.0,0.0,0.0,-50874000.0,0.0,-1.2694927107227767,-1.3365675005601871,40074275,38063173.0,https://www.sec.gov/Archives/edgar/data/1035354/000156459020009148/0001564590-20-009148-index.html,https://www.sec.gov/Archives/edgar/data/1035354/000156459020009148/elox-10k_20191231.htm,1620598476,18:14:36,20210509
2,2019-09-30,SVON,USD,2019-11-06 00:00:00,2019-11-06 16:06:40,Q3,0.0,0.0,0.0,0.0,6801000.0,5978000.0,0.0,20160000.0,12779000.0,12779000.0,0.0,400000.0,-38667000.0,0.0,-39067000.0,0.0,174000.0,-39241000.0,0.0,0.0,-39241000.0,0.0,-0.9792067354930314,-1.0493842512403626,40074275,37394310.0,https://www.sec.gov/Archives/edgar/data/1035354/000156459019041002/0001564590-19-041002-index.html,https://www.sec.gov/Archives/edgar/data/1035354/000156459019041002/elox-10q_20190930.htm,1620598476,18:14:36,20210509
3,2019-06-30,SVON,USD,2019-08-07 00:00:00,2019-08-07 08:44:51,Q2,0.0,0.0,0.0,0.0,7340000.0,6971000.0,0.0,78000.0,14311000.0,14311000.0,0.0,381000.0,-25907000.0,0.0,-26288000.0,0.0,78000.0,-26366000.0,0.0,0.0,-26366000.0,0.0,-0.6579283093705376,-0.7303971162417066,40074275,36098171.0,https://www.sec.gov/Archives/edgar/data/1035354/000156459019029697/0001564590-19-029697-index.html,https://www.sec.gov/Archives/edgar/data/1035354/000156459019029697/elox-10q_20190630.htm,1620598476,18:14:36,20210509
4,2019-03-31,SVON,USD,2019-05-09 00:00:00,2019-05-09 10:14:29,Q1,0.0,0.0,0.0,0.0,6019000.0,5958000.0,0.0,-60000.0,11977000.0,11977000.0,0.0,243000.0,-11734000.0,0.0,-11977000.0,0.0,-60000.0,-11917000.0,0.0,0.0,-11917000.0,0.0,-0.29737281585256375,-0.33185492618128465,40074275,35910270.0,https://www.sec.gov/Archives/edgar/data/1035354/000156459019017648/0001564590-19-017648-index.html,https://www.sec.gov/Archives/edgar/data/1035354/000156459019017648/elox-10q_20190331.htm,1620598476,18:14:36,20210509
5,2018-12-31,SVON,USD,2019-03-14 00:00:00,2019-03-14 16:06:52,Q4,0.0,0.0,0.0,0.0,6530000.0,7584000.0,0.0,594000.0,14114000.0,14114000.0,0.0,95000.0,-47470000.0,0.0,-47565000.0,0.0,-502000.0,-47063000.0,0.0,122000.0,-47185000.0,0.0,-1.1774386436186306,-1.4546881220807197,40074275,32436506.0,https://www.sec.gov/Archives/edgar/data/1035354/000156459019007811/0001564590-19-007811-index.html,https://www.sec.gov/Archives/edgar/data/1035354/000156459019007811/elox-10k_20181231.htm,1620598476,18:14:36,20210509
6,2018-09-30,SVON,USD,2018-11-08 00:00:00,2018-11-08 08:34:07,Q3,0.0,0.0,0.0,0.0,5415000.0,5945000.0,0.0,594000.0,11360000.0,11360000.0,0.0,75000.0,-33376000.0,0.0,-33451000.0,0.0,-293000.0,-33158000.0,0.0,0.0,-33158000.0,0.0,-0.8274135963782252,-1.0531341730986312,40074275,31485067.0,https://www.sec.gov/Archives/edgar/data/1035354/000156459018028309/0001564590-18-028309-index.html,https://www.sec.gov/Archives/edgar/data/1035354/000156459018028309/elox-10q_20180930.htm,1620598476,18:14:36,20210509
7,2018-06-30,SVON,USD,2018-08-10 00:00:00,2018-08-10 06:06:03,Q2,0.0,0.0,0.0,0.0,4531000.0,10473000.0,0.0,594000.0,13543000.0,13543000.0,-43000.0,25000.0,-22066000.0,0.0,-22091000.0,0.0,-94000.0,-21997000.0,0.0,0.0,-21997000.0,0.0,-0.5489057506342909,-0.7407537119347994,40074275,29695430.0,https://www.sec.gov/Archives/edgar/data/1035354/000156459018021183/0001564590-18-021183-index.html,https://www.sec.gov/Archives/edgar/data/1035354/000156459018021183/elox-10q_20180630.htm,1620598476,18:14:36,20210509
8,2018-03-31,SVON,USD,2018-05-10 00:00:00,2018-05-10 16:23:25,Q1,0.0,0.0,0.0,0.0,4013000.0,2480000.0,0.0,2055000.0,8548000.0,8548000.0,43000.0,21000.0,-8527000.0,0.0,-8548000.0,0.0,0.0,-8591000.0,0.0,0.0,-8591000.0,0.0,-0.21437692884025975,-0.3120852138305007,40074275,27527738.0,https://www.sec.gov/Archives/edgar/data/1035354/000119312518159256/0001193125-18-159256-index.html,https://www.sec.gov/Archives/edgar/data/1035354/000119312518159256/d573032d10q.htm,1620598476,18:14:36,20210509
9,2017-12-31,SVON,USD,2018-03-16 00:00:00,2018-03-16 17:11:37,Q4,0.0,0.0,0.0,0.0,16262361.0,3500190.0,0.0,127425.0,19889976.0,19762551.0,824000.0,698792.0,-19691208.0,0.0,-20390000.0,0.0,0.0,21214000.0,0.0,0.0,21214000.0,0.0,0.5293670315932103,4.262940689581999,40074275,4976377.0,https://www.sec.gov/Archives/edgar/data/1035354/000119312518086028/0001193125-18-086028-index.html,https://www.sec.gov/Archives/edgar/data/1035354/000119312518086028/d542149d10k.htm,1620598476,18:14:36,20210509
10,2017-09-30,SVON,USD,2017-10-13 00:00:00,2017-10-13 17:26:58,Q1,0.0,0.0,0.0,0.0,135639.0,491810.0,0.0,-127425.0,500024.0,627449.0,0.0,8208.0,-627440792.0,0.0,-627449000.0,0.0,0.0,-1266978000.0,0.0,0.0,-1266978000.0,0.0,-31.61574351625825,-30.54396442470396,40074275,41480470.0,https://www.sec.gov/Archives/edgar/data/1035354/000114420417052475/0001144204-17-052475-index.html,https://www.sec.gov/Archives/edgar/data/1035354/000114420417052475/v475709_10k.htm,1620598476,18:14:36,20210509
11,2017-06-30,SVON,USD,2017-10-13,2017-10-13 17:26:58,Q4,0.0,0.0,0.0,0.0,119302.0,413661.0,0.0,2450272000.0,323722.0,532963.0,0.0,9167.0,-4592859833.0,0.0,-4592869000.0,0.0,0.0,-6836363000.0,0.0,0.0,-5796363000.0,0.0,-144.64049567958497,-249.6362391236198,40074275,23219237.0,https://www.sec.gov/Archives/edgar/data/1035354/000114420417052475/0001144204-17-052475-index.htm,https://www.sec.gov/Archives/edgar/data/1035354/000114420417052475/v475709_10k.htm,1620598476,18:14:36,20210509
12,2017-03-31,SVON,USD,2017-05-22 00:00:00,2017-05-22 17:28:22,Q3,0.0,0.0,0.0,0.0,126743.0,215144.0,0.0,2450272000.0,287889.0,341887.0,0.0,9399.0,-4059896601.0,0.0,-4059906000.0,0.0,0.0,-4829439000.0,0.0,0.0,-3789439000.0,0.0,-94.56038817919975,-175.0780644975888,40074275,21644282.0,https://www.sec.gov/Archives/edgar/data/1035354/000114420417028931/0001144204-17-028931-index.html,https://www.sec.gov/Archives/edgar/data/1035354/000114420417028931/v466378_10q.htm,1620598476,18:14:36,20210509
13,2016-12-31,SVON,USD,2017-02-10 00:00:00,2017-02-10 15:53:41,Q2,0.0,0.0,0.0,0.0,207376.0,300111.0,0.0,2450272000.0,505597.0,1507487.0,0.0,13874.0,-3718005126.0,0.0,-3718019000.0,0.0,0.0,-2763408000.0,0.0,-400000.0,-1723408000.0,0.0,-43.00534445102251,-83.74327290845781,40074275,20579659.0,https://www.sec.gov/Archives/edgar/data/1035354/000114420417007403/0001144204-17-007403-index.html,https://www.sec.gov/Archives/edgar/data/1035354/000114420417007403/v458143_10q.htm,1620598476,18:14:36,20210509
14,2016-09-30,SVON,USD,2016-10-13 00:00:00,2016-10-13 17:26:43,Q1,0.0,0.0,0.0,0.0,280240.0,480020.0,0.0,1450272000.0,760186.0,2210532.0,0.0,11635.0,-2210520365.0,0.0,-2210532000.0,0.0,0.0,-1573577000.0,0.0,-640000.0,-933577000.0,0.0,-23.2961669300318,-45.54837353025912,40074275,20496385.0,https://www.sec.gov/Archives/edgar/data/1035354/000114420416128038/0001144204-16-128038-index.html,https://www.sec.gov/Archives/edgar/data/1035354/000114420416128038/v450276_10k.htm,1620598476,18:14:36,20210509
15,2016-06-30,SVON,USD,2016-10-13,2016-10-13 17:26:43,Q4,75000000.0,0.0,75000000.0,1.0,410459.0,286057.0,0.0,7480951000.0,696354.0,1396516.0,0.0,12806.0,-11194970194.0,-149.26626925333332,-11194983000.0,-149.26644,0.0,-8947929000.0,-119.30572,-280000.0,-8267929000.0,-110.23905333333333,-206.31512360485624,-406.8319319949097,40074275,20322714.0,https://www.sec.gov/Archives/edgar/data/1035354/000114420416128038/0001144204-16-128038-index.htm,https://www.sec.gov/Archives/edgar/data/1035354/000114420416128038/v450276_10k.htm,1620598476,18:14:36,20210509
16,2016-03-31,SVON,USD,2016-05-12 00:00:00,2016-05-12 15:29:18,Q3,75000000.0,0.0,75000000.0,1.0,576443.0,331611.0,0.0,8100937000.0,908054.0,4889005.0,0.0,18939.0,-9798448061.0,-130.64597414666667,-9798467000.0,-130.64622666666668,0.0,-7515276000.0,-100.20368,-400000.0,-7115276000.0,-94.87034666666666,-177.5522077442449,-350.81634236848004,40074275,20282054.0,https://www.sec.gov/Archives/edgar/data/1035354/000114420416101221/0001144204-16-101221-index.html,https://www.sec.gov/Archives/edgar/data/1035354/000114420416101221/v439095_10q.htm,1620598476,18:14:36,20210509
17,2015-12-31,SVON,USD,2016-02-16 00:00:00,2016-02-16 13:59:18,Q2,37500.0,0.0,37500.0,1.0,594504.0,401102.0,0.0,2800000000.0,995517.0,3795606.0,0.0,29556.0,-3758076444.0,-100215.37184,-3758106000.0,-100216.16,0.0,-3855420000.0,-102811.2,0.0,-3855420000.0,-102811.2,-96.20685589446097,-190.73462181024294,40074275,20213530.0,https://www.sec.gov/Archives/edgar/data/1035354/000114420416082378/0001144204-16-082378-index.html,https://www.sec.gov/Archives/edgar/data/1035354/000114420416082378/v430476_10q.htm,1620598476,18:14:36,20210509
18,2015-09-30,SVON,USD,2015-10-09 00:00:00,2015-10-09 16:27:18,Q1,37500.0,0.0,37500.0,1.0,601583.0,587273.0,0.0,-282.0,1188574.0,1188856.0,0.0,32093.0,-1151323907.0,-30701.970853333332,-1151356000.0,-30702.826666666668,0.0,-180743000.0,-4819.8133333333335,0.0,-180743000.0,-4819.8133333333335,-4.510200122148186,-9.034236007175885,40074275,20006451.0,https://www.sec.gov/Archives/edgar/data/1035354/000114420415058919/0001144204-15-058919-index.html,https://www.sec.gov/Archives/edgar/data/1035354/000114420415058919/v420584_10k.htm,1620598476,18:14:36,20210509
19,2015-06-30,SVON,USD,2015-10-09,2015-10-09 16:27:18,Q4,37500.0,0.0,37500.0,1.0,841094.0,115433.0,0.0,-3470.0,953057.0,956527.0,0.0,38118.0,-918988882.0,-24506.370186666667,-919027000.0,-24507.386666666665,0.0,-906779000.0,-24180.773333333334,0.0,-906779000.0,-24180.773333333334,-22.62745863774204,-62.89638454635834,40074275,14417029.0,https://www.sec.gov/Archives/edgar/data/1035354/000114420415058919/0001144204-15-058919-index.htm,https://www.sec.gov/Archives/edgar/data/1035354/000114420415058919/v420584_10k.htm,1620598476,18:14:36,20210509
20,2015-03-31,SVON,USD,2015-05-14 00:00:00,2015-05-14 14:22:32,Q3,37500.0,0.0,37500.0,1.0,235255.0,1027240.0,0.0,-2077.0,1260418.0,1262495.0,0.0,38736.0,-1224956264.0,-32665.500373333332,-1224995000.0,-32666.533333333333,0.0,-1227072000.0,-32721.92,0.0,-1227072000.0,-32721.92,-30.61994259409559,-88.34261908329069,40074275,13889921.0,https://www.sec.gov/Archives/edgar/data/1035354/000114420415030595/0001144204-15-030595-index.html,https://www.sec.gov/Archives/edgar/data/1035354/000114420415030595/v409314_10q.htm,1620598476,18:14:36,20210509
21,2014-12-31,SVON,USD,2015-02-17,2015-02-17 16:04:11,Q2,0.0,0.0,0.0,0.0,1371930.0,1253226.0,0.0,995.0,2626151.0,10747122.0,0.0,40074.0,-15932673926.0,0.0,-15932714000.0,0.0,0.0,-15929934000.0,0.0,0.0,-15929934000.0,0.0,-397.5102232042875,-1149.641260644239,40074275,13856439.0,https://www.sec.gov/Archives/edgar/data/1035354/000114420415010034/0001144204-15-010034-index.htm,https://www.sec.gov/Archives/edgar/data/1035354/000114420415010034/v400109_10q.htm,1620598476,18:14:36,20210509
22,2014-09-30,SVON,USD,2014-11-14 00:00:00,2014-11-14 15:49:22,Q1,0.0,0.0,0.0,0.0,2120156.0,774600.0,0.0,1785.0,2896541.0,5185592.0,0.0,60146.0,-5185531854.0,0.0,-5185592000.0,0.0,0.0,-5183807000.0,0.0,0.0,-5183807000.0,0.0,-129.35497897341872,-374.38045996345176,40074275,13846361.0,https://www.sec.gov/Archives/edgar/data/1035354/000114420414068712/0001144204-14-068712-index.html,https://www.sec.gov/Archives/edgar/data/1035354/000114420414068712/v392812_10q.htm,1620598476,18:14:36,20210509
23,2014-06-30,SVON,USD,2014-09-29 00:00:00,2014-09-29 07:59:19,Q4,100000000.0,0.0,100000000.0,1.0,1089232.0,547387.0,0.0,2708.0,1639327.0,3677217.0,0.0,110752.0,-9147685248.0,-91.47685248,-9147796000.0,-91.47796,0.0,-9225234000.0,-92.25234,0.0,-9225234000.0,-92.25234,-230.2033910781917,-1684.4459920057948,40074275,5476717.0,https://www.sec.gov/Archives/edgar/data/1035354/000114420414058176/0001144204-14-058176-index.html,https://www.sec.gov/Archives/edgar/data/1035354/000114420414058176/v388379_10k.htm,1620598476,18:14:36,20210509
24,2014-03-31,SVON,USD,2014-05-09 00:00:00,2014-05-09 15:17:42,Q3,100000000.0,0.0,100000000.0,1.0,875213.0,1253730.0,0.0,185161000.0,2111132.0,2128943.0,0.0,85681.0,-5470493319.0,-54.70493319,-5470579000.0,-54.70579,0.0,-5550725000.0,-55.50725,0.0,-5550725000.0,-55.50725,-138.5109275214586,-1446.179198582669,40074275,3838200.0,https://www.sec.gov/Archives/edgar/data/1035354/000114420414029005/0001144204-14-029005-index.html,https://www.sec.gov/Archives/edgar/data/1035354/000114420414029005/v377171_10q.htm,1620598476,18:14:36,20210509
25,2013-12-31,SVON,USD,2014-02-14 00:00:00,2014-02-14 15:42:03,Q2,100000000.0,0.0,100000000.0,1.0,647123.0,941784.0,0.0,185161000.0,1558176.0,1588907.0,0.0,78430.0,-3341557570.0,-33.4155757,-3341636000.0,-33.41636,0.0,-3403971000.0,-34.03971,0.0,-3403971000.0,-34.03971,-84.94154916090186,-1183.777039050717,40074275,2875517.0,https://www.sec.gov/Archives/edgar/data/1035354/000114420414009665/0001144204-14-009665-index.html,https://www.sec.gov/Archives/edgar/data/1035354/000114420414009665/v366663_10q.htm,1620598476,18:14:36,20210509
26,2013-09-30,SVON,USD,2013-11-14 00:00:00,2013-11-14 15:52:57,Q1,100000.0,0.0,100000.0,1.0,727119.0,940449.0,0.0,185161000.0,1635964.0,1852729.0,0.0,74793.0,-1752654207.0,-17526.54207,-1752729000.0,-17527.29,0.0,-1784333000.0,-17843.33,0.0,-1784333000.0,-17843.33,-44.52564644026623,-773.1326740978697,40074275,2307926.0,https://www.sec.gov/Archives/edgar/data/1035354/000114420413061794/0001144204-13-061794-index.html,https://www.sec.gov/Archives/edgar/data/1035354/000114420413061794/v358384_10q.htm,1620598476,18:14:36,20210509
27,2013-06-30,SVON,USD,2013-09-11 00:00:00,2013-09-11 17:00:02,Q4,0.0,0.0,0.0,0.0,489304.0,506512.0,0.0,64210000.0,964837.0,1060026.0,0.0,91718.0,-4650408282.0,0.0,-4650500000.0,0.0,0.0,-6122542000.0,0.0,0.0,-6122542000.0,0.0,-152.77985690321285,-44.80834925351412,40074275,136638419.0,https://www.sec.gov/Archives/edgar/data/1035354/000114420413050259/0001144204-13-050259-index.html,https://www.sec.gov/Archives/edgar/data/1035354/000114420413050259/v353644_10k.htm,1620598476,18:14:36,20210509
28,2013-03-31,SVON,USD,2013-05-15 00:00:00,2013-05-15 11:12:56,Q3,0.0,0.0,0.0,0.0,492850.0,551424.0,0.0,-19848.0,1024426.0,1044274.0,0.0,71491.0,-3590402509.0,0.0,-3590474000.0,0.0,0.0,-4191922000.0,0.0,0.0,-4191922000.0,0.0,-104.60381379326263,-34.118287487618566,40074275,122864373.0,https://www.sec.gov/Archives/edgar/data/1035354/000114420413029119/0001144204-13-029119-index.html,https://www.sec.gov/Archives/edgar/data/1035354/000114420413029119/v343424_10q.htm,1620598476,18:14:36,20210509
29,2012-12-31,SVON,USD,2013-02-14 00:00:00,2013-02-14 08:47:49,Q2,0.0,0.0,0.0,0.0,591079.0,708968.0,0.0,-34278.0,1265769.0,1300047.0,0.0,66848.0,-2546133152.0,0.0,-2546200000.0,0.0,0.0,-3355339000.0,0.0,0.0,-3355339000.0,0.0,-83.72800256523668,-29.901704979802705,40074275,112212297.0,https://www.sec.gov/Archives/edgar/data/1035354/000114420413008524/0001144204-13-008524-index.html,https://www.sec.gov/Archives/edgar/data/1035354/000114420413008524/v332394_10q.htm,1620598476,18:14:36,20210509
30,2012-09-30,SVON,USD,2012-11-14 00:00:00,2012-11-14 14:57:56,Q1,0.0,0.0,0.0,0.0,513433.0,732720.0,0.0,-33982.0,1212171.0,1246153.0,0.0,63572.0,-1246089428.0,0.0,-1246153000.0,0.0,0.0,-2085454000.0,0.0,0.0,-2085454000.0,0.0,-52.0397187472512,-19.408723802798512,40074275,107449311.0,https://www.sec.gov/Archives/edgar/data/1035354/000114420412062352/0001144204-12-062352-index.html,https://www.sec.gov/Archives/edgar/data/1035354/000114420412062352/v325920_10q.htm,1620598476,18:14:36,20210509
31,2012-06-30,SVON,USD,2012-09-28 00:00:00,2012-09-28 11:57:45,Q4,0.0,0.0,0.0,0.0,639755.0,605624.0,0.0,-36508.0,1208871.0,1245379.0,0.0,72524.0,-5090318476.0,0.0,-5090391000.0,0.0,0.0,-5066133000.0,0.0,0.0,-5066133000.0,0.0,-126.41858149648371,-59.1124674547212,40074275,85703291.0,https://www.sec.gov/Archives/edgar/data/1035354/000114420412053462/0001144204-12-053462-index.html,https://www.sec.gov/Archives/edgar/data/1035354/000114420412053462/v321733_10k.htm,1620598476,18:14:36,20210509
32,2012-03-31,SVON,USD,2012-05-14,2012-05-14 13:09:05,Q3,0.0,0.0,0.0,0.0,540789.0,567940.0,0.0,-27978.0,1080751.0,1108729.0,0.0,66513.0,-3844945487.0,0.0,-3845012000.0,0.0,0.0,-3627213000.0,0.0,0.0,-3627213000.0,0.0,-90.51225505639216,-42.322913830695256,40074275,85703291.0,https://www.sec.gov/Archives/edgar/data/1035354/000114420412028430/0001144204-12-028430-index.htm,https://www.sec.gov/Archives/edgar/data/1035354/000114420412028430/v312232_10q.htm,1620598476,18:14:36,20210509
33,2011-12-31,SVON,USD,2012-02-14 00:00:00,2012-02-14 10:02:17,Q2,200000.0,0.0,200000.0,1.0,751517.0,904621.0,0.0,-32041.0,1624097.0,1656138.0,0.0,61667.0,-1394471.0,-6.972355,-1456138.0,-7.28069,0.0,-1527571.0,-7.637855,0.0,-1527571.0,-7.637855,-0.038118493721970015,-0.017823947974179896,40074275,85703291.0,https://www.sec.gov/Archives/edgar/data/1035354/000114420412008203/0001144204-12-008203-index.html,https://www.sec.gov/Archives/edgar/data/1035354/000114420412008203/v301997_10q.htm,1620598476,18:14:36,20210509
34,2011-09-30,SVON,USD,2011-11-14 00:00:00,2011-11-14 12:18:49,Q1,0.0,0.0,0.0,0.0,634186.0,645959.0,0.0,-30541.0,1249604.0,1280145.0,0.0,57319.0,-1280087681.0,0.0,-1280145000.0,0.0,0.0,-1038983000.0,0.0,0.0,-1038983000.0,0.0,-25.926432854992385,-12.123023373746523,40074275,85703291.0,https://www.sec.gov/Archives/edgar/data/1035354/000114420411063847/0001144204-11-063847-index.html,https://www.sec.gov/Archives/edgar/data/1035354/000114420411063847/v239931_10q.htm,1620598476,18:14:36,20210509
35,2011-06-30,SVON,USD,2011-09-28 00:00:00,2011-09-28 17:22:23,Q4,0.0,0.0,0.0,0.0,3720394000.0,2610222000.0,0.0,-115869000.0,6330616000.0,6330616000.0,88122000.0,37727000.0,-6292889000.0,0.0,-6330616000.0,0.0,-115869000.0,-7268976000.0,0.0,0.0,-7268976000.0,0.0,-104.84229,-104.84229,69332477,69332477.0,https://www.sec.gov/Archives/edgar/data/1035354/000114420411055379/0001144204-11-055379-index.html,https://www.sec.gov/Archives/edgar/data/1035354/000114420411055379/v235812_10k.htm,1620598476,18:14:36,20210509
36,2011-03-31,SVON,USD,2011-05-13 00:00:00,2011-05-13 13:11:27,Q3,0.0,0.0,0.0,0.0,3135200000.0,1943029000.0,0.0,-115869000.0,5078229000.0,5078229000.0,60737000.0,36243000.0,-5041986000.0,0.0,-5078229000.0,0.0,-115869000.0,-4557147000.0,0.0,0.0,-4557147000.0,0.0,-68.29114,-68.29114,66731159,66731159.0,https://www.sec.gov/Archives/edgar/data/1035354/000114420411028956/0001144204-11-028956-index.html,https://www.sec.gov/Archives/edgar/data/1035354/000114420411028956/v222137_10q.htm,1620598476,18:14:36,20210509
37,2010-12-31,SVON,USD,2011-02-10,2011-02-10 06:09:47,Q2,0.0,0.0,0.0,0.0,2334859000.0,1375569000.0,0.0,-115869000.0,3710428000.0,3710428000.0,39607000.0,35012000.0,-3675416000.0,0.0,-3710428000.0,0.0,-115869000.0,-3152039000.0,0.0,0.0,-3152039000.0,0.0,-50.24492,-50.24492,62733481,62733481.0,https://www.sec.gov/Archives/edgar/data/1035354/000114420411007090/0001144204-11-007090-index.htm,https://www.sec.gov/Archives/edgar/data/1035354/000114420411007090/v210553_10q.htm,1620598476,18:14:36,20210509
38,2010-09-30,SVON,USD,2010-11-15 00:00:00,2010-11-15 15:41:27,Q1,0.0,0.0,0.0,0.0,1536507000.0,668884000.0,0.0,-111265000.0,2205391000.0,2205391000.0,18296000.0,34292000.0,-2171099000.0,0.0,-2205391000.0,0.0,-111265000.0,-2015476000.0,0.0,0.0,-2015476000.0,0.0,-3.02624,-3.02624,666000000,666000000.0,https://www.sec.gov/Archives/edgar/data/1035354/000114420410060655/0001144204-10-060655-index.html,https://www.sec.gov/Archives/edgar/data/1035354/000114420410060655/v202074_10q.htm,1620598476,18:14:36,20210509
39,2010-06-30,SVON,USD,2010-09-28 00:00:00,2010-09-28 10:56:05,Q4,140000000.0,0.0,140000000.0,1.0,2637407000.0,2349116000.0,0.0,0.0,4986523000.0,4986523000.0,586532000.0,33954000.0,-4812569000.0,-34.37549285714286,-4846523000.0,-34.61802142857143,0.0,-13383513000.0,-95.59652142857144,0.0,-13383513000.0,-95.59652142857144,-0.45971,-0.45971,29112976000,29112976000.0,https://www.sec.gov/Archives/edgar/data/1035354/000114420410051112/0001144204-10-051112-index.html,https://www.sec.gov/Archives/edgar/data/1035354/000114420410051112/v197462_10k.htm,1620598476,18:14:36,20210509
40,2010-03-31,SVON,USD,2010-05-17 00:00:00,2010-05-17 16:38:59,Q3,140000000.0,0.0,140000000.0,1.0,1522610000.0,1735317000.0,0.0,0.0,3257927000.0,3257927000.0,6349000.0,32078000.0,-3085849000.0,-22.041778571428573,-3117927000.0,-22.270907142857144,0.0,-7177196000.0,-51.265685714285716,0.0,-7177196000.0,-51.265685714285716,-0.27,-0.27,26582207407,26582207407.0,https://www.sec.gov/Archives/edgar/data/1035354/000114420410028380/0001144204-10-028380-index.html,https://www.sec.gov/Archives/edgar/data/1035354/000114420410028380/v185317_10q.htm,1620598476,18:14:36,20210509
41,2009-12-31,SVON,USD,2010-02-16 00:00:00,2010-02-16 09:54:50,Q2,140000000.0,0.0,140000000.0,1.0,467544000.0,685409000.0,0.0,0.0,1152953000.0,1152953000.0,182653000.0,32682000.0,-980271000.0,-7.001935714285715,-1012953000.0,-7.235378571428571,0.0,-1703665000.0,-12.169035714285714,0.0,-1703665000.0,-12.169035714285714,-0.072,-0.072,23662012500,23662012500.0,https://www.sec.gov/Archives/edgar/data/1035354/000114420410007786/0001144204-10-007786-index.html,https://www.sec.gov/Archives/edgar/data/1035354/000114420410007786/v173991_10q.htm,1620598476,18:14:36,20210509
42,2009-09-30,SVON,USD,2009-11-16 00:00:00,2009-11-16 16:48:16,Q1,0.0,0.0,0.0,0.0,575291000.0,494955000.0,0.0,0.0,1070246000.0,1070246000.0,199616000.0,27853000.0,-1042393000.0,0.0,-1070246000.0,0.0,0.0,-189296000.0,0.0,0.0,-189296000.0,0.0,-0.00859,-0.00859,22046718000,22046718000.0,https://www.sec.gov/Archives/edgar/data/1035354/000114420409059978/0001144204-09-059978-index.html,https://www.sec.gov/Archives/edgar/data/1035354/000114420409059978/v166216_10q.htm,1620598476,18:14:36,20210509
43,2009-06-30,SVON,USD,2009-09-28 00:00:00,2009-09-28 10:52:11,Q4,275000000.0,0.0,275000000.0,1.0,2353962000.0,2205739000.0,0.0,0.0,4559701000.0,4559701000.0,1007244000.0,30699000.0,-4254002000.0,-15.469098181818183,-4284701000.0,-15.580730909090908,0.0,-5726869000.0,-20.82497818181818,0.0,-5726869000.0,-20.82497818181818,-0.3032,-0.3032,18888142000,18888142000.0,https://www.sec.gov/Archives/edgar/data/1035354/000114420409050241/0001144204-09-050241-index.html,https://www.sec.gov/Archives/edgar/data/1035354/000114420409050241/v161087_10k.htm,1620598476,18:14:36,20210509
44,2009-03-31,SVON,USD,2009-05-01 00:00:00,2009-05-01 10:00:08,Q3,275000000.0,0.0,275000000.0,1.0,540494000.0,532245000.0,0.0,0.0,1072739000.0,1072739000.0,227235000.0,27314000.0,-970425000.0,-3.5288181818181816,-997739000.0,-3.628141818181818,0.0,-1331477000.0,-4.841734545454545,0.0,-1331477000.0,-4.841734545454545,-0.07129,-0.07129,18678109000,18678109000.0,https://www.sec.gov/Archives/edgar/data/1035354/000110465909028327/0001104659-09-028327-index.html,https://www.sec.gov/Archives/edgar/data/1035354/000110465909028327/a09-11571_110q.htm,1620598476,18:14:36,20210509
45,2008-12-31,SVON,USD,2009-02-17 00:00:00,2009-02-17 11:45:34,Q2,0.0,0.0,0.0,0.0,1083672000.0,1178921000.0,0.0,0.0,2262593000.0,2262593000.0,571808000.0,27460000.0,-2035133000.0,0.0,-2062593000.0,0.0,0.0,-2805747000.0,0.0,0.0,-2805747000.0,0.0,-0.15163,-0.15163,18504477000,18504477000.0,https://www.sec.gov/Archives/edgar/data/1035354/000110465909009968/0001104659-09-009968-index.html,https://www.sec.gov/Archives/edgar/data/1035354/000110465909009968/a09-5392_110q.htm,1620598476,18:14:36,20210509
46,2008-09-30,SVON,USD,2008-11-14 00:00:00,2008-11-14 10:49:31,Q1,0.0,0.0,0.0,0.0,504386000.0,529865000.0,0.0,0.0,1034251000.0,1034251000.0,264157000.0,26280000.0,-807971000.0,0.0,-834251000.0,0.0,0.0,-1181406000.0,0.0,0.0,-1181406000.0,0.0,-0.06428,-0.06428,18379379000,18379379000.0,https://www.sec.gov/Archives/edgar/data/1035354/000110465908070800/0001104659-08-070800-index.html,https://www.sec.gov/Archives/edgar/data/1035354/000110465908070800/a08-28085_110q.htm,1620598476,18:14:36,20210509
47,2008-06-30,SVON,USD,2008-09-26 00:00:00,2008-09-26 16:53:59,Q4,456667000.0,0.0,456667000.0,1.0,1764426000.0,2291263000.0,0.0,0.0,4055689000.0,4055689000.0,434154000.0,29668000.0,-3569354000.0,-7.8160979444540555,-3599022000.0,-7.881064320391007,0.0,-4601490000.0,-10.07624811952692,0.0,-4601490000.0,-10.07624811952692,-0.26055,-0.26055,17660466000,17660466000.0,https://www.sec.gov/Archives/edgar/data/1035354/000110465908060745/0001104659-08-060745-index.html,https://www.sec.gov/Archives/edgar/data/1035354/000110465908060745/a08-23814_110k.htm,1620598476,18:14:36,20210509
48,2008-03-31,SVON,USD,2008-05-15 00:00:00,2008-05-15 09:32:35,Q3,79167000.0,0.0,79167000.0,1.0,474176000.0,876966000.0,0.0,0.0,1351142000.0,1351142000.0,187473000.0,23137000.0,-1248838000.0,-15.77472936956055,-1271975000.0,-16.06698498111587,0.0,-2044167000.0,-25.820948122323696,0.0,-2044167000.0,-25.820948122323696,-0.11674,-0.11674,17510410000,17510410000.0,https://www.sec.gov/Archives/edgar/data/1035354/000110465908033416/0001104659-08-033416-index.html,https://www.sec.gov/Archives/edgar/data/1035354/000110465908033416/a08-11819_110q.htm,1620598476,18:14:36,20210509
49,2007-12-31,SVON,USD,2008-02-14,2008-02-14 15:51:46,Q2,6250000.0,0.0,6250000.0,1.0,392254000.0,585851000.0,0.0,0.0,978105000.0,978105000.0,64836000.0,22288000.0,-949567000.0,-151.93072,-971855000.0,-155.4968,0.0,-1294671000.0,-207.14736,0.0,-1294671000.0,-207.14736,-0.07409,-0.07409,17474282000,17474282000.0,https://www.sec.gov/Archives/edgar/data/1035354/000110465908010750/0001104659-08-010750-index.htm,https://www.sec.gov/Archives/edgar/data/1035354/000110465908010750/a08-5501_110q.htm,1620598476,18:14:36,20210509
50,2007-09-30,SVON,USD,2007-11-14 00:00:00,2007-11-14 12:40:42,Q1,371250000.0,0.0,371250000.0,1.0,352895000.0,389059000.0,0.0,0.0,741954000.0,741954000.0,3000000.0,21754000.0,-348950000.0,-0.93993265993266,-370704000.0,-0.9985292929292929,0.0,-382046000.0,-1.0290801346801346,0.0,-382046000.0,-1.0290801346801346,-0.02186,-0.02186,17473694000,17473694000.0,https://www.sec.gov/Archives/edgar/data/1035354/000110465907082927/0001104659-07-082927-index.html,https://www.sec.gov/Archives/edgar/data/1035354/000110465907082927/a07-29181_110q.htm,1620598476,18:14:36,20210509
51,2007-06-30,SVON,USD,2007-09-28 00:00:00,2007-09-28 13:46:16,Q4,31250000.0,0.0,31250000.0,1.0,345284000.0,2412679000.0,0.0,-2001068000.0,756895000.0,756895000.0,0.0,49078000.0,-676567000.0,-21.650144,-725645000.0,-23.22064,0.0,-714278000.0,-22.856896,0.0,-714278000.0,-22.856896,-0.04222,-0.04222,16916918000,16916918000.0,https://www.sec.gov/Archives/edgar/data/1035354/000110465907072019/0001104659-07-072019-index.html,https://www.sec.gov/Archives/edgar/data/1035354/000110465907072019/a07-24453_210k.htm,1620598476,18:14:36,20210509
52,2007-03-31,SVON,USD,2007-05-15 00:00:00,2007-05-15 14:32:16,Q3,6250000.0,0.0,6250000.0,1.0,314294000.0,-1486879000.0,0.0,2001068000.0,828483000.0,828483000.0,0.0,101499000.0,-720734000.0,-115.31744,-822233000.0,-131.55728,0.0,-801317000.0,-128.21072,0.0,-801317000.0,-128.21072,-0.04737,-0.04737,16916126666,16916126666.0,https://www.sec.gov/Archives/edgar/data/1035354/000110465907039957/0001104659-07-039957-index.html,https://www.sec.gov/Archives/edgar/data/1035354/000110465907039957/a07-11295_110q.htm,1620598476,18:14:36,20210509
53,2006-12-31,SVON,USD,2007-02-14 00:00:00,2007-02-14 09:02:39,Q2,181250000.0,0.0,181250000.0,1.0,239395000.0,1103594000.0,0.0,0.0,1342989000.0,1342989000.0,0.0,8494000.0,-1153245000.0,-6.362731034482759,-1161739000.0,-6.409594482758621,0.0,-1135637000.0,-6.265583448275862,0.0,-1135637000.0,-6.265583448275862,-0.06938,-0.06938,16369220000,16369220000.0,https://www.sec.gov/Archives/edgar/data/1035354/000110465907010693/0001104659-07-010693-index.html,https://www.sec.gov/Archives/edgar/data/1035354/000110465907010693/a07-3980_110q.htm,1620598476,18:14:36,20210509
54,2006-09-30,SVON,USD,2006-11-03,2006-11-03 12:10:46,Q1,81250000.0,0.0,81250000.0,1.0,309348000.0,383285000.0,0.0,0.0,692633000.0,692633000.0,0.0,7101000.0,-604282000.0,-7.437316923076923,-611383000.0,-7.524713846153846,0.0,-600465000.0,-7.3903384615384615,0.0,-600465000.0,-7.3903384615384615,-0.03879,-0.03879,15480649000,15480649000.0,https://www.sec.gov/Archives/edgar/data/1035354/000110465906071050/0001104659-06-071050-index.htm,https://www.sec.gov/Archives/edgar/data/1035354/000110465906071050/a06-23163_110q.htm,1620598476,18:14:36,20210509
55,2006-06-30,SVON,USD,2006-10-13,2006-10-13 12:32:56,Q4,6250000.0,0.0,6250000.0,1.0,392419000.0,419970000.0,0.0,0.0,812389000.0,812389000.0,0.0,10162000.0,-795977000.0,-127.35632,-806139000.0,-128.98224,0.0,-786333000.0,-125.81328,0.0,-786333000.0,-125.81328,-0.05083,-0.05083,15469881000,15469881000.0,https://www.sec.gov/Archives/edgar/data/1035354/000110465906066505/0001104659-06-066505-index.htm,https://www.sec.gov/Archives/edgar/data/1035354/000110465906066505/a06-20283_110k.htm,1620598476,18:14:36,20210509
56,2006-03-31,SVON,USD,2006-05-15,2006-05-15 12:39:07,Q3,35416000.0,0.0,35416000.0,1.0,348868000.0,428579000.0,0.0,0.0,777447000.0,777447000.0,0.0,10228000.0,-731803000.0,-20.66306189292975,-742031000.0,-20.9518579173255,0.0,-717421000.0,-20.25697424892704,0.0,-717421000.0,-20.25697424892704,-0.04638,-0.04638,15467388000,15467388000.0,https://www.sec.gov/Archives/edgar/data/1035354/000110465906034805/0001104659-06-034805-index.htm,https://www.sec.gov/Archives/edgar/data/1035354/000110465906034805/a06-9799_110q.htm,1620598476,18:14:36,20210509
57,2005-12-31,SVON,USD,2006-02-14,2006-02-13 19:17:27,Q2,12500000.0,0.0,12500000.0,1.0,405439000.0,548742000.0,0.0,0.0,954181000.0,954181000.0,0.0,9971000.0,-931710000.0,-74.5368,-941681000.0,-75.33448,0.0,-914009000.0,-73.12072,0.0,-914009000.0,-73.12072,-0.05909,-0.05909,15467388000,15467388000.0,https://www.sec.gov/Archives/edgar/data/1035354/000110465906008506/0001104659-06-008506-index.htm,https://www.sec.gov/Archives/edgar/data/1035354/000110465906008506/a06-4718_110q.htm,1620598476,18:14:36,20210509
58,2005-09-30,SVON,USD,2005-11-14,2005-11-14 08:49:16,Q1,12500000.0,0.0,12500000.0,1.0,419541000.0,522449000.0,0.0,0.0,941990000.0,941990000.0,0.0,9751000.0,-919739000.0,-73.57912,-929490000.0,-74.3592,0.0,-897122000.0,-71.76976,0.0,-897122000.0,-71.76976,-0.058,-0.058,15467388000,15467388000.0,https://www.sec.gov/Archives/edgar/data/1035354/000110465905055061/0001104659-05-055061-index.htm,https://www.sec.gov/Archives/edgar/data/1035354/000110465905055061/a05-18692_110q.htm,1620598476,18:14:36,20210509
59,2005-06-30,SVON,USD,2005-09-28,2005-09-28 09:41:47,Q4,12500000.0,0.0,12500000.0,1.0,317966000.0,325017000.0,0.0,0.0,642983000.0,642983000.0,0.0,11955000.0,-618528000.0,-49.48224,-630483000.0,-50.43864,0.0,-471670000.0,-37.7336,0.0,-471670000.0,-37.7336,-0.03356,-0.03356,14053808000,14053808000.0,https://www.sec.gov/Archives/edgar/data/1035354/000110465905046066/0001104659-05-046066-index.htm,https://www.sec.gov/Archives/edgar/data/1035354/000110465905046066/a05-16726_110ksb.htm,1620598476,18:14:36,20210509
60,2005-03-31,SVON,USD,2005-05-16,2005-05-16 09:38:02,Q3,12500000.0,0.0,12500000.0,1.0,364080000.0,340950000.0,0.0,0.0,705030000.0,705030000.0,0.0,11792000.0,-680738000.0,-54.45904,-692530000.0,-55.4024,0.0,-679403000.0,-54.35224,0.0,-679403000.0,-54.35224,-0.04921,-0.04921,13805629000,13805629000.0,https://www.sec.gov/Archives/edgar/data/1035354/000110465905023584/0001104659-05-023584-index.htm,https://www.sec.gov/Archives/edgar/data/1035354/000110465905023584/a05-8241_110qsb.htm,1620598476,18:14:36,20210509
61,2004-12-31,SVON,USD,2005-02-14,2005-02-14 07:38:40,Q2,87502000.0,0.0,87502000.0,1.0,337929000.0,397095000.0,0.0,0.0,735024000.0,735024000.0,0.0,9968000.0,-637554000.0,-7.2861648876597105,-647522000.0,-7.4000822838335125,0.0,-484511000.0,-5.53714200818267,0.0,-484511000.0,-5.53714200818267,-0.03512,-0.03512,13795102000,13795102000.0,https://www.sec.gov/Archives/edgar/data/1035354/000110465905005958/0001104659-05-005958-index.htm,https://www.sec.gov/Archives/edgar/data/1035354/000110465905005958/a05-3072_110qsb.htm,1620598476,18:14:36,20210509
62,2004-09-30,SVON,USD,2004-11-12,2004-11-12 11:50:44,Q1,12498000.0,0.0,12498000.0,1.0,245985000.0,327763000.0,0.0,0.0,573748000.0,573748000.0,0.0,10004000.0,-551246000.0,-44.10673707793247,-561250000.0,-44.90718514962394,0.0,-553382000.0,-44.277644423107695,0.0,-553382000.0,-44.277644423107695,-0.04014,-0.04014,13787848000,13787848000.0,https://www.sec.gov/Archives/edgar/data/1035354/000110465904035414/0001104659-04-035414-index.htm,https://www.sec.gov/Archives/edgar/data/1035354/000110465904035414/a04-13214_110qsb.htm,1620598476,18:14:36,20210509
