,date,symbol,reportedCurrency,fillingDate,acceptedDate,period,revenue,costOfRevenue,grossProfit,grossProfitRatio,researchAndDevelopmentExpenses,generalAndAdministrativeExpenses,sellingAndMarketingExpenses,otherExpenses,operatingExpenses,costAndExpenses,interestExpense,depreciationAndAmortization,ebitda,ebitdaratio,operatingIncome,operatingIncomeRatio,totalOtherIncomeExpensesNet,incomeBeforeTax,incomeBeforeTaxRatio,incomeTaxExpense,netIncome,netIncomeRatio,eps,epsdiluted,weightedAverageShsOut,weightedAverageShsOutDil,link,finalLink,timestamp,est_time,est_date
0,2020-12-31,RUSHIL.NS,INR,2020-12-31,2020-12-31,Q4,925320000,520981000,404339000,0.4369720745255695,0.0,0.0,0.0,7348000.0,329430000.0,850411000,26855000.0,22074000.0,96983000,0.10481022781308089,74909000.0,0.08095469675355553,0.0,70620000.0,0.07631954350927246,17316000.0,53304000.0,0.05760601737777202,3.48,3.48,15317241,15317241,https://www.nseindia.com/companies-listing/corporate-filings-annual-reports,https://www.nseindia.com/companies-listing/corporate-filings-annual-reports,1620597469,17:57:49,20210509
1,2020-09-30,RUSHIL.NS,INR,2020-09-30,2020-09-30,Q3,950943000,484575000,466368000,0.49042687101119625,0.0,0.0,0.0,2615000.0,357777000.0,842352000,30748000.0,21919000.0,130510000,0.1372427159146237,108591000.0,0.11419296424706844,0.0,80458000.0,0.08460864636471377,12272000.0,68186000.0,0.07170356162251576,4.57,4.57,14920350,14920350,https://www.nseindia.com/companies-listing/corporate-filings-annual-reports,https://www.nseindia.com/companies-listing/corporate-filings-annual-reports,1620597469,17:57:49,20210509
2,2020-06-30,RUSHIL.NS,INR,2020-06-30,2020-06-30,Q2,490696000,271070000,219626000,0.4475805794218824,0.0,0.0,0.0,3862000.0,227840000.0,498910000,32605000.0,21671000.0,13457000,0.027424311590067984,-8214000.0,-0.01673948840014999,0.0,-36957000.0,-0.07531547027079903,-747000.0,-36210000.0,-0.07379314280124558,-2.125644,-2.125644,17034838,17034838,https://www.nseindia.com/companies-listing/corporate-filings-annual-reports,https://www.nseindia.com/companies-listing/corporate-filings-annual-reports,1620597469,17:57:49,20210509
3,2019-12-31,RUSHIL.NS,INR,2019-12-31,2019-12-31,Q4,859741000,438266000,421475000,0.4902348497977879,0.0,0.0,0.0,4105000.0,319195000.0,757461000,65034000.0,21850000.0,124130000,0.14438069139426873,102280000.0,0.11896606070898096,0.0,41350000.0,0.0480958800382906,-52067000.0,93417000.0,0.10865714209279306,5.475939,5.475939,17059541,17059541,https://www.nseindia.com/companies-listing/corporate-filings-annual-reports,https://www.nseindia.com/companies-listing/corporate-filings-annual-reports,1620597469,17:57:49,20210509
4,2019-09-30,RUSHIL.NS,INR,2019-09-30,2019-09-30,Q3,894297000,478992000,415305000,0.4643927017534443,0.0,0.0,0.0,4935000.0,325404000.0,804396000,29240000.0,21797000.0,111698000,0.12490034071455008,89901000.0,0.10052700612883639,0.0,65596000.0,0.07334923409113527,-25245000.0,90841000.0,0.10157811107495608,5.318484,5.318484,17080245,17080245,https://www.nseindia.com/companies-listing/corporate-filings-annual-reports,https://www.nseindia.com/companies-listing/corporate-filings-annual-reports,1620597469,17:57:49,20210509
5,2019-06-30,RUSHIL.NS,INR,2019-06-30,2019-06-30,Q2,839693000,423811000,415882000,0.4952786315951187,0.0,0.0,0.0,9251000.0,322449000.0,746260000,32515000.0,21535000.0,114968000,0.13691670646295728,93433000.0,0.11127042859711823,0.0,70169000.0,0.08356506485108248,10168000.0,60001000.0,0.07145587732659436,3.516497,3.516497,17062717,17062717,https://www.nseindia.com/companies-listing/corporate-filings-annual-reports,https://www.nseindia.com/companies-listing/corporate-filings-annual-reports,1620597469,17:57:49,20210509
6,2019-03-31,RUSHIL.NS,INR,2019-03-31,2019-03-31,Q1,865271843,840812640,24459203,0.028267651603219913,0.0,0.0,0.0,0.0,-96621512.0,799402098,26207619.0,21719158.0,87588903,0.10122703484296784,65869745.0,0.07612607012799791,0.0,62963946.0,0.07276782032071741,24618312.0,38345634.0,0.04431628546590762,2.5700224190451295,2.5700224190451295,14920350,14920350,https://www.nseindia.com/companies-listing/corporate-filings-annual-reports,https://www.nseindia.com/companies-listing/corporate-filings-annual-reports,1620597469,17:57:49,20210509
7,2018-12-31,RUSHIL.NS,INR,2018-12-31,2018-12-31,Q4,814323000,483790000,330533000,0.4058991333905588,0.0,0.0,0.0,30693000.0,294860000.0,778650000,32534000.0,21915000.0,57588000,0.0707188670834546,35673000.0,0.04380694147162735,0.0,33832000.0,0.04154616779828152,12586000.0,21246000.0,0.02609038428240391,1.250893,1.250893,16984662,16984662,https://www.nseindia.com/companies-listing/corporate-filings-annual-reports,https://www.nseindia.com/companies-listing/corporate-filings-annual-reports,1620597469,17:57:49,20210509
8,2018-09-30,RUSHIL.NS,INR,2018-09-30,2018-09-30,Q3,891870000,499903000,391967000,0.4394889389709263,0.0,0.0,0.0,2359000.0,315532000.0,815435000,27796000.0,21368000.0,97803000,0.10966060076020048,76435000.0,0.08570195207821768,0.0,50998000.0,0.0571809792907038,19024000.0,31974000.0,0.03585051633085539,1.880714,1.880714,17000992,17000992,https://www.nseindia.com/companies-listing/corporate-filings-annual-reports,https://www.nseindia.com/companies-listing/corporate-filings-annual-reports,1620597469,17:57:49,20210509
9,2018-06-30,RUSHIL.NS,INR,2018-06-30,2018-06-30,Q2,865834000,460419000,405415000,0.468236405592758,0.0,0.0,0.0,3183000.0,301115000.0,761534000,26083000.0,21289000.0,125589000,0.1450497439462992,104300000.0,0.12046188992347263,0.0,81400000.0,0.09401340210710137,29616000.0,51784000.0,0.05980823113899431,3.05288,3.05288,16962346,16962346,https://www.nseindia.com/companies-listing/corporate-filings-annual-reports,https://www.nseindia.com/companies-listing/corporate-filings-annual-reports,1620597469,17:57:49,20210509
10,2018-03-31,RUSHIL.NS,INR,2018-03-31,2018-03-31,Q1,880848000,435221000,445627000,0.5059068079850326,0.0,0.0,0.0,3385000.0,291303000.0,726524000,24519000.0,19921000.0,174245000,0.19781506003305904,154324000.0,0.1751993533504078,0.0,133190000.0,0.1512065645832198,42813000.0,90377000.0,0.10260226509000418,5.432201,5.432201,16637271,16637271,https://www.nseindia.com/companies-listing/corporate-filings-annual-reports,https://www.nseindia.com/companies-listing/corporate-filings-annual-reports,1620597469,17:57:49,20210509
11,2017-12-31,RUSHIL.NS,INR,2017-12-31,2017-12-31,Q4,839252000,456861000,382391000,0.45563311138966606,0.0,0.0,0.0,0.0,270190000.0,727051000,19484000.0,18885000.0,131086000,0.15619384880822446,112201000.0,0.13369166829510087,0.0,92717000.0,0.11047575698359968,23360000.0,69357000.0,0.08264144738409918,4.181308,4.181308,16587394,16587394,https://www.nseindia.com/companies-listing/corporate-filings-annual-reports,https://www.nseindia.com/companies-listing/corporate-filings-annual-reports,1620597469,17:57:49,20210509
12,2017-09-30,RUSHIL.NS,INR,2017-09-30,2017-09-30,Q3,925581000,498336000,427245000,0.4615965539482768,0.0,0.0,0.0,0.0,288190000.0,786526000,20724000.0,18531000.0,157586000,0.17025630387832075,139055000.0,0.15023536567842252,0.0,118331000.0,0.12784510485846187,32483000.0,85848000.0,0.09275039137579531,5.176627,5.176627,16583773,16583773,https://www.nseindia.com/companies-listing/corporate-filings-annual-reports,https://www.nseindia.com/companies-listing/corporate-filings-annual-reports,1620597469,17:57:49,20210509
13,2017-06-30,RUSHIL.NS,INR,2017-06-30,2017-06-30,Q2,788706000,418169000,370537000,0.46980370378823033,0.0,0.0,0.0,0.0,262860000.0,681029000,22291000.0,17956000.0,125633000,0.1592900269555449,107677000.0,0.13652362223692985,0.0,85386000.0,0.1082608728727815,21161000.0,64225000.0,0.0814308500252312,3.883893,3.883893,16536245,16536245,https://www.nseindia.com/companies-listing/corporate-filings-annual-reports,https://www.nseindia.com/companies-listing/corporate-filings-annual-reports,1620597469,17:57:49,20210509
14,2017-03-31,RUSHIL.NS,INR,2017-03-31,2017-03-31,Q1,846935000,466862000,380073000,0.448762892075543,0.0,0.0,0.0,0.0,266607000.0,733469000,25207000.0,17806000.0,131272000,0.15499654637014648,113466000.0,0.1339725008412688,0.0,88259000.0,0.10420988623684226,23793000.0,64466000.0,0.07611682124366097,3.918883,3.918883,16450097,16450097,https://www.nseindia.com/companies-listing/corporate-filings-annual-reports,https://www.nseindia.com/companies-listing/corporate-filings-annual-reports,1620597469,17:57:49,20210509
15,2016-12-31,RUSHIL.NS,INR,2016-12-31,2016-12-31,Q4,728729000,393421000,335308000,0.46012715289222744,0.0,0.0,0.0,0.0,220949000.0,614370000,24086000.0,17704000.0,132063000,0.18122374709940184,114359000.0,0.15692939350567905,0.0,90273000.0,0.12387732613907228,24750000.0,65523000.0,0.08991408328747724,3.980115,3.980115,16462589,16462589,https://www.nseindia.com/companies-listing/corporate-filings-annual-reports,https://www.nseindia.com/companies-listing/corporate-filings-annual-reports,1620597469,17:57:49,20210509
16,2016-09-30,RUSHIL.NS,INR,2016-09-30,2016-09-30,Q3,730461000,382127000,348334000,0.47686871715259266,0.0,0.0,0.0,0.0,226395000.0,608522000,27961000.0,16756000.0,138695000,0.18987324443057194,121939000.0,0.16693430586985478,0.0,93978000.0,0.12865573932078508,23868000.0,70110000.0,0.09598048355764373,4.260035,4.260035,16457610,16457610,https://www.nseindia.com/companies-listing/corporate-filings-annual-reports,https://www.nseindia.com/companies-listing/corporate-filings-annual-reports,1620597469,17:57:49,20210509
17,2016-06-30,RUSHIL.NS,INR,2016-06-30,2016-06-30,Q2,733925000,435634000,298291000,0.40643253738461016,0.0,0.0,0.0,0.0,211111000.0,646745000,26381000.0,16515000.0,103695000,0.14128827877507918,87180000.0,0.11878597949381749,0.0,60799000.0,0.08284088973668971,15564000.0,45235000.0,0.06163436318424907,2.746717,2.746717,16468753,16468753,https://www.nseindia.com/companies-listing/corporate-filings-annual-reports,https://www.nseindia.com/companies-listing/corporate-filings-annual-reports,1620597469,17:57:49,20210509
18,2016-03-31,RUSHIL.NS,INR,2016-03-31,2016-03-31,Q1,749792000,416299000,333493000,0.44478068584354064,0.0,0.0,0.0,0.0,275046000.0,691345000,24174000.0,16072000.0,74519000,0.09938622978105928,58447000.0,0.0779509517306133,0.0,34273000.0,0.04571001024284068,27496000.0,6777000.0,0.009038506679185694,0.411133,0.411133,16483726,16483726,https://www.nseindia.com/companies-listing/corporate-filings-annual-reports,https://www.nseindia.com/companies-listing/corporate-filings-annual-reports,1620597469,17:57:49,20210509
19,2015-12-31,RUSHIL.NS,INR,2015-12-31,2015-12-31,Q4,747027000,439529000,307498000,0.41162903081147,0.0,0.0,0.0,0.0,228964000.0,668493000,28276000.0,16432000.0,94966000,0.12712525785547243,78534000.0,0.1051287302868571,0.0,50258000.0,0.06727735409831238,26875000.0,23383000.0,0.0313014121310207,1.417096,1.417096,16500647,16500647,https://www.nseindia.com/companies-listing/corporate-filings-annual-reports,https://www.nseindia.com/companies-listing/corporate-filings-annual-reports,1620597469,17:57:49,20210509
20,2015-09-30,RUSHIL.NS,INR,2015-09-30,2015-09-30,Q3,754617000,447699000,306918000,0.40672023026250403,0.0,0.0,0.0,0.0,227080000.0,674779000,30906000.0,16212000.0,96050000,0.12728311183023971,79838000.0,0.10579936577098051,0.0,48932000.0,0.06484349014135647,28317000.0,20635000.0,0.027344997528547594,1.250893,1.250893,16496211,16496211,https://www.nseindia.com/companies-listing/corporate-filings-annual-reports,https://www.nseindia.com/companies-listing/corporate-filings-annual-reports,1620597469,17:57:49,20210509
21,2015-06-30,RUSHIL.NS,INR,2015-06-30,2015-06-30,Q2,716125000,423315000,292810000,0.40888113108744983,0.0,0.0,0.0,0.0,212568000.0,635883000,32713000.0,16170000.0,96412000,0.13463012742188862,80242000.0,0.11205027055332518,0.0,47529000.0,0.06636969802757899,26815000.0,20714000.0,0.028925117821609357,1.259641,1.259641,16444370,16444370,https://www.nseindia.com/companies-listing/corporate-filings-annual-reports,https://www.nseindia.com/companies-listing/corporate-filings-annual-reports,1620597469,17:57:49,20210509
22,2015-03-31,RUSHIL.NS,INR,2015-03-31,2015-03-31,Q1,726265904,520850901,205415003,0.28283718383122664,0.0,0.0,0.0,0.0,145739525.0,666590426,0.0,12509538.0,72185016,0.09939199348672714,59675478.0,0.08216753350436784,0.0,50469962.0,0.06949240178016122,19555965.0,30913997.0,0.042565673026555846,2.0719351087608535,2.0719351087608535,14920350,14920350,https://www.nseindia.com/companies-listing/corporate-filings-annual-reports,https://www.nseindia.com/companies-listing/corporate-filings-annual-reports,1620597469,17:57:49,20210509
23,2014-12-31,RUSHIL.NS,INR,2014-12-31,2014-12-31,Q4,632604000,381074000,251530000,0.3976105114732123,0.0,0.0,0.0,0.0,200145000.0,581219000,0.0,19202000.0,70587000,0.11158165297721798,51385000.0,0.08122775069395705,0.0,-46873000.0,-0.07409532661823194,5362000.0,-52235000.0,-0.08257140327914461,-3.175345,-3.175345,16450183,16450183,https://www.nseindia.com/companies-listing/corporate-filings-annual-reports,https://www.nseindia.com/companies-listing/corporate-filings-annual-reports,1620597469,17:57:49,20210509
24,2014-09-30,RUSHIL.NS,INR,2014-09-30,2014-09-30,Q3,710242000,466443000,243799000,0.3432618741217782,0.0,0.0,0.0,0.0,192867000.0,659310000,0.0,18998000.0,69930000,0.0984593983459159,50932000.0,0.0717107690054939,0.0,15448000.0,0.02175033298509522,7930000.0,7518000.0,0.010585124506858225,0.45487,0.45487,16527788,16527788,https://www.nseindia.com/companies-listing/corporate-filings-annual-reports,https://www.nseindia.com/companies-listing/corporate-filings-annual-reports,1620597469,17:57:49,20210509
25,2014-06-30,RUSHIL.NS,INR,2014-06-30,2014-06-30,Q2,687447000,443688000,243759000,0.3545858808024473,0.0,0.0,0.0,0.0,192311000.0,635999000,0.0,18523000.0,69971000,0.10178384660926587,51448000.0,0.074839223969266,0.0,15019000.0,0.02184750242564154,7670000.0,7349000.0,0.010690278668755555,0.446123,0.446123,16473043,16473043,https://www.nseindia.com/companies-listing/corporate-filings-annual-reports,https://www.nseindia.com/companies-listing/corporate-filings-annual-reports,1620597469,17:57:49,20210509
26,2014-03-31,RUSHIL.NS,INR,2014-03-31,2014-03-31,Q1,678715055,989397697,-310682642,-0.4577512163775415,0.0,0.0,0.0,0.0,-340975220.0,648422477,0.0,21202345.0,51494923,0.07587119605001248,30292578.0,0.04463224703332977,0.0,3883128.0,0.0057212934520805645,3572129.0,310999.0,0.0004582173295095097,0.020843948030709734,0.020843948030709734,14920350,14920350,https://www.nseindia.com/companies-listing/corporate-filings-annual-reports,https://www.nseindia.com/companies-listing/corporate-filings-annual-reports,1620597469,17:57:49,20210509
27,2013-12-31,RUSHIL.NS,INR,2013-12-31,2013-12-31,Q4,614381000,368476000,245905000,0.40024838007685787,0.0,0.0,0.0,0.0,203761000.0,572237000,0.0,19061000.0,61205000,0.0996205937358089,42144000.0,0.06859587129159267,0.0,9621000.0,0.015659663954451716,4998000.0,4624000.0,0.007526274412782947,0.27992,0.27992,16461835,16461835,https://www.nseindia.com/companies-listing/corporate-filings-annual-reports,https://www.nseindia.com/companies-listing/corporate-filings-annual-reports,1620597469,17:57:49,20210509
28,2013-09-30,RUSHIL.NS,INR,2013-09-30,2013-09-30,Q3,695755000,435745000,260010000,0.3737091361183175,0.0,0.0,0.0,0.0,189169000.0,624914000,0.0,18308000.0,89149000,0.12813274787820425,70841000.0,0.10181888739570683,0.0,26141000.0,0.03757213386896249,13361000.0,12780000.0,0.018368534900934954,0.778528,0.778528,16461835,16461835,https://www.nseindia.com/companies-listing/corporate-filings-annual-reports,https://www.nseindia.com/companies-listing/corporate-filings-annual-reports,1620597469,17:57:49,20210509
29,2013-06-30,RUSHIL.NS,INR,2013-06-30,2013-06-30,Q2,567872000,338944000,228928000,0.4031331004169954,0.0,0.0,0.0,0.0,161861000.0,500805000,0.0,17710000.0,84777000,0.149288924264623,67067000.0,0.11810231883241294,0.0,25651000.0,0.04517039051053759,13200000.0,12451000.0,0.02192571565423194,0.752286,0.752286,16461835,16461835,https://www.nseindia.com/companies-listing/corporate-filings-annual-reports,https://www.nseindia.com/companies-listing/corporate-filings-annual-reports,1620597469,17:57:49,20210509
30,2013-03-31,RUSHIL.NS,INR,2013-03-31,2013-03-31,Q1,612646744,118089976,494556768,0.8072462195277741,0.0,0.0,0.0,0.0,470150507.0,588240483,32710962.0,18500502.0,42906763,0.07003507881207315,24406261.0,0.03983741240612878,0.0,3939986.0,0.0064310894305511885,3755643.0,184343.0,0.0003008960739698308,0.012355139122071533,0.012355139122071533,14920350,14920350,https://www.nseindia.com/companies-listing/corporate-filings-annual-reports,https://www.nseindia.com/companies-listing/corporate-filings-annual-reports,1620597469,17:57:49,20210509
31,2012-12-31,RUSHIL.NS,INR,2012-12-31,2012-12-31,Q4,404552000,328631000,75921000,0.1876668512329688,0.0,0.0,0.0,0.0,17093000.0,345724000,31463000.0,16486000.0,75314000,0.1861664260713085,58828000.0,0.14541517530502876,0.0,27365000.0,0.06764272578061659,16088000.0,11277000.0,0.02787527932132334,0.682305,0.682305,16461835,16461835,https://www.nseindia.com/companies-listing/corporate-filings-annual-reports,https://www.nseindia.com/companies-listing/corporate-filings-annual-reports,1620597469,17:57:49,20210509
32,2012-09-30,RUSHIL.NS,INR,2012-09-30,2012-09-30,Q3,420425000,277718000,142707000,0.33943509543913897,0.0,82104000.0,0.0,0.0,92497000.0,370215000,19815000.0,9502000.0,59712000,0.14202771005530118,50210000.0,0.11942677052982101,0.0,30395000.0,0.0722958910626152,16970000.0,13425000.0,0.03193197359814474,0.813518,0.813518,16461835,16461835,https://www.nseindia.com/companies-listing/corporate-filings-annual-reports,https://www.nseindia.com/companies-listing/corporate-filings-annual-reports,1620597469,17:57:49,20210509
33,2012-06-30,RUSHIL.NS,INR,2012-06-30,2012-06-30,Q2,382628000,324039000,58589000,0.15312261517714335,0.0,0.0,0.0,0.0,6377000.0,330416000,27678000.0,6751000.0,58963000,0.1541000658603134,52212000.0,0.1364562969777434,0.0,24534000.0,0.06411971941415683,9160000.0,15374000.0,0.040180018189991326,0.935983,0.935983,16461835,16461835,https://www.nseindia.com/companies-listing/corporate-filings-annual-reports,https://www.nseindia.com/companies-listing/corporate-filings-annual-reports,1620597469,17:57:49,20210509
