,date,symbol,reportedCurrency,fillingDate,acceptedDate,period,revenue,costOfRevenue,grossProfit,grossProfitRatio,researchAndDevelopmentExpenses,generalAndAdministrativeExpenses,sellingAndMarketingExpenses,otherExpenses,operatingExpenses,costAndExpenses,interestExpense,depreciationAndAmortization,ebitda,ebitdaratio,operatingIncome,operatingIncomeRatio,totalOtherIncomeExpensesNet,incomeBeforeTax,incomeBeforeTaxRatio,incomeTaxExpense,netIncome,netIncomeRatio,eps,epsdiluted,weightedAverageShsOut,weightedAverageShsOutDil,link,finalLink,timestamp,est_time,est_date
0,2020-12-31,CAS.TO,CAD,2020-12-31,2020-12-31,Q4,1284000000,1078000000,206000000,0.16043613707165108,0.0,0.0,0.0,0.0,119000000,1197000000,13000000.0,72000000,159000000,0.12383177570093458,87000000.0,0.06775700934579439,27000000.0,98000000.0,0.0763239875389408,21000000.0,73000000.0,0.05685358255451713,0.7682617879194602,0.7682617879194602,95019694,95019694,https://www.sedar.com/ModifyCompanyDocumentSearchForm.do?lang=EN&company_search=Cascades Inc&document_selection=0&industry_group=A&FromDate=13&FromMonth=05&FromYear=2000&ToDate=13&ToMonth=11&ToYear=2020&Variable=Issuer,https://www.sedar.com/ModifyCompanyDocumentSearchForm.do?lang=EN&company_search=Cascades Inc&document_selection=0&industry_group=A&FromDate=13&FromMonth=05&FromYear=2000&ToDate=13&ToMonth=11&ToYear=2020&Variable=Issuer,1620589928,15:52:08,20210509
1,2020-09-30,CAS.TO,CAD,2020-09-30,2020-09-30,Q3,1275000000,1086000000,189000000,0.14823529411764705,0.0,107000000.0,0.0,0.0,107000000,1193000000,26000000.0,81000000,163000000,0.12784313725490196,82000000.0,0.06431372549019608,-1000000.0,55000000.0,0.043137254901960784,-3000000.0,49000000.0,0.038431372549019606,0.51,0.5,95019694,96077440,https://www.sedar.com/ModifyCompanyDocumentSearchForm.do?lang=EN&company_search=Cascades Inc&document_selection=0&industry_group=A&FromDate=13&FromMonth=05&FromYear=2000&ToDate=13&ToMonth=11&ToYear=2020&Variable=Issuer,https://www.sedar.com/ModifyCompanyDocumentSearchForm.do?lang=EN&company_search=Cascades Inc&document_selection=0&industry_group=A&FromDate=13&FromMonth=05&FromYear=2000&ToDate=13&ToMonth=11&ToYear=2020&Variable=Issuer,1620589928,15:52:08,20210509
2,2020-06-30,CAS.TO,CAD,2020-06-30,2020-06-30,Q2,1285000000,1065000000,220000000,0.17120622568093385,0.0,110000000.0,0.0,0.0,110000000,1175000000,1000000.0,75000000,185000000,0.14396887159533073,110000000.0,0.08560311284046693,-4000000.0,78000000.0,0.060700389105058365,12000000.0,54000000.0,0.04202334630350195,0.5716750450408477,0.5648499995847307,94459257,95600602,https://www.sedar.com/ModifyCompanyDocumentSearchForm.do?lang=EN&company_search=Cascades Inc&document_selection=0&industry_group=A&FromDate=13&FromMonth=05&FromYear=2000&ToDate=13&ToMonth=11&ToYear=2020&Variable=Issuer,https://www.sedar.com/ModifyCompanyDocumentSearchForm.do?lang=EN&company_search=Cascades Inc&document_selection=0&industry_group=A&FromDate=13&FromMonth=05&FromYear=2000&ToDate=13&ToMonth=11&ToYear=2020&Variable=Issuer,1620589928,15:52:08,20210509
3,2020-03-31,CAS.TO,CAD,2020-03-31,2020-03-31,Q1,1313000000,1092000000,221000000,0.16831683168316833,0.0,131000000.0,0.0,0.0,132000000,1224000000,28000000.0,71000000,160000000,0.12185833968012186,89000000.0,0.06778370144706779,-13000000.0,48000000.0,0.03655750190403656,15000000.0,22000000.0,0.016755521706016754,0.24,0.23,94248804,95523990,https://www.sedar.com/ModifyCompanyDocumentSearchForm.do?lang=EN&company_search=Cascades Inc&document_selection=0&industry_group=A&FromDate=13&FromMonth=05&FromYear=2000&ToDate=13&ToMonth=11&ToYear=2020&Variable=Issuer,https://www.sedar.com/ModifyCompanyDocumentSearchForm.do?lang=EN&company_search=Cascades Inc&document_selection=0&industry_group=A&FromDate=13&FromMonth=05&FromYear=2000&ToDate=13&ToMonth=11&ToYear=2020&Variable=Issuer,1620589928,15:52:08,20210509
4,2019-12-31,CAS.TO,CAD,2019-12-31,2019-12-31,Q4,1227000000,1022000000,205000000,0.16707416462917685,0.0,133000000.0,0.0,0.0,133000000,1155000000,18000000.0,77000000,149000000,0.12143439282803586,72000000.0,0.05867970660146699,-115000000.0,-64000000.0,-0.05215973920130399,-11000000.0,-56000000.0,-0.045639771801140996,-0.5893515085409557,-0.5893515085409557,95019694,95019694,https://www.sedar.com/ModifyCompanyDocumentSearchForm.do?lang=EN&company_search=Cascades Inc&document_selection=0&industry_group=A&FromDate=13&FromMonth=05&FromYear=2000&ToDate=13&ToMonth=11&ToYear=2020&Variable=Issuer,https://www.sedar.com/ModifyCompanyDocumentSearchForm.do?lang=EN&company_search=Cascades Inc&document_selection=0&industry_group=A&FromDate=13&FromMonth=05&FromYear=2000&ToDate=13&ToMonth=11&ToYear=2020&Variable=Issuer,1620589928,15:52:08,20210509
5,2019-09-30,CAS.TO,CAD,2019-09-30,2019-09-30,Q3,1264000000,1071000000,193000000,0.15268987341772153,0.0,105000000.0,0.0,0.0,105000000,1176000000,48000000.0,73000000,161000000,0.127373417721519,88000000.0,0.06962025316455696,49000000.0,89000000.0,0.07041139240506329,12000000.0,70000000.0,0.055379746835443035,0.74,0.73,93860367,95519226,https://www.sedar.com/ModifyCompanyDocumentSearchForm.do?lang=EN&company_search=Cascades Inc&document_selection=0&industry_group=A&FromDate=13&FromMonth=05&FromYear=2000&ToDate=13&ToMonth=11&ToYear=2020&Variable=Issuer,https://www.sedar.com/ModifyCompanyDocumentSearchForm.do?lang=EN&company_search=Cascades Inc&document_selection=0&industry_group=A&FromDate=13&FromMonth=05&FromYear=2000&ToDate=13&ToMonth=11&ToYear=2020&Variable=Issuer,1620589928,15:52:08,20210509
6,2019-06-30,CAS.TO,CAD,2019-06-30,2019-06-30,Q2,1275000000,1081000000,194000000,0.15215686274509804,0.0,111000000.0,0.0,0.0,111000000,1192000000,35000000.0,72000000,155000000,0.12156862745098039,83000000.0,0.06509803921568627,2000000.0,50000000.0,0.0392156862745098,10000000.0,31000000.0,0.02431372549019608,0.33,0.32,93636771,95058479,https://www.sedar.com/ModifyCompanyDocumentSearchForm.do?lang=EN&company_search=Cascades Inc&document_selection=0&industry_group=A&FromDate=13&FromMonth=05&FromYear=2000&ToDate=13&ToMonth=11&ToYear=2020&Variable=Issuer,https://www.sedar.com/ModifyCompanyDocumentSearchForm.do?lang=EN&company_search=Cascades Inc&document_selection=0&industry_group=A&FromDate=13&FromMonth=05&FromYear=2000&ToDate=13&ToMonth=11&ToYear=2020&Variable=Issuer,1620589928,15:52:08,20210509
7,2019-03-31,CAS.TO,CAD,2019-03-31,2019-03-31,Q1,1230000000,1058000000,172000000,0.13983739837398373,0.0,104000000.0,0.0,0.0,104000000,1162000000,39000000.0,67000000,135000000,0.10975609756097561,68000000.0,0.055284552845528454,12000000.0,41000000.0,0.03333333333333333,8000000.0,24000000.0,0.01951219512195122,0.2548664654233976,0.2506882515379176,94166959,95736437,https://www.sedar.com/ModifyCompanyDocumentSearchForm.do?lang=EN&company_search=Cascades Inc&document_selection=0&industry_group=A&FromDate=13&FromMonth=05&FromYear=2000&ToDate=13&ToMonth=11&ToYear=2020&Variable=Issuer,https://www.sedar.com/ModifyCompanyDocumentSearchForm.do?lang=EN&company_search=Cascades Inc&document_selection=0&industry_group=A&FromDate=13&FromMonth=05&FromYear=2000&ToDate=13&ToMonth=11&ToYear=2020&Variable=Issuer,1620589928,15:52:08,20210509
8,2018-12-31,CAS.TO,CAD,2018-12-31,2018-12-31,Q4,1200000000,1048000000,152000000,0.12666666666666668,0.0,109000000.0,0.0,0.0,109000000,1157000000,26000000.0,70000000,113000000,0.09416666666666666,43000000.0,0.035833333333333335,-80000000.0,-66000000.0,-0.055,-8000000.0,-65000000.0,-0.05416666666666667,-0.6902185445348809,-0.6759488166148468,94173071,96161127,https://www.sedar.com/ModifyCompanyDocumentSearchForm.do?lang=EN&company_search=Cascades Inc&document_selection=0&industry_group=A&FromDate=13&FromMonth=05&FromYear=2000&ToDate=13&ToMonth=11&ToYear=2020&Variable=Issuer,https://www.sedar.com/ModifyCompanyDocumentSearchForm.do?lang=EN&company_search=Cascades Inc&document_selection=0&industry_group=A&FromDate=13&FromMonth=05&FromYear=2000&ToDate=13&ToMonth=11&ToYear=2020&Variable=Issuer,1620589928,15:52:08,20210509
9,2018-09-30,CAS.TO,CAD,2018-09-30,2018-09-30,Q3,1172000000,1001000000,171000000,0.14590443686006827,0.0,96000000.0,0.0,0.0,96000000,1097000000,24000000.0,61000000,136000000,0.11604095563139932,75000000.0,0.06399317406143344,9000000.0,60000000.0,0.051194539249146756,17000000.0,36000000.0,0.030716723549488054,0.38,0.37,94469465,96780412,https://www.sedar.com/ModifyCompanyDocumentSearchForm.do?lang=EN&company_search=Cascades Inc&document_selection=0&industry_group=A&FromDate=13&FromMonth=05&FromYear=2000&ToDate=13&ToMonth=11&ToYear=2020&Variable=Issuer,https://www.sedar.com/ModifyCompanyDocumentSearchForm.do?lang=EN&company_search=Cascades Inc&document_selection=0&industry_group=A&FromDate=13&FromMonth=05&FromYear=2000&ToDate=13&ToMonth=11&ToYear=2020&Variable=Issuer,1620589928,15:52:08,20210509
10,2018-06-30,CAS.TO,CAD,2018-06-30,2018-06-30,Q2,1179000000,1002000000,177000000,0.15012722646310434,0.0,102000000.0,0.0,0.0,102000000,1104000000,23000000.0,58000000,133000000,0.11280746395250212,75000000.0,0.06361323155216285,1000000.0,53000000.0,0.04495335029686175,16000000.0,27000000.0,0.022900763358778626,0.28,0.27,94638464,97011800,https://www.sedar.com/ModifyCompanyDocumentSearchForm.do?lang=EN&company_search=Cascades Inc&document_selection=0&industry_group=A&FromDate=13&FromMonth=05&FromYear=2000&ToDate=13&ToMonth=11&ToYear=2020&Variable=Issuer,https://www.sedar.com/ModifyCompanyDocumentSearchForm.do?lang=EN&company_search=Cascades Inc&document_selection=0&industry_group=A&FromDate=13&FromMonth=05&FromYear=2000&ToDate=13&ToMonth=11&ToYear=2020&Variable=Issuer,1620589928,15:52:08,20210509
11,2018-03-31,CAS.TO,CAD,2018-03-31,2018-03-31,Q1,1098000000,946000000,152000000,0.1384335154826958,0.0,103000000.0,0.0,0.0,103000000,1049000000,23000000.0,55000000,104000000,0.0947176684881603,49000000.0,0.044626593806921674,70000000.0,96000000.0,0.08743169398907104,24000000.0,61000000.0,0.05555555555555555,0.65,0.63,95013041,97801090,https://www.sedar.com/ModifyCompanyDocumentSearchForm.do?lang=EN&company_search=Cascades Inc&document_selection=0&industry_group=A&FromDate=13&FromMonth=05&FromYear=2000&ToDate=13&ToMonth=11&ToYear=2020&Variable=Issuer,https://www.sedar.com/ModifyCompanyDocumentSearchForm.do?lang=EN&company_search=Cascades Inc&document_selection=0&industry_group=A&FromDate=13&FromMonth=05&FromYear=2000&ToDate=13&ToMonth=11&ToYear=2020&Variable=Issuer,1620589928,15:52:08,20210509
12,2017-12-31,CAS.TO,CAD,2017-12-31,2017-12-31,Q4,1082000000,933000000,149000000,0.1377079482439926,0.0,110000000.0,0.0,0.0,110000000,1043000000,24000000.0,59000000,98000000,0.09057301293900184,39000000.0,0.036044362292051754,-9000000.0,6000000.0,0.005545286506469501,-57000000.0,57000000.0,0.05268022181146026,0.6,0.58,94744841,97569209,https://www.sedar.com/ModifyCompanyDocumentSearchForm.do?lang=EN&company_search=Cascades Inc&document_selection=0&industry_group=A&FromDate=13&FromMonth=05&FromYear=2000&ToDate=13&ToMonth=11&ToYear=2020&Variable=Issuer,https://www.sedar.com/ModifyCompanyDocumentSearchForm.do?lang=EN&company_search=Cascades Inc&document_selection=0&industry_group=A&FromDate=13&FromMonth=05&FromYear=2000&ToDate=13&ToMonth=11&ToYear=2020&Variable=Issuer,1620589928,15:52:08,20210509
13,2017-09-30,CAS.TO,CAD,2017-09-30,2017-09-30,Q3,1103000000,940000000,163000000,0.14777878513145964,0.0,106000000.0,0.0,0.0,106000000,1046000000,26000000.0,53000000,110000000,0.09972801450589303,57000000.0,0.051677243880326386,23000000.0,54000000.0,0.04895738893925657,19000000.0,33000000.0,0.029918404351767906,0.35,0.34,94718891,97773147,https://www.sedar.com/ModifyCompanyDocumentSearchForm.do?lang=EN&company_search=Cascades Inc&document_selection=0&industry_group=A&FromDate=13&FromMonth=05&FromYear=2000&ToDate=13&ToMonth=11&ToYear=2020&Variable=Issuer,https://www.sedar.com/ModifyCompanyDocumentSearchForm.do?lang=EN&company_search=Cascades Inc&document_selection=0&industry_group=A&FromDate=13&FromMonth=05&FromYear=2000&ToDate=13&ToMonth=11&ToYear=2020&Variable=Issuer,1620589928,15:52:08,20210509
14,2017-06-30,CAS.TO,CAD,2017-06-30,2017-06-30,Q2,1130000000,965000000,165000000,0.14601769911504425,0.0,118000000.0,0.0,0.0,118000000,1083000000,25000000.0,56000000,103000000,0.09115044247787611,47000000.0,0.0415929203539823,236000000.0,258000000.0,0.22831858407079647,-70000000.0,323000000.0,0.28584070796460176,3.41,3.3,94702041,97732263,https://www.sedar.com/ModifyCompanyDocumentSearchForm.do?lang=EN&company_search=Cascades Inc&document_selection=0&industry_group=A&FromDate=13&FromMonth=05&FromYear=2000&ToDate=13&ToMonth=11&ToYear=2020&Variable=Issuer,https://www.sedar.com/ModifyCompanyDocumentSearchForm.do?lang=EN&company_search=Cascades Inc&document_selection=0&industry_group=A&FromDate=13&FromMonth=05&FromYear=2000&ToDate=13&ToMonth=11&ToYear=2020&Variable=Issuer,1620589928,15:52:08,20210509
15,2017-03-31,CAS.TO,CAD,2017-03-31,2017-03-31,Q1,1006000000,870000000,136000000,0.13518886679920478,0.0,106000000.0,0.0,0.0,106000000,976000000,22000000.0,47000000,77000000,0.07654075546719682,30000000.0,0.02982107355864811,182000000.0,190000000.0,0.18886679920477137,27000000.0,161000000.0,0.16003976143141152,1.7,1.66,94554104,97169477,https://www.sedar.com/ModifyCompanyDocumentSearchForm.do?lang=EN&company_search=Cascades Inc&document_selection=0&industry_group=A&FromDate=13&FromMonth=05&FromYear=2000&ToDate=13&ToMonth=11&ToYear=2020&Variable=Issuer,https://www.sedar.com/ModifyCompanyDocumentSearchForm.do?lang=EN&company_search=Cascades Inc&document_selection=0&industry_group=A&FromDate=13&FromMonth=05&FromYear=2000&ToDate=13&ToMonth=11&ToYear=2020&Variable=Issuer,1620589928,15:52:08,20210509
16,2016-12-31,CAS.TO,CAD,2016-12-31,2016-12-31,Q4,979000000,841000000,138000000,0.14096016343207354,0.0,106000000.0,0.0,0.0,106000000,947000000,20000000.0,50000000,82000000,0.08375893769152196,32000000.0,0.03268641470888662,-5000000.0,5000000.0,0.005107252298263534,2000000.0,4000000.0,0.0040858018386108275,0.042333771498451786,0.04124018005586333,94487211,96992787,https://www.sedar.com/ModifyCompanyDocumentSearchForm.do?lang=EN&company_search=Cascades Inc&document_selection=0&industry_group=A&FromDate=13&FromMonth=05&FromYear=2000&ToDate=13&ToMonth=11&ToYear=2020&Variable=Issuer,https://www.sedar.com/ModifyCompanyDocumentSearchForm.do?lang=EN&company_search=Cascades Inc&document_selection=0&industry_group=A&FromDate=13&FromMonth=05&FromYear=2000&ToDate=13&ToMonth=11&ToYear=2020&Variable=Issuer,1620589928,15:52:08,20210509
17,2016-09-30,CAS.TO,CAD,2016-09-30,2016-09-30,Q3,1021000000,859000000,162000000,0.15866797257590598,0.0,105000000.0,0.0,0.0,105000000,964000000,24000000.0,48000000,105000000,0.10284035259549461,57000000.0,0.05582761998041136,-4000000.0,29000000.0,0.02840352595494613,9000000.0,20000000.0,0.019588638589618023,0.211829995625181,0.2071470753971232,94415335,96549758,https://www.sedar.com/ModifyCompanyDocumentSearchForm.do?lang=EN&company_search=Cascades Inc&document_selection=0&industry_group=A&FromDate=13&FromMonth=05&FromYear=2000&ToDate=13&ToMonth=11&ToYear=2020&Variable=Issuer,https://www.sedar.com/ModifyCompanyDocumentSearchForm.do?lang=EN&company_search=Cascades Inc&document_selection=0&industry_group=A&FromDate=13&FromMonth=05&FromYear=2000&ToDate=13&ToMonth=11&ToYear=2020&Variable=Issuer,1620589928,15:52:08,20210509
18,2016-06-30,CAS.TO,CAD,2016-06-30,2016-06-30,Q2,998000000,834000000,164000000,0.16432865731462926,0.0,98000000.0,0.0,0.0,98000000,932000000,22000000.0,47000000,113000000,0.11322645290581163,66000000.0,0.06613226452905811,6000000.0,50000000.0,0.050100200400801605,13000000.0,36000000.0,0.036072144288577156,0.38,0.37,94596934,96463392,https://www.sedar.com/ModifyCompanyDocumentSearchForm.do?lang=EN&company_search=Cascades Inc&document_selection=0&industry_group=A&FromDate=13&FromMonth=05&FromYear=2000&ToDate=13&ToMonth=11&ToYear=2020&Variable=Issuer,https://www.sedar.com/ModifyCompanyDocumentSearchForm.do?lang=EN&company_search=Cascades Inc&document_selection=0&industry_group=A&FromDate=13&FromMonth=05&FromYear=2000&ToDate=13&ToMonth=11&ToYear=2020&Variable=Issuer,1620589928,15:52:08,20210509
19,2016-03-31,CAS.TO,CAD,2016-03-31,2016-03-31,Q1,1003000000,846000000,157000000,0.15653040877367896,0.0,93000000.0,0.0,0.0,93000000,939000000,25000000.0,47000000,111000000,0.1106679960119641,64000000.0,0.06380857427716849,59000000.0,98000000.0,0.09770687936191426,21000000.0,75000000.0,0.07477567298105683,0.79,0.77,95342378,97507798,https://www.sedar.com/ModifyCompanyDocumentSearchForm.do?lang=EN&company_search=Cascades Inc&document_selection=0&industry_group=A&FromDate=13&FromMonth=05&FromYear=2000&ToDate=13&ToMonth=11&ToYear=2020&Variable=Issuer,https://www.sedar.com/ModifyCompanyDocumentSearchForm.do?lang=EN&company_search=Cascades Inc&document_selection=0&industry_group=A&FromDate=13&FromMonth=05&FromYear=2000&ToDate=13&ToMonth=11&ToYear=2020&Variable=Issuer,1620589928,15:52:08,20210509
20,2015-12-31,CAS.TO,CAD,2015-12-31,2015-12-31,Q4,975000000,826000000,149000000,0.15282051282051282,0.0,98000000.0,0.0,0.0,98000000,924000000,23000000.0,57000000,108000000,0.11076923076923077,51000000.0,0.052307692307692305,-81000000.0,-53000000.0,-0.05435897435897436,23000000.0,-76000000.0,-0.07794871794871795,-0.81,-0.81,94690092,94690092,https://www.sedar.com/ModifyCompanyDocumentSearchForm.do?lang=EN&company_search=Cascades Inc&document_selection=0&industry_group=A&FromDate=13&FromMonth=05&FromYear=2000&ToDate=13&ToMonth=11&ToYear=2020&Variable=Issuer,https://www.sedar.com/ModifyCompanyDocumentSearchForm.do?lang=EN&company_search=Cascades Inc&document_selection=0&industry_group=A&FromDate=13&FromMonth=05&FromYear=2000&ToDate=13&ToMonth=11&ToYear=2020&Variable=Issuer,1620589928,15:52:08,20210509
21,2015-09-30,CAS.TO,CAD,2015-09-30,2015-09-30,Q3,1026000000,850000000,176000000,0.17153996101364521,0.0,88000000.0,0.0,0.0,88000000,938000000,24000000.0,45000000,133000000,0.12962962962962962,88000000.0,0.08576998050682261,-25000000.0,39000000.0,0.038011695906432746,13000000.0,22000000.0,0.021442495126705652,0.24,0.23,94408164,96236538,https://www.sedar.com/ModifyCompanyDocumentSearchForm.do?lang=EN&company_search=Cascades Inc&document_selection=0&industry_group=A&FromDate=13&FromMonth=05&FromYear=2000&ToDate=13&ToMonth=11&ToYear=2020&Variable=Issuer,https://www.sedar.com/ModifyCompanyDocumentSearchForm.do?lang=EN&company_search=Cascades Inc&document_selection=0&industry_group=A&FromDate=13&FromMonth=05&FromYear=2000&ToDate=13&ToMonth=11&ToYear=2020&Variable=Issuer,1620589928,15:52:08,20210509
22,2015-06-30,CAS.TO,CAD,2015-06-30,2015-06-30,Q2,950000000,801000000,149000000,0.1568421052631579,0.0,88000000.0,0.0,0.0,88000000,889000000,24000000.0,44000000,105000000,0.11052631578947368,61000000.0,0.06421052631578947,-1000000.0,36000000.0,0.037894736842105266,8000000.0,24000000.0,0.02526315789473684,0.2546888617397637,0.25107213292963865,94232625,95590059,https://www.sedar.com/ModifyCompanyDocumentSearchForm.do?lang=EN&company_search=Cascades Inc&document_selection=0&industry_group=A&FromDate=13&FromMonth=05&FromYear=2000&ToDate=13&ToMonth=11&ToYear=2020&Variable=Issuer,https://www.sedar.com/ModifyCompanyDocumentSearchForm.do?lang=EN&company_search=Cascades Inc&document_selection=0&industry_group=A&FromDate=13&FromMonth=05&FromYear=2000&ToDate=13&ToMonth=11&ToYear=2020&Variable=Issuer,1620589928,15:52:08,20210509
23,2015-03-31,CAS.TO,CAD,2015-03-31,2015-03-31,Q1,910000000,784000000,126000000,0.13846153846153847,0.0,86000000.0,0.0,0.0,86000000,870000000,26000000.0,44000000,84000000,0.09230769230769231,40000000.0,0.04395604395604396,-53000000.0,-39000000.0,-0.04285714285714286,-4000000.0,-35000000.0,-0.038461538461538464,-0.3715470934348584,-0.3645035222496074,94200710,96021020,https://www.sedar.com/ModifyCompanyDocumentSearchForm.do?lang=EN&company_search=Cascades Inc&document_selection=0&industry_group=A&FromDate=13&FromMonth=05&FromYear=2000&ToDate=13&ToMonth=11&ToYear=2020&Variable=Issuer,https://www.sedar.com/ModifyCompanyDocumentSearchForm.do?lang=EN&company_search=Cascades Inc&document_selection=0&industry_group=A&FromDate=13&FromMonth=05&FromYear=2000&ToDate=13&ToMonth=11&ToYear=2020&Variable=Issuer,1620589928,15:52:08,20210509
24,2014-12-31,CAS.TO,CAD,2014-12-31,2014-12-31,Q4,710000000,599000000,111000000,0.1563380281690141,0.0,77000000.0,0.0,0.0,77000000,676000000,24000000.0,39000000,73000000,0.1028169014084507,34000000.0,0.04788732394366197,-1000000.0,9000000.0,0.01267605633802817,13000000.0,-47000000.0,-0.06619718309859154,-0.49957697522425587,-0.49324020594436724,94079596,95288258,https://www.sedar.com/ModifyCompanyDocumentSearchForm.do?lang=EN&company_search=Cascades Inc&document_selection=0&industry_group=A&FromDate=13&FromMonth=05&FromYear=2000&ToDate=13&ToMonth=11&ToYear=2020&Variable=Issuer,https://www.sedar.com/ModifyCompanyDocumentSearchForm.do?lang=EN&company_search=Cascades Inc&document_selection=0&industry_group=A&FromDate=13&FromMonth=05&FromYear=2000&ToDate=13&ToMonth=11&ToYear=2020&Variable=Issuer,1620589928,15:52:08,20210509
25,2014-09-30,CAS.TO,CAD,2014-09-30,2014-09-30,Q3,964000000,830000000,134000000,0.13900414937759337,0.0,83000000.0,0.0,0.0,83000000,913000000,25000000.0,45000000,96000000,0.0995850622406639,51000000.0,0.052904564315352696,-21000000.0,5000000.0,0.005186721991701245,21000000.0,-16000000.0,-0.016597510373443983,-0.1699489040122642,-0.1677835510816025,94145944,95360957,https://www.sedar.com/ModifyCompanyDocumentSearchForm.do?lang=EN&company_search=Cascades Inc&document_selection=0&industry_group=A&FromDate=13&FromMonth=05&FromYear=2000&ToDate=13&ToMonth=11&ToYear=2020&Variable=Issuer,https://www.sedar.com/ModifyCompanyDocumentSearchForm.do?lang=EN&company_search=Cascades Inc&document_selection=0&industry_group=A&FromDate=13&FromMonth=05&FromYear=2000&ToDate=13&ToMonth=11&ToYear=2020&Variable=Issuer,1620589928,15:52:08,20210509
26,2014-06-30,CAS.TO,CAD,2014-06-30,2014-06-30,Q2,985000000,851000000,134000000,0.13604060913705585,0.0,87000000.0,0.0,0.0,87000000,938000000,29000000.0,46000000,93000000,0.09441624365482233,47000000.0,0.047715736040609136,-75000000.0,-57000000.0,-0.05786802030456853,-15000000.0,-83000000.0,-0.08426395939086294,-0.8831141780874432,-0.871183958417445,93985582,95272645,https://www.sedar.com/ModifyCompanyDocumentSearchForm.do?lang=EN&company_search=Cascades Inc&document_selection=0&industry_group=A&FromDate=13&FromMonth=05&FromYear=2000&ToDate=13&ToMonth=11&ToYear=2020&Variable=Issuer,https://www.sedar.com/ModifyCompanyDocumentSearchForm.do?lang=EN&company_search=Cascades Inc&document_selection=0&industry_group=A&FromDate=13&FromMonth=05&FromYear=2000&ToDate=13&ToMonth=11&ToYear=2020&Variable=Issuer,1620589928,15:52:08,20210509
27,2014-03-31,CAS.TO,CAD,2014-03-31,2014-03-31,Q1,994000000,868000000,126000000,0.1267605633802817,0.0,93000000.0,0.0,0.0,93000000,961000000,30000000.0,46000000,79000000,0.079476861167002,33000000.0,0.03319919517102616,-1000000.0,2000000.0,0.002012072434607646,-1000000.0,-1000000.0,-0.001006036217303823,-0.010651005541728834,-0.010464761073441286,93887849,95558799,https://www.sedar.com/ModifyCompanyDocumentSearchForm.do?lang=EN&company_search=Cascades Inc&document_selection=0&industry_group=A&FromDate=13&FromMonth=05&FromYear=2000&ToDate=13&ToMonth=11&ToYear=2020&Variable=Issuer,https://www.sedar.com/ModifyCompanyDocumentSearchForm.do?lang=EN&company_search=Cascades Inc&document_selection=0&industry_group=A&FromDate=13&FromMonth=05&FromYear=2000&ToDate=13&ToMonth=11&ToYear=2020&Variable=Issuer,1620589928,15:52:08,20210509
28,2013-12-31,CAS.TO,CAD,2013-12-31,2013-12-31,Q4,958000000,800000000,158000000,0.1649269311064718,0.0,102000000.0,0.0,0.0,102000000,902000000,28000000.0,48000000,104000000,0.10855949895615867,56000000.0,0.05845511482254697,-18000000.0,9000000.0,0.009394572025052192,4000000.0,6000000.0,0.006263048016701462,0.063906033250373,0.06311968739343622,93887849,95057505,https://www.sedar.com/ModifyCompanyDocumentSearchForm.do?lang=EN&company_search=Cascades Inc&document_selection=0&industry_group=A&FromDate=13&FromMonth=05&FromYear=2000&ToDate=13&ToMonth=11&ToYear=2020&Variable=Issuer,https://www.sedar.com/ModifyCompanyDocumentSearchForm.do?lang=EN&company_search=Cascades Inc&document_selection=0&industry_group=A&FromDate=13&FromMonth=05&FromYear=2000&ToDate=13&ToMonth=11&ToYear=2020&Variable=Issuer,1620589928,15:52:08,20210509
29,2013-09-30,CAS.TO,CAD,2013-09-30,2013-09-30,Q3,995000000,848000000,147000000,0.14773869346733667,0.0,96000000.0,0.0,0.0,96000000,944000000,29000000.0,46000000,97000000,0.09748743718592964,51000000.0,0.05125628140703518,-3000000.0,19000000.0,0.019095477386934675,7000000.0,11000000.0,0.011055276381909548,0.11716106095901718,0.1158672376758629,93887849,94936241,https://www.sedar.com/ModifyCompanyDocumentSearchForm.do?lang=EN&company_search=Cascades Inc&document_selection=0&industry_group=A&FromDate=13&FromMonth=05&FromYear=2000&ToDate=13&ToMonth=11&ToYear=2020&Variable=Issuer,https://www.sedar.com/ModifyCompanyDocumentSearchForm.do?lang=EN&company_search=Cascades Inc&document_selection=0&industry_group=A&FromDate=13&FromMonth=05&FromYear=2000&ToDate=13&ToMonth=11&ToYear=2020&Variable=Issuer,1620589928,15:52:08,20210509
30,2013-06-30,CAS.TO,CAD,2013-06-30,2013-06-30,Q2,982000000,838000000,144000000,0.14663951120162932,0.0,107000000.0,0.0,0.0,107000000,945000000,29000000.0,44000000,81000000,0.0824847250509165,37000000.0,0.03767820773930754,-5000000.0,3000000.0,0.003054989816700611,0.0,2000000.0,0.002036659877800407,0.03,0.03,93880199,93880199,https://www.sedar.com/ModifyCompanyDocumentSearchForm.do?lang=EN&company_search=Cascades Inc&document_selection=0&industry_group=A&FromDate=13&FromMonth=05&FromYear=2000&ToDate=13&ToMonth=11&ToYear=2020&Variable=Issuer,https://www.sedar.com/ModifyCompanyDocumentSearchForm.do?lang=EN&company_search=Cascades Inc&document_selection=0&industry_group=A&FromDate=13&FromMonth=05&FromYear=2000&ToDate=13&ToMonth=11&ToYear=2020&Variable=Issuer,1620589928,15:52:08,20210509
31,2013-03-31,CAS.TO,CAD,2013-03-31,2013-03-31,Q1,914000000,791000000,123000000,0.13457330415754923,0.0,101000000.0,0.0,0.0,101000000,892000000,28000000.0,44000000,66000000,0.07221006564551423,22000000.0,0.024070021881838075,-1000000.0,-7000000.0,-0.007658643326039387,1000000.0,-8000000.0,-0.0087527352297593,-0.09,-0.09,93885659,93885659,https://www.sedar.com/ModifyCompanyDocumentSearchForm.do?lang=EN&company_search=Cascades Inc&document_selection=0&industry_group=A&FromDate=13&FromMonth=05&FromYear=2000&ToDate=13&ToMonth=11&ToYear=2020&Variable=Issuer,https://www.sedar.com/ModifyCompanyDocumentSearchForm.do?lang=EN&company_search=Cascades Inc&document_selection=0&industry_group=A&FromDate=13&FromMonth=05&FromYear=2000&ToDate=13&ToMonth=11&ToYear=2020&Variable=Issuer,1620589928,15:52:08,20210509
32,2012-12-31,CAS.TO,CAD,2012-12-31,2012-12-31,Q4,904000000,796000000,108000000,0.11946902654867257,0.0,96000000.0,0.0,0.0,96000000,892000000,23000000.0,58000000,70000000,0.07743362831858407,12000000.0,0.01327433628318584,-26000000.0,-39000000.0,-0.04314159292035398,-9000000.0,-29000000.0,-0.032079646017699116,-0.3,-0.3,93960372,93960372,https://www.sedar.com/ModifyCompanyDocumentSearchForm.do?lang=EN&company_search=Cascades Inc&document_selection=0&industry_group=A&FromDate=13&FromMonth=05&FromYear=2000&ToDate=13&ToMonth=11&ToYear=2020&Variable=Issuer,https://www.sedar.com/ModifyCompanyDocumentSearchForm.do?lang=EN&company_search=Cascades Inc&document_selection=0&industry_group=A&FromDate=13&FromMonth=05&FromYear=2000&ToDate=13&ToMonth=11&ToYear=2020&Variable=Issuer,1620589928,15:52:08,20210509
33,2012-09-30,CAS.TO,CAD,2012-09-30,2012-09-30,Q3,906000000,781000000,125000000,0.13796909492273732,0.0,92000000.0,0.0,0.0,92000000,873000000,25000000.0,47000000,80000000,0.08830022075055188,33000000.0,0.03642384105960265,-3000000.0,5000000.0,0.005518763796909493,1000000.0,5000000.0,0.005518763796909493,0.05,0.05,94056848,94056848,https://www.sedar.com/ModifyCompanyDocumentSearchForm.do?lang=EN&company_search=Cascades Inc&document_selection=0&industry_group=A&FromDate=13&FromMonth=05&FromYear=2000&ToDate=13&ToMonth=11&ToYear=2020&Variable=Issuer,https://www.sedar.com/ModifyCompanyDocumentSearchForm.do?lang=EN&company_search=Cascades Inc&document_selection=0&industry_group=A&FromDate=13&FromMonth=05&FromYear=2000&ToDate=13&ToMonth=11&ToYear=2020&Variable=Issuer,1620589928,15:52:08,20210509
34,2012-06-30,CAS.TO,CAD,2012-06-30,2012-06-30,Q2,944000000,762000000,182000000,0.19279661016949154,0.0,100000000.0,0.0,0.0,148000000,910000000,25000000.0,48000000,82000000,0.08686440677966102,34000000.0,0.036016949152542374,2000000.0,11000000.0,0.011652542372881356,5000000.0,7000000.0,0.007415254237288136,0.08,0.08,94119195,94119195,https://www.sedar.com/ModifyCompanyDocumentSearchForm.do?lang=EN&company_search=Cascades Inc&document_selection=0&industry_group=A&FromDate=13&FromMonth=05&FromYear=2000&ToDate=13&ToMonth=11&ToYear=2020&Variable=Issuer,https://www.sedar.com/ModifyCompanyDocumentSearchForm.do?lang=EN&company_search=Cascades Inc&document_selection=0&industry_group=A&FromDate=13&FromMonth=05&FromYear=2000&ToDate=13&ToMonth=11&ToYear=2020&Variable=Issuer,1620589928,15:52:08,20210509
35,2012-03-31,CAS.TO,CAD,2012-03-31,2012-03-31,Q1,891000000,770000000,121000000,0.13580246913580246,0.0,94000000.0,0.0,0.0,94000000,864000000,25000000.0,46000000,73000000,0.0819304152637486,27000000.0,0.030303030303030304,4000000.0,6000000.0,0.006734006734006734,1000000.0,6000000.0,0.006734006734006734,0.06,0.06,94497766,94497766,https://www.sedar.com/ModifyCompanyDocumentSearchForm.do?lang=EN&company_search=Cascades Inc&document_selection=0&industry_group=A&FromDate=13&FromMonth=05&FromYear=2000&ToDate=13&ToMonth=11&ToYear=2020&Variable=Issuer,https://www.sedar.com/ModifyCompanyDocumentSearchForm.do?lang=EN&company_search=Cascades Inc&document_selection=0&industry_group=A&FromDate=13&FromMonth=05&FromYear=2000&ToDate=13&ToMonth=11&ToYear=2020&Variable=Issuer,1620589928,15:52:08,20210509
36,2011-12-31,CAS.TO,CAD,2011-12-31,2011-12-31,Q4,913000000,947000000,-34000000,-0.03723986856516977,0.0,97000000.0,0.0,0.0,-31000000,916000000,23000000.0,52000000,49000000,0.05366922234392114,-3000000.0,-0.0032858707557502738,0.0,-26000000.0,-0.028477546549835708,-29000000.0,9000000.0,0.009857612267250822,0.09471720672979646,0.09471720672979646,95019694,95019694,https://www.sedar.com/ModifyCompanyDocumentSearchForm.do?lang=EN&company_search=Cascades Inc&document_selection=0&industry_group=A&FromDate=13&FromMonth=05&FromYear=2000&ToDate=13&ToMonth=11&ToYear=2020&Variable=Issuer,https://www.sedar.com/ModifyCompanyDocumentSearchForm.do?lang=EN&company_search=Cascades Inc&document_selection=0&industry_group=A&FromDate=13&FromMonth=05&FromYear=2000&ToDate=13&ToMonth=11&ToYear=2020&Variable=Issuer,1620589928,15:52:08,20210509
37,2011-09-30,CAS.TO,CAD,2011-09-30,2011-09-30,Q3,947000000,801000000,146000000,0.15417106652587118,0.0,91000000.0,0.0,0.0,145000000,946000000,25000000.0,45000000,46000000,0.048574445617740235,1000000.0,0.0010559662090813093,12000000.0,-12000000.0,-0.012671594508975714,9000000.0,-19000000.0,-0.02006335797254488,-0.2,-0.2,95986989,95986989,https://www.sedar.com/ModifyCompanyDocumentSearchForm.do?lang=EN&company_search=Cascades Inc&document_selection=0&industry_group=A&FromDate=13&FromMonth=05&FromYear=2000&ToDate=13&ToMonth=11&ToYear=2020&Variable=Issuer,https://www.sedar.com/ModifyCompanyDocumentSearchForm.do?lang=EN&company_search=Cascades Inc&document_selection=0&industry_group=A&FromDate=13&FromMonth=05&FromYear=2000&ToDate=13&ToMonth=11&ToYear=2020&Variable=Issuer,1620589928,15:52:08,20210509
38,2011-06-30,CAS.TO,CAD,2011-06-30,2011-06-30,Q2,991000000,838000000,153000000,0.15438950554994954,0.0,97000000.0,0.0,0.0,144000000,982000000,27000000.0,47000000,56000000,0.056508577194752774,9000000.0,0.009081735620585268,4000000.0,-14000000.0,-0.014127144298688193,-22000000.0,117000000.0,0.11806256306760847,1.21,1.19,96367221,98319328,https://www.sedar.com/ModifyCompanyDocumentSearchForm.do?lang=EN&company_search=Cascades Inc&document_selection=0&industry_group=A&FromDate=13&FromMonth=05&FromYear=2000&ToDate=13&ToMonth=11&ToYear=2020&Variable=Issuer,https://www.sedar.com/ModifyCompanyDocumentSearchForm.do?lang=EN&company_search=Cascades Inc&document_selection=0&industry_group=A&FromDate=13&FromMonth=05&FromYear=2000&ToDate=13&ToMonth=11&ToYear=2020&Variable=Issuer,1620589928,15:52:08,20210509
39,2011-03-31,CAS.TO,CAD,2011-03-31,2011-03-31,Q1,774000000,661000000,113000000,0.14599483204134367,0.0,77000000.0,0.0,0.0,113000000,774000000,25000000.0,36000000,36000000,0.046511627906976744,0.0,-0.046511627906976744,-11000000.0,-36000000.0,-0.046511627906976744,-14000000.0,-8000000.0,-0.0103359173126615,-0.08,-0.08,96606421,96606421,https://www.sedar.com/ModifyCompanyDocumentSearchForm.do?lang=EN&company_search=Cascades Inc&document_selection=0&industry_group=A&FromDate=13&FromMonth=05&FromYear=2000&ToDate=13&ToMonth=11&ToYear=2020&Variable=Issuer,https://www.sedar.com/ModifyCompanyDocumentSearchForm.do?lang=EN&company_search=Cascades Inc&document_selection=0&industry_group=A&FromDate=13&FromMonth=05&FromYear=2000&ToDate=13&ToMonth=11&ToYear=2020&Variable=Issuer,1620589928,15:52:08,20210509
40,2010-12-31,CAS.TO,CAD,2010-12-31,2010-12-31,Q4,991000000,802000000,189000000,0.19071644803229063,0.0,97000000.0,0.0,0.0,150000000,952000000,27000000.0,53000000,92000000,0.09283551967709384,39000000.0,0.039354187689202826,-57000000.0,-45000000.0,-0.045408678102926335,-12000000.0,-34000000.0,-0.034308779011099896,-0.35782055875700886,-0.35782055875700886,95019694,95019694,https://www.sedar.com/ModifyCompanyDocumentSearchForm.do?lang=EN&company_search=Cascades Inc&document_selection=0&industry_group=A&FromDate=13&FromMonth=05&FromYear=2000&ToDate=13&ToMonth=11&ToYear=2020&Variable=Issuer,https://www.sedar.com/ModifyCompanyDocumentSearchForm.do?lang=EN&company_search=Cascades Inc&document_selection=0&industry_group=A&FromDate=13&FromMonth=05&FromYear=2000&ToDate=13&ToMonth=11&ToYear=2020&Variable=Issuer,1620589928,15:52:08,20210509
41,2010-09-30,CAS.TO,CAD,2010-09-30,2010-09-30,Q3,1028000000,814000000,214000000,0.20817120622568094,0.0,99000000.0,0.0,0.0,152000000,966000000,27000000.0,53000000,115000000,0.11186770428015565,62000000.0,0.06031128404669261,-8000000.0,27000000.0,0.026264591439688716,8000000.0,30000000.0,0.029182879377431907,0.31,0.3,96645061,100000000,https://www.sedar.com/ModifyCompanyDocumentSearchForm.do?lang=EN&company_search=Cascades Inc&document_selection=0&industry_group=A&FromDate=13&FromMonth=05&FromYear=2000&ToDate=13&ToMonth=11&ToYear=2020&Variable=Issuer,https://www.sedar.com/ModifyCompanyDocumentSearchForm.do?lang=EN&company_search=Cascades Inc&document_selection=0&industry_group=A&FromDate=13&FromMonth=05&FromYear=2000&ToDate=13&ToMonth=11&ToYear=2020&Variable=Issuer,1620589928,15:52:08,20210509
42,2010-06-30,CAS.TO,CAD,2010-06-30,2010-06-30,Q2,998000000,791000000,207000000,0.20741482965931865,0.0,101000000.0,0.0,0.0,152000000,943000000,27000000.0,51000000,106000000,0.1062124248496994,55000000.0,0.05511022044088176,1000000.0,29000000.0,0.02905811623246493,7000000.0,21000000.0,0.021042084168336674,0.22,0.22,96895355,96895355,https://www.sedar.com/ModifyCompanyDocumentSearchForm.do?lang=EN&company_search=Cascades Inc&document_selection=0&industry_group=A&FromDate=13&FromMonth=05&FromYear=2000&ToDate=13&ToMonth=11&ToYear=2020&Variable=Issuer,https://www.sedar.com/ModifyCompanyDocumentSearchForm.do?lang=EN&company_search=Cascades Inc&document_selection=0&industry_group=A&FromDate=13&FromMonth=05&FromYear=2000&ToDate=13&ToMonth=11&ToYear=2020&Variable=Issuer,1620589928,15:52:08,20210509
43,2010-03-31,CAS.TO,CAD,2010-03-31,2010-03-31,Q1,942000000,766000000,176000000,0.18683651804670912,0.0,98000000.0,0.0,0.0,153000000,919000000,28000000.0,55000000,78000000,0.08280254777070063,23000000.0,0.024416135881104035,-4000000.0,-5000000.0,-0.005307855626326964,-3000000.0,0.0,0.0,0.0,0.0,97086643,97086643,https://www.sedar.com/ModifyCompanyDocumentSearchForm.do?lang=EN&company_search=Cascades Inc&document_selection=0&industry_group=A&FromDate=13&FromMonth=05&FromYear=2000&ToDate=13&ToMonth=11&ToYear=2020&Variable=Issuer,https://www.sedar.com/ModifyCompanyDocumentSearchForm.do?lang=EN&company_search=Cascades Inc&document_selection=0&industry_group=A&FromDate=13&FromMonth=05&FromYear=2000&ToDate=13&ToMonth=11&ToYear=2020&Variable=Issuer,1620589928,15:52:08,20210509
44,2009-12-31,CAS.TO,CAD,2009-12-31,2009-12-31,Q4,952000000,737000000,215000000,0.22584033613445378,0.0,104000000.0,0.0,0.0,160000000,897000000,24000000.0,56000000,111000000,0.11659663865546219,55000000.0,0.05777310924369748,-95000000.0,-64000000.0,-0.06722689075630252,-16000000.0,-41000000.0,-0.0430672268907563,-0.4314894973246283,-0.4314894973246283,95019694,95019694,https://www.sedar.com/ModifyCompanyDocumentSearchForm.do?lang=EN&company_search=Cascades Inc&document_selection=0&industry_group=A&FromDate=13&FromMonth=05&FromYear=2000&ToDate=13&ToMonth=11&ToYear=2020&Variable=Issuer,https://www.sedar.com/ModifyCompanyDocumentSearchForm.do?lang=EN&company_search=Cascades Inc&document_selection=0&industry_group=A&FromDate=13&FromMonth=05&FromYear=2000&ToDate=13&ToMonth=11&ToYear=2020&Variable=Issuer,1620589928,15:52:08,20210509
45,2009-09-30,CAS.TO,CAD,2009-09-30,2009-09-30,Q3,974000000,752000000,222000000,0.22792607802874743,0.0,93000000.0,0.0,0.0,146000000,898000000,25000000.0,53000000,129000000,0.1324435318275154,76000000.0,0.07802874743326489,-3000000.0,48000000.0,0.049281314168377825,17000000.0,34000000.0,0.03490759753593429,0.35,0.34,97430683,100000000,https://www.sedar.com/ModifyCompanyDocumentSearchForm.do?lang=EN&company_search=Cascades Inc&document_selection=0&industry_group=A&FromDate=13&FromMonth=05&FromYear=2000&ToDate=13&ToMonth=11&ToYear=2020&Variable=Issuer,https://www.sedar.com/ModifyCompanyDocumentSearchForm.do?lang=EN&company_search=Cascades Inc&document_selection=0&industry_group=A&FromDate=13&FromMonth=05&FromYear=2000&ToDate=13&ToMonth=11&ToYear=2020&Variable=Issuer,1620589928,15:52:08,20210509
46,2009-06-30,CAS.TO,CAD,2009-06-30,2009-06-30,Q2,981000000,750000000,231000000,0.23547400611620795,0.0,108000000.0,0.0,0.0,163000000,913000000,25000000.0,55000000,123000000,0.12538226299694188,68000000.0,0.06931702344546381,-915000000.0,45000000.0,0.045871559633027525,17000000.0,30000000.0,0.03058103975535168,0.3,0.3,97467651,97467651,https://www.sedar.com/ModifyCompanyDocumentSearchForm.do?lang=EN&company_search=Cascades Inc&document_selection=0&industry_group=A&FromDate=13&FromMonth=05&FromYear=2000&ToDate=13&ToMonth=11&ToYear=2020&Variable=Issuer,https://www.sedar.com/ModifyCompanyDocumentSearchForm.do?lang=EN&company_search=Cascades Inc&document_selection=0&industry_group=A&FromDate=13&FromMonth=05&FromYear=2000&ToDate=13&ToMonth=11&ToYear=2020&Variable=Issuer,1620589928,15:52:08,20210509
47,2009-03-31,CAS.TO,CAD,2009-03-31,2009-03-31,Q1,970000000,752000000,218000000,0.22474226804123712,0.0,108000000.0,0.0,0.0,164000000,916000000,27000000.0,54000000,108000000,0.11134020618556702,54000000.0,0.05567010309278351,9000000.0,36000000.0,0.03711340206185567,5000000.0,37000000.0,0.03814432989690722,0.38,0.38,98458747,98458747,https://www.sedar.com/ModifyCompanyDocumentSearchForm.do?lang=EN&company_search=Cascades Inc&document_selection=0&industry_group=A&FromDate=13&FromMonth=05&FromYear=2000&ToDate=13&ToMonth=11&ToYear=2020&Variable=Issuer,https://www.sedar.com/ModifyCompanyDocumentSearchForm.do?lang=EN&company_search=Cascades Inc&document_selection=0&industry_group=A&FromDate=13&FromMonth=05&FromYear=2000&ToDate=13&ToMonth=11&ToYear=2020&Variable=Issuer,1620589928,15:52:08,20210509
48,2008-12-31,CAS.TO,CAD,2008-12-31,2008-12-31,Q4,1020000000,821000000,199000000,0.19509803921568628,0.0,102000000.0,0.0,0.0,223000000,1044000000,25000000.0,56000000,32000000,0.03137254901960784,-24000000.0,-0.023529411764705882,-46000000.0,-31000000.0,-0.030392156862745098,-12000000.0,-19000000.0,-0.018627450980392157,-0.1999585475406814,-0.1999585475406814,95019694,95019694,https://www.sedar.com/ModifyCompanyDocumentSearchForm.do?lang=EN&company_search=Cascades Inc&document_selection=0&industry_group=A&FromDate=13&FromMonth=05&FromYear=2000&ToDate=13&ToMonth=11&ToYear=2020&Variable=Issuer,https://www.sedar.com/ModifyCompanyDocumentSearchForm.do?lang=EN&company_search=Cascades Inc&document_selection=0&industry_group=A&FromDate=13&FromMonth=05&FromYear=2000&ToDate=13&ToMonth=11&ToYear=2020&Variable=Issuer,1620589928,15:52:08,20210509
49,2008-09-30,CAS.TO,CAD,2008-09-30,2008-09-30,Q3,1039000000,854000000,185000000,0.17805582290664101,0.0,96000000.0,0.0,0.0,168000000,1022000000,27000000.0,54000000,71000000,0.068334937439846,17000000.0,0.016361886429258902,-16000000.0,-9000000.0,-0.008662175168431183,-2000000.0,-7000000.0,-0.006737247353224254,-0.07,-0.07,98727291,98727291,https://www.sedar.com/ModifyCompanyDocumentSearchForm.do?lang=EN&company_search=Cascades Inc&document_selection=0&industry_group=A&FromDate=13&FromMonth=05&FromYear=2000&ToDate=13&ToMonth=11&ToYear=2020&Variable=Issuer,https://www.sedar.com/ModifyCompanyDocumentSearchForm.do?lang=EN&company_search=Cascades Inc&document_selection=0&industry_group=A&FromDate=13&FromMonth=05&FromYear=2000&ToDate=13&ToMonth=11&ToYear=2020&Variable=Issuer,1620589928,15:52:08,20210509
50,2008-06-30,CAS.TO,CAD,2008-06-30,2008-06-30,Q2,999000000,843000000,156000000,0.15615615615615616,0.0,94000000.0,0.0,0.0,140000000,983000000,26000000.0,53000000,69000000,0.06906906906906907,16000000.0,0.016016016016016016,-16000000.0,-33000000.0,-0.03303303303303303,-9000000.0,-25000000.0,-0.025025025025025027,-0.25,-0.25,98851585,98851585,https://www.sedar.com/ModifyCompanyDocumentSearchForm.do?lang=EN&company_search=Cascades Inc&document_selection=0&industry_group=A&FromDate=13&FromMonth=05&FromYear=2000&ToDate=13&ToMonth=11&ToYear=2020&Variable=Issuer,https://www.sedar.com/ModifyCompanyDocumentSearchForm.do?lang=EN&company_search=Cascades Inc&document_selection=0&industry_group=A&FromDate=13&FromMonth=05&FromYear=2000&ToDate=13&ToMonth=11&ToYear=2020&Variable=Issuer,1620589928,15:52:08,20210509
51,2008-03-31,CAS.TO,CAD,2008-03-31,2008-03-31,Q1,959000000,805000000,154000000,0.16058394160583941,0.0,97000000.0,0.0,0.0,152000000,957000000,24000000.0,51000000,53000000,0.05526590198123045,2000000.0,0.0020855057351407717,-13000000.0,-35000000.0,-0.0364963503649635,-9000000.0,-4000000.0,-0.004171011470281543,-0.04,-0.04,99041800,99041800,https://www.sedar.com/ModifyCompanyDocumentSearchForm.do?lang=EN&company_search=Cascades Inc&document_selection=0&industry_group=A&FromDate=13&FromMonth=05&FromYear=2000&ToDate=13&ToMonth=11&ToYear=2020&Variable=Issuer,https://www.sedar.com/ModifyCompanyDocumentSearchForm.do?lang=EN&company_search=Cascades Inc&document_selection=0&industry_group=A&FromDate=13&FromMonth=05&FromYear=2000&ToDate=13&ToMonth=11&ToYear=2020&Variable=Issuer,1620589928,15:52:08,20210509
52,2007-12-31,CAS.TO,CAD,2007-12-31,2007-12-31,Q4,818000000,639000000,179000000,0.21882640586797067,0.0,93000000.0,0.0,0.0,154000000,793000000,21000000.0,48000000,73000000,0.08924205378973105,25000000.0,0.030562347188264057,16000000.0,30000000.0,0.03667481662591687,-4000000.0,12000000.0,0.014669926650366748,0.12628960897306193,0.12628960897306193,95019694,95019694,https://www.sedar.com/ModifyCompanyDocumentSearchForm.do?lang=EN&company_search=Cascades Inc&document_selection=0&industry_group=A&FromDate=13&FromMonth=05&FromYear=2000&ToDate=13&ToMonth=11&ToYear=2020&Variable=Issuer,https://www.sedar.com/ModifyCompanyDocumentSearchForm.do?lang=EN&company_search=Cascades Inc&document_selection=0&industry_group=A&FromDate=13&FromMonth=05&FromYear=2000&ToDate=13&ToMonth=11&ToYear=2020&Variable=Issuer,1620589928,15:52:08,20210509
53,2007-09-30,CAS.TO,CAD,2007-09-30,2007-09-30,Q3,1043000000,850000000,193000000,0.1850431447746884,0.0,100000000.0,0.0,0.0,161000000,1011000000,27000000.0,55000000,87000000,0.08341323106423777,32000000.0,0.030680728667305847,8000000.0,18000000.0,0.01725790987535954,2000000.0,16000000.0,0.015340364333652923,0.16,0.16,99328314,99328314,https://www.sedar.com/ModifyCompanyDocumentSearchForm.do?lang=EN&company_search=Cascades Inc&document_selection=0&industry_group=A&FromDate=13&FromMonth=05&FromYear=2000&ToDate=13&ToMonth=11&ToYear=2020&Variable=Issuer,https://www.sedar.com/ModifyCompanyDocumentSearchForm.do?lang=EN&company_search=Cascades Inc&document_selection=0&industry_group=A&FromDate=13&FromMonth=05&FromYear=2000&ToDate=13&ToMonth=11&ToYear=2020&Variable=Issuer,1620589928,15:52:08,20210509
54,2007-06-30,CAS.TO,CAD,2007-06-30,2007-06-30,Q2,1041000000,860000000,181000000,0.17387127761767532,0.0,97000000.0,0.0,0.0,153000000,1013000000,27000000.0,52000000,80000000,0.07684918347742556,28000000.0,0.026897214217098942,37000000.0,25000000.0,0.024015369836695485,0.0,45000000.0,0.043227665706051875,0.45,0.45,99291649,99291649,https://www.sedar.com/ModifyCompanyDocumentSearchForm.do?lang=EN&company_search=Cascades Inc&document_selection=0&industry_group=A&FromDate=13&FromMonth=05&FromYear=2000&ToDate=13&ToMonth=11&ToYear=2020&Variable=Issuer,https://www.sedar.com/ModifyCompanyDocumentSearchForm.do?lang=EN&company_search=Cascades Inc&document_selection=0&industry_group=A&FromDate=13&FromMonth=05&FromYear=2000&ToDate=13&ToMonth=11&ToYear=2020&Variable=Issuer,1620589928,15:52:08,20210509
55,2007-03-31,CAS.TO,CAD,2007-03-31,2007-03-31,Q1,1027000000,852000000,175000000,0.17039922103213243,0.0,100000000.0,0.0,0.0,118000000,970000000,0.0,53000000,110000000,0.10710808179162609,57000000.0,0.055501460564751706,41000000.0,32000000.0,0.0311587147030185,13000000.0,22000000.0,0.021421616358325218,0.22,0.22,99468878,99468878,https://www.sedar.com/ModifyCompanyDocumentSearchForm.do?lang=EN&company_search=Cascades Inc&document_selection=0&industry_group=A&FromDate=13&FromMonth=05&FromYear=2000&ToDate=13&ToMonth=11&ToYear=2020&Variable=Issuer,https://www.sedar.com/ModifyCompanyDocumentSearchForm.do?lang=EN&company_search=Cascades Inc&document_selection=0&industry_group=A&FromDate=13&FromMonth=05&FromYear=2000&ToDate=13&ToMonth=11&ToYear=2020&Variable=Issuer,1620589928,15:52:08,20210509
56,2006-12-31,CAS.TO,CAD,2006-12-31,2006-12-31,Q4,876000000,716000000,160000000,0.182648401826484,0.0,79000000.0,0.0,0.0,180000000,896000000,19000000.0,41000000,21000000,0.023972602739726026,-20000000.0,-0.0228310502283105,-70000000.0,-67000000.0,-0.07648401826484018,-14000000.0,-46000000.0,-0.05251141552511415,-0.48411016773007076,-0.48411016773007076,95019694,95019694,https://www.sedar.com/ModifyCompanyDocumentSearchForm.do?lang=EN&company_search=Cascades Inc&document_selection=0&industry_group=A&FromDate=13&FromMonth=05&FromYear=2000&ToDate=13&ToMonth=11&ToYear=2020&Variable=Issuer,https://www.sedar.com/ModifyCompanyDocumentSearchForm.do?lang=EN&company_search=Cascades Inc&document_selection=0&industry_group=A&FromDate=13&FromMonth=05&FromYear=2000&ToDate=13&ToMonth=11&ToYear=2020&Variable=Issuer,1620589928,15:52:08,20210509
57,2006-09-30,CAS.TO,CAD,2006-09-30,2006-09-30,Q3,868000000,708000000,160000000,0.18433179723502305,0.0,78000000.0,0.0,0.0,122000000,830000000,21000000.0,41000000,79000000,0.09101382488479262,38000000.0,0.04377880184331797,-7000000.0,15000000.0,0.01728110599078341,5000000.0,10000000.0,0.01152073732718894,0.12,0.12,80796541,80796541,https://www.sedar.com/ModifyCompanyDocumentSearchForm.do?lang=EN&company_search=Cascades Inc&document_selection=0&industry_group=A&FromDate=13&FromMonth=05&FromYear=2000&ToDate=13&ToMonth=11&ToYear=2020&Variable=Issuer,https://www.sedar.com/ModifyCompanyDocumentSearchForm.do?lang=EN&company_search=Cascades Inc&document_selection=0&industry_group=A&FromDate=13&FromMonth=05&FromYear=2000&ToDate=13&ToMonth=11&ToYear=2020&Variable=Issuer,1620589928,15:52:08,20210509
58,2006-06-30,CAS.TO,CAD,2006-06-30,2006-06-30,Q2,841000000,680000000,161000000,0.19143876337693222,0.0,75000000.0,0.0,0.0,117000000,797000000,21000000.0,41000000,85000000,0.10107015457788347,44000000.0,0.052318668252080855,14000000.0,37000000.0,0.04399524375743163,4000000.0,33000000.0,0.039239001189060645,0.41,0.41,80797384,80797384,https://www.sedar.com/ModifyCompanyDocumentSearchForm.do?lang=EN&company_search=Cascades Inc&document_selection=0&industry_group=A&FromDate=13&FromMonth=05&FromYear=2000&ToDate=13&ToMonth=11&ToYear=2020&Variable=Issuer,https://www.sedar.com/ModifyCompanyDocumentSearchForm.do?lang=EN&company_search=Cascades Inc&document_selection=0&industry_group=A&FromDate=13&FromMonth=05&FromYear=2000&ToDate=13&ToMonth=11&ToYear=2020&Variable=Issuer,1620589928,15:52:08,20210509
59,2006-03-31,CAS.TO,CAD,2006-03-31,2006-03-31,Q1,818000000,673000000,145000000,0.17726161369193155,0.0,72000000.0,0.0,0.0,110000000,783000000,21000000.0,40000000,75000000,0.09168704156479218,35000000.0,0.042787286063569685,1000000.0,13000000.0,0.01589242053789731,4000000.0,6000000.0,0.007334963325183374,0.07,0.07,80809309,80809309,https://www.sedar.com/ModifyCompanyDocumentSearchForm.do?lang=EN&company_search=Cascades Inc&document_selection=0&industry_group=A&FromDate=13&FromMonth=05&FromYear=2000&ToDate=13&ToMonth=11&ToYear=2020&Variable=Issuer,https://www.sedar.com/ModifyCompanyDocumentSearchForm.do?lang=EN&company_search=Cascades Inc&document_selection=0&industry_group=A&FromDate=13&FromMonth=05&FromYear=2000&ToDate=13&ToMonth=11&ToYear=2020&Variable=Issuer,1620589928,15:52:08,20210509
60,2005-12-31,CAS.TO,CAD,2005-12-31,2005-12-31,Q4,842000000,708000000,134000000,0.15914489311163896,0.0,74000000.0,0.0,0.0,266000000,974000000,21000000.0,41000000,-91000000,-0.10807600950118765,-132000000.0,-0.15676959619952494,-109000000.0,-134000000.0,-0.15914489311163896,-39000000.0,-104000000.0,-0.12351543942992874,-1.0945099444332036,-1.0945099444332036,95019694,95019694,https://www.sedar.com/ModifyCompanyDocumentSearchForm.do?lang=EN&company_search=Cascades Inc&document_selection=0&industry_group=A&FromDate=13&FromMonth=05&FromYear=2000&ToDate=13&ToMonth=11&ToYear=2020&Variable=Issuer,https://www.sedar.com/ModifyCompanyDocumentSearchForm.do?lang=EN&company_search=Cascades Inc&document_selection=0&industry_group=A&FromDate=13&FromMonth=05&FromYear=2000&ToDate=13&ToMonth=11&ToYear=2020&Variable=Issuer,1620589928,15:52:08,20210509
61,2005-09-30,CAS.TO,CAD,2005-09-30,2005-09-30,Q3,874000000,731000000,143000000,0.16361556064073227,0.0,78000000.0,0.0,0.0,133000000,864000000,0.0,44000000,54000000,0.06178489702517163,10000000.0,0.011441647597254004,-2000000.0,-1000000.0,-0.0011441647597254005,-2000000.0,3000000.0,0.003432494279176201,0.04,0.04,81050628,81050628,https://www.sedar.com/ModifyCompanyDocumentSearchForm.do?lang=EN&company_search=Cascades Inc&document_selection=0&industry_group=A&FromDate=13&FromMonth=05&FromYear=2000&ToDate=13&ToMonth=11&ToYear=2020&Variable=Issuer,https://www.sedar.com/ModifyCompanyDocumentSearchForm.do?lang=EN&company_search=Cascades Inc&document_selection=0&industry_group=A&FromDate=13&FromMonth=05&FromYear=2000&ToDate=13&ToMonth=11&ToYear=2020&Variable=Issuer,1620589928,15:52:08,20210509
62,2005-06-30,CAS.TO,CAD,2005-06-30,2005-06-30,Q2,901000000,749000000,152000000,0.16870144284128746,0.0,83000000.0,0.0,0.0,123000000,872000000,21000000.0,44000000,73000000,0.08102108768035517,29000000.0,0.03218645948945616,1000000.0,5000000.0,0.005549389567147614,2000000.0,4000000.0,0.004439511653718091,0.05,0.05,81319877,81319877,https://www.sedar.com/ModifyCompanyDocumentSearchForm.do?lang=EN&company_search=Cascades Inc&document_selection=0&industry_group=A&FromDate=13&FromMonth=05&FromYear=2000&ToDate=13&ToMonth=11&ToYear=2020&Variable=Issuer,https://www.sedar.com/ModifyCompanyDocumentSearchForm.do?lang=EN&company_search=Cascades Inc&document_selection=0&industry_group=A&FromDate=13&FromMonth=05&FromYear=2000&ToDate=13&ToMonth=11&ToYear=2020&Variable=Issuer,1620589928,15:52:08,20210509
63,2005-03-31,CAS.TO,CAD,2005-03-31,2005-03-31,Q1,843000000,702000000,141000000,0.16725978647686832,0.0,82000000.0,0.0,0.0,124000000,826000000,20000000.0,44000000,61000000,0.07236061684460261,17000000.0,0.020166073546856466,1000000.0,-5000000.0,-0.005931198102016607,-2000000.0,0.0,0.0,-0.03,-0.03,81350647,81350647,https://www.sedar.com/ModifyCompanyDocumentSearchForm.do?lang=EN&company_search=Cascades Inc&document_selection=0&industry_group=A&FromDate=13&FromMonth=05&FromYear=2000&ToDate=13&ToMonth=11&ToYear=2020&Variable=Issuer,https://www.sedar.com/ModifyCompanyDocumentSearchForm.do?lang=EN&company_search=Cascades Inc&document_selection=0&industry_group=A&FromDate=13&FromMonth=05&FromYear=2000&ToDate=13&ToMonth=11&ToYear=2020&Variable=Issuer,1620589928,15:52:08,20210509
64,2004-12-31,CAS.TO,CAD,2004-12-31,2004-12-31,Q4,476000000,386000000,90000000,0.18907563025210083,0.0,38000000.0,0.0,0.0,81000000,467000000,16000000.0,36000000,45000000,0.09453781512605042,9000000.0,0.018907563025210083,-4000000.0,-7000000.0,-0.014705882352941176,-7000000.0,5000000.0,0.01050420168067227,0.05262067040544247,0.05262067040544247,95019694,95019694,https://www.sedar.com/ModifyCompanyDocumentSearchForm.do?lang=EN&company_search=Cascades Inc&document_selection=0&industry_group=A&FromDate=13&FromMonth=05&FromYear=2000&ToDate=13&ToMonth=11&ToYear=2020&Variable=Issuer,https://www.sedar.com/ModifyCompanyDocumentSearchForm.do?lang=EN&company_search=Cascades Inc&document_selection=0&industry_group=A&FromDate=13&FromMonth=05&FromYear=2000&ToDate=13&ToMonth=11&ToYear=2020&Variable=Issuer,1620589928,15:52:08,20210509
65,2004-09-30,CAS.TO,CAD,2004-09-30,2004-09-30,Q3,967000000,793000000,174000000,0.17993795243019647,0.0,96000000.0,0.0,0.0,137000000,930000000,0.0,43000000,80000000,0.0827300930713547,37000000.0,0.038262668045501554,18000000.0,37000000.0,0.038262668045501554,10000000.0,27000000.0,0.027921406411582212,0.33,0.33,81745222,81745222,https://www.sedar.com/ModifyCompanyDocumentSearchForm.do?lang=EN&company_search=Cascades Inc&document_selection=0&industry_group=A&FromDate=13&FromMonth=05&FromYear=2000&ToDate=13&ToMonth=11&ToYear=2020&Variable=Issuer,https://www.sedar.com/ModifyCompanyDocumentSearchForm.do?lang=EN&company_search=Cascades Inc&document_selection=0&industry_group=A&FromDate=13&FromMonth=05&FromYear=2000&ToDate=13&ToMonth=11&ToYear=2020&Variable=Issuer,1620589928,15:52:08,20210509
66,2004-06-30,CAS.TO,CAD,2004-06-30,2004-06-30,Q2,941000000,783000000,158000000,0.16790648246546228,0.0,93000000.0,0.0,0.0,130000000,913000000,20000000.0,38000000,66000000,0.07013815090329437,28000000.0,0.02975557917109458,-8000000.0,-2000000.0,-0.0021253985122210413,1000000.0,-3000000.0,-0.003188097768331562,-0.03,-0.03,81733624,81733624,https://www.sedar.com/ModifyCompanyDocumentSearchForm.do?lang=EN&company_search=Cascades Inc&document_selection=0&industry_group=A&FromDate=13&FromMonth=05&FromYear=2000&ToDate=13&ToMonth=11&ToYear=2020&Variable=Issuer,https://www.sedar.com/ModifyCompanyDocumentSearchForm.do?lang=EN&company_search=Cascades Inc&document_selection=0&industry_group=A&FromDate=13&FromMonth=05&FromYear=2000&ToDate=13&ToMonth=11&ToYear=2020&Variable=Issuer,1620589928,15:52:08,20210509
67,2004-03-31,CAS.TO,CAD,2004-03-31,2004-03-31,Q1,870000000,728000000,142000000,0.1632183908045977,0.0,90000000.0,0.0,0.0,125000000,853000000,20000000.0,40000000,57000000,0.06551724137931035,17000000.0,0.01954022988505747,1000000.0,-8000000.0,-0.009195402298850575,-2000000.0,-6000000.0,-0.006896551724137931,-0.08,-0.08,81734786,81734786,https://www.sedar.com/ModifyCompanyDocumentSearchForm.do?lang=EN&company_search=Cascades Inc&document_selection=0&industry_group=A&FromDate=13&FromMonth=05&FromYear=2000&ToDate=13&ToMonth=11&ToYear=2020&Variable=Issuer,https://www.sedar.com/ModifyCompanyDocumentSearchForm.do?lang=EN&company_search=Cascades Inc&document_selection=0&industry_group=A&FromDate=13&FromMonth=05&FromYear=2000&ToDate=13&ToMonth=11&ToYear=2020&Variable=Issuer,1620589928,15:52:08,20210509
68,2003-12-31,CAS.TO,CAD,2003-12-31,2003-12-31,Q4,1004000000,871000000,133000000,0.13247011952191234,0.0,84000000.0,0.0,0.0,123000000,994000000,19000000.0,39000000,49000000,0.04880478087649402,10000000.0,0.0099601593625498,12000000.0,5000000.0,0.0049800796812749,-1000000.0,6000000.0,0.00597609561752988,0.06314480448653097,0.06314480448653097,95019694,95019694,https://www.sedar.com/ModifyCompanyDocumentSearchForm.do?lang=EN&company_search=Cascades Inc&document_selection=0&industry_group=A&FromDate=13&FromMonth=05&FromYear=2000&ToDate=13&ToMonth=11&ToYear=2020&Variable=Issuer,https://www.sedar.com/ModifyCompanyDocumentSearchForm.do?lang=EN&company_search=Cascades Inc&document_selection=0&industry_group=A&FromDate=13&FromMonth=05&FromYear=2000&ToDate=13&ToMonth=11&ToYear=2020&Variable=Issuer,1620589928,15:52:08,20210509
69,2003-09-30,CAS.TO,CAD,2003-09-30,2003-09-30,Q3,792000000,637000000,155000000,0.19570707070707072,0.0,89000000.0,0.0,0.0,124000000,761000000,22000000.0,35000000,66000000,0.08333333333333333,31000000.0,0.039141414141414144,-1000000.0,10000000.0,0.012626262626262626,6000000.0,4000000.0,0.005050505050505051,0.04,0.04,81660268,81660268,https://www.sedar.com/ModifyCompanyDocumentSearchForm.do?lang=EN&company_search=Cascades Inc&document_selection=0&industry_group=A&FromDate=13&FromMonth=05&FromYear=2000&ToDate=13&ToMonth=11&ToYear=2020&Variable=Issuer,https://www.sedar.com/ModifyCompanyDocumentSearchForm.do?lang=EN&company_search=Cascades Inc&document_selection=0&industry_group=A&FromDate=13&FromMonth=05&FromYear=2000&ToDate=13&ToMonth=11&ToYear=2020&Variable=Issuer,1620589928,15:52:08,20210509
70,2003-06-30,CAS.TO,CAD,2003-06-30,2003-06-30,Q2,813000000,657000000,156000000,0.1918819188191882,0.0,92000000.0,0.0,0.0,127000000,784000000,0.0,35000000,64000000,0.07872078720787208,29000000.0,0.03567035670356704,46000000.0,54000000.0,0.06642066420664207,14000000.0,40000000.0,0.04920049200492005,0.49,0.49,81710804,81710804,https://www.sedar.com/ModifyCompanyDocumentSearchForm.do?lang=EN&company_search=Cascades Inc&document_selection=0&industry_group=A&FromDate=13&FromMonth=05&FromYear=2000&ToDate=13&ToMonth=11&ToYear=2020&Variable=Issuer,https://www.sedar.com/ModifyCompanyDocumentSearchForm.do?lang=EN&company_search=Cascades Inc&document_selection=0&industry_group=A&FromDate=13&FromMonth=05&FromYear=2000&ToDate=13&ToMonth=11&ToYear=2020&Variable=Issuer,1620589928,15:52:08,20210509
71,2003-03-31,CAS.TO,CAD,2003-03-31,2003-03-31,Q1,840000000,678000000,162000000,0.19285714285714287,0.0,91000000.0,0.0,0.0,141000000,819000000,0.0,36000000,57000000,0.06785714285714285,21000000.0,0.025,3000000.0,17000000.0,0.02023809523809524,1000000.0,16000000.0,0.01904761904761905,0.19,0.19,81827725,81827725,https://www.sedar.com/ModifyCompanyDocumentSearchForm.do?lang=EN&company_search=Cascades Inc&document_selection=0&industry_group=A&FromDate=13&FromMonth=05&FromYear=2000&ToDate=13&ToMonth=11&ToYear=2020&Variable=Issuer,https://www.sedar.com/ModifyCompanyDocumentSearchForm.do?lang=EN&company_search=Cascades Inc&document_selection=0&industry_group=A&FromDate=13&FromMonth=05&FromYear=2000&ToDate=13&ToMonth=11&ToYear=2020&Variable=Issuer,1620589928,15:52:08,20210509
72,2002-12-31,CAS.TO,CAD,2002-12-31,2002-12-31,Q4,1059000000,872000000,187000000,0.17658168083097261,0.0,87000000.0,0.0,0.0,122000000,994000000,18000000.0,35000000,100000000,0.09442870632672333,65000000.0,0.061378659112370164,0.0,47000000.0,0.044381491973559964,7000000.0,40000000.0,0.03777148253068933,0.4209653632435398,0.4209653632435398,95019694,95019694,https://www.sedar.com/ModifyCompanyDocumentSearchForm.do?lang=EN&company_search=Cascades Inc&document_selection=0&industry_group=A&FromDate=13&FromMonth=05&FromYear=2000&ToDate=13&ToMonth=11&ToYear=2020&Variable=Issuer,https://www.sedar.com/ModifyCompanyDocumentSearchForm.do?lang=EN&company_search=Cascades Inc&document_selection=0&industry_group=A&FromDate=13&FromMonth=05&FromYear=2000&ToDate=13&ToMonth=11&ToYear=2020&Variable=Issuer,1620589928,15:52:08,20210509
73,2002-09-30,CAS.TO,CAD,2002-09-30,2002-09-30,Q3,874000000,670000000,204000000,0.2334096109839817,0.0,94000000.0,0.0,0.0,130000000,800000000,18000000.0,36000000,110000000,0.12585812356979406,74000000.0,0.08466819221967964,-3000000.0,53000000.0,0.06064073226544622,19000000.0,34000000.0,0.038901601830663615,0.41,0.4,81766518,81766518,https://www.sedar.com/ModifyCompanyDocumentSearchForm.do?lang=EN&company_search=Cascades Inc&document_selection=0&industry_group=A&FromDate=13&FromMonth=05&FromYear=2000&ToDate=13&ToMonth=11&ToYear=2020&Variable=Issuer,https://www.sedar.com/ModifyCompanyDocumentSearchForm.do?lang=EN&company_search=Cascades Inc&document_selection=0&industry_group=A&FromDate=13&FromMonth=05&FromYear=2000&ToDate=13&ToMonth=11&ToYear=2020&Variable=Issuer,1620589928,15:52:08,20210509
74,2002-06-30,CAS.TO,CAD,2002-06-30,2002-06-30,Q2,857000000,655000000,202000000,0.23570595099183198,0.0,93000000.0,0.0,0.0,127000000,782000000,18000000.0,34000000,109000000,0.12718786464410736,75000000.0,0.08751458576429405,-1000000.0,57000000.0,0.06651108518086347,17000000.0,40000000.0,0.046674445740956826,0.5,0.5,81342293,81342293,https://www.sedar.com/ModifyCompanyDocumentSearchForm.do?lang=EN&company_search=Cascades Inc&document_selection=0&industry_group=A&FromDate=13&FromMonth=05&FromYear=2000&ToDate=13&ToMonth=11&ToYear=2020&Variable=Issuer,https://www.sedar.com/ModifyCompanyDocumentSearchForm.do?lang=EN&company_search=Cascades Inc&document_selection=0&industry_group=A&FromDate=13&FromMonth=05&FromYear=2000&ToDate=13&ToMonth=11&ToYear=2020&Variable=Issuer,1620589928,15:52:08,20210509
75,2002-03-31,CAS.TO,CAD,2002-03-31,2002-03-31,Q1,851000000,611000000,240000000,0.282021151586369,0.0,135000000.0,0.0,0.0,169000000,780000000,18000000.0,34000000,105000000,0.12338425381903642,71000000.0,0.08343125734430082,20000000.0,73000000.0,0.08578143360752057,18000000.0,55000000.0,0.06462984723854288,0.67,0.67,81015476,81015476,https://www.sedar.com/ModifyCompanyDocumentSearchForm.do?lang=EN&company_search=Cascades Inc&document_selection=0&industry_group=A&FromDate=13&FromMonth=05&FromYear=2000&ToDate=13&ToMonth=11&ToYear=2020&Variable=Issuer,https://www.sedar.com/ModifyCompanyDocumentSearchForm.do?lang=EN&company_search=Cascades Inc&document_selection=0&industry_group=A&FromDate=13&FromMonth=05&FromYear=2000&ToDate=13&ToMonth=11&ToYear=2020&Variable=Issuer,1620589928,15:52:08,20210509
76,2001-12-31,CAS.TO,CAD,2001-12-31,2001-12-31,Q4,973000000,593000000,380000000,0.39054470709146966,0.0,275000000.0,0.0,0.0,312000000,905000000,21000000.0,37000000,105000000,0.1079136690647482,68000000.0,0.0698869475847893,-28000000.0,21000000.0,0.02158273381294964,2000000.0,18000000.0,0.018499486125385406,0.18943441345959292,0.18943441345959292,95019694,95019694,https://www.sedar.com/ModifyCompanyDocumentSearchForm.do?lang=EN&company_search=Cascades Inc&document_selection=0&industry_group=A&FromDate=13&FromMonth=05&FromYear=2000&ToDate=13&ToMonth=11&ToYear=2020&Variable=Issuer,https://www.sedar.com/ModifyCompanyDocumentSearchForm.do?lang=EN&company_search=Cascades Inc&document_selection=0&industry_group=A&FromDate=13&FromMonth=05&FromYear=2000&ToDate=13&ToMonth=11&ToYear=2020&Variable=Issuer,1620589928,15:52:08,20210509
77,2001-09-30,CAS.TO,CAD,2001-09-30,2001-09-30,Q3,757000000,572000000,185000000,0.24438573315719947,0.0,79000000.0,0.0,0.0,111000000,683000000,23000000.0,32000000,106000000,0.14002642007926025,74000000.0,0.0977542932628798,4000000.0,52000000.0,0.06869220607661823,17000000.0,37000000.0,0.0488771466314399,0.46,0.46,80934224,80934224,https://www.sedar.com/ModifyCompanyDocumentSearchForm.do?lang=EN&company_search=Cascades Inc&document_selection=0&industry_group=A&FromDate=13&FromMonth=05&FromYear=2000&ToDate=13&ToMonth=11&ToYear=2020&Variable=Issuer,https://www.sedar.com/ModifyCompanyDocumentSearchForm.do?lang=EN&company_search=Cascades Inc&document_selection=0&industry_group=A&FromDate=13&FromMonth=05&FromYear=2000&ToDate=13&ToMonth=11&ToYear=2020&Variable=Issuer,1620589928,15:52:08,20210509
78,2001-06-30,CAS.TO,CAD,2001-06-30,2001-06-30,Q2,754000000,584000000,170000000,0.22546419098143236,0.0,80000000.0,0.0,0.0,112000000,696000000,22000000.0,32000000,90000000,0.11936339522546419,58000000.0,0.07692307692307693,21000000.0,57000000.0,0.07559681697612732,14000000.0,43000000.0,0.05702917771883289,0.52,0.52,80910470,80910470,https://www.sedar.com/ModifyCompanyDocumentSearchForm.do?lang=EN&company_search=Cascades Inc&document_selection=0&industry_group=A&FromDate=13&FromMonth=05&FromYear=2000&ToDate=13&ToMonth=11&ToYear=2020&Variable=Issuer,https://www.sedar.com/ModifyCompanyDocumentSearchForm.do?lang=EN&company_search=Cascades Inc&document_selection=0&industry_group=A&FromDate=13&FromMonth=05&FromYear=2000&ToDate=13&ToMonth=11&ToYear=2020&Variable=Issuer,1620589928,15:52:08,20210509
79,2001-03-31,CAS.TO,CAD,2001-03-31,2001-03-31,Q1,779000000,576000000,203000000,0.2605905006418485,0.0,124000000.0,0.0,0.0,155000000,731000000,23000000.0,31000000,79000000,0.10141206675224647,48000000.0,0.06161745827984596,14000000.0,38000000.0,0.04878048780487805,16000000.0,22000000.0,0.028241335044929396,0.27,0.27,80904505,80904505,https://www.sedar.com/ModifyCompanyDocumentSearchForm.do?lang=EN&company_search=Cascades Inc&document_selection=0&industry_group=A&FromDate=13&FromMonth=05&FromYear=2000&ToDate=13&ToMonth=11&ToYear=2020&Variable=Issuer,https://www.sedar.com/ModifyCompanyDocumentSearchForm.do?lang=EN&company_search=Cascades Inc&document_selection=0&industry_group=A&FromDate=13&FromMonth=05&FromYear=2000&ToDate=13&ToMonth=11&ToYear=2020&Variable=Issuer,1620589928,15:52:08,20210509
80,2000-12-31,CAS.TO,CAD,2000-12-31,2000-12-31,Q4,878000000,558000000,320000000,0.36446469248291574,0.0,238000000.0,0.0,0.0,270000000,828000000,23000000.0,32000000,82000000,0.09339407744874716,50000000.0,0.05694760820045558,-13000000.0,20000000.0,0.022779043280182234,6000000.0,14000000.0,0.015945330296127564,0.14733787713523894,0.14733787713523894,95019694,95019694,https://www.sedar.com/ModifyCompanyDocumentSearchForm.do?lang=EN&company_search=Cascades Inc&document_selection=0&industry_group=A&FromDate=13&FromMonth=05&FromYear=2000&ToDate=13&ToMonth=11&ToYear=2020&Variable=Issuer,https://www.sedar.com/ModifyCompanyDocumentSearchForm.do?lang=EN&company_search=Cascades Inc&document_selection=0&industry_group=A&FromDate=13&FromMonth=05&FromYear=2000&ToDate=13&ToMonth=11&ToYear=2020&Variable=Issuer,1620589928,15:52:08,20210509
81,2000-09-30,CAS.TO,CAD,2000-09-30,2000-09-30,Q3,729000000,562000000,167000000,0.22908093278463648,0.0,70000000.0,0.0,0.0,102000000,664000000,23000000.0,32000000,97000000,0.13305898491083676,65000000.0,0.08916323731138547,7000000.0,44000000.0,0.06035665294924554,18000000.0,26000000.0,0.03566529492455418,0.4,0.4,66902210,66902210,https://www.sedar.com/ModifyCompanyDocumentSearchForm.do?lang=EN&company_search=Cascades Inc&document_selection=0&industry_group=A&FromDate=13&FromMonth=05&FromYear=2000&ToDate=13&ToMonth=11&ToYear=2020&Variable=Issuer,https://www.sedar.com/ModifyCompanyDocumentSearchForm.do?lang=EN&company_search=Cascades Inc&document_selection=0&industry_group=A&FromDate=13&FromMonth=05&FromYear=2000&ToDate=13&ToMonth=11&ToYear=2020&Variable=Issuer,1620589928,15:52:08,20210509
82,2000-06-30,CAS.TO,CAD,2000-06-30,2000-06-30,Q2,717000000,559000000,158000000,0.2203626220362622,0.0,69000000.0,0.0,0.0,99000000,658000000,0.0,30000000,89000000,0.12412831241283125,59000000.0,0.08228730822873083,4000000.0,39000000.0,0.05439330543933055,15000000.0,24000000.0,0.03347280334728033,0.36,0.36,66666667,66666667,https://www.sedar.com/ModifyCompanyDocumentSearchForm.do?lang=EN&company_search=Cascades Inc&document_selection=0&industry_group=A&FromDate=13&FromMonth=05&FromYear=2000&ToDate=13&ToMonth=11&ToYear=2020&Variable=Issuer,https://www.sedar.com/ModifyCompanyDocumentSearchForm.do?lang=EN&company_search=Cascades Inc&document_selection=0&industry_group=A&FromDate=13&FromMonth=05&FromYear=2000&ToDate=13&ToMonth=11&ToYear=2020&Variable=Issuer,1620589928,15:52:08,20210509
83,2000-03-31,CAS.TO,CAD,2000-03-31,2000-03-31,Q1,750000000,566000000,184000000,0.24533333333333332,0.0,113000000.0,0.0,0.0,144000000,710000000,22000000.0,31000000,71000000,0.09466666666666666,40000000.0,0.05333333333333334,0.0,21000000.0,0.028,10000000.0,11000000.0,0.014666666666666666,0.16,0.16,68750000,68750000,https://www.sedar.com/ModifyCompanyDocumentSearchForm.do?lang=EN&company_search=Cascades Inc&document_selection=0&industry_group=A&FromDate=13&FromMonth=05&FromYear=2000&ToDate=13&ToMonth=11&ToYear=2020&Variable=Issuer,https://www.sedar.com/ModifyCompanyDocumentSearchForm.do?lang=EN&company_search=Cascades Inc&document_selection=0&industry_group=A&FromDate=13&FromMonth=05&FromYear=2000&ToDate=13&ToMonth=11&ToYear=2020&Variable=Issuer,1620589928,15:52:08,20210509
84,1999-12-31,CAS.TO,CAD,1999-12-31,1999-12-31,Q4,828000000,520000000,308000000,0.3719806763285024,0.0,231000000.0,0.0,0.0,261000000,781000000,0.0,30000000,77000000,0.0929951690821256,47000000.0,0.05676328502415459,0.0,30000000.0,0.036231884057971016,12000000.0,18000000.0,0.021739130434782608,0.18943441345959292,0.18943441345959292,95019694,95019694,https://www.sedar.com/ModifyCompanyDocumentSearchForm.do?lang=EN&company_search=Cascades Inc&document_selection=0&industry_group=A&FromDate=13&FromMonth=05&FromYear=2000&ToDate=13&ToMonth=11&ToYear=2020&Variable=Issuer,https://www.sedar.com/ModifyCompanyDocumentSearchForm.do?lang=EN&company_search=Cascades Inc&document_selection=0&industry_group=A&FromDate=13&FromMonth=05&FromYear=2000&ToDate=13&ToMonth=11&ToYear=2020&Variable=Issuer,1620589928,15:52:08,20210509
85,1999-09-30,CAS.TO,CAD,1999-09-30,1999-09-30,Q3,689000000,530000000,159000000,0.23076923076923078,0.0,67000000.0,0.0,0.0,96000000,626000000,23000000.0,29000000,92000000,0.13352685050798258,63000000.0,0.09143686502177069,1000000.0,38000000.0,0.055152394775036286,14000000.0,24000000.0,0.03483309143686502,0.34,0.34,70588235,70588235,https://www.sedar.com/ModifyCompanyDocumentSearchForm.do?lang=EN&company_search=Cascades Inc&document_selection=0&industry_group=A&FromDate=13&FromMonth=05&FromYear=2000&ToDate=13&ToMonth=11&ToYear=2020&Variable=Issuer,https://www.sedar.com/ModifyCompanyDocumentSearchForm.do?lang=EN&company_search=Cascades Inc&document_selection=0&industry_group=A&FromDate=13&FromMonth=05&FromYear=2000&ToDate=13&ToMonth=11&ToYear=2020&Variable=Issuer,1620589928,15:52:08,20210509
86,1999-06-30,CAS.TO,CAD,1999-06-30,1999-06-30,Q2,635000000,487000000,148000000,0.23307086614173228,0.0,68000000.0,0.0,0.0,97000000,584000000,0.0,29000000,80000000,0.12598425196850394,51000000.0,0.08031496062992126,-5000000.0,23000000.0,0.03622047244094488,11000000.0,12000000.0,0.01889763779527559,0.2,0.2,60000000,60000000,https://www.sedar.com/ModifyCompanyDocumentSearchForm.do?lang=EN&company_search=Cascades Inc&document_selection=0&industry_group=A&FromDate=13&FromMonth=05&FromYear=2000&ToDate=13&ToMonth=11&ToYear=2020&Variable=Issuer,https://www.sedar.com/ModifyCompanyDocumentSearchForm.do?lang=EN&company_search=Cascades Inc&document_selection=0&industry_group=A&FromDate=13&FromMonth=05&FromYear=2000&ToDate=13&ToMonth=11&ToYear=2020&Variable=Issuer,1620589928,15:52:08,20210509
87,1999-03-31,CAS.TO,CAD,1999-03-31,1999-03-31,Q1,663000000,499000000,164000000,0.2473604826546003,0.0,104000000.0,0.0,0.0,133000000,632000000,23000000.0,29000000,60000000,0.09049773755656108,31000000.0,0.04675716440422323,1000000.0,9000000.0,0.013574660633484163,5000000.0,4000000.0,0.006033182503770739,0.05,0.05,80000000,80000000,https://www.sedar.com/ModifyCompanyDocumentSearchForm.do?lang=EN&company_search=Cascades Inc&document_selection=0&industry_group=A&FromDate=13&FromMonth=05&FromYear=2000&ToDate=13&ToMonth=11&ToYear=2020&Variable=Issuer,https://www.sedar.com/ModifyCompanyDocumentSearchForm.do?lang=EN&company_search=Cascades Inc&document_selection=0&industry_group=A&FromDate=13&FromMonth=05&FromYear=2000&ToDate=13&ToMonth=11&ToYear=2020&Variable=Issuer,1620589928,15:52:08,20210509
88,1998-12-31,CAS.TO,CAD,1998-12-31,1998-12-31,Q4,611000000,492000000,119000000,0.19476268412438624,0.0,60000000.0,0.0,0.0,89000000,581000000,23000000.0,29000000,59000000,0.09656301145662848,30000000.0,0.049099836333878884,0.0,7000000.0,0.011456628477905073,3000000.0,4000000.0,0.006546644844517185,0.04209653632435398,0.04209653632435398,95019694,95019694,https://www.sedar.com/ModifyCompanyDocumentSearchForm.do?lang=EN&company_search=Cascades Inc&document_selection=0&industry_group=A&FromDate=13&FromMonth=05&FromYear=2000&ToDate=13&ToMonth=11&ToYear=2020&Variable=Issuer,https://www.sedar.com/ModifyCompanyDocumentSearchForm.do?lang=EN&company_search=Cascades Inc&document_selection=0&industry_group=A&FromDate=13&FromMonth=05&FromYear=2000&ToDate=13&ToMonth=11&ToYear=2020&Variable=Issuer,1620589928,15:52:08,20210509
89,1998-09-30,CAS.TO,CAD,1998-09-30,1998-09-30,Q3,648000000,501000000,147000000,0.22685185185185186,0.0,62000000.0,0.0,0.0,91000000,592000000,25000000.0,29000000,85000000,0.13117283950617284,56000000.0,0.08641975308641975,0.0,26000000.0,0.040123456790123455,11000000.0,15000000.0,0.023148148148148147,0.23,0.23,65217391,65217391,https://www.sedar.com/ModifyCompanyDocumentSearchForm.do?lang=EN&company_search=Cascades Inc&document_selection=0&industry_group=A&FromDate=13&FromMonth=05&FromYear=2000&ToDate=13&ToMonth=11&ToYear=2020&Variable=Issuer,https://www.sedar.com/ModifyCompanyDocumentSearchForm.do?lang=EN&company_search=Cascades Inc&document_selection=0&industry_group=A&FromDate=13&FromMonth=05&FromYear=2000&ToDate=13&ToMonth=11&ToYear=2020&Variable=Issuer,1620589928,15:52:08,20210509
90,1998-06-30,CAS.TO,CAD,1998-06-30,1998-06-30,Q2,680000000,493000000,187000000,0.275,0.0,98000000.0,0.0,0.0,126000000,619000000,0.0,28000000,89000000,0.13088235294117648,61000000.0,0.08970588235294118,-15000000.0,27000000.0,0.039705882352941174,15000000.0,12000000.0,0.01764705882352941,0.18,0.18,66666667,66666667,https://www.sedar.com/ModifyCompanyDocumentSearchForm.do?lang=EN&company_search=Cascades Inc&document_selection=0&industry_group=A&FromDate=13&FromMonth=05&FromYear=2000&ToDate=13&ToMonth=11&ToYear=2020&Variable=Issuer,https://www.sedar.com/ModifyCompanyDocumentSearchForm.do?lang=EN&company_search=Cascades Inc&document_selection=0&industry_group=A&FromDate=13&FromMonth=05&FromYear=2000&ToDate=13&ToMonth=11&ToYear=2020&Variable=Issuer,1620589928,15:52:08,20210509
91,1998-03-31,CAS.TO,CAD,1998-03-31,1998-03-31,Q1,649000000,476000000,173000000,0.2665639445300462,0.0,93000000.0,0.0,0.0,120000000,596000000,0.0,27000000,80000000,0.12326656394453005,53000000.0,0.08166409861325115,0.0,28000000.0,0.04314329738058552,14000000.0,14000000.0,0.02157164869029276,0.21,0.21,66666667,66666667,https://www.sedar.com/ModifyCompanyDocumentSearchForm.do?lang=EN&company_search=Cascades Inc&document_selection=0&industry_group=A&FromDate=13&FromMonth=05&FromYear=2000&ToDate=13&ToMonth=11&ToYear=2020&Variable=Issuer,https://www.sedar.com/ModifyCompanyDocumentSearchForm.do?lang=EN&company_search=Cascades Inc&document_selection=0&industry_group=A&FromDate=13&FromMonth=05&FromYear=2000&ToDate=13&ToMonth=11&ToYear=2020&Variable=Issuer,1620589928,15:52:08,20210509
92,1997-12-31,CAS.TO,CAD,1997-12-31,1997-12-31,Q4,599100000,445000000,154100000,0.257219162076448,0.0,85600000.0,0.0,0.0,110600000,555600000,0.0,25000000,68500000,0.114338173927558,43500000.0,0.07260891337005508,19900000.0,45400000.0,0.0757803371724253,9300000.0,36100000.0,0.06025705224503422,0.3799212403272947,0.3799212403272947,95019694,95019694,https://www.sedar.com/ModifyCompanyDocumentSearchForm.do?lang=EN&company_search=Cascades Inc&document_selection=0&industry_group=A&FromDate=13&FromMonth=05&FromYear=2000&ToDate=13&ToMonth=11&ToYear=2020&Variable=Issuer,https://www.sedar.com/ModifyCompanyDocumentSearchForm.do?lang=EN&company_search=Cascades Inc&document_selection=0&industry_group=A&FromDate=13&FromMonth=05&FromYear=2000&ToDate=13&ToMonth=11&ToYear=2020&Variable=Issuer,1620589928,15:52:08,20210509
93,1997-09-30,CAS.TO,CAD,1997-09-30,1997-09-30,Q3,583500000,437200000,146300000,0.25072836332476434,0.0,80500000.0,0.0,0.0,105700000,542900000,0.0,25200000,65800000,0.11276778063410454,40600000.0,0.06958011996572408,-21600000.0,5100000.0,0.008740359897172237,4700000.0,400000.0,0.0006855184233076263,-0.01,-0.02,50000000,65333333,https://www.sedar.com/ModifyCompanyDocumentSearchForm.do?lang=EN&company_search=Cascades Inc&document_selection=0&industry_group=A&FromDate=13&FromMonth=05&FromYear=2000&ToDate=13&ToMonth=11&ToYear=2020&Variable=Issuer,https://www.sedar.com/ModifyCompanyDocumentSearchForm.do?lang=EN&company_search=Cascades Inc&document_selection=0&industry_group=A&FromDate=13&FromMonth=05&FromYear=2000&ToDate=13&ToMonth=11&ToYear=2020&Variable=Issuer,1620589928,15:52:08,20210509
94,1997-06-30,CAS.TO,CAD,1997-06-30,1997-06-30,Q2,538100000,398200000,139900000,0.25998884965619773,0.0,78200000.0,0.0,0.0,100700000,498900000,13600000.0,22500000,61700000,0.11466270209998142,39200000.0,0.07284891284147928,7300000.0,29000000.0,0.05389332837762498,9800000.0,19200000.0,0.035681100167255154,0.29,0.28,61724138,63928571,https://www.sedar.com/ModifyCompanyDocumentSearchForm.do?lang=EN&company_search=Cascades Inc&document_selection=0&industry_group=A&FromDate=13&FromMonth=05&FromYear=2000&ToDate=13&ToMonth=11&ToYear=2020&Variable=Issuer,https://www.sedar.com/ModifyCompanyDocumentSearchForm.do?lang=EN&company_search=Cascades Inc&document_selection=0&industry_group=A&FromDate=13&FromMonth=05&FromYear=2000&ToDate=13&ToMonth=11&ToYear=2020&Variable=Issuer,1620589928,15:52:08,20210509
95,1997-03-31,CAS.TO,CAD,1997-03-31,1997-03-31,Q1,487700000,368000000,119700000,0.2454377691203609,0.0,71000000.0,0.0,0.0,92700000,460700000,13300000.0,21700000,48700000,0.09985646914086528,27000000.0,0.055361902809103955,-300000.0,10700000.0,0.02193971703916342,7600000.0,3100000.0,0.006356366618823047,0.02,0.02,56385000,56385000,https://www.sedar.com/ModifyCompanyDocumentSearchForm.do?lang=EN&company_search=Cascades Inc&document_selection=0&industry_group=A&FromDate=13&FromMonth=05&FromYear=2000&ToDate=13&ToMonth=11&ToYear=2020&Variable=Issuer,https://www.sedar.com/ModifyCompanyDocumentSearchForm.do?lang=EN&company_search=Cascades Inc&document_selection=0&industry_group=A&FromDate=13&FromMonth=05&FromYear=2000&ToDate=13&ToMonth=11&ToYear=2020&Variable=Issuer,1620589928,15:52:08,20210509
96,1996-12-31,CAS.TO,CAD,1996-12-31,1996-12-31,Q4,492800000,355100000,137700000,0.2794237012987013,0.0,72400000.0,0.0,0.0,93700000,448800000,14300000.0,21300000,65300000,0.1325081168831169,44000000.0,0.08928571428571429,-1600000.0,24000000.0,0.048701298701298704,11300000.0,12700000.0,0.025771103896103896,0.1336565028298239,0.1336565028298239,95019694,95019694,https://www.sedar.com/ModifyCompanyDocumentSearchForm.do?lang=EN&company_search=Cascades Inc&document_selection=0&industry_group=A&FromDate=13&FromMonth=05&FromYear=2000&ToDate=13&ToMonth=11&ToYear=2020&Variable=Issuer,https://www.sedar.com/ModifyCompanyDocumentSearchForm.do?lang=EN&company_search=Cascades Inc&document_selection=0&industry_group=A&FromDate=13&FromMonth=05&FromYear=2000&ToDate=13&ToMonth=11&ToYear=2020&Variable=Issuer,1620589928,15:52:08,20210509
97,1996-09-30,CAS.TO,CAD,1996-09-30,1996-09-30,Q3,514100000,369400000,144700000,0.28146275043765806,0.0,73200000.0,0.0,0.0,94400000,463800000,15500000.0,21200000,71500000,0.13907800038902937,50300000.0,0.09784088698696751,4800000.0,33400000.0,0.0649679050768333,8500000.0,24900000.0,0.0484341567788368,0.41,0.33,56097561,69696970,https://www.sedar.com/ModifyCompanyDocumentSearchForm.do?lang=EN&company_search=Cascades Inc&document_selection=0&industry_group=A&FromDate=13&FromMonth=05&FromYear=2000&ToDate=13&ToMonth=11&ToYear=2020&Variable=Issuer,https://www.sedar.com/ModifyCompanyDocumentSearchForm.do?lang=EN&company_search=Cascades Inc&document_selection=0&industry_group=A&FromDate=13&FromMonth=05&FromYear=2000&ToDate=13&ToMonth=11&ToYear=2020&Variable=Issuer,1620589928,15:52:08,20210509
98,1996-06-30,CAS.TO,CAD,1996-06-30,1996-06-30,Q2,534000000,385200000,148800000,0.2786516853932584,0.0,79900000.0,0.0,0.0,102000000,487200000,15900000.0,22200000,69000000,0.12921348314606743,46800000.0,0.08764044943820225,27800000.0,52500000.0,0.09831460674157304,25700000.0,26800000.0,0.050187265917602995,0.44,0.34,57954545,69642857,https://www.sedar.com/ModifyCompanyDocumentSearchForm.do?lang=EN&company_search=Cascades Inc&document_selection=0&industry_group=A&FromDate=13&FromMonth=05&FromYear=2000&ToDate=13&ToMonth=11&ToYear=2020&Variable=Issuer,https://www.sedar.com/ModifyCompanyDocumentSearchForm.do?lang=EN&company_search=Cascades Inc&document_selection=0&industry_group=A&FromDate=13&FromMonth=05&FromYear=2000&ToDate=13&ToMonth=11&ToYear=2020&Variable=Issuer,1620589928,15:52:08,20210509
99,1996-03-31,CAS.TO,CAD,1996-03-31,1996-03-31,Q1,560200000,407200000,153000000,0.27311674401999286,0.0,76500000.0,0.0,0.0,98200000,505400000,17200000.0,21700000,76500000,0.13655837200999643,54800000.0,0.09782220635487326,-300000.0,32100000.0,0.057300963941449484,11300000.0,20800000.0,0.03712959657265263,0.33,0.28,59090909,69642857,https://www.sedar.com/ModifyCompanyDocumentSearchForm.do?lang=EN&company_search=Cascades Inc&document_selection=0&industry_group=A&FromDate=13&FromMonth=05&FromYear=2000&ToDate=13&ToMonth=11&ToYear=2020&Variable=Issuer,https://www.sedar.com/ModifyCompanyDocumentSearchForm.do?lang=EN&company_search=Cascades Inc&document_selection=0&industry_group=A&FromDate=13&FromMonth=05&FromYear=2000&ToDate=13&ToMonth=11&ToYear=2020&Variable=Issuer,1620589928,15:52:08,20210509
