,date,symbol,reportedCurrency,fillingDate,acceptedDate,period,revenue,costOfRevenue,grossProfit,grossProfitRatio,researchAndDevelopmentExpenses,generalAndAdministrativeExpenses,sellingAndMarketingExpenses,otherExpenses,operatingExpenses,costAndExpenses,interestExpense,depreciationAndAmortization,ebitda,ebitdaratio,operatingIncome,operatingIncomeRatio,totalOtherIncomeExpensesNet,incomeBeforeTax,incomeBeforeTaxRatio,incomeTaxExpense,netIncome,netIncomeRatio,eps,epsdiluted,weightedAverageShsOut,weightedAverageShsOutDil,link,finalLink,timestamp,est_time,est_date
0,2020-12-31,TTCM,USD,2021-03-30,2021-03-30 11:55:44,Q4,75.0,35.0,40.0,0.5333333333333333,378089.0,93836.0,0.0,0.0,543931.0,543966.0,93041.0,0.0,-543891.0,-7251.88,-543891.0,-7251.88,778495.0,141563.0,1887.5066666666667,0.0,141563.0,1887.5066666666667,3.7399659034143466e-05,3.7399659034143466e-05,3785141460,3785141460,https://www.sec.gov/Archives/edgar/data/1389067/000147793221001762/0001477932-21-001762-index.htm,https://www.sec.gov/Archives/edgar/data/1389067/000147793221001762/ttcm_10k.htm,1620599099,18:24:59,20210509
1,2020-09-30,TTCM,USD,2020-11-13,2020-11-13 17:17:24,Q3,940.0,336.0,604.0,0.6425531914893617,636805.0,153285.0,0.0,0.0,457267.0,457603.0,206596.0,178989.0,178989.0,190.41382978723405,0.0,0.0,0.0,0.0,0.0,0.0,0.0,0.0,0.0,0.0,3785141460,3785141460,https://www.sec.gov/Archives/edgar/data/1389067/000147793220006529/0001477932-20-006529-index.htm,https://www.sec.gov/Archives/edgar/data/1389067/000147793220006529/ttcm_10q.htm,1620599099,18:24:59,20210509
2,2020-06-30,TTCM,USD,2020-08-12,2020-08-12 11:05:09,Q2,0.0,0.0,0.0,0.0,0.0,312222.0,0.0,0.0,312222.0,322040.0,-727980.0,83433.0,-238607.0,0.0,-322040.0,0.0,0.0,-1050020.0,0.0,0.0,-1050020.0,0.0,-0.00028,-0.00028,3785141460,3785141460,https://www.sec.gov/Archives/edgar/data/1389067/000147793220004757/0001477932-20-004757-index.htm,https://www.sec.gov/Archives/edgar/data/1389067/000147793220004757/ttcm_10q.htm,1620599099,18:24:59,20210509
3,2020-03-31,TTCM,USD,2020-05-12 00:00:00,2020-05-12 12:29:51,Q1,0.0,0.0,0.0,0.0,0.0,312369.0,0.0,0.0,312369.0,234820.0,1076390.0,0.0,1917970.0,0.0,-234820.0,0.0,0.0,841580.0,0.0,0.0,841580.0,0.0,0.00019,0.00019,4345209630,4345209630,https://www.sec.gov/Archives/edgar/data/1389067/000147793220002537/0001477932-20-002537-index.htm,https://www.sec.gov/Archives/edgar/data/1389067/000147793220002537/ttcm_10q.htm,1620599099,18:24:59,20210509
4,2019-12-31,TTCM,USD,2020-03-30 00:00:00,2020-03-30 09:35:59,Q4,0.0,0.0,0.0,0.0,0.0,-164261.0,0.0,0.0,439645.0,436310.0,-451350.0,0.0,-1339010.0,0.0,-436310.0,0.0,0.0,-887660.0,0.0,0.0,-887660.0,0.0,-0.00025,-0.00025,3491250880,3491250880,https://www.sec.gov/Archives/edgar/data/1389067/000147793220001617/0001477932-20-001617-index.html,https://www.sec.gov/Archives/edgar/data/1389067/000147793220001617/ttcm_10k.htm,1620599099,18:24:59,20210509
5,2019-09-30,TTCM,USD,2019-11-08 00:00:00,2019-11-08 15:51:31,Q3,210.0,0.0,0.0,0.0,0.0,432652.0,0.0,0.0,432652.0,534310.0,-1222820.0,0.0,-2979750.0,-14189.285714,-534100.0,-2543.3333333333335,0.0,-1756930.0,-8366.333333333334,0.0,-1756930.0,-8366.333333333334,-0.00051,-0.00051,3447203670,3447203670,https://www.sec.gov/Archives/edgar/data/1389067/000147793219006260/0001477932-19-006260-index.html,https://www.sec.gov/Archives/edgar/data/1389067/000147793219006260/ttcm_10q.htm,1620599099,18:24:59,20210509
6,2019-06-30,TTCM,USD,2019-08-09,2019-08-09,Q2,0.0,0.0,0.0,0.0,0.0,169299.0,0.0,0.0,169299.0,175560.0,-293540.0,0.0,-762640.0,0.0,-175560.0,0.0,0.0,-469100.0,0.0,0.0,-469100.0,0.0,-0.00014,-0.00014,3249186790,3249186790,https://www.sec.gov/Archives/edgar/data/1389067/000147793219004627/0001477932-19-004627-index.htm,https://www.sec.gov/Archives/edgar/data/1389067/000147793219004627/ttcm_10q.htm,1620599099,18:24:59,20210509
7,2019-03-31,TTCM,USD,2019-04-16 00:00:00,2019-04-16 09:09:52,Q1,0.0,0.0,0.0,0.0,0.0,130220.0,0.0,0.0,130220.0,249670.0,-27470.0,0.0,-304600.0,0.0,-249670.0,0.0,0.0,-277130.0,0.0,0.0,-277130.0,0.0,-0.00012,-0.00012,2300781100,2300781100,https://www.sec.gov/Archives/edgar/data/1389067/000147793219001766/0001477932-19-001766-index.html,https://www.sec.gov/Archives/edgar/data/1389067/000147793219001766/ttcm_10k.htm,1620599099,18:24:59,20210509
8,2018-12-31,TTCM,USD,2019-04-19,2019-04-19,Q4,0.0,0.0,0.0,0.0,0.0,2021343.0,0.0,0.0,2043686.0,175560.0,-293540.0,0.0,-762640.0,0.0,-175560.0,0.0,0.0,-469100.0,0.0,0.0,-469100.0,0.0,-0.00014,-0.00014,3249186790,3249186790,https://www.sec.gov/Archives/edgar/data/1389067/000147793219001856/0001477932-19-001856-index.htm,https://www.sec.gov/Archives/edgar/data/1389067/000147793219001856/ttcm_10ka.htm,1620599099,18:24:59,20210509
9,2018-09-30,TTCM,USD,2018-11-14 00:00:00,2018-11-14 12:02:11,Q3,0.0,0.0,0.0,0.0,0.0,149307.0,0.0,0.0,149307.0,200000.0,270000.0,0.0,340000.0,0.0,-200000.0,0.0,0.0,70000.0,0.0,0.0,70000.0,0.0,4e-05,4e-05,1952780000,1952780000,https://www.sec.gov/Archives/edgar/data/1389067/000147793218005502/0001477932-18-005502-index.html,https://www.sec.gov/Archives/edgar/data/1389067/000147793218005502/ttcm_10q.htm,1620599099,18:24:59,20210509
10,2018-06-30,TTCM,USD,2018-07-30 00:00:00,2018-07-30 12:47:47,Q2,0.0,0.0,0.0,0.0,0.0,119498.0,0.0,0.0,119498.0,120000.0,-150000.0,0.0,-420000.0,0.0,-120000.0,0.0,0.0,-270000.0,0.0,0.0,-270000.0,0.0,-0.00016,-0.00016,1702940000,1702940000,https://www.sec.gov/Archives/edgar/data/1389067/000147793218003700/0001477932-18-003700-index.html,https://www.sec.gov/Archives/edgar/data/1389067/000147793218003700/ttcm_10q.htm,1620599099,18:24:59,20210509
11,2018-03-31,TTCM,USD,2018-04-02 00:00:00,2018-04-02 06:04:10,Q1,0.0,0.0,0.0,0.0,0.0,307425.0,0.0,0.0,307425.0,310000.0,-1280000.0,0.0,-2870000.0,0.0,-310000.0,0.0,0.0,-1590000.0,0.0,0.0,-1590000.0,0.0,-0.00094,-0.00094,1696250000,1696250000,https://www.sec.gov/Archives/edgar/data/1389067/000147793218001556/0001477932-18-001556-index.html,https://www.sec.gov/Archives/edgar/data/1389067/000147793218001556/ttcm_10k.htm,1620599099,18:24:59,20210509
12,2017-12-31,TTCM,USD,2018-04-02 00:00:00,2018-04-02 06:04:10,Q4,0.0,0.0,0.0,0.0,0.0,0.0,0.0,0.0,81520.0,80000.0,-90000.0,0.0,-260000.0,0.0,-80000.0,0.0,0.0,-170000.0,0.0,0.0,-170000.0,0.0,-0.0001,-0.0001,1686060000,1686060000,https://www.sec.gov/Archives/edgar/data/1389067/000147793218001556/0001477932-18-001556-index.html,https://www.sec.gov/Archives/edgar/data/1389067/000147793218001556/ttcm_10k.htm,1620599099,18:24:59,20210509
13,2017-09-30,TTCM,USD,2017-11-03 00:00:00,2017-11-03 10:19:48,Q3,0.0,0.0,0.0,0.0,0.0,31596.0,0.0,0.0,31596.0,-2340000.0,-50000.0,0.0,2240000.0,0.0,2340000.0,0.0,0.0,2290000.0,0.0,0.0,2290000.0,0.0,0.00123,0.00123,1866630000,1866630000,https://www.sec.gov/Archives/edgar/data/1389067/000147793217005363/0001477932-17-005363-index.html,https://www.sec.gov/Archives/edgar/data/1389067/000147793217005363/ttcm_10q.htm,1620599099,18:24:59,20210509
14,2017-06-30,TTCM,USD,2017-08-11 00:00:00,2017-08-11 11:02:55,Q2,0.0,0.0,0.0,0.0,0.0,73579.0,0.0,0.0,73579.0,70000.0,-70000.0,0.0,-220000.0,0.0,-70000.0,0.0,0.0,-150000.0,0.0,0.0,-150000.0,0.0,-9e-05,-9e-05,1687930000,1687930000,https://www.sec.gov/Archives/edgar/data/1389067/000147793217003830/0001477932-17-003830-index.html,https://www.sec.gov/Archives/edgar/data/1389067/000147793217003830/ttcm_10q.htm,1620599099,18:24:59,20210509
15,2017-03-31,TTCM,USD,2017-04-17 00:00:00,2017-04-17 17:08:38,Q1,0.0,0.0,0.0,0.0,0.0,130936.0,0.0,0.0,130936.0,130000.0,-60000.0,0.0,-250000.0,0.0,-130000.0,0.0,0.0,-190000.0,0.0,0.0,-190000.0,0.0,-0.00011,-0.00011,1678450000,1678450000,https://www.sec.gov/Archives/edgar/data/1389067/000147793217001802/0001477932-17-001802-index.html,https://www.sec.gov/Archives/edgar/data/1389067/000147793217001802/ttcm_10k.htm,1620599099,18:24:59,20210509
16,2016-12-31,TTCM,USD,2016-12-31,2016-12-31,Q4,0.0,0.0,0.0,0.0,0.0,94092.0,0.0,0.0,94092.0,2780000.0,-1180000.0,0.0,-5140000.0,0.0,-2780000.0,0.0,0.0,-3960000.0,0.0,0.0,-3960000.0,0.0,-0.00192,-0.00192,2062260000,2062260000,,,1620599099,18:24:59,20210509
17,2016-09-30,TTCM,USD,2016-11-02 00:00:00,2016-11-02 12:54:11,Q3,0.0,0.0,0.0,0.0,0.0,102062.0,0.0,0.0,135407.0,140000.0,-40000.0,30000.0,-110000.0,0.0,-140000.0,0.0,0.0,-180000.0,0.0,0.0,-180000.0,0.0,-6e-05,-6e-05,3000630000,3000630000,https://www.sec.gov/Archives/edgar/data/1389067/000147793216013226/0001477932-16-013226-index.html,https://www.sec.gov/Archives/edgar/data/1389067/000147793216013226/ttcm_10q.htm,1620599099,18:24:59,20210509
18,2016-06-30,TTCM,USD,2016-07-05 00:00:00,2016-07-05 10:11:00,Q2,0.0,0.0,0.0,0.0,0.0,99785.0,0.0,0.0,132053.0,130000.0,-40000.0,30000.0,-100000.0,0.0,-130000.0,0.0,0.0,-170000.0,0.0,0.0,-170000.0,0.0,-6e-05,-6e-05,3000630000,3000630000,https://www.sec.gov/Archives/edgar/data/1389067/000147793216011172/0001477932-16-011172-index.html,https://www.sec.gov/Archives/edgar/data/1389067/000147793216011172/ttcm_10k.htm,1620599099,18:24:59,20210509
19,2016-03-31,TTCM,USD,2016-03-31,2016-03-31,Q1,0.0,0.0,0.0,0.0,0.0,123595.0,0.0,27249.0,150844.0,150000.0,-140000.0,30000.0,-120000.0,0.0,-150000.0,0.0,0.0,-290000.0,0.0,0.0,-290000.0,0.0,-0.0001,-0.0001,2998490000,2998490000,,,1620599099,18:24:59,20210509
20,2015-12-31,TTCM,USD,2016-07-05,2016-07-05,Q4,0.0,0.0,0.0,0.0,0.0,93985.0,0.0,0.0,93985.0,90000.0,-410000.0,0.0,-910000.0,0.0,-90000.0,0.0,0.0,-500000.0,0.0,0.0,-500000.0,0.0,-0.00017,-0.00017,2987630000,2987630000,https://www.sec.gov/Archives/edgar/data/1389067/000147793216011172/0001477932-16-011172-index.htm,https://www.sec.gov/Archives/edgar/data/1389067/000147793216011172/ttcm_10k.htm,1620599099,18:24:59,20210509
21,2015-09-30,TTCM,USD,2015-11-19 00:00:00,2015-11-19 11:07:49,Q3,0.0,0.0,0.0,0.0,0.0,220451.0,0.0,0.0,220989.0,220000.0,-50000.0,0.0,-330000.0,0.0,-220000.0,0.0,0.0,-280000.0,0.0,0.0,-280000.0,0.0,-9e-05,-9e-05,2987630000,2987630000,https://www.sec.gov/Archives/edgar/data/1389067/000147793215007215/0001477932-15-007215-index.html,https://www.sec.gov/Archives/edgar/data/1389067/000147793215007215/ttcm_10q.htm,1620599099,18:24:59,20210509
22,2015-06-30,TTCM,USD,2015-07-09 00:00:00,2015-07-09 14:38:39,Q2,0.0,0.0,0.0,0.0,0.0,171765.0,0.0,0.0,172034.0,170000.0,0.0,0.0,-180000.0,0.0,-170000.0,0.0,0.0,-180000.0,0.0,0.0,-180000.0,0.0,-6e-05,-6e-05,2987630000,2987630000,https://www.sec.gov/Archives/edgar/data/1389067/000147793215004365/0001477932-15-004365-index.html,https://www.sec.gov/Archives/edgar/data/1389067/000147793215004365/rdsh_10k.htm,1620599099,18:24:59,20210509
23,2015-03-31,TTCM,USD,2015-04-30 00:00:00,2015-04-30 15:23:04,Q1,0.0,0.0,0.0,0.0,0.0,78764.0,0.0,404.0,79168.0,40000.0,0.0,0.0,-40000.0,0.0,-40000.0,0.0,0.0,-40000.0,0.0,0.0,-40000.0,0.0,-2e-05,-2e-05,1787290000,1787290000,https://www.sec.gov/Archives/edgar/data/1389067/000147793215002826/0001477932-15-002826-index.html,https://www.sec.gov/Archives/edgar/data/1389067/000147793215002826/rdsh_10q.htm,1620599099,18:24:59,20210509
24,2014-12-31,TTCM,USD,2015-07-09,2015-07-09,Q4,0.0,0.0,0.0,0.0,0.0,54705.0,0.0,0.0,54565.0,220000.0,0.0,0.0,-220000.0,0.0,-220000.0,0.0,0.0,-220000.0,0.0,0.0,-220000.0,0.0,-0.00019,-0.00019,1167380000,1167380000,https://www.sec.gov/Archives/edgar/data/1389067/000147793215004365/0001477932-15-004365-index.htm,https://www.sec.gov/Archives/edgar/data/1389067/000147793215004365/rdsh_10k.htm,1620599099,18:24:59,20210509
25,2014-09-30,TTCM,USD,2014-09-30,2014-09-30,Q3,0.0,0.0,0.0,0.0,0.0,0.0,0.0,0.0,6746.0,10000.0,0.0,0.0,-10000.0,0.0,-10000.0,0.0,0.0,-10000.0,0.0,0.0,-10000.0,0.0,-1e-05,-1e-05,1122670000,1122670000,,,1620599099,18:24:59,20210509
26,2014-06-30,TTCM,USD,2014-06-30,2014-06-30,Q2,0.0,0.0,0.0,0.0,0.0,3496.0,0.0,0.0,5205.0,0.0,0.0,0.0,0.0,0.0,0.0,0.0,0.0,0.0,0.0,0.0,0.0,0.0,0.0,0.0,1159660000,1159660000,,,1620599099,18:24:59,20210509
27,2014-03-31,TTCM,USD,2014-03-31,2014-03-31,Q1,0.0,0.0,0.0,0.0,0.0,6067.0,0.0,2017.0,8084.0,0.0,0.0,0.0,0.0,0.0,0.0,0.0,0.0,0.0,0.0,0.0,0.0,0.0,0.0,0.0,1142970000,1142970000,,,1620599099,18:24:59,20210509
28,2013-12-31,TTCM,USD,2013-12-31,2013-12-31,Q4,0.0,0.0,0.0,0.0,0.0,-13768.0,0.0,0.0,-11998.0,-10000.0,0.0,0.0,10000.0,0.0,10000.0,0.0,0.0,10000.0,0.0,0.0,10000.0,0.0,3.365258418193933e-06,3.365258418193933e-06,2971540000,2971540000,,,1620599099,18:24:59,20210509
29,2013-09-30,TTCM,USD,2013-09-30,2013-09-30,Q3,0.0,0.0,0.0,0.0,0.0,4359.0,0.0,0.0,6129.0,10000.0,0.0,10000.0,0.0,0.0,-10000.0,0.0,0.0,-10000.0,0.0,0.0,-10000.0,0.0,-3.328285433758799e-06,-3.328285433758799e-06,3004550000,3004550000,,,1620599099,18:24:59,20210509
30,2013-06-30,TTCM,USD,2013-06-30,2013-06-30,Q2,0.0,0.0,0.0,0.0,0.0,40546.0,0.0,0.0,42309.0,40000.0,0.0,0.0,-40000.0,0.0,-40000.0,0.0,0.0,-40000.0,0.0,0.0,-40000.0,0.0,-1e-05,-1e-05,2971150000,2971150000,,,1620599099,18:24:59,20210509
31,2013-03-31,TTCM,USD,2013-04-16 00:00:00,2013-04-16 15:10:04,Q1,0.0,0.0,0.0,0.0,0.0,409321.0,0.0,1763.0,411088.0,27020000.0,0.0,0.0,-27020000.0,0.0,-27020000.0,0.0,0.0,-27020000.0,0.0,0.0,-27020000.0,0.0,-0.04014,-0.04014,673190000,673190000,https://www.sec.gov/Archives/edgar/data/1389067/000121478213000188/0001214782-13-000188-index.html,https://www.sec.gov/Archives/edgar/data/1389067/000121478213000188/roadships10k123112.htm,1620599099,18:24:59,20210509
32,2012-12-31,TTCM,USD,2012-12-31,2012-12-31,Q4,0.0,0.0,0.0,0.0,0.0,31944.0,0.0,0.0,33711.0,40000.0,0.0,0.0,-40000.0,0.0,-40000.0,0.0,0.0,-40000.0,0.0,0.0,-40000.0,0.0,-0.00021,-0.00021,187630000,187630000,,,1620599099,18:24:59,20210509
33,2012-09-30,TTCM,USD,2012-11-14 00:00:00,2012-11-14 10:48:54,Q3,0.0,0.0,0.0,0.0,0.0,64732.0,0.0,0.0,66498.0,70000.0,0.0,0.0,-70000.0,0.0,-70000.0,0.0,0.0,-70000.0,0.0,0.0,-70000.0,0.0,-0.00037,-0.00037,187630000,187630000,https://www.sec.gov/Archives/edgar/data/1389067/000121478212000082/0001214782-12-000082-index.html,https://www.sec.gov/Archives/edgar/data/1389067/000121478212000082/roadships10q093012.htm,1620599099,18:24:59,20210509
34,2012-06-30,TTCM,USD,2012-08-20 00:00:00,2012-08-20 14:20:00,Q2,0.0,0.0,0.0,0.0,0.0,23049.0,0.0,0.0,31750.0,30000.0,0.0,10000.0,-20000.0,0.0,-30000.0,0.0,0.0,-30000.0,0.0,0.0,-30000.0,0.0,-0.00016,-0.00016,187630000,187630000,https://www.sec.gov/Archives/edgar/data/1389067/000143209312000651/0001432093-12-000651-index.html,https://www.sec.gov/Archives/edgar/data/1389067/000143209312000651/roadships10q063012.htm,1620599099,18:24:59,20210509
35,2012-03-31,TTCM,USD,2012-05-15 00:00:00,2012-05-14 18:16:55,Q1,0.0,0.0,0.0,0.0,0.0,33949.0,0.0,0.0,42961.0,40000.0,0.0,10000.0,-30000.0,0.0,-40000.0,0.0,0.0,-50000.0,0.0,0.0,-50000.0,0.0,-0.00027,-0.00027,187630000,187630000,https://www.sec.gov/Archives/edgar/data/1389067/000143209312000363/0001432093-12-000363-index.html,https://www.sec.gov/Archives/edgar/data/1389067/000143209312000363/roadships10q033112.htm,1620599099,18:24:59,20210509
36,2011-12-31,TTCM,USD,2011-12-31,2011-12-31,Q4,0.0,0.0,0.0,0.0,0.0,0.0,0.0,0.0,43842.0,1290000.0,0.0,10000.000000000002,-1280000.0,0.0,-1290000.0,0.0,0.0,-1290000.0,0.0,0.0,-1290000.0,0.0,-0.00687,-0.00687,187650000,187650000,,,1620599099,18:24:59,20210509
37,2011-09-30,TTCM,USD,2011-11-10 00:00:00,2011-11-10 12:15:09,Q3,0.0,0.0,0.0,0.0,0.0,31624.0,0.0,0.0,40638.0,40000.0,0.0,9999.999999999998,-30000.0,0.0,-40000.0,0.0,0.0,-40000.0,0.0,0.0,-40000.0,0.0,-0.00021,-0.00021,187630000,187630000,https://www.sec.gov/Archives/edgar/data/1389067/000143209311000702/0001432093-11-000702-index.html,https://www.sec.gov/Archives/edgar/data/1389067/000143209311000702/roadships10q093011.htm,1620599099,18:24:59,20210509
38,2011-06-30,TTCM,USD,2011-08-15 00:00:00,2011-08-15 17:27:32,Q2,0.0,0.0,0.0,0.0,0.0,30967.0,0.0,0.0,39981.0,40000.0,0.0,10000.0,-30000.0,0.0,-40000.0,0.0,0.0,-40000.0,0.0,0.0,-40000.0,0.0,-0.00021,-0.00021,187630000,187630000,https://www.sec.gov/Archives/edgar/data/1389067/000143209311000550/0001432093-11-000550-index.html,https://www.sec.gov/Archives/edgar/data/1389067/000143209311000550/roadships10q063011.htm,1620599099,18:24:59,20210509
39,2011-03-31,TTCM,USD,2011-05-16 00:00:00,2011-05-16 16:31:58,Q1,0.0,0.0,0.0,0.0,0.0,27920.0,0.0,0.0,36934.0,40000.0,0.0,10000.0,-30000.0,0.0,-40000.0,0.0,0.0,-40000.0,0.0,0.0,-40000.0,0.0,-0.00021,-0.00021,186240000,186240000,https://www.sec.gov/Archives/edgar/data/1389067/000143209311000301/0001432093-11-000301-index.html,https://www.sec.gov/Archives/edgar/data/1389067/000143209311000301/roadships10k123110.htm,1620599099,18:24:59,20210509
40,2010-12-31,TTCM,USD,2011-05-16,2011-05-16,Q4,-10000.0,0.0,-10000.0,1.0,0.0,1770122.0,0.0,0.0,1799896.0,1800000.0,0.0,10000.000000000002,-1800000.0,180.0,-1810000.0,181.0,0.0,-1800000.0,180.0,0.0,-1800000.0,180.0,-0.00787,-0.00787,228790000,228790000,https://www.sec.gov/Archives/edgar/data/1389067/000143209311000301/0001432093-11-000301-index.htm,https://www.sec.gov/Archives/edgar/data/1389067/000143209311000301/roadships10k123110.htm,1620599099,18:24:59,20210509
41,2010-09-30,TTCM,USD,2010-11-15 00:00:00,2010-11-15 16:01:14,Q3,0.0,0.0,0.0,0.0,0.0,18507.0,0.0,0.0,27527.0,30000.0,0.0,9999.999999999998,-20000.0,0.0,-30000.0,0.0,0.0,-30000.0,0.0,0.0,-30000.0,0.0,-0.00017,-0.00017,172630000,172630000,https://www.sec.gov/Archives/edgar/data/1389067/000126493110000437/0001264931-10-000437-index.html,https://www.sec.gov/Archives/edgar/data/1389067/000126493110000437/form10-q.htm,1620599099,18:24:59,20210509
42,2010-06-30,TTCM,USD,2010-08-13 00:00:00,2010-08-13 14:41:26,Q2,20000.0,20000.0,0.0,0.0,0.0,16148.0,0.0,0.0,25086.0,40000.0,0.0,10000.0,-10000.0,-0.5,-20000.0,-1.0,0.0,-20000.0,-1.0,0.0,-20000.0,-1.0,-0.00012,-0.00012,172630000,172630000,https://www.sec.gov/Archives/edgar/data/1389067/000126493110000251/0001264931-10-000251-index.html,https://www.sec.gov/Archives/edgar/data/1389067/000126493110000251/form10-q.htm,1620599099,18:24:59,20210509
43,2010-03-31,TTCM,USD,2010-05-06 00:00:00,2010-05-06 15:15:27,Q1,0.0,0.0,0.0,0.0,0.0,20425.0,0.0,0.0,29509.0,30000.0,0.0,10000.0,-20000.0,0.0,-30000.0,0.0,0.0,-30000.0,0.0,0.0,-30000.0,0.0,-0.00017,-0.00017,172630000,172630000,https://www.sec.gov/Archives/edgar/data/1389067/000143209310000292/0001432093-10-000292-index.html,https://www.sec.gov/Archives/edgar/data/1389067/000143209310000292/roadships10k123109.htm,1620599099,18:24:59,20210509
44,2009-12-31,TTCM,USD,2009-12-31,2009-12-31,Q4,0.0,0.0,0.0,0.0,0.0,2179098.0,0.0,0.0,2154583.0,2150000.0,0.0,10000.0,-2140000.0,0.0,-2150000.0,0.0,0.0,-2160000.0,0.0,0.0,-2160000.0,0.0,-0.01433,-0.01433,150780000,150780000,,,1620599099,18:24:59,20210509
45,2009-09-30,TTCM,USD,2009-11-19 00:00:00,2009-11-19 15:15:28,Q3,0.0,0.0,0.0,0.0,0.0,76504.0,0.0,0.0,83630.0,80000.0,0.0,10000.0,-70000.0,0.0,-80000.0,0.0,0.0,-80000.0,0.0,0.0,-80000.0,0.0,-0.0005,-0.0005,159950000,159950000,https://www.sec.gov/Archives/edgar/data/1389067/000126493109000370/0001264931-09-000370-index.html,https://www.sec.gov/Archives/edgar/data/1389067/000126493109000370/form10-q.htm,1620599099,18:24:59,20210509
46,2009-06-30,TTCM,USD,2009-08-19 00:00:00,2009-08-19 14:52:41,Q2,0.0,0.0,0.0,0.0,0.0,47689.0,0.0,0.0,51718.0,40000.0,0.0,0.0,-40000.0,0.0,-40000.0,0.0,0.0,-40000.0,0.0,0.0,-40000.0,0.0,0.00092,0.00092,-43610000,-43610000,https://www.sec.gov/Archives/edgar/data/1389067/000126493109000242/0001264931-09-000242-index.html,https://www.sec.gov/Archives/edgar/data/1389067/000126493109000242/form10-q.htm,1620599099,18:24:59,20210509
47,2009-03-31,TTCM,USD,2009-05-21 00:00:00,2009-05-21 09:17:34,Q1,0.0,0.0,0.0,0.0,0.0,15805.0,0.0,0.0,15805.0,20000.0,0.0,0.0,-20000.0,0.0,-20000.0,0.0,0.0,-20000.0,0.0,0.0,-20000.0,0.0,-0.00019,-0.00019,106200000,106200000,https://www.sec.gov/Archives/edgar/data/1389067/000138906709000009/0001389067-09-000009-index.html,https://www.sec.gov/Archives/edgar/data/1389067/000138906709000009/rsh_10q.htm,1620599099,18:24:59,20210509
48,2008-11-30,TTCM,USD,2009-01-05 00:00:00,2009-01-05 16:29:04,Q4,0.0,0.0,0.0,0.0,0.0,7815.0,0.0,0.0,7815.0,10000.0,0.0,0.0,-10000.0,0.0,-10000.0,0.0,0.0,-10000.0,0.0,0.0,-10000.0,0.0,-9e-05,-9e-05,106200000,106200000,https://www.sec.gov/Archives/edgar/data/1389067/000109230609000002/0001092306-09-000002-index.html,https://www.sec.gov/Archives/edgar/data/1389067/000109230609000002/form10q113008.txt,1620599099,18:24:59,20210509
49,2008-08-31,TTCM,USD,2008-10-14 00:00:00,2008-10-14 14:40:29,Q3,0.0,0.0,0.0,0.0,0.0,3695.0,0.0,0.0,3695.0,0.0,0.0,0.0,0.0,0.0,0.0,0.0,0.0,0.0,0.0,0.0,0.0,0.0,0.0,0.0,127640000,127640000,https://www.sec.gov/Archives/edgar/data/1389067/000109230608000736/0001092306-08-000736-index.html,https://www.sec.gov/Archives/edgar/data/1389067/000109230608000736/form10k083108.txt,1620599099,18:24:59,20210509
50,2008-05-31,TTCM,USD,2008-06-30 00:00:00,2008-06-30 15:38:50,Q2,0.0,0.0,0.0,0.0,0.0,5134.0,0.0,0.0,5134.0,10000.0,0.0,0.0,-10000.0,0.0,-10000.0,0.0,0.0,-10000.0,0.0,0.0,-10000.0,0.0,-0.0001,-0.0001,98050000,98050000,https://www.sec.gov/Archives/edgar/data/1389067/000109230608000465/0001092306-08-000465-index.html,https://www.sec.gov/Archives/edgar/data/1389067/000109230608000465/caddy10q.txt,1620599099,18:24:59,20210509
51,2008-02-29,TTCM,USD,2008-02-29,2008-02-29,Q1,0.0,0.0,0.0,0.0,0.0,3872.0,0.0,0.0,-17178.0,0.0,0.0,0.0,0.0,0.0,0.0,0.0,0.0,0.0,0.0,0.0,0.0,0.0,0.0,0.0,98770000,98770000,,,1620599099,18:24:59,20210509
52,2007-11-30,TTCM,USD,2007-11-30,2007-11-30,Q4,0.0,0.0,0.0,0.0,0.0,6653.0,0.0,0.0,6653.0,10000.0,0.0,0.0,-10000.0,0.0,-10000.0,0.0,0.0,-10000.0,0.0,0.0,-10000.0,0.0,-0.0001,-0.0001,104860000,104860000,,,1620599099,18:24:59,20210509
53,2007-08-31,TTCM,USD,2007-08-31,2007-08-31,Q3,0.0,0.0,0.0,0.0,0.0,4374.0,0.0,0.0,24288.0,10000.0,0.0,0.0,-10000.0,0.0,-10000.0,0.0,0.0,-10000.0,0.0,0.0,-10000.0,0.0,-8e-05,-8e-05,118050000,118050000,,,1620599099,18:24:59,20210509
54,2007-05-31,TTCM,USD,2007-05-31,2007-05-31,Q2,0.0,0.0,0.0,0.0,0.0,2469.0,0.0,0.0,2469.0,0.0,0.0,0.0,0.0,0.0,0.0,0.0,0.0,0.0,0.0,0.0,0.0,0.0,0.0,0.0,94950000,94950000,,,1620599099,18:24:59,20210509
55,2007-02-28,TTCM,USD,2007-02-28,2007-02-28,Q1,0.0,0.0,0.0,0.0,0.0,9792.0,0.0,0.0,-10122.0,10000.0,0.0,0.0,-10000.0,0.0,-10000.0,0.0,0.0,-10000.0,0.0,0.0,-10000.0,0.0,-0.00011,-0.00011,94950000,94950000,,,1620599099,18:24:59,20210509
56,2006-11-30,TTCM,USD,2006-11-30,2006-11-30,Q4,0.0,0.0,0.0,0.0,0.0,165.0,0.0,0.0,165.0,0.0,0.0,0.0,0.0,0.0,0.0,0.0,0.0,0.0,0.0,0.0,0.0,0.0,0.0,0.0,87200000,87200000,,,1620599099,18:24:59,20210509
