,date,symbol,reportedCurrency,fillingDate,acceptedDate,period,revenue,costOfRevenue,grossProfit,grossProfitRatio,researchAndDevelopmentExpenses,generalAndAdministrativeExpenses,sellingAndMarketingExpenses,otherExpenses,operatingExpenses,costAndExpenses,interestExpense,depreciationAndAmortization,ebitda,ebitdaratio,operatingIncome,operatingIncomeRatio,totalOtherIncomeExpensesNet,incomeBeforeTax,incomeBeforeTaxRatio,incomeTaxExpense,netIncome,netIncomeRatio,eps,epsdiluted,weightedAverageShsOut,weightedAverageShsOutDil,link,finalLink,timestamp,est_time,est_date
0,2019-06-30,1120.HK,HKD,2019-06-30,2019-06-30,Q2,260240500.0,215406250.0,44834250.0,0.1722800640177067,0.0,70303500.0,8075500.0,1095500.0,435750.0,291317000.0,221500.0,25123250.0,-5953250.0,-0.02287595512612372,-31076500.0,-0.11941454154906711,0.0,-32320750.0,-0.12419569590436538,617500.0,-34073000.0,-0.13092889077603218,-0.0882,-0.0882,386263374,386263374,https://www1.hkexnews.hk/search/titlesearch.xhtml,https://www1.hkexnews.hk/search/titlesearch.xhtml,1620585084,14:31:24,20210509
1,2019-03-31,1120.HK,HKD,2019-03-31,2019-03-31,Q1,260240500.0,215406250.0,44834250.0,0.1722800640177067,0.0,70303500.0,8075500.0,1095500.0,435750.0,291317000.0,221500.0,25123250.0,-5953250.0,-0.02287595512612372,-31076500.0,-0.11941454154906711,0.0,-32320750.0,-0.12419569590436538,617500.0,-34073000.0,-0.13092889077603218,-0.0882,-0.0882,386263374,386263374,https://www1.hkexnews.hk/search/titlesearch.xhtml,https://www1.hkexnews.hk/search/titlesearch.xhtml,1620585084,14:31:24,20210509
2,2019-01-31,1120.HK,HKD,2019-01-31,2019-01-31,Q1,260240500.0,215406250.0,44834250.0,0.1722800640177067,0.0,70303500.0,8075500.0,1095500.0,435750.0,291317000.0,221500.0,25123250.0,-5953250.0,-0.02287595512612372,-31076500.0,-0.11941454154906711,0.0,-32320750.0,-0.12419569590436538,617500.0,-34073000.0,-0.13092889077603218,-0.0882,-0.0882,386263374,386263374,https://www1.hkexnews.hk/search/titlesearch.xhtml,https://www1.hkexnews.hk/search/titlesearch.xhtml,1620585084,14:31:24,20210509
3,2018-06-30,1120.HK,HKD,2018-06-30,2018-06-30,Q2,299003250.0,234486750.0,64516500.0,0.21577190214487635,0.0,77825250.0,9273750.0,-561250.0,561250.0,314830750.0,283250.0,25178000.0,9350500.0,0.03127223533523465,-15827500.0,-0.05293420723687786,0.0,-6257750.0,-0.02092870227999194,2388750.0,-9573500.0,-0.03201804662658349,-0.025,-0.025,384093916,384093916,https://www1.hkexnews.hk/search/titlesearch.xhtml,https://www1.hkexnews.hk/search/titlesearch.xhtml,1620585084,14:31:24,20210509
4,2018-03-31,1120.HK,HKD,2018-03-31,2018-03-31,Q1,299003250.0,234486750.0,64516500.0,0.21577190214487635,0.0,77825250.0,9273750.0,-561250.0,561250.0,314830750.0,283250.0,25178000.0,9350500.0,0.03127223533523465,-15827500.0,-0.05293420723687786,0.0,-6257750.0,-0.02092870227999194,2388750.0,-9573500.0,-0.03201804662658349,-0.025,-0.025,384093916,384093916,https://www1.hkexnews.hk/search/titlesearch.xhtml,https://www1.hkexnews.hk/search/titlesearch.xhtml,1620585084,14:31:24,20210509
5,2018-01-31,1120.HK,HKD,2018-01-31,2018-01-31,Q1,299003250.0,234486750.0,64516500.0,0.21577190214487635,0.0,77825250.0,9273750.0,-561250.0,561250.0,314830750.0,283250.0,25178000.0,9350500.0,0.03127223533523465,-15827500.0,-0.05293420723687786,0.0,-6257750.0,-0.02092870227999194,2388750.0,-9573500.0,-0.03201804662658349,-0.025,-0.025,384093916,384093916,https://www1.hkexnews.hk/search/titlesearch.xhtml,https://www1.hkexnews.hk/search/titlesearch.xhtml,1620585084,14:31:24,20210509
6,2017-06-30,1120.HK,HKD,2017-06-30,2017-06-30,Q2,257047000.0,217668750.0,39378250.0,0.1531947464860512,0.0,87829500.0,7465750.0,-253750.0,2125500.0,307262750.0,1162500.0,48044250.0,-2171500.0,-0.00844787140095002,-50215750.0,-0.19535629670838406,0.0,-164384750.0,-0.6395124237979825,2852000.0,-168637250.0,-0.6560560909094446,-0.44,-0.44,383650000,383650000,https://www1.hkexnews.hk/search/titlesearch.xhtml,https://www1.hkexnews.hk/search/titlesearch.xhtml,1620585084,14:31:24,20210509
7,2017-03-31,1120.HK,HKD,2017-03-31,2017-03-31,Q1,257047000.0,217668750.0,39378250.0,0.1531947464860512,0.0,87829500.0,7465750.0,-253750.0,2125500.0,307262750.0,1162500.0,48044250.0,-2171500.0,-0.00844787140095002,-50215750.0,-0.19535629670838406,0.0,-164384750.0,-0.6395124237979825,2852000.0,-168637250.0,-0.6560560909094446,-0.44,-0.44,383650000,383650000,https://www1.hkexnews.hk/search/titlesearch.xhtml,https://www1.hkexnews.hk/search/titlesearch.xhtml,1620585084,14:31:24,20210509
8,2017-01-31,1120.HK,HKD,2017-01-31,2017-01-31,Q1,257047000.0,217668750.0,39378250.0,0.1531947464860512,0.0,87829500.0,7465750.0,-253750.0,2125500.0,307262750.0,1162500.0,48044250.0,-2171500.0,-0.00844787140095002,-50215750.0,-0.19535629670838406,0.0,-164384750.0,-0.6395124237979825,2852000.0,-168637250.0,-0.6560560909094446,-0.44,-0.44,383650000,383650000,https://www1.hkexnews.hk/search/titlesearch.xhtml,https://www1.hkexnews.hk/search/titlesearch.xhtml,1620585084,14:31:24,20210509
9,2016-06-30,1120.HK,HKD,2016-06-30,2016-06-30,Q2,313781500.0,273763000.0,40018500.0,0.12753619955287357,0.0,151642250.0,7145500.0,-642250.0,642250.0,426010250.0,1222750.0,37474750.0,-74754000.0,-0.2382358424572513,-112228750.0,-0.3576652861943741,0.0,211007500.0,0.672466349991953,903000.0,208938500.0,0.6658725896842229,0.545,0.545,383650000,383650000,https://www1.hkexnews.hk/search/titlesearch.xhtml,https://www1.hkexnews.hk/search/titlesearch.xhtml,1620585084,14:31:24,20210509
10,2016-03-31,1120.HK,HKD,2016-03-31,2016-03-31,Q1,313781500.0,273763000.0,40018500.0,0.12753619955287357,0.0,151642250.0,7145500.0,-642250.0,642250.0,426010250.0,1222750.0,37474750.0,-74754000.0,-0.2382358424572513,-112228750.0,-0.3576652861943741,0.0,211007500.0,0.672466349991953,903000.0,208938500.0,0.6658725896842229,0.545,0.545,383650000,383650000,https://www1.hkexnews.hk/search/titlesearch.xhtml,https://www1.hkexnews.hk/search/titlesearch.xhtml,1620585084,14:31:24,20210509
11,2016-01-31,1120.HK,HKD,2016-01-31,2016-01-31,Q1,313781500.0,273763000.0,40018500.0,0.12753619955287357,0.0,151642250.0,7145500.0,-642250.0,642250.0,426010250.0,1222750.0,37474750.0,-74754000.0,-0.2382358424572513,-112228750.0,-0.3576652861943741,0.0,211007500.0,0.672466349991953,903000.0,208938500.0,0.6658725896842229,0.545,0.545,383650000,383650000,https://www1.hkexnews.hk/search/titlesearch.xhtml,https://www1.hkexnews.hk/search/titlesearch.xhtml,1620585084,14:31:24,20210509
12,2015-09-30,1120.HK,HKD,2015-09-30,2015-09-30,Q3,345606750.0,282844750.0,62762000.0,0.18159946239475935,0.0,76913250.0,9044500.0,-206000.0,206000.0,361970500.0,410250.0,31880250.0,15516500.0,0.044896403209717405,-16363750.0,-0.047347888893952444,0.0,-9000250.0,-0.026041881415799894,1824000.0,-12218250.0,-0.0353530421497844,-0.03185,-0.03185,383650000,383650000,https://www1.hkexnews.hk/search/titlesearch.xhtml,https://www1.hkexnews.hk/search/titlesearch.xhtml,1620585084,14:31:24,20210509
13,2015-06-30,1120.HK,HKD,2015-06-30,2015-06-30,Q2,345606750.0,282844750.0,62762000.0,0.18159946239475935,0.0,76913250.0,9044500.0,-206000.0,206000.0,361970500.0,410250.0,31880250.0,15516500.0,0.044896403209717405,-16363750.0,-0.047347888893952444,0.0,-9000250.0,-0.026041881415799894,1824000.0,-12218250.0,-0.0353530421497844,-0.03185,-0.03185,383650000,383650000,https://www1.hkexnews.hk/search/titlesearch.xhtml,https://www1.hkexnews.hk/search/titlesearch.xhtml,1620585084,14:31:24,20210509
14,2015-03-31,1120.HK,HKD,2015-03-31,2015-03-31,Q1,345606750.0,282844750.0,62762000.0,0.18159946239475935,0.0,76913250.0,9044500.0,-206000.0,206000.0,361970500.0,410250.0,31880250.0,15516500.0,0.044896403209717405,-16363750.0,-0.047347888893952444,0.0,-9000250.0,-0.026041881415799894,1824000.0,-12218250.0,-0.0353530421497844,-0.03185,-0.03185,383650000,383650000,https://www1.hkexnews.hk/search/titlesearch.xhtml,https://www1.hkexnews.hk/search/titlesearch.xhtml,1620585084,14:31:24,20210509
15,2015-01-31,1120.HK,HKD,2015-01-31,2015-01-31,Q1,345606750.0,282844750.0,62762000.0,0.18159946239475935,0.0,76913250.0,9044500.0,-206000.0,206000.0,361970500.0,410250.0,31880250.0,15516500.0,0.044896403209717405,-16363750.0,-0.047347888893952444,0.0,-9000250.0,-0.026041881415799894,1824000.0,-12218250.0,-0.0353530421497844,-0.03185,-0.03185,383650000,383650000,https://www1.hkexnews.hk/search/titlesearch.xhtml,https://www1.hkexnews.hk/search/titlesearch.xhtml,1620585084,14:31:24,20210509
16,2014-09-30,1120.HK,HKD,2014-09-30,2014-09-30,Q3,398313750.0,326700500.0,71613250.0,0.17979105667328832,0.0,67007500.0,7717000.0,-264750.0,264750.0,397139000.0,403750.0,25914750.0,27089500.0,0.06801045658102438,1174750.0,0.0029493081772848664,0.0,-23530500.0,-0.0590752892663133,1234750.0,-25231750.0,-0.0633464197507618,-0.06575,-0.06575,383650000,383650000,https://www1.hkexnews.hk/search/titlesearch.xhtml,https://www1.hkexnews.hk/search/titlesearch.xhtml,1620585084,14:31:24,20210509
17,2014-06-30,1120.HK,HKD,2014-06-30,2014-06-30,Q2,398313750.0,326700500.0,71613250.0,0.17979105667328832,0.0,67007500.0,7717000.0,-264750.0,264750.0,397139000.0,403750.0,25914750.0,27089500.0,0.06801045658102438,1174750.0,0.0029493081772848664,0.0,-23530500.0,-0.0590752892663133,1234750.0,-25231750.0,-0.0633464197507618,-0.06575,-0.06575,383650000,383650000,https://www1.hkexnews.hk/search/titlesearch.xhtml,https://www1.hkexnews.hk/search/titlesearch.xhtml,1620585084,14:31:24,20210509
18,2014-03-31,1120.HK,HKD,2014-03-31,2014-03-31,Q1,398313750.0,326700500.0,71613250.0,0.17979105667328832,0.0,67007500.0,7717000.0,-264750.0,264750.0,397139000.0,403750.0,25914750.0,27089500.0,0.06801045658102438,1174750.0,0.0029493081772848664,0.0,-23530500.0,-0.0590752892663133,1234750.0,-25231750.0,-0.0633464197507618,-0.06575,-0.06575,383650000,383650000,https://www1.hkexnews.hk/search/titlesearch.xhtml,https://www1.hkexnews.hk/search/titlesearch.xhtml,1620585084,14:31:24,20210509
19,2014-01-31,1120.HK,HKD,2014-01-31,2014-01-31,Q1,398313750.0,326700500.0,71613250.0,0.17979105667328832,0.0,67007500.0,7717000.0,-264750.0,264750.0,397139000.0,403750.0,25914750.0,27089500.0,0.06801045658102438,1174750.0,0.0029493081772848664,0.0,-23530500.0,-0.0590752892663133,1234750.0,-25231750.0,-0.0633464197507618,-0.06575,-0.06575,383650000,383650000,https://www1.hkexnews.hk/search/titlesearch.xhtml,https://www1.hkexnews.hk/search/titlesearch.xhtml,1620585084,14:31:24,20210509
20,2013-09-30,1120.HK,HKD,2013-09-30,2013-09-30,Q3,365745750.0,297901000.0,67844750.0,0.18549702901537476,0.0,57499500.0,5627750.0,-216750.0,216750.0,356522750.0,323250.0,25204250.0,34427250.0,0.09412891332298462,9223000.0,0.02521697107895307,0.0,14755500.0,0.040343599344626696,2527000.0,11912750.0,0.03257112351954876,0.031,0.031,383650000,383650000,https://www1.hkexnews.hk/search/titlesearch.xhtml,https://www1.hkexnews.hk/search/titlesearch.xhtml,1620585084,14:31:24,20210509
21,2013-06-30,1120.HK,HKD,2013-06-30,2013-06-30,Q2,365745750.0,297901000.0,67844750.0,0.18549702901537476,0.0,57499500.0,5627750.0,-216750.0,216750.0,356522750.0,323250.0,25204250.0,34427250.0,0.09412891332298462,9223000.0,0.02521697107895307,0.0,14755500.0,0.040343599344626696,2527000.0,11912750.0,0.03257112351954876,0.031,0.031,383650000,383650000,https://www1.hkexnews.hk/search/titlesearch.xhtml,https://www1.hkexnews.hk/search/titlesearch.xhtml,1620585084,14:31:24,20210509
22,2013-03-31,1120.HK,HKD,2013-03-31,2013-03-31,Q1,365745750.0,297901000.0,67844750.0,0.18549702901537476,0.0,57499500.0,5627750.0,-216750.0,216750.0,356522750.0,323250.0,25204250.0,34427250.0,0.09412891332298462,9223000.0,0.02521697107895307,0.0,14755500.0,0.040343599344626696,2527000.0,11912750.0,0.03257112351954876,0.031,0.031,383650000,383650000,https://www1.hkexnews.hk/search/titlesearch.xhtml,https://www1.hkexnews.hk/search/titlesearch.xhtml,1620585084,14:31:24,20210509
23,2013-01-31,1120.HK,HKD,2013-01-31,2013-01-31,Q1,365745750.0,297901000.0,67844750.0,0.18549702901537476,0.0,57499500.0,5627750.0,-216750.0,216750.0,356522750.0,323250.0,25204250.0,34427250.0,0.09412891332298462,9223000.0,0.02521697107895307,0.0,14755500.0,0.040343599344626696,2527000.0,11912750.0,0.03257112351954876,0.031,0.031,383650000,383650000,https://www1.hkexnews.hk/search/titlesearch.xhtml,https://www1.hkexnews.hk/search/titlesearch.xhtml,1620585084,14:31:24,20210509
24,2012-09-30,1120.HK,HKD,2012-09-30,2012-09-30,Q3,368870500.0,300521750.0,68348750.0,0.1852919927183117,0.0,53292500.0,7176750.0,-285500.0,285500.0,355329500.0,267500.0,23989500.0,37530500.0,0.10174437912492325,13541000.0,0.03670936005996685,0.0,13917000.0,0.037728687981283406,1329000.0,12213500.0,0.03311053608244628,0.03175,0.03175,383650000,383650000,https://www1.hkexnews.hk/search/titlesearch.xhtml,https://www1.hkexnews.hk/search/titlesearch.xhtml,1620585084,14:31:24,20210509
25,2012-06-30,1120.HK,HKD,2012-06-30,2012-06-30,Q2,368870500.0,300521750.0,68348750.0,0.1852919927183117,0.0,53292500.0,7176750.0,-285500.0,285500.0,355329500.0,267500.0,23989500.0,37530500.0,0.10174437912492325,13541000.0,0.03670936005996685,0.0,13917000.0,0.037728687981283406,1329000.0,12213500.0,0.03311053608244628,0.03175,0.03175,383650000,383650000,https://www1.hkexnews.hk/search/titlesearch.xhtml,https://www1.hkexnews.hk/search/titlesearch.xhtml,1620585084,14:31:24,20210509
26,2012-03-31,1120.HK,HKD,2012-03-31,2012-03-31,Q1,368870500.0,300521750.0,68348750.0,0.1852919927183117,0.0,53292500.0,7176750.0,-285500.0,285500.0,355329500.0,267500.0,23989500.0,37530500.0,0.10174437912492325,13541000.0,0.03670936005996685,0.0,13917000.0,0.037728687981283406,1329000.0,12213500.0,0.03311053608244628,0.03175,0.03175,383650000,383650000,https://www1.hkexnews.hk/search/titlesearch.xhtml,https://www1.hkexnews.hk/search/titlesearch.xhtml,1620585084,14:31:24,20210509
27,2012-01-31,1120.HK,HKD,2012-01-31,2012-01-31,Q1,368870500.0,300521750.0,68348750.0,0.1852919927183117,0.0,53292500.0,7176750.0,-285500.0,285500.0,355329500.0,267500.0,23989500.0,37530500.0,0.10174437912492325,13541000.0,0.03670936005996685,0.0,13917000.0,0.037728687981283406,1329000.0,12213500.0,0.03311053608244628,0.03175,0.03175,383650000,383650000,https://www1.hkexnews.hk/search/titlesearch.xhtml,https://www1.hkexnews.hk/search/titlesearch.xhtml,1620585084,14:31:24,20210509
28,2011-09-30,1120.HK,HKD,2011-09-30,2011-09-30,Q3,386815000.0,302519250.0,84295750.0,0.21792265036257644,0.0,51782750.0,8131750.0,0.0,-5319250.0,357114500.0,65000.0,24115000.0,53815500.0,0.13912464614867573,29700500.0,0.07678218269715498,0.0,30361000.0,0.07848971730672286,2177250.0,28053250.0,0.0725236870338534,0.073,0.073,383650000,383650000,https://www1.hkexnews.hk/search/titlesearch.xhtml,https://www1.hkexnews.hk/search/titlesearch.xhtml,1620585084,14:31:24,20210509
29,2011-06-30,1120.HK,HKD,2011-06-30,2011-06-30,Q2,386815000.0,302519250.0,84295750.0,0.21792265036257644,0.0,51782750.0,8131750.0,0.0,-5319250.0,357114500.0,65000.0,24115000.0,53815500.0,0.13912464614867573,29700500.0,0.07678218269715498,0.0,30361000.0,0.07848971730672286,2177250.0,28053250.0,0.0725236870338534,0.073,0.073,383650000,383650000,https://www1.hkexnews.hk/search/titlesearch.xhtml,https://www1.hkexnews.hk/search/titlesearch.xhtml,1620585084,14:31:24,20210509
30,2011-03-31,1120.HK,HKD,2011-03-31,2011-03-31,Q1,386815000.0,302519250.0,84295750.0,0.21792265036257644,0.0,51782750.0,8131750.0,0.0,-5319250.0,357114500.0,65000.0,24115000.0,53815500.0,0.13912464614867573,29700500.0,0.07678218269715498,0.0,30361000.0,0.07848971730672286,2177250.0,28053250.0,0.0725236870338534,0.073,0.073,383650000,383650000,https://www1.hkexnews.hk/search/titlesearch.xhtml,https://www1.hkexnews.hk/search/titlesearch.xhtml,1620585084,14:31:24,20210509
31,2011-01-31,1120.HK,HKD,2011-01-31,2011-01-31,Q1,386815000.0,302519250.0,84295750.0,0.21792265036257644,0.0,51782750.0,8131750.0,0.0,-5319250.0,357114500.0,65000.0,24115000.0,53815500.0,0.13912464614867573,29700500.0,0.07678218269715498,0.0,30361000.0,0.07848971730672286,2177250.0,28053250.0,0.0725236870338534,0.073,0.073,383650000,383650000,https://www1.hkexnews.hk/search/titlesearch.xhtml,https://www1.hkexnews.hk/search/titlesearch.xhtml,1620585084,14:31:24,20210509
32,2010-09-30,1120.HK,HKD,2010-09-30,2010-09-30,Q3,340256500.0,258133250.0,82123250.0,0.24135688811235054,0.0,45129750.0,5542500.0,0.0,-4021750.0,304783750.0,99500.0,24519750.0,59992500.0,0.17631551491301414,35472750.0,0.10425296798150807,0.0,35373250.0,0.10396054153263788,3993000.0,31182250.0,0.09164336316866835,0.08125,0.08125,383650000,383650000,https://www1.hkexnews.hk/search/titlesearch.xhtml,https://www1.hkexnews.hk/search/titlesearch.xhtml,1620585084,14:31:24,20210509
33,2010-06-30,1120.HK,HKD,2010-06-30,2010-06-30,Q2,340256500.0,258133250.0,82123250.0,0.24135688811235054,0.0,45129750.0,5542500.0,0.0,-4021750.0,304783750.0,99500.0,24519750.0,59992500.0,0.17631551491301414,35472750.0,0.10425296798150807,0.0,35373250.0,0.10396054153263788,3993000.0,31182250.0,0.09164336316866835,0.08125,0.08125,383650000,383650000,https://www1.hkexnews.hk/search/titlesearch.xhtml,https://www1.hkexnews.hk/search/titlesearch.xhtml,1620585084,14:31:24,20210509
34,2010-03-31,1120.HK,HKD,2010-03-31,2010-03-31,Q1,340256500.0,258133250.0,82123250.0,0.24135688811235054,0.0,45129750.0,5542500.0,0.0,-4021750.0,304783750.0,99500.0,24519750.0,59992500.0,0.17631551491301414,35472750.0,0.10425296798150807,0.0,35373250.0,0.10396054153263788,3993000.0,31182250.0,0.09164336316866835,0.08125,0.08125,383650000,383650000,https://www1.hkexnews.hk/search/titlesearch.xhtml,https://www1.hkexnews.hk/search/titlesearch.xhtml,1620585084,14:31:24,20210509
35,2010-01-31,1120.HK,HKD,2010-01-31,2010-01-31,Q1,340256500.0,258133250.0,82123250.0,0.24135688811235054,0.0,45129750.0,5542500.0,0.0,-4021750.0,304783750.0,99500.0,24519750.0,59992500.0,0.17631551491301414,35472750.0,0.10425296798150807,0.0,35373250.0,0.10396054153263788,3993000.0,31182250.0,0.09164336316866835,0.08125,0.08125,383650000,383650000,https://www1.hkexnews.hk/search/titlesearch.xhtml,https://www1.hkexnews.hk/search/titlesearch.xhtml,1620585084,14:31:24,20210509
36,2009-09-30,1120.HK,HKD,2009-09-30,2009-09-30,Q3,292442000.0,219845250.0,72596750.0,0.2482432413948749,0.0,39267250.0,5942500.0,0.0,-5561750.0,259493250.0,207750.0,23936000.0,56884750.0,0.19451634854090727,32948750.0,0.11266764007905841,0.0,33117000.0,0.11324296783635729,2448250.0,30584000.0,0.10458142127327812,0.07975,0.07975,383650000,383650000,https://www1.hkexnews.hk/search/titlesearch.xhtml,https://www1.hkexnews.hk/search/titlesearch.xhtml,1620585084,14:31:24,20210509
37,2009-06-30,1120.HK,HKD,2009-06-30,2009-06-30,Q2,292442000.0,219845250.0,72596750.0,0.2482432413948749,0.0,39267250.0,5942500.0,0.0,-5561750.0,259493250.0,207750.0,23936000.0,56884750.0,0.19451634854090727,32948750.0,0.11266764007905841,0.0,33117000.0,0.11324296783635729,2448250.0,30584000.0,0.10458142127327812,0.07975,0.07975,383650000,383650000,https://www1.hkexnews.hk/search/titlesearch.xhtml,https://www1.hkexnews.hk/search/titlesearch.xhtml,1620585084,14:31:24,20210509
38,2009-03-31,1120.HK,HKD,2009-03-31,2009-03-31,Q1,292442000.0,219845250.0,72596750.0,0.2482432413948749,0.0,39267250.0,5942500.0,0.0,-5561750.0,259493250.0,207750.0,23936000.0,56884750.0,0.19451634854090727,32948750.0,0.11266764007905841,0.0,33117000.0,0.11324296783635729,2448250.0,30584000.0,0.10458142127327812,0.07975,0.07975,383650000,383650000,https://www1.hkexnews.hk/search/titlesearch.xhtml,https://www1.hkexnews.hk/search/titlesearch.xhtml,1620585084,14:31:24,20210509
39,2009-01-31,1120.HK,HKD,2009-01-31,2009-01-31,Q1,292442000.0,219845250.0,72596750.0,0.2482432413948749,0.0,39267250.0,5942500.0,0.0,-5561750.0,259493250.0,207750.0,23936000.0,56884750.0,0.19451634854090727,32948750.0,0.11266764007905841,0.0,33117000.0,0.11324296783635729,2448250.0,30584000.0,0.10458142127327812,0.07975,0.07975,383650000,383650000,https://www1.hkexnews.hk/search/titlesearch.xhtml,https://www1.hkexnews.hk/search/titlesearch.xhtml,1620585084,14:31:24,20210509
40,2008-09-30,1120.HK,HKD,2008-09-30,2008-09-30,Q3,352550500.0,271289250.0,81261250.0,0.23049534747504258,0.0,39959500.0,12661500.0,0.0,-8036750.0,315873500.0,398000.0,20470500.0,57147500.0,0.16209734491938035,36677000.0,0.10403332288565752,0.0,36279000.0,0.10290440660274201,3360250.0,32838500.0,0.0931455209962828,0.0855,0.0855,383650000,383650000,https://www1.hkexnews.hk/search/titlesearch.xhtml,https://www1.hkexnews.hk/search/titlesearch.xhtml,1620585084,14:31:24,20210509
41,2008-06-30,1120.HK,HKD,2008-06-30,2008-06-30,Q2,352550500.0,271289250.0,81261250.0,0.23049534747504258,0.0,39959500.0,12661500.0,0.0,-8036750.0,315873500.0,398000.0,20470500.0,57147500.0,0.16209734491938035,36677000.0,0.10403332288565752,0.0,36279000.0,0.10290440660274201,3360250.0,32838500.0,0.0931455209962828,0.0855,0.0855,383650000,383650000,https://www1.hkexnews.hk/search/titlesearch.xhtml,https://www1.hkexnews.hk/search/titlesearch.xhtml,1620585084,14:31:24,20210509
42,2008-03-31,1120.HK,HKD,2008-03-31,2008-03-31,Q1,352550500.0,271289250.0,81261250.0,0.23049534747504258,0.0,39959500.0,12661500.0,0.0,-8036750.0,315873500.0,398000.0,20470500.0,57147500.0,0.16209734491938035,36677000.0,0.10403332288565752,0.0,36279000.0,0.10290440660274201,3360250.0,32838500.0,0.0931455209962828,0.0855,0.0855,383650000,383650000,https://www1.hkexnews.hk/search/titlesearch.xhtml,https://www1.hkexnews.hk/search/titlesearch.xhtml,1620585084,14:31:24,20210509
43,2008-01-31,1120.HK,HKD,2008-01-31,2008-01-31,Q1,352550500.0,271289250.0,81261250.0,0.23049534747504258,0.0,39959500.0,12661500.0,0.0,-8036750.0,315873500.0,398000.0,20470500.0,57147500.0,0.16209734491938035,36677000.0,0.10403332288565752,0.0,36279000.0,0.10290440660274201,3360250.0,32838500.0,0.0931455209962828,0.0855,0.0855,383650000,383650000,https://www1.hkexnews.hk/search/titlesearch.xhtml,https://www1.hkexnews.hk/search/titlesearch.xhtml,1620585084,14:31:24,20210509
44,2007-09-30,1120.HK,HKD,2007-09-30,2007-09-30,Q3,323553750.0,231378500.0,92175250.0,0.2848838871439444,0.0,35177500.0,12200750.0,0.0,540250.0,279297000.0,0.0,17242000.0,61498750.0,0.1900727468001839,44256750.0,0.13678330107439646,0.0,50457750.0,0.15594858659496297,4134750.0,46323000.0,0.14316941157381116,0.12,0.12,383452083,383452083,https://www1.hkexnews.hk/search/titlesearch.xhtml,https://www1.hkexnews.hk/search/titlesearch.xhtml,1620585084,14:31:24,20210509
45,2007-06-30,1120.HK,HKD,2007-06-30,2007-06-30,Q2,323553750.0,231378500.0,92175250.0,0.2848838871439444,0.0,35177500.0,12200750.0,0.0,540250.0,279297000.0,0.0,17242000.0,61498750.0,0.1900727468001839,44256750.0,0.13678330107439646,0.0,50457750.0,0.15594858659496297,4134750.0,46323000.0,0.14316941157381116,0.12,0.12,383452083,383452083,https://www1.hkexnews.hk/search/titlesearch.xhtml,https://www1.hkexnews.hk/search/titlesearch.xhtml,1620585084,14:31:24,20210509
46,2007-03-31,1120.HK,HKD,2007-03-31,2007-03-31,Q1,323553750.0,231378500.0,92175250.0,0.2848838871439444,0.0,35177500.0,12200750.0,0.0,540250.0,279297000.0,0.0,17242000.0,61498750.0,0.1900727468001839,44256750.0,0.13678330107439646,0.0,50457750.0,0.15594858659496297,4134750.0,46323000.0,0.14316941157381116,0.12,0.12,383452083,383452083,https://www1.hkexnews.hk/search/titlesearch.xhtml,https://www1.hkexnews.hk/search/titlesearch.xhtml,1620585084,14:31:24,20210509
47,2007-01-31,1120.HK,HKD,2007-01-31,2007-01-31,Q1,323553750.0,231378500.0,92175250.0,0.2848838871439444,0.0,35177500.0,12200750.0,0.0,540250.0,279297000.0,0.0,17242000.0,61498750.0,0.1900727468001839,44256750.0,0.13678330107439646,0.0,50457750.0,0.15594858659496297,4134750.0,46323000.0,0.14316941157381116,0.12,0.12,383452083,383452083,https://www1.hkexnews.hk/search/titlesearch.xhtml,https://www1.hkexnews.hk/search/titlesearch.xhtml,1620585084,14:31:24,20210509
48,2006-09-30,1120.HK,HKD,2006-09-30,2006-09-30,Q3,274740000.0,195832500.0,78907500.0,0.2872079056562568,0.0,28149250.0,0.0,0.0,16156750.0,240138500.0,0.0,14132750.0,48734250.0,0.17738316226250272,34601500.0,0.12594270947077238,0.0,45261250.0,0.16474211982237752,4419000.0,40842250.0,0.14865782194074398,0.1085,0.1085,383601382,383601382,https://www1.hkexnews.hk/search/titlesearch.xhtml,https://www1.hkexnews.hk/search/titlesearch.xhtml,1620585084,14:31:24,20210509
49,2006-06-30,1120.HK,HKD,2006-06-30,2006-06-30,Q2,274740000.0,195832500.0,78907500.0,0.2872079056562568,0.0,28149250.0,0.0,0.0,16156750.0,240138500.0,0.0,14132750.0,48734250.0,0.17738316226250272,34601500.0,0.12594270947077238,0.0,45261250.0,0.16474211982237752,4419000.0,40842250.0,0.14865782194074398,0.1085,0.1085,383601382,383601382,https://www1.hkexnews.hk/search/titlesearch.xhtml,https://www1.hkexnews.hk/search/titlesearch.xhtml,1620585084,14:31:24,20210509
50,2006-03-31,1120.HK,HKD,2006-03-31,2006-03-31,Q1,274740000.0,195832500.0,78907500.0,0.2872079056562568,0.0,28149250.0,0.0,0.0,16156750.0,240138500.0,0.0,14132750.0,48734250.0,0.17738316226250272,34601500.0,0.12594270947077238,0.0,45261250.0,0.16474211982237752,4419000.0,40842250.0,0.14865782194074398,0.1085,0.1085,383601382,383601382,https://www1.hkexnews.hk/search/titlesearch.xhtml,https://www1.hkexnews.hk/search/titlesearch.xhtml,1620585084,14:31:24,20210509
51,2006-01-31,1120.HK,HKD,2006-01-31,2006-01-31,Q1,274740000.0,195832500.0,78907500.0,0.2872079056562568,0.0,28149250.0,0.0,0.0,16156750.0,240138500.0,0.0,14132750.0,48734250.0,0.17738316226250272,34601500.0,0.12594270947077238,0.0,45261250.0,0.16474211982237752,4419000.0,40842250.0,0.14865782194074398,0.1085,0.1085,383601382,383601382,https://www1.hkexnews.hk/search/titlesearch.xhtml,https://www1.hkexnews.hk/search/titlesearch.xhtml,1620585084,14:31:24,20210509
52,2005-09-30,1120.HK,HKD,2005-09-30,2005-09-30,Q3,197906000.0,142388750.0,55517250.0,0.2805233292573242,0.0,22984500.0,0.0,0.0,8820500.0,174193750.0,0.0,12276250.0,35988500.0,0.18184643214455348,23712250.0,0.11981572059462574,0.0,26486250.0,0.13383247602397097,2554250.0,23932000.0,0.12092609622750194,0.063,0.06275,380797619,382314741,https://www1.hkexnews.hk/search/titlesearch.xhtml,https://www1.hkexnews.hk/search/titlesearch.xhtml,1620585084,14:31:24,20210509
53,2005-06-30,1120.HK,HKD,2005-06-30,2005-06-30,Q2,197906000.0,142388750.0,55517250.0,0.2805233292573242,0.0,22984500.0,0.0,0.0,8820500.0,174193750.0,0.0,12276250.0,35988500.0,0.18184643214455348,23712250.0,0.11981572059462574,0.0,26486250.0,0.13383247602397097,2554250.0,23932000.0,0.12092609622750194,0.063,0.06275,380797619,382314741,https://www1.hkexnews.hk/search/titlesearch.xhtml,https://www1.hkexnews.hk/search/titlesearch.xhtml,1620585084,14:31:24,20210509
54,2005-03-31,1120.HK,HKD,2005-03-31,2005-03-31,Q1,197906000.0,142388750.0,55517250.0,0.2805233292573242,0.0,22984500.0,0.0,0.0,8820500.0,174193750.0,0.0,12276250.0,35988500.0,0.18184643214455348,23712250.0,0.11981572059462574,0.0,26486250.0,0.13383247602397097,2554250.0,23932000.0,0.12092609622750194,0.063,0.06275,380797619,382314741,https://www1.hkexnews.hk/search/titlesearch.xhtml,https://www1.hkexnews.hk/search/titlesearch.xhtml,1620585084,14:31:24,20210509
55,2005-01-31,1120.HK,HKD,2005-01-31,2005-01-31,Q1,197906000.0,142388750.0,55517250.0,0.2805233292573242,0.0,22984500.0,0.0,0.0,8820500.0,174193750.0,0.0,12276250.0,35988500.0,0.18184643214455348,23712250.0,0.11981572059462574,0.0,26486250.0,0.13383247602397097,2554250.0,23932000.0,0.12092609622750194,0.063,0.06275,380797619,382314741,https://www1.hkexnews.hk/search/titlesearch.xhtml,https://www1.hkexnews.hk/search/titlesearch.xhtml,1620585084,14:31:24,20210509
56,2004-09-30,1120.HK,HKD,2004-09-30,2004-09-30,Q3,171239750.0,114249000.0,56990750.0,0.332812620901397,0.0,21026250.0,0.0,0.0,10432750.0,145708000.0,0.0,11980500.0,37512250.0,0.21906274682134258,25531750.0,0.14909943514867313,0.0,27976000.0,0.16337328219645264,2276000.0,25700000.0,0.15008197570949502,0.06775,0.067,378036900,382268657,https://www1.hkexnews.hk/search/titlesearch.xhtml,https://www1.hkexnews.hk/search/titlesearch.xhtml,1620585084,14:31:24,20210509
57,2004-06-30,1120.HK,HKD,2004-06-30,2004-06-30,Q2,171239750.0,114249000.0,56990750.0,0.332812620901397,0.0,21026250.0,0.0,0.0,10432750.0,145708000.0,0.0,11980500.0,37512250.0,0.21906274682134258,25531750.0,0.14909943514867313,0.0,27976000.0,0.16337328219645264,2276000.0,25700000.0,0.15008197570949502,0.06775,0.067,378036900,382268657,https://www1.hkexnews.hk/search/titlesearch.xhtml,https://www1.hkexnews.hk/search/titlesearch.xhtml,1620585084,14:31:24,20210509
58,2004-03-31,1120.HK,HKD,2004-03-31,2004-03-31,Q1,171239750.0,114249000.0,56990750.0,0.332812620901397,0.0,21026250.0,0.0,0.0,10432750.0,145708000.0,0.0,11980500.0,37512250.0,0.21906274682134258,25531750.0,0.14909943514867313,0.0,27976000.0,0.16337328219645264,2276000.0,25700000.0,0.15008197570949502,0.06775,0.067,378036900,382268657,https://www1.hkexnews.hk/search/titlesearch.xhtml,https://www1.hkexnews.hk/search/titlesearch.xhtml,1620585084,14:31:24,20210509
59,2004-01-31,1120.HK,HKD,2004-01-31,2004-01-31,Q1,171239750.0,114249000.0,56990750.0,0.332812620901397,0.0,21026250.0,0.0,0.0,10432750.0,145708000.0,0.0,11980500.0,37512250.0,0.21906274682134258,25531750.0,0.14909943514867313,0.0,27976000.0,0.16337328219645264,2276000.0,25700000.0,0.15008197570949502,0.06775,0.067,378036900,382268657,https://www1.hkexnews.hk/search/titlesearch.xhtml,https://www1.hkexnews.hk/search/titlesearch.xhtml,1620585084,14:31:24,20210509
60,2003-09-30,1120.HK,HKD,2003-09-30,2003-09-30,Q3,129852750.0,85858250.0,43994500.0,0.33880299031017824,0.0,14583000.0,0.0,0.0,8393750.0,108835000.0,0.0,11301500.0,32319250.0,0.2488915329093916,21017750.0,0.16185833569177396,0.0,22877250.0,0.17617840207465765,2386000.0,20584750.0,0.15852378944612264,0.05475,0.054,375977169,381199074,https://www1.hkexnews.hk/search/titlesearch.xhtml,https://www1.hkexnews.hk/search/titlesearch.xhtml,1620585084,14:31:24,20210509
61,2003-06-30,1120.HK,HKD,2003-06-30,2003-06-30,Q2,129852750.0,85858250.0,43994500.0,0.33880299031017824,0.0,14583000.0,0.0,0.0,8393750.0,108835000.0,0.0,11301500.0,32319250.0,0.2488915329093916,21017750.0,0.16185833569177396,0.0,22877250.0,0.17617840207465765,2386000.0,20584750.0,0.15852378944612264,0.05475,0.054,375977169,381199074,https://www1.hkexnews.hk/search/titlesearch.xhtml,https://www1.hkexnews.hk/search/titlesearch.xhtml,1620585084,14:31:24,20210509
62,2003-03-31,1120.HK,HKD,2003-03-31,2003-03-31,Q1,129852750.0,85858250.0,43994500.0,0.33880299031017824,0.0,14583000.0,0.0,0.0,8393750.0,108835000.0,0.0,11301500.0,32319250.0,0.2488915329093916,21017750.0,0.16185833569177396,0.0,22877250.0,0.17617840207465765,2386000.0,20584750.0,0.15852378944612264,0.05475,0.054,375977169,381199074,https://www1.hkexnews.hk/search/titlesearch.xhtml,https://www1.hkexnews.hk/search/titlesearch.xhtml,1620585084,14:31:24,20210509
63,2003-01-31,1120.HK,HKD,2003-01-31,2003-01-31,Q1,129852750.0,85858250.0,43994500.0,0.33880299031017824,0.0,14583000.0,0.0,0.0,8393750.0,108835000.0,0.0,11301500.0,32319250.0,0.2488915329093916,21017750.0,0.16185833569177396,0.0,22877250.0,0.17617840207465765,2386000.0,20584750.0,0.15852378944612264,0.05475,0.054,375977169,381199074,https://www1.hkexnews.hk/search/titlesearch.xhtml,https://www1.hkexnews.hk/search/titlesearch.xhtml,1620585084,14:31:24,20210509
64,2002-09-30,1120.HK,HKD,2002-09-30,2002-09-30,Q3,150629500.0,95853250.0,54776250.0,0.36364888683823554,0.0,16019750.0,0.0,0.0,11796750.0,123669750.0,0.0,11600500.0,38560250.0,0.2559940117971579,26959750.0,0.17898054497956908,0.0,29448750.0,0.19550453264466788,3357000.0,26417750.0,0.17538231222967612,0.071,0.06975,372080986,378749104,https://www1.hkexnews.hk/search/titlesearch.xhtml,https://www1.hkexnews.hk/search/titlesearch.xhtml,1620585084,14:31:24,20210509
65,2002-06-30,1120.HK,HKD,2002-06-30,2002-06-30,Q2,150629500.0,95853250.0,54776250.0,0.36364888683823554,0.0,16019750.0,0.0,0.0,11796750.0,123669750.0,0.0,11600500.0,38560250.0,0.2559940117971579,26959750.0,0.17898054497956908,0.0,29448750.0,0.19550453264466788,3357000.0,26417750.0,0.17538231222967612,0.071,0.06975,372080986,378749104,https://www1.hkexnews.hk/search/titlesearch.xhtml,https://www1.hkexnews.hk/search/titlesearch.xhtml,1620585084,14:31:24,20210509
66,2002-03-31,1120.HK,HKD,2002-03-31,2002-03-31,Q1,150629500.0,95853250.0,54776250.0,0.36364888683823554,0.0,16019750.0,0.0,0.0,11796750.0,123669750.0,0.0,11600500.0,38560250.0,0.2559940117971579,26959750.0,0.17898054497956908,0.0,29448750.0,0.19550453264466788,3357000.0,26417750.0,0.17538231222967612,0.071,0.06975,372080986,378749104,https://www1.hkexnews.hk/search/titlesearch.xhtml,https://www1.hkexnews.hk/search/titlesearch.xhtml,1620585084,14:31:24,20210509
67,2002-01-31,1120.HK,HKD,2002-01-31,2002-01-31,Q1,150629500.0,95853250.0,54776250.0,0.36364888683823554,0.0,16019750.0,0.0,0.0,11796750.0,123669750.0,0.0,11600500.0,38560250.0,0.2559940117971579,26959750.0,0.17898054497956908,0.0,29448750.0,0.19550453264466788,3357000.0,26417750.0,0.17538231222967612,0.071,0.06975,372080986,378749104,https://www1.hkexnews.hk/search/titlesearch.xhtml,https://www1.hkexnews.hk/search/titlesearch.xhtml,1620585084,14:31:24,20210509
68,2001-09-30,1120.HK,HKD,2001-09-30,2001-09-30,Q3,136752900.25,87425587.75,49327312.5,0.36070395881786793,0.0,17059174.75,0.0,0.0,4683868.25,109168630.75,0.0,0.0,27584269.5,4.9576408122752715,27584269.5,0.2017088445625123,0.0,27478447.5,0.20093502550780454,2441566.25,25036881.25,0.1830811719841386,0.073,0.072,350863041,355736139,https://www1.hkexnews.hk/search/titlesearch.xhtml,https://www1.hkexnews.hk/search/titlesearch.xhtml,1620585084,14:31:24,20210509
69,2001-06-30,1120.HK,HKD,2001-06-30,2001-06-30,Q2,136752900.25,87425587.75,49327312.5,0.36070395881786793,0.0,17059174.75,0.0,0.0,4683868.25,109168630.75,0.0,0.0,27584269.5,4.9576408122752715,27584269.5,0.2017088445625123,0.0,27478447.5,0.20093502550780454,2441566.25,25036881.25,0.1830811719841386,0.073,0.072,350863041,355736139,https://www1.hkexnews.hk/search/titlesearch.xhtml,https://www1.hkexnews.hk/search/titlesearch.xhtml,1620585084,14:31:24,20210509
70,2001-03-31,1120.HK,HKD,2001-03-31,2001-03-31,Q1,136752900.25,87425587.75,49327312.5,0.36070395881786793,0.0,17059174.75,0.0,0.0,4683868.25,109168630.75,0.0,0.0,27584269.5,4.9576408122752715,27584269.5,0.2017088445625123,0.0,27478447.5,0.20093502550780454,2441566.25,25036881.25,0.1830811719841386,0.073,0.072,350863041,355736139,https://www1.hkexnews.hk/search/titlesearch.xhtml,https://www1.hkexnews.hk/search/titlesearch.xhtml,1620585084,14:31:24,20210509
71,2001-01-31,1120.HK,HKD,2001-01-31,2001-01-31,Q1,136752900.25,87425587.75,49327312.5,0.36070395881786793,0.0,17059174.75,0.0,0.0,4683868.25,109168630.75,0.0,0.0,27584269.5,4.9576408122752715,27584269.5,0.2017088445625123,0.0,27478447.5,0.20093502550780454,2441566.25,25036881.25,0.1830811719841386,0.073,0.072,350863041,355736139,https://www1.hkexnews.hk/search/titlesearch.xhtml,https://www1.hkexnews.hk/search/titlesearch.xhtml,1620585084,14:31:24,20210509
72,2000-09-30,1120.HK,HKD,2000-09-30,2000-09-30,Q3,150635616.75,93419555.75,57216061.0,0.3798308941434331,0.0,19469177.75,0.0,0.0,5477625.25,118366358.75,0.0,0.0,32269258.0,4.668084303332912,32269258.0,0.2142206384931869,0.0,31694534.75,0.2104053173732566,2454093.0,29240441.75,0.19411373206994223,0.0895,0.0885,339933134,343774186,https://www1.hkexnews.hk/search/titlesearch.xhtml,https://www1.hkexnews.hk/search/titlesearch.xhtml,1620585084,14:31:24,20210509
73,2000-06-30,1120.HK,HKD,2000-06-30,2000-06-30,Q2,150635616.75,93419555.75,57216061.0,0.3798308941434331,0.0,19469177.75,0.0,0.0,5477625.25,118366358.75,0.0,0.0,32269258.0,4.668084303332912,32269258.0,0.2142206384931869,0.0,31694534.75,0.2104053173732566,2454093.0,29240441.75,0.19411373206994223,0.0895,0.0885,339933134,343774186,https://www1.hkexnews.hk/search/titlesearch.xhtml,https://www1.hkexnews.hk/search/titlesearch.xhtml,1620585084,14:31:24,20210509
74,2000-03-31,1120.HK,HKD,2000-03-31,2000-03-31,Q1,150635616.75,93419555.75,57216061.0,0.3798308941434331,0.0,19469177.75,0.0,0.0,5477625.25,118366358.75,0.0,0.0,32269258.0,4.668084303332912,32269258.0,0.2142206384931869,0.0,31694534.75,0.2104053173732566,2454093.0,29240441.75,0.19411373206994223,0.0895,0.0885,339933134,343774186,https://www1.hkexnews.hk/search/titlesearch.xhtml,https://www1.hkexnews.hk/search/titlesearch.xhtml,1620585084,14:31:24,20210509
75,2000-01-31,1120.HK,HKD,2000-01-31,2000-01-31,Q1,150635616.75,93419555.75,57216061.0,0.3798308941434331,0.0,19469177.75,0.0,0.0,5477625.25,118366358.75,0.0,0.0,32269258.0,4.668084303332912,32269258.0,0.2142206384931869,0.0,31694534.75,0.2104053173732566,2454093.0,29240441.75,0.19411373206994223,0.0895,0.0885,339933134,343774186,https://www1.hkexnews.hk/search/titlesearch.xhtml,https://www1.hkexnews.hk/search/titlesearch.xhtml,1620585084,14:31:24,20210509
76,1999-09-30,1120.HK,HKD,1999-09-30,1999-09-30,Q3,117451527.75,74407447.75,43044080.0,0.3664837812209727,0.0,14721529.0,0.0,0.0,6063789.0,95192765.75,0.0,0.0,22258762.0,5.276642418387869,22258762.0,0.18951445269727452,0.0,21784269.75,0.18547455420391498,1662698.25,20121571.5,0.17131809083683885,0.05975,0.05975,337599883,337599883,https://www1.hkexnews.hk/search/titlesearch.xhtml,https://www1.hkexnews.hk/search/titlesearch.xhtml,1620585084,14:31:24,20210509
77,1999-06-30,1120.HK,HKD,1999-06-30,1999-06-30,Q2,117451527.75,74407447.75,43044080.0,0.3664837812209727,0.0,14721529.0,0.0,0.0,6063789.0,95192765.75,0.0,0.0,22258762.0,5.276642418387869,22258762.0,0.18951445269727452,0.0,21784269.75,0.18547455420391498,1662698.25,20121571.5,0.17131809083683885,0.05975,0.05975,337599883,337599883,https://www1.hkexnews.hk/search/titlesearch.xhtml,https://www1.hkexnews.hk/search/titlesearch.xhtml,1620585084,14:31:24,20210509
78,1999-03-31,1120.HK,HKD,1999-03-31,1999-03-31,Q1,117451527.75,74407447.75,43044080.0,0.3664837812209727,0.0,14721529.0,0.0,0.0,6063789.0,95192765.75,0.0,0.0,22258762.0,5.276642418387869,22258762.0,0.18951445269727452,0.0,21784269.75,0.18547455420391498,1662698.25,20121571.5,0.17131809083683885,0.05975,0.05975,337599883,337599883,https://www1.hkexnews.hk/search/titlesearch.xhtml,https://www1.hkexnews.hk/search/titlesearch.xhtml,1620585084,14:31:24,20210509
79,1999-01-31,1120.HK,HKD,1999-01-31,1999-01-31,Q1,117451527.75,74407447.75,43044080.0,0.3664837812209727,0.0,14721529.0,0.0,0.0,6063789.0,95192765.75,0.0,0.0,22258762.0,5.276642418387869,22258762.0,0.18951445269727452,0.0,21784269.75,0.18547455420391498,1662698.25,20121571.5,0.17131809083683885,0.05975,0.05975,337599883,337599883,https://www1.hkexnews.hk/search/titlesearch.xhtml,https://www1.hkexnews.hk/search/titlesearch.xhtml,1620585084,14:31:24,20210509
80,1998-09-30,1120.HK,HKD,1998-09-30,1998-09-30,Q3,102205778.25,68748807.0,33456971.25,0.3273491168783307,0.0,11414977.5,0.0,0.0,4230999.25,84394783.75,0.0,0.0,17810994.5,5.738353254221711,17810994.5,0.17426602296822685,0.0,17343640.5,0.16969334608046,1299890.75,16043749.75,0.1569749775864556,0.0475,0.0475,337763153,337763153,https://www1.hkexnews.hk/search/titlesearch.xhtml,https://www1.hkexnews.hk/search/titlesearch.xhtml,1620585084,14:31:24,20210509
81,1998-06-30,1120.HK,HKD,1998-06-30,1998-06-30,Q2,102205778.25,68748807.0,33456971.25,0.3273491168783307,0.0,11414977.5,0.0,0.0,4230999.25,84394783.75,0.0,0.0,17810994.5,5.738353254221711,17810994.5,0.17426602296822685,0.0,17343640.5,0.16969334608046,1299890.75,16043749.75,0.1569749775864556,0.0475,0.0475,337763153,337763153,https://www1.hkexnews.hk/search/titlesearch.xhtml,https://www1.hkexnews.hk/search/titlesearch.xhtml,1620585084,14:31:24,20210509
82,1998-03-31,1120.HK,HKD,1998-03-31,1998-03-31,Q1,102205778.25,68748807.0,33456971.25,0.3273491168783307,0.0,11414977.5,0.0,0.0,4230999.25,84394783.75,0.0,0.0,17810994.5,5.738353254221711,17810994.5,0.17426602296822685,0.0,17343640.5,0.16969334608046,1299890.75,16043749.75,0.1569749775864556,0.0475,0.0475,337763153,337763153,https://www1.hkexnews.hk/search/titlesearch.xhtml,https://www1.hkexnews.hk/search/titlesearch.xhtml,1620585084,14:31:24,20210509
83,1998-01-31,1120.HK,HKD,1998-01-31,1998-01-31,Q1,102205778.25,68748807.0,33456971.25,0.3273491168783307,0.0,11414977.5,0.0,0.0,4230999.25,84394783.75,0.0,0.0,17810994.5,5.738353254221711,17810994.5,0.17426602296822685,0.0,17343640.5,0.16969334608046,1299890.75,16043749.75,0.1569749775864556,0.0475,0.0475,337763153,337763153,https://www1.hkexnews.hk/search/titlesearch.xhtml,https://www1.hkexnews.hk/search/titlesearch.xhtml,1620585084,14:31:24,20210509
