,date,symbol,reportedCurrency,fillingDate,acceptedDate,period,revenue,costOfRevenue,grossProfit,grossProfitRatio,researchAndDevelopmentExpenses,generalAndAdministrativeExpenses,sellingAndMarketingExpenses,otherExpenses,operatingExpenses,costAndExpenses,interestExpense,depreciationAndAmortization,ebitda,ebitdaratio,operatingIncome,operatingIncomeRatio,totalOtherIncomeExpensesNet,incomeBeforeTax,incomeBeforeTaxRatio,incomeTaxExpense,netIncome,netIncomeRatio,eps,epsdiluted,weightedAverageShsOut,weightedAverageShsOutDil,link,finalLink,timestamp,est_time,est_date
0,2020-12-31,BLFS,USD,2021-03-31,2020-12-31,Q4,14726000.0,6753000.0,7973000.0,0.5414233328806193,1854000.0,4691000.0,1883000.0,-1000.0,9354000.0,16107000.0,0.0,0.0,3563000.0,0.24195300828466657,-1381000.0,-0.0937797093575988,-4012000.0,-5393000.0,-0.36622300692652454,-3264000.0,-2129000.0,-0.1445742224636697,-0.06,-0.06,32960437.0,32960437.0,https://www.sec.gov/Archives/edgar/data/834365/000143774921007867/0001437749-21-007867-index.htm,https://www.sec.gov/Archives/edgar/data/834365/000143774921007867/bioli20201231_10k.htm,1620589455,15:44:15,20210509
1,2020-09-30,BLFS,USD,2020-11-09,2020-11-09 16:41:55,Q3,11279000.0,4826000.0,6453000.0,0.5721251884032272,1725000.0,3503000.0,1588000.0,-5000.0,7522000.0,12348000.0,3000.0,1187000.0,118000.0,0.010461920383012678,-1069000.0,-0.09477790584271656,-77000.0,-1133000.0,-0.1004521677453675,0.0,-1133000.0,-0.1004521677453675,-0.04,-0.04,31639420.0,31639420.0,https://www.sec.gov/Archives/edgar/data/834365/000143774920023238/0001437749-20-023238-index.htm,https://www.sec.gov/Archives/edgar/data/834365/000143774920023238/bioli20200930_10q.htm,1620589455,15:44:15,20210509
2,2020-06-30,BLFS,USD,2020-08-10,2020-08-10 16:49:12,Q2,9920000.0,4499000.0,5421000.0,0.5464717741935484,1477000.0,3278000.0,1366000.0,18000.0,6827000.0,11326000.0,0.0,1266000.0,-140000.0,-0.014112903225806451,-1406000.0,-0.14173387096774193,-14992000.0,-16380000.0,-1.6512096774193548,0.0,-16380000.0,-1.6512096774193548,-0.7,-0.7,23292635.0,23292635.0,https://www.sec.gov/Archives/edgar/data/834365/000143774920017354/0001437749-20-017354-index.htm,https://www.sec.gov/Archives/edgar/data/834365/000143774920017354/bioli20200630_10q.htm,1620589455,15:44:15,20210509
3,2020-03-31,BLFS,USD,2020-05-29,2020-05-15 17:22:32,Q1,12162000.0,4568000.0,7594000.0,0.6244038809406348,1663000.0,3135000.0,1576000.0,-4000.0,7062000.0,11630000.0,1000.0,1101000.0,1633000.0,0.13427067916461108,532000.0,0.04374280545962835,21748000.0,22308000.0,1.8342377898371978,0.0,22308000.0,1.8342377898371978,0.87,-0.01,21010817.0,21010817.0,https://www.sec.gov/Archives/edgar/data/834365/000143774920012049/0001437749-20-012049-index.htm,https://www.sec.gov/Archives/edgar/data/834365/000143774920011046/bioli20191231_10k.htm,1620589455,15:44:15,20210509
4,2019-12-31,BLFS,USD,2020-05-15,2020-05-15 17:22:32,Q4,8296000.0,3070000.0,5226000.0,0.6299421407907425,748000.0,2314000.0,1666000.0,89000.0,5807000.0,8877000.0,0.0,959000.0,378000.0,0.04556412729026037,-581000.0,-0.07003375120540019,-13287000.0,-13779000.0,-1.660920925747348,-1541000.0,-12238000.0,-1.475168756027001,-0.5936926342915468,-0.5345628424311156,20613360.0,22893473.0,https://www.sec.gov/Archives/edgar/data/834365/000143774920011046/0001437749-20-011046-index.htm,https://www.sec.gov/Archives/edgar/data/834365/000143774920011046/bioli20191231_10k.htm,1620589455,15:44:15,20210509
5,2019-09-30,BLFS,USD,2019-11-12,2019-11-12 16:16:23,Q3,6604000.0,2084000.0,4520000.0,0.6844336765596608,1309000.0,2258000.0,1259000.0,0.0,4826000.0,6910000.0,1000.0,525000.0,219000.0,0.033161720169594185,-306000.0,-0.04633555420956996,9513000.0,9316000.0,1.4106602059357964,0.0,9316000.0,1.4106602059357964,0.47,0.37,19735364.0,25343112.0,https://www.sec.gov/Archives/edgar/data/834365/000143774919022475/0001437749-19-022475-index.htm,https://www.sec.gov/Archives/edgar/data/834365/000143774919022475/bioli20190930_10q.htm,1620589455,15:44:15,20210509
6,2019-06-30,BLFS,USD,2019-08-09,2019-08-09 16:07:38,Q2,6701000.0,1958000.0,4743000.0,0.7078048052529473,739000.0,2118000.0,928000.0,0.0,3785000.0,5743000.0,1000.0,215000.0,1173000.0,0.1750485002238472,958000.0,0.14296373675570812,-256000.0,838000.0,0.12505596179674675,0.0,838000.0,0.12505596179674675,0.04,0.03,18819459.0,24539299.0,https://www.sec.gov/Archives/edgar/data/834365/000143774919016237/0001437749-19-016237-index.htm,https://www.sec.gov/Archives/edgar/data/834365/000143774919016237/bioli20190630_10q.htm,1620589455,15:44:15,20210509
7,2019-03-31,BLFS,USD,2019-05-09,2019-05-09 17:16:23,Q1,5770000.0,1647000.0,4123000.0,0.7145580589254766,372000.0,2204000.0,848000.0,0.0,3424000.0,5071000.0,3000.0,98000.0,797000.0,0.13812824956672443,699000.0,0.12114384748700173,-440000.0,427000.0,0.07400346620450607,0.0,427000.0,0.07400346620450607,0.022897410431577576,0.017529833045787965,18648397.0,24358475.0,https://www.sec.gov/Archives/edgar/data/834365/000143774919009331/0001437749-19-009331-index.htm,https://www.sec.gov/Archives/edgar/data/834365/000143774919004980/bioli20181231b_10k.htm,1620589455,15:44:15,20210509
8,2018-12-31,BLFS,USD,2019-03-15,2019-03-15 07:39:44,Q4,5456189.0,1710089.0,3746100.0,0.6865781225687013,314934.0,1751526.0,637129.0,159000.0,2703589.0,4413678.0,1455.0,93073.0,1135584.0,0.20812768765891357,1042511.0,0.1910694442586208,-308757.0,892571.0,0.16358872465744864,0.0,892571.0,0.16358872465744864,0.05,0.04,18415000.0,23725000.0,https://www.sec.gov/Archives/edgar/data/834365/000143774919004980/0001437749-19-004980-index.htm,https://www.sec.gov/Archives/edgar/data/834365/000143774919004980/bioli20181231b_10k.htm,1620589455,15:44:15,20210509
9,2018-09-30,BLFS,USD,2018-11-08,2018-11-08 16:36:06,Q3,5293075.0,1606303.0,3686772.0,0.6965274438771414,312000.0,1454573.0,725201.0,0.0,2491774.0,4098077.0,1313.0,83727.0,1278725.0,0.24158452317414736,1194998.0,0.2257663078645211,-42689.0,1230769.0,0.23252438327437264,0.0,1230769.0,0.23252438327437264,0.07,0.05,17273412.0,23656633.0,https://www.sec.gov/Archives/edgar/data/834365/000143774918020089/0001437749-18-020089-index.htm,https://www.sec.gov/Archives/edgar/data/834365/000143774918020089/bioli20180930_10q.htm,1620589455,15:44:15,20210509
10,2018-06-30,BLFS,USD,2018-08-09,2018-08-09 16:03:02,Q2,5177854.0,1536779.0,3641075.0,0.7032015580199827,324612.0,1390524.0,641168.0,0.0,2356304.0,3893083.0,1332.0,83377.0,1368148.0,0.26423070252656794,1284771.0,0.24812808549642382,-176798.0,1139178.0,0.22000967968583124,0.0,1139178.0,0.22000967968583124,0.07,0.05,15180169.0,20374358.0,https://www.sec.gov/Archives/edgar/data/834365/000143774918015098/0001437749-18-015098-index.htm,https://www.sec.gov/Archives/edgar/data/834365/000143774918015098/bioli20180630_10q.htm,1620589455,15:44:15,20210509
11,2018-03-31,BLFS,USD,2018-05-11,2018-05-11 07:32:01,Q1,3814882.0,1363829.0,2451053.0,0.6424977233896094,346454.0,1353377.0,611502.0,0.0,2311333.0,3675162.0,900.0,77823.0,217543.0,0.05702483065006991,139720.0,0.03662498604150797,-143756.0,3482.0,0.0009127412066742824,0.0,3482.0,0.0009127412066742824,-0.01,-0.01,14098610.0,14098610.0,https://www.sec.gov/Archives/edgar/data/834365/000143774918009522/0001437749-18-009522-index.htm,https://www.sec.gov/Archives/edgar/data/834365/000114420418013727/tv487790_10k.htm,1620589455,15:44:15,20210509
12,2017-12-31,BLFS,USD,2018-03-09,2018-03-09 06:07:12,Q4,3134444.0,1294383.0,1840061.0,0.587045421771772,294964.0,1224018.0,539339.0,-42000.0,2058321.0,3352704.0,1077.0,78787.0,-139473.0,-0.04449688684819381,-218260.0,-0.06963276421591835,-297672.0,-557886.0,-0.17798563317768637,0.0,-557886.0,-0.17798563317768637,-0.05,-0.05,13744000.0,13744000.0,https://www.sec.gov/Archives/edgar/data/834365/000114420418013727/0001144204-18-013727-index.htm,https://www.sec.gov/Archives/edgar/data/834365/000114420418013727/tv487790_10k.htm,1620589455,15:44:15,20210509
13,2017-09-30,BLFS,USD,2017-11-09,2017-11-09 16:26:00,Q3,2963411.0,1095724.0,1867687.0,0.630249060963869,293093.0,1118251.0,488688.0,0.0,1900032.0,2995756.0,1077.0,83644.0,51299.0,0.01731079489142748,-32345.0,-0.01091478704776354,-217735.0,-318718.0,-0.10755106193504714,0.0,-318718.0,-0.10755106193504714,-0.03,-0.03,13238248.0,13238248.0,https://www.sec.gov/Archives/edgar/data/834365/000114420417057759/0001144204-17-057759-index.htm,https://www.sec.gov/Archives/edgar/data/834365/000114420417057759/tv478647_10q.htm,1620589455,15:44:15,20210509
14,2017-06-30,BLFS,USD,2017-08-11,2017-08-11 06:15:37,Q2,2557765.0,956839.0,1600926.0,0.6259081659182919,318607.0,1077067.0,546455.0,0.0,1942129.0,2898968.0,104582.0,86702.0,-254501.0,-0.09950132244361777,-341203.0,-0.13339888535498765,-260105.0,-768212.0,-0.30034502778793204,0.0,-768212.0,-0.30034502778793204,-0.06,-0.06,13100820.0,13100820.0,https://www.sec.gov/Archives/edgar/data/834365/000114420417042202/0001144204-17-042202-index.htm,https://www.sec.gov/Archives/edgar/data/834365/000114420417042202/v472457_10q.htm,1620589455,15:44:15,20210509
15,2017-03-31,BLFS,USD,2017-05-12,2017-05-12 09:01:25,Q1,2366201.0,928402.0,1437799.0,0.6076402638660029,286751.0,1103143.0,511944.0,0.0,1901838.0,2830240.0,83333.0,89549.0,-374490.0,-0.15826635184415863,-464039.0,-0.1961114038917235,-229368.0,-870290.0,-0.3678005376550851,0.0,-870290.0,-0.3678005376550851,-0.07,-0.07,12964639.0,12964639.0,https://www.sec.gov/Archives/edgar/data/834365/000114420417026646/0001144204-17-026646-index.htm,https://www.sec.gov/Archives/edgar/data/834365/000114420417014799/v461283_10k.htm,1620589455,15:44:15,20210509
16,2016-12-31,BLFS,USD,2017-03-15,2017-03-15 17:23:44,Q4,2249790.0,883519.0,1366271.0,0.6072882357908961,428321.0,954902.0,610406.0,-152000.0,1993629.0,2877148.0,58333.0,91756.0,-535602.0,-0.2380675529716107,-627358.0,-0.27885180394614606,-2785910.0,-3565172.0,-1.584668791309411,0.0,-3323534.0,-1.477264100204908,-0.26,-0.26,12798000.0,12798000.0,https://www.sec.gov/Archives/edgar/data/834365/000114420417014799/0001144204-17-014799-index.htm,https://www.sec.gov/Archives/edgar/data/834365/000114420417014799/v461283_10k.htm,1620589455,15:44:15,20210509
17,2016-09-30,BLFS,USD,2016-11-10,2016-11-10 17:31:53,Q3,2135197.0,920935.0,1214262.0,0.5686885097721662,496874.0,1039223.0,816025.0,0.0,2352122.0,3273057.0,33334.0,92453.0,-1045407.0,-0.4896068137975091,-1137860.0,-0.5329063313595889,-1213.0,-1265975.0,-0.5929078206835248,0.0,-969001.0,-0.4538227620214903,-0.08,-0.08,12699419.0,12699419.0,https://www.sec.gov/Archives/edgar/data/834365/000114420416133416/0001144204-16-133416-index.htm,https://www.sec.gov/Archives/edgar/data/834365/000114420416133416/v452485_10q.htm,1620589455,15:44:15,20210509
18,2016-06-30,BLFS,USD,2016-08-11,2016-08-11 17:16:48,Q2,1989988.0,872835.0,1117153.0,0.5613868023324764,599031.0,1262818.0,849193.0,0.0,2711042.0,3583877.0,8333.0,92102.0,-1501787.0,-0.7546713849530751,-1593889.0,-0.8009540761049815,0.0,-1719712.0,-0.8641820955704256,0.0,-1356083.0,-0.6814528529820281,-0.11,-0.11,12568041.0,12568041.0,https://www.sec.gov/Archives/edgar/data/834365/000114420416118414/0001144204-16-118414-index.htm,https://www.sec.gov/Archives/edgar/data/834365/000114420416118414/v445671_10q.htm,1620589455,15:44:15,20210509
19,2016-03-31,BLFS,USD,2016-05-16,2016-05-16 16:01:45,Q1,1852017.0,771005.0,1081012.0,0.5836944261310776,504239.0,1335292.0,733913.0,0.0,2573444.0,3344449.0,0.0,91791.0,-1400641.0,-0.756278695065974,-1492432.0,-0.8058414150626048,0.0,-1490513.0,-0.8048052474680308,0.0,-1226828.0,-0.6624280446669766,-0.1,-0.1,12457858.0,12457858.0,https://www.sec.gov/Archives/edgar/data/834365/000114420416102533/0001144204-16-102533-index.htm,https://www.sec.gov/Archives/edgar/data/834365/000135448816006364/blfs_10k.htm,1620589455,15:44:15,20210509
20,2015-12-31,BLFS,USD,2016-02-25,2016-02-25 16:09:27,Q4,1819503.0,679948.0,1139555.0,0.6263001489967315,425781.0,1354123.0,763953.0,0.0,2543857.0,3223805.0,0.0,87670.0,-1316632.0,-0.7236217802333934,-1404302.0,-0.7718052677022241,0.0,-1400997.0,-0.7699888376111499,0.0,-1119387.0,-0.6152158034364329,-0.09,-0.09,12304540.0,12304540.0,https://www.sec.gov/Archives/edgar/data/834365/000135448816006364/0001354488-16-006364-index.htm,https://www.sec.gov/Archives/edgar/data/834365/000135448816006364/blfs_10k.htm,1620589455,15:44:15,20210509
21,2015-09-30,BLFS,USD,2015-11-12,2015-11-12 16:06:28,Q3,1631926.0,658542.0,973384.0,0.5964633200279915,329527.0,1263272.0,677033.0,0.0,2269832.0,2928374.0,0.0,86821.0,-1209627.0,-0.7412266242464426,-1296448.0,-0.7944281787286923,0.0,-1291719.0,-0.7915303757645874,0.0,-1068688.0,-0.6548630268774442,-0.09,-0.09,12157575.0,12157575.0,https://www.sec.gov/Archives/edgar/data/834365/000135448815004980/0001354488-15-004980-index.htm,https://www.sec.gov/Archives/edgar/data/834365/000135448815004980/blfs_10q.htm,1620589455,15:44:15,20210509
22,2015-06-30,BLFS,USD,2015-08-06,2015-08-06 16:03:08,Q2,1496759.0,678111.0,818648.0,0.5469471037087467,301334.0,1030701.0,642490.0,0.0,1974525.0,2652636.0,0.0,85081.0,-1070796.0,-0.7154097620258171,-1155877.0,-0.7722532485189666,0.0,-1150395.0,-0.7685906682371711,0.0,-994379.0,-0.6643547825668661,-0.08,-0.08,12144776.0,12144776.0,https://www.sec.gov/Archives/edgar/data/834365/000135448815003597/0001354488-15-003597-index.htm,https://www.sec.gov/Archives/edgar/data/834365/000135448815003597/blfs_10q.htm,1620589455,15:44:15,20210509
23,2015-03-31,BLFS,USD,2015-05-07,2015-05-07 16:06:38,Q1,1500722.0,618099.0,882623.0,0.5881322456790798,322165.0,1220705.0,500255.0,0.0,2043125.0,2661224.0,0.0,83646.0,-1076856.0,-0.7175586151199222,-1160502.0,-0.7732957869612094,0.0,-1152265.0,-0.767807095518024,0.0,-1031482.0,-0.6873238347941857,-0.09,-0.09,12100588.0,12100588.0,https://www.sec.gov/Archives/edgar/data/834365/000135448815002191/0001354488-15-002191-index.htm,https://www.sec.gov/Archives/edgar/data/834365/000135448815001113/blfs_10k.htm,1620589455,15:44:15,20210509
24,2015-01-31,BLFS,USD,2015-03-12,2015-03-12 16:06:40,Q4,1670396000.0,672089000.0,998307000.0,0.5976469052847349,357707000.0,605929000.0,519467000.0,8650000.0,2002570000.0,2674659000.0,-177308.0,-24826.0,2106601.0,0.0012611386760983624,2131427.0,0.0012760010201173853,173755.0,2305182.0,0.0013800212644187366,0.0,2305182.0,0.0013800212644187366,0.15743221490389062,0.19050165165527494,14642378.0,12100588.0,https://www.sec.gov/Archives/edgar/data/834365/000135448815001113/0001354488-15-001113-index.htm,https://www.sec.gov/Archives/edgar/data/834365/000135448815001113/blfs_10k.htm,1620589455,15:44:15,20210509
25,2014-12-31,BLFS,USD,2014-12-31,2014-12-31,Q4,1670396.0,672089.0,998307.0,0.5976469052847349,357707.0,1125396.0,519467.0,8650.0,2002570.0,2674659.0,0.0,72014.0,-932249.0,-0.5581005941106181,-1004263.0,-0.6012125268499207,0.0,-995613.0,-0.5960341140663651,0.0,-912568.0,-0.5463183580420451,-0.08,-0.08,12077163.0,12077163.0,,,1620589455,15:44:15,20210509
26,2014-09-30,BLFS,USD,2014-11-06,2014-11-06 16:13:14,Q3,1243372.0,654978.0,588394.0,0.4732244251921388,153328.0,1011316.0,298263.0,0.0,1462907.0,2117885.0,0.0,63380.0,-811133.0,-0.6523655028422709,-874513.0,-0.7033397888966456,4400.0,-862455.0,-0.6936419671667048,0.0,-862455.0,-0.6936419671667048,-0.07,-0.07,12042739.0,12042739.0,https://www.sec.gov/Archives/edgar/data/834365/000135448814005451/0001354488-14-005451-index.htm,https://www.sec.gov/Archives/edgar/data/834365/000135448814005451/blfs_10q.htm,1620589455,15:44:15,20210509
27,2014-06-30,BLFS,USD,2014-08-07,2014-08-07 16:06:02,Q2,1211900.0,666580.0,545320.0,0.4499711197293506,192778.0,969799.0,270616.0,0.0,1433193.0,2099773.0,0.0,60219.0,-827654.0,-0.6829391864015183,-887873.0,-0.7326289297796847,0.0,-883356.0,-0.728901724564733,0.0,-883356.0,-0.728901724564733,-0.07,-0.07,12010361.0,12010361.0,https://www.sec.gov/Archives/edgar/data/834365/000135448814003928/0001354488-14-003928-index.htm,https://www.sec.gov/Archives/edgar/data/834365/000135448814003928/blfs_10q.htm,1620589455,15:44:15,20210509
28,2014-03-31,BLFS,USD,2014-05-08,2014-05-08 16:08:05,Q1,2065030.0,1161641.0,903389.0,0.4374701578185305,167287.0,863743.0,241400.0,0.0,1272430.0,2434071.0,177308.0,62506.0,-306535.0,-0.14844094274659447,-369041.0,-0.1787097524006915,0.0,-559371.0,-0.2708779049214781,0.0,-559371.0,-0.2708779049214781,-0.1,-0.1,5568802.0,5568802.0,https://www.sec.gov/Archives/edgar/data/834365/000135448814002351/0001354488-14-002351-index.htm,https://www.sec.gov/Archives/edgar/data/834365/000135448814000653/blfs_10k.htm,1620589455,15:44:15,20210509
29,2013-12-31,BLFS,USD,2014-02-12,2014-02-12 13:20:04,Q4,2288880.0,1368777.0,920103.0,0.40198830869246094,126412.0,862591.0,215851.0,0.0,1204854.0,2573631.0,185555.0,63822.0,-220929.0,-0.09652275348642131,-284751.0,-0.12440625983013526,0.0,-484568.0,-0.21170528817587642,0.0,-484568.0,-0.21170528817587642,-0.0870147654737949,-0.0870147654737949,5568802.0,5568802.0,https://www.sec.gov/Archives/edgar/data/834365/000135448814000653/0001354488-14-000653-index.htm,https://www.sec.gov/Archives/edgar/data/834365/000135448814000653/blfs_10k.htm,1620589455,15:44:15,20210509
30,2013-09-30,BLFS,USD,2013-11-14,2013-11-14 06:02:18,Q3,2170491.0,1281634.0,888857.0,0.4095188600183092,160528.0,630342.0,208080.0,0.0,998950.0,2280584.0,185554.0,64988.0,-45105.0,-0.020781012222580053,-110093.0,-0.05072262451214955,0.0,-309910.0,-0.14278336099988437,0.0,-309910.0,-0.14278336099988437,-0.061888,-0.061888,5007623.0,5007623.0,https://www.sec.gov/Archives/edgar/data/834365/000135448813006268/0001354488-13-006268-index.htm,https://www.sec.gov/Archives/edgar/data/834365/000135448813006268/blfs_10q.htm,1620589455,15:44:15,20210509
31,2013-06-30,BLFS,USD,2013-08-12,2013-08-12 13:15:38,Q2,2330018.0,1501575.0,828443.0,0.35555218886721046,94908.0,601617.0,214762.0,0.0,911287.0,2412862.0,185555.0,59565.0,-23279.0,-0.009990909941468264,-82844.0,-0.035555090132350906,0.0,-282506.0,-0.1212462736339376,0.0,-282506.0,-0.1212462736339376,-0.056472,-0.056472,5002580.0,5002580.0,https://www.sec.gov/Archives/edgar/data/834365/000135448813004351/0001354488-13-004351-index.htm,https://www.sec.gov/Archives/edgar/data/834365/000135448813004351/blfs_10q.htm,1620589455,15:44:15,20210509
32,2013-03-31,BLFS,USD,2013-05-14,2013-05-14 12:49:24,Q1,2160012.0,1034528.0,1125484.0,0.5210545126601148,105968.0,624427.0,202758.0,0.0,933153.0,1967681.0,185555.0,58697.0,251028.0,0.11621602102210543,192331.0,0.08904163495387989,0.0,-7176.0,-0.003322203765534636,0.0,-7176.0,-0.003322203765534636,-0.001438,-0.001438,4991001.0,4991001.0,https://www.sec.gov/Archives/edgar/data/834365/000135448813002711/0001354488-13-002711-index.htm,https://www.sec.gov/Archives/edgar/data/834365/000135448813001572/blfs_10k.htm,1620589455,15:44:15,20210509
33,2012-12-31,BLFS,USD,2013-03-29,2013-03-29 12:41:18,Q4,2048220.0,1296662.0,751558.0,0.36693226313579597,109801.0,709965.0,239428.0,0.0,1059194.0,2355856.0,185555.0,59626.0,-248010.0,-0.12108562556756598,-307636.0,-0.15019675620782924,60142.0,-511588.0,-0.2497719971487438,0.0,-511588.0,-0.2497719971487438,-0.10250208324943233,-0.10250208324943233,4991001.0,4991001.0,https://www.sec.gov/Archives/edgar/data/834365/000135448813001572/0001354488-13-001572-index.htm,https://www.sec.gov/Archives/edgar/data/834365/000135448813001572/blfs_10k.htm,1620589455,15:44:15,20210509
34,2012-09-30,BLFS,USD,2012-11-13,2012-11-13 13:34:21,Q3,1681480.0,1086031.0,595449.0,0.3541219639841092,110689.0,487733.0,145735.0,0.0,744157.0,1830188.0,185554.0,50641.0,-98067.0,-0.05832183552584628,-148708.0,-0.08843875633370601,-17966.0,-352228.0,-0.20947498632157385,0.0,-352228.0,-0.20947498632157385,-0.139999,-0.139999,4977162.0,4977162.0,https://www.sec.gov/Archives/edgar/data/834365/000135448812005749/0001354488-12-005749-index.htm,https://www.sec.gov/Archives/edgar/data/834365/000135448812005749/blfs_10q.htm,1620589455,15:44:15,20210509
35,2012-06-30,BLFS,USD,2012-08-14,2012-08-14 08:37:28,Q2,1097409.0,641748.0,455661.0,0.41521529347763686,126627.0,475006.0,160658.0,0.0,762291.0,1404039.0,183543.0,32922.0,-273708.0,-0.2494129353777853,-306630.0,-0.27941268934371777,-8720.0,-498893.0,-0.4546099038735786,0.0,-498893.0,-0.4546099038735786,-0.139999,-0.139999,4977162.0,4977162.0,https://www.sec.gov/Archives/edgar/data/834365/000135448812004105/0001354488-12-004105-index.htm,https://www.sec.gov/Archives/edgar/data/834365/000135448812004105/blfs_10q.htm,1620589455,15:44:15,20210509
36,2012-03-31,BLFS,USD,2012-05-14,2012-05-14 13:21:27,Q1,835880.0,346129.0,489751.0,0.5859106570321099,116521.0,479113.0,73381.0,0.0,669015.0,1015144.0,178777.0,26455.0,-152809.0,-0.1828121261425085,-179264.0,-0.21446140594343685,61164.0,-296877.0,-0.35516700961860553,0.0,-296877.0,-0.35516700961860553,-0.05964784750827881,-0.05964784750827881,4977162.0,4977162.0,https://www.sec.gov/Archives/edgar/data/834365/000135448812002387/0001354488-12-002387-index.htm,https://www.sec.gov/Archives/edgar/data/834365/000135448812001441/blfs_10k.htm,1620589455,15:44:15,20210509
37,2011-12-31,BLFS,USD,2012-03-29,2012-03-29 14:36:53,Q4,809564.0,352500.0,457064.0,0.5645804408298788,125368.0,473085.0,69197.0,0.0,667650.0,1020150.0,173528.0,26342.0,-184244.0,-0.22758423052408458,-210586.0,-0.26012273273021036,-27059.0,-411170.0,-0.507890667075117,0.0,-411170.0,-0.507890667075117,-0.08261133553619512,-0.08261133553619512,4977162.0,4977162.0,https://www.sec.gov/Archives/edgar/data/834365/000135448812001441/0001354488-12-001441-index.htm,https://www.sec.gov/Archives/edgar/data/834365/000135448812001441/blfs_10k.htm,1620589455,15:44:15,20210509
38,2011-09-30,BLFS,USD,2011-11-14,2011-11-14 15:46:49,Q3,715518.0,345556.0,369962.0,0.5170547770985496,98903.0,500424.0,55443.0,0.0,654770.0,1000326.0,171677.0,24580.0,-260228.0,-0.3636917589774122,-284808.0,-0.398044493639573,-22203.0,-478668.0,-0.6689810738513916,0.0,-478668.0,-0.6689810738513916,-0.139999,-0.139999,4977162.0,4977162.0,https://www.sec.gov/Archives/edgar/data/834365/000135448811004366/0001354488-11-004366-index.htm,https://www.sec.gov/Archives/edgar/data/834365/000135448811004366/blfs_10q.htm,1620589455,15:44:15,20210509
39,2011-06-30,BLFS,USD,2011-08-12,2011-08-12 13:16:45,Q2,622848.0,288915.0,333933.0,0.5361388332305795,133390.0,401423.0,59132.0,0.0,593945.0,882860.0,165239.0,23321.0,-236691.0,-0.38001406442663377,-260012.0,-0.4174565865187012,-11430.0,-436679.0,-0.7011004289971229,0.0,-436679.0,-0.7011004289971229,-0.139999,-0.139999,4977162.0,4977162.0,https://www.sec.gov/Archives/edgar/data/834365/000135448811002658/0001354488-11-002658-index.htm,https://www.sec.gov/Archives/edgar/data/834365/000135448811002658/blfs_10q.htm,1620589455,15:44:15,20210509
40,2011-03-31,BLFS,USD,2011-05-16,2011-05-16 10:59:20,Q1,610799.0,368600.0,242199.0,0.3965281541063427,158793.0,454375.0,83308.0,0.0,696476.0,1065076.0,160542.0,22872.0,-431405.0,-0.7062961792668292,-454277.0,-0.7437422130684562,-15324.0,-630122.0,-1.0316356117151468,0.0,-630122.0,-1.0316356117151468,-0.139999,-0.139999,4977162.0,4977162.0,https://www.sec.gov/Archives/edgar/data/834365/000135448811001546/0001354488-11-001546-index.htm,https://www.sec.gov/Archives/edgar/data/834365/000135448811000959/blfs_10k.htm,1620589455,15:44:15,20210509
41,2010-12-31,BLFS,USD,2011-03-28,2011-03-28 14:58:04,Q4,575994.0,368724.0,207270.0,0.3598474984114418,72113.0,350867.0,99608.0,0.0,522588.0,891312.0,155373.0,22106.0,-293212.0,-0.509053913756046,-315318.0,-0.547432785758185,0.0,0.0,0.0,0.0,-470638.0,-0.8170883724483241,-0.09455951001795802,-0.09455951001795802,4977162.0,4977162.0,https://www.sec.gov/Archives/edgar/data/834365/000135448811000959/0001354488-11-000959-index.htm,https://www.sec.gov/Archives/edgar/data/834365/000135448811000959/blfs_10k.htm,1620589455,15:44:15,20210509
42,2010-09-30,BLFS,USD,2010-11-15,2010-11-15 12:30:42,Q3,524892.0,300047.0,224845.0,0.428364311134481,98350.0,321337.0,91354.0,0.0,511041.0,811088.0,150563.0,21882.0,-264314.0,-0.5035588273397195,-286196.0,-0.5452474032753405,0.0,0.0,0.0,0.0,-436732.0,-0.8320416390419363,-0.139999,-0.139999,4977162.0,4977162.0,https://www.sec.gov/Archives/edgar/data/834365/000135448810003531/0001354488-10-003531-index.htm,https://www.sec.gov/Archives/edgar/data/834365/000135448810003531/blfs_10q.htm,1620589455,15:44:15,20210509
43,2010-06-30,BLFS,USD,2010-08-13,2010-08-13 13:10:08,Q2,467771.0,274153.0,193618.0,0.41391621113750104,81502.0,386626.0,117017.0,0.0,585145.0,859298.0,145693.0,23083.0,-368444.0,-0.7876589185734045,-391527.0,-0.8370057143345783,0.0,-537144.0,-1.1483054742598409,0.0,-537144.0,-1.1483054742598409,-0.139999,-0.139999,4977162.0,4977162.0,https://www.sec.gov/Archives/edgar/data/834365/000135448810002524/0001354488-10-002524-index.htm,https://www.sec.gov/Archives/edgar/data/834365/000135448810002524/blfs_10q.htm,1620589455,15:44:15,20210509
44,2010-03-31,BLFS,USD,2010-05-13,2010-05-13 09:00:05,Q1,512909.0,274189.0,238720.0,0.4654236911420934,66932.0,442574.0,123028.0,0.0,632534.0,906723.0,136372.0,4670.0,-389144.0,-0.7586998863346129,-393814.0,-0.7678048152791236,-1626.0,0.0,0.0,0.0,-531776.0,-1.03678430286854,-0.139999,-0.139999,4977162.0,4977162.0,https://www.sec.gov/Archives/edgar/data/834365/000135448810001505/0001354488-10-001505-index.htm,https://www.sec.gov/Archives/edgar/data/834365/000135448810001010/blfs_10k.htm,1620589455,15:44:15,20210509
45,2009-12-31,BLFS,USD,2010-03-30,2010-03-30 17:31:22,Q4,480600.0,228349.0,252251.0,0.5248668331252601,65628.0,325035.0,91938.0,0.0,482601.0,710950.0,134601.0,26811.0,-203539.0,-0.4235101955888473,-230350.0,-0.4792967124427799,9691.0,0.0,0.0,0.0,-355234.0,-0.7391468997086975,-0.07137280241229842,-0.07137280241229842,4977162.0,4977162.0,https://www.sec.gov/Archives/edgar/data/834365/000135448810001010/0001354488-10-001010-index.htm,https://www.sec.gov/Archives/edgar/data/834365/000135448810001010/blfs_10k.htm,1620589455,15:44:15,20210509
46,2009-09-30,BLFS,USD,2009-11-16,2009-11-13 17:51:39,Q3,447360.0,329545.0,117815.0,0.2633561337625179,73267.0,345270.0,132163.0,0.0,550700.0,880245.0,128292.0,26720.0,-406165.0,-0.9079153254649499,-432885.0,-0.967643508583691,-1612.0,0.0,0.0,0.0,-562621.0,-1.2576470851216024,-0.139999,-0.139999,4974305.0,4974305.0,https://www.sec.gov/Archives/edgar/data/834365/000111650209001801/0001116502-09-001801-index.htm,https://www.sec.gov/Archives/edgar/data/834365/000111650209001801/blfs_10q.htm,1620589455,15:44:15,20210509
47,2009-06-30,BLFS,USD,2009-08-14,2009-08-14 14:09:54,Q2,276528.0,218851.0,57677.0,0.20857562344500377,141946.0,597426.0,211038.0,0.0,950410.0,1169261.0,118267.0,30586.0,-862147.0,-3.117756610542151,-892733.0,-3.228363854654863,-2123.0,0.0,0.0,0.0,-1012928.0,-3.66302146618064,-0.139999,-0.139999,4974305.0,4974305.0,https://www.sec.gov/Archives/edgar/data/834365/000111650209001270/0001116502-09-001270-index.htm,https://www.sec.gov/Archives/edgar/data/834365/000111650209001270/biolife10q.htm,1620589455,15:44:15,20210509
48,2009-03-31,BLFS,USD,2009-05-15,2009-05-14 19:43:17,Q1,377112.0,230277.0,146835.0,0.3893670845796474,133624.0,623026.0,123581.0,0.0,880231.0,1110508.0,106853.0,9573.0,-723823.0,-1.9193846920808673,-733396.0,-1.9447697235834447,0.0,0.0,0.0,0.0,-839568.0,-2.2263094253166167,-0.139999,-0.139999,4974305.0,4974305.0,https://www.sec.gov/Archives/edgar/data/834365/000135448809000705/0001354488-09-000705-index.htm,https://www.sec.gov/Archives/edgar/data/834365/000111650209000499/bioli10k.htm,1620589455,15:44:15,20210509
49,2008-12-31,BLFS,USD,2009-03-31,2009-03-31 13:39:53,Q4,419031.0,251114.0,167917.0,0.4007269151924321,148827.0,0.0,0.0,0.0,887567.0,1138681.0,0.0,-35191.0,-754841.0,-1.801396555386117,-719650.0,-1.7174147020148867,-43750.0,0.0,0.0,0.0,-804270.0,-1.9193568017640699,-0.16168489869439048,-0.16168489869439048,4974305.0,4974305.0,https://www.sec.gov/Archives/edgar/data/834365/000111650209000499/0001116502-09-000499-index.htm,https://www.sec.gov/Archives/edgar/data/834365/000111650209000499/bioli10k.htm,1620589455,15:44:15,20210509
50,2008-09-30,BLFS,USD,2008-11-10,2008-11-10 15:32:24,Q3,307870.0,133770.0,174100.0,0.565498424659759,94133.0,0.0,0.0,0.0,762598.0,896368.0,0.0,7128.0,-581370.0,-1.8883619709617696,-588498.0,-1.911514600318316,0.0,0.0,0.0,0.0,-662825.0,-2.15293792834638,-0.139999,-0.139999,4974305.0,4974305.0,https://www.sec.gov/Archives/edgar/data/834365/000135448808001795/0001354488-08-001795-index.htm,https://www.sec.gov/Archives/edgar/data/834365/000135448808001795/biolifesolutions10q.htm,1620589455,15:44:15,20210509
51,2008-06-30,BLFS,USD,2008-08-13,2008-08-13 16:42:41,Q2,277963.0,227361.0,50602.0,0.18204581185265664,103377.0,0.0,0.0,0.0,645294.0,872655.0,0.0,6730.0,-587962.0,-2.1152527494666558,-594692.0,-2.1394646050013852,10495.0,0.0,0.0,0.0,-662494.0,-2.3833891561107055,-0.139999,-0.139999,4974305.0,4974305.0,https://www.sec.gov/Archives/edgar/data/834365/000135448808001388/0001354488-08-001388-index.htm,https://www.sec.gov/Archives/edgar/data/834365/000135448808001388/biolife10q.htm,1620589455,15:44:15,20210509
52,2008-03-31,BLFS,USD,2008-05-13,2008-05-13 13:29:02,Q1,317634.0,158402.0,159232.0,0.501306535194595,111302.0,0.0,0.0,0.0,719846.0,878248.0,0.0,50614.0,-510000.0,-1.6056215644420937,-560614.0,-1.764968485741451,0.0,0.0,0.0,0.0,-645527.0,-2.0322981796659048,-0.139999,-0.139999,4971924.0,4971924.0,https://www.sec.gov/Archives/edgar/data/834365/000111650208000787/0001116502-08-000787-index.htm,https://www.sec.gov/Archives/edgar/data/834365/000135448808000516/biolife10ksb.htm,1620589455,15:44:15,20210509
53,2007-12-31,BLFS,USD,2008-04-01,2008-04-01 17:30:56,Q4,320802.0,212791.0,108011.0,0.33669054432328976,137648.0,0.0,0.0,0.0,769925.0,982716.0,0.0,16145.0,-645769.0,-2.012983086140361,-661914.0,-2.06331007911422,-205810.0,0.0,0.0,0.0,-745917.0,-2.325163184768175,-0.1500258250126108,-0.1500258250126108,4971924.0,4971924.0,https://www.sec.gov/Archives/edgar/data/834365/000135448808000516/0001354488-08-000516-index.htm,https://www.sec.gov/Archives/edgar/data/834365/000135448808000516/biolife10ksb.htm,1620589455,15:44:15,20210509
54,2007-09-30,BLFS,USD,2007-11-14,2007-11-14 16:54:17,Q3,240455.0,73958.0,166497.0,0.6924247780249942,79984.0,0.0,0.0,0.0,895485.0,969443.0,0.0,18821.0,-710167.0,-2.9534299557089683,-728988.0,-3.031702397538001,97.0,0.0,0.0,0.0,-761599.0,-3.1673244474018007,-0.139999,-0.139999,4971924.0,4971924.0,https://www.sec.gov/Archives/edgar/data/834365/000135448807001971/0001354488-07-001971-index.htm,https://www.sec.gov/Archives/edgar/data/834365/000135448807001971/biolife10qsb.htm,1620589455,15:44:15,20210509
55,2007-06-30,BLFS,USD,2007-08-14,2007-08-14 15:24:32,Q2,203517.0,74837.0,128680.0,0.6322813327633564,158186.0,0.0,0.0,0.0,865880.0,940717.0,17552.0,17781.0,-719419.0,-3.5349331996835645,-737200.0,-3.6223018224521786,400.0,0.0,0.0,0.0,-752729.0,-3.6986050305379896,-0.139999,-0.139999,4971924.0,4971924.0,https://www.sec.gov/Archives/edgar/data/834365/000135448807001513/0001354488-07-001513-index.htm,https://www.sec.gov/Archives/edgar/data/834365/000135448807001513/biolife10qsb.htm,1620589455,15:44:15,20210509
56,2007-03-31,BLFS,USD,2007-05-15,2007-05-15 14:49:26,Q1,207488.0,101520.0,105968.0,0.5107186921653301,37557.0,0.0,0.0,0.0,691363.0,792883.0,0.0,8816.0,-576579.0,-2.7788546807526218,-585395.0,-2.8213438849475634,1000.0,0.0,0.0,0.0,-591530.0,-2.8509118599629857,-0.139999,-0.139999,4929595.0,4929595.0,https://www.sec.gov/Archives/edgar/data/834365/000135448807000838/0001354488-07-000838-index.htm,https://www.sec.gov/Archives/edgar/data/834365/000135448807000458/biolife10kver3.htm,1620589455,15:44:15,20210509
57,2006-12-31,BLFS,USD,2007-04-02,2007-04-02 12:14:15,Q4,175903.0,65458.0,110445.0,0.62787445353405,20889.0,0.0,0.0,0.0,554103.0,619561.0,2888.0,10304.0,-433354.0,-2.4635964139326787,-443658.0,-2.522174152800123,406388.0,0.0,0.0,0.0,-36747.0,-0.20890490781851362,-0.007454364912330526,-0.007454364912330526,4929595.0,4929595.0,https://www.sec.gov/Archives/edgar/data/834365/000135448807000458/0001354488-07-000458-index.htm,https://www.sec.gov/Archives/edgar/data/834365/000135448807000458/biolife10kver3.htm,1620589455,15:44:15,20210509
58,2006-09-30,BLFS,USD,2006-11-08,2006-11-08 14:12:27,Q3,123953.0,59336.0,64617.0,0.5213024291465314,17421.0,0.0,0.0,0.0,460382.0,519718.0,0.0,13283.0,-382482.0,-3.0857018386001145,-395765.0,-3.192863424039757,0.0,0.0,0.0,0.0,-396929.0,-3.2022540801755506,-0.139999,-0.139999,4912400.0,4912400.0,https://www.sec.gov/Archives/edgar/data/834365/000135448806000704/0001354488-06-000704-index.htm,https://www.sec.gov/Archives/edgar/data/834365/000135448806000704/filing_314.htm,1620589455,15:44:15,20210509
59,2006-06-30,BLFS,USD,2006-06-30,2006-06-30,Q2,156318.0,92052.0,64266.0,0.41112347906191227,14740.0,0.0,0.0,0.0,510078.0,602130.0,0.0,13791.0,-432021.0,-2.7637316239972365,-445812.0,-2.8519556289102983,2985.0,0.0,0.0,0.0,-489328.0,-3.1303368773909597,-0.139999,-0.139999,4337294.0,4337294.0,,,1620589455,15:44:15,20210509
60,2006-03-31,BLFS,USD,2006-03-31,2006-03-31,Q1,147045.0,81219.0,65826.0,0.44765887993471387,4280.0,0.0,0.0,0.0,274946.0,356165.0,0.0,12382.0,-196738.0,-1.3379441667516747,-209120.0,-1.4221496820701145,901.0,0.0,0.0,0.0,-211014.0,-1.4350300928287258,-0.279998,-0.279998,886663.0,886663.0,,,1620589455,15:44:15,20210509
61,2005-12-31,BLFS,USD,2005-12-31,2005-12-31,Q4,200451.0,115427.0,85024.0,0.424163511282059,8540.0,0.0,0.0,0.0,258262.0,373689.0,0.0,17037.0,-156201.0,-0.779247796219525,-173238.0,-0.8642411362377838,0.0,0.0,0.0,0.0,-170826.0,-0.85220827035036,-0.19266169897695065,-0.19266169897695065,886663.0,886663.0,,,1620589455,15:44:15,20210509
62,2005-09-30,BLFS,USD,2005-11-14,2005-11-14,Q3,160474.0,50326.0,110148.0,0.6863915649887209,6430.0,0.0,0.0,0.0,268074.0,318400.0,0.0,16982.0,-140944.0,-0.8782980420504256,-157926.0,-0.9841220384610592,0.0,0.0,0.0,0.0,-156952.0,-0.9780525194112442,-0.139999,-0.139999,886663.0,886663.0,https://www.sec.gov/Archives/edgar/data/834365/000093041305007645/0000930413-05-007645-index.htm,https://www.sec.gov/Archives/edgar/data/834365/000093041305007645/c39813_10qsb.txt,1620589455,15:44:15,20210509
63,2005-06-30,BLFS,USD,2005-06-30,2005-06-30,Q2,134092.0,94929.0,39163.0,0.2920606747606121,1553.0,0.0,0.0,0.0,228688.0,323617.0,0.0,16093.0,-173432.0,-1.2933806640217165,-189525.0,-1.4133952808519523,0.0,-187483.0,-1.3981669301673478,0.0,-187483.0,-1.3981669301673478,-0.279998,-0.279998,886663.0,886663.0,,,1620589455,15:44:15,20210509
64,2005-03-31,BLFS,USD,2005-03-31,2005-03-31,Q1,119702.0,48113.0,71589.0,0.598060182787255,11330.0,0.0,0.0,0.0,237148.0,285261.0,0.0,15976.0,-149583.0,-1.249628243471287,-165559.0,-1.383093014318892,2782.0,-162777.0,-1.3598519657148587,0.0,-162777.0,-1.3598519657148587,-0.139999,-0.139999,886663.0,886663.0,,,1620589455,15:44:15,20210509
65,2004-12-31,BLFS,USD,2004-12-31,2004-12-31,Q4,161437.0,158747.0,2690.0,0.01666284680711361,-187944.0,0.0,0.0,0.0,903.0,159650.0,0.0,15843.0,17630.0,0.10920668743844347,1787.0,0.011069333548071384,0.0,-101643.0,-0.6296140290020256,0.0,-101643.0,-0.6296140290020256,-0.11463543646233124,-0.11463543646233124,886663.0,886663.0,,,1620589455,15:44:15,20210509
66,2004-09-30,BLFS,USD,2004-09-30,2004-09-30,Q3,154874.0,5949.0,148925.0,0.9615881297054379,71429.0,0.0,0.0,0.0,302387.0,308336.0,0.0,16379.0,-137083.0,-0.8851259733719024,-153462.0,-0.9908829112698064,0.0,-150178.0,-0.9696785774242287,0.0,-150178.0,-0.9696785774242287,-0.139999,-0.139999,886663.0,886663.0,,,1620589455,15:44:15,20210509
67,2004-06-30,BLFS,USD,2004-06-30,2004-06-30,Q2,146247.0,8845.0,137402.0,0.9395201269085861,86425.0,0.0,0.0,0.0,374981.0,383826.0,0.0,15879.0,-221700.0,-1.5159285318673204,-237579.0,-1.6245051180537036,0.0,-233494.0,-1.5965729211539381,0.0,-233494.0,-1.5965729211539381,-0.279998,-0.279998,886663.0,886663.0,,,1620589455,15:44:15,20210509
68,2004-03-31,BLFS,USD,2004-03-31,2004-03-31,Q1,164151.0,0.0,164151.0,1.0,59177.0,0.0,0.0,0.0,433321.0,433321.0,5434.0,118103.0,-151067.0,-0.9202929010484249,-269170.0,-1.639770698929644,16757.0,-257847.0,-1.5707915273132664,0.0,-257847.0,-1.5707915273132664,-0.279998,-0.279998,886663.0,886663.0,,,1620589455,15:44:15,20210509
69,2003-12-31,BLFS,USD,2003-12-31,2003-12-31,Q4,89940.0,0.0,102872.0,1.1437847453858128,176146.0,0.0,0.0,0.0,321241.0,308309.0,16550.0,132347.0,-86022.0,-0.9564376250833889,-218369.0,-2.4279408494551924,214672.0,107955.0,1.2003002001334222,0.0,107955.0,1.2003002001334222,0.12175426289356836,0.12175426289356836,886663.0,886663.0,,,1620589455,15:44:15,20210509
70,2003-09-30,BLFS,USD,2003-09-30,2003-09-30,Q3,174523.0,3598.0,170925.0,0.9793838061458948,245199.0,0.0,0.0,0.0,723744.0,727342.0,16250.0,46084.0,-506735.0,-2.903542799516396,-552819.0,-3.167599686001272,0.0,-569069.0,-3.2607106226686455,0.0,-569069.0,-3.2607106226686455,-0.699996,-0.699996,886663.0,886663.0,,,1620589455,15:44:15,20210509
71,2003-06-30,BLFS,USD,2003-06-30,2003-06-30,Q2,112768.0,8733.0,104035.0,0.9225578178206584,161622.0,0.0,0.0,0.0,585242.0,593975.0,0.0,-311648.0,-792855.0,-7.03085095062429,-481207.0,-4.267230065266743,0.0,-494471.0,-4.38485208569807,0.0,-494471.0,-4.38485208569807,-0.559997,-0.559997,886663.0,886663.0,,,1620589455,15:44:15,20210509
72,2003-03-31,BLFS,USD,2003-03-31,2003-03-31,Q1,228280.0,0.0,0.0,0.0,176341.0,0.0,0.0,0.0,558706.0,558706.0,0.0,384805.0,54379.0,0.2382118451025057,-330426.0,-1.4474592605572105,3200.0,-333476.0,-1.4608200455580866,0.0,-333476.0,-1.4608200455580866,-0.419997,-0.419997,886663.0,886663.0,,,1620589455,15:44:15,20210509
73,2002-12-31,BLFS,USD,2003-04-15,2003-04-15,Q4,331972.0,0.0,0.0,0.0,203114.0,0.0,0.0,0.0,606004.0,580358.0,0.0,49639.0,-198747.0,-0.5986860337618836,-248386.0,-0.7482137047702818,0.0,0.0,0.0,0.0,-290684.0,-0.8756280650175317,-0.3278404534755595,-0.3278404534755595,886663.0,886663.0,https://www.sec.gov/Archives/edgar/data/834365/000100515003000792/0001005150-03-000792-index.htm,https://www.sec.gov/Archives/edgar/data/834365/000100515003000792/form10ksb.txt,1620589455,15:44:15,20210509
74,2002-09-30,BLFS,USD,2002-09-30,2002-09-30,Q3,138007.0,0.0,0.0,0.0,209434.0,138646.0,0.0,0.0,348080.0,348080.0,0.0,103472.0,-106601.0,-0.7724318331678828,-210073.0,-1.5221909033599745,0.0,0.0,0.0,0.0,-303007.0,-2.1955915279659726,-0.279998,-0.279998,886663.0,886663.0,,,1620589455,15:44:15,20210509
75,2002-06-30,BLFS,USD,2002-08-19,2002-08-19,Q2,99125.0,25685.0,73440.0,0.7408827238335435,133228.0,270564.0,0.0,0.0,403791.0,429476.0,0.0,-29203.0,-359554.0,-3.6272786885245902,-330351.0,-3.332670870113493,0.0,0.0,0.0,0.0,2095758.0,21.14257755359395,1.539991,1.539991,886663.0,886663.0,https://www.sec.gov/Archives/edgar/data/834365/000100515002001036/0001005150-02-001036-index.htm,https://www.sec.gov/Archives/edgar/data/834365/000100515002001036/form10qsb.txt,1620589455,15:44:15,20210509
76,2002-03-31,BLFS,USD,2002-03-31,2002-03-31,Q1,302584.0,82037.0,220547.0,0.7288785923908733,204591.0,381243.0,17019.0,0.0,602854.0,684891.0,0.0,44972.0,-337335.0,-1.1148474473204135,-382307.0,-1.2634739444253495,0.0,-382205.0,-1.2631368479496603,0.0,-382205.0,-1.2631368479496603,-0.419997,-0.419997,886663.0,886663.0,,,1620589455,15:44:15,20210509
77,2001-12-31,BLFS,USD,2002-04-30,2002-04-30,Q4,307599.0,285703.0,21896.0,0.07118358642258264,219717.0,618467.0,0.0,0.0,838184.0,1123887.0,0.0,73383.0,-742905.0,-2.41517365140979,-816288.0,-2.6537407468814918,0.0,0.0,0.0,0.0,-830036.0,-2.6984353005048782,-0.936134698301384,-0.936134698301384,886663.0,886663.0,https://www.sec.gov/Archives/edgar/data/834365/000100515002000583/0001005150-02-000583-index.htm,https://www.sec.gov/Archives/edgar/data/834365/000100515002000583/form_10ksba.txt,1620589455,15:44:15,20210509
78,2001-09-30,BLFS,USD,2001-09-30,2001-09-30,Q3,247288.0,89164.0,158124.0,0.639432564459254,475457.0,816909.0,0.0,0.0,1292366.0,1381530.0,0.0,77851.0,-1056391.0,-4.271905632299181,-1134242.0,-4.586724790527644,0.0,0.0,0.0,0.0,-1134280.0,-4.586878457507036,-1.259992,-1.259992,886663.0,886663.0,,,1620589455,15:44:15,20210509
79,2001-06-30,BLFS,USD,2001-06-30,2001-06-30,Q2,313180.0,151785.0,161395.0,0.5153426144709113,628460.0,888603.0,0.0,0.0,1517063.0,1668848.0,0.0,78561.0,-1277107.0,-4.077868957149243,-1355668.0,-4.328718308959703,0.0,0.0,0.0,0.0,-1370613.0,-4.3764384698895205,-1.539991,-1.539991,886663.0,886663.0,,,1620589455,15:44:15,20210509
80,2001-03-31,BLFS,USD,2001-05-11,2001-05-11,Q1,475949.0,202238.0,273711.0,0.5750847254642829,449485.0,396718.0,462117.0,0.0,1308320.0,1510558.0,0.0,70114.0,-964495.0,-2.0264671214773013,-1034609.0,-2.173781224458923,0.0,0.0,0.0,0.0,-1075328.0,-2.259334508529275,-1.259992,-1.259992,886663.0,886663.0,https://www.sec.gov/Archives/edgar/data/834365/000095013301500996/0000950133-01-500996-index.htm,https://www.sec.gov/Archives/edgar/data/834365/000095013301500996/w48953e10qsb.txt,1620589455,15:44:15,20210509
81,2000-12-31,BLFS,USD,2000-12-31,2000-12-31,Q4,356685.0,74430.0,282255.0,0.7913284831153539,320820.0,987253.0,0.0,0.0,1380514.0,1454944.0,0.0,72441.0,-1025818.0,-2.8759774030306855,-1098259.0,-3.0790725710360682,0.0,0.0,0.0,0.0,-1089126.0,-3.053467345136465,-1.2283426735975225,-1.2283426735975225,886663.0,886663.0,,,1620589455,15:44:15,20210509
82,2000-09-24,BLFS,USD,2000-11-07 00:00:00,2000-11-07 00:00:00,Q3,200000.0,120000.0,80000.0,0.4,420000.0,390000.0,0.0,0.0,810000.0,930000.0,-10000.0,60000.00000000001,-670000.0,-3.35,-730000.0,-3.65,70000.0,-680000.0,-3.4,0.0,-680000.0,-3.4,-0.7907,-0.7907,860000.0,860000.0,https://www.sec.gov/Archives/edgar/data/834365/000095013300004340/0000950133-00-004340-index.html,https://www.sec.gov/Archives/edgar/data/834365/000095013300004340/w42210e10-q.txt,1620589455,15:44:15,20210509
83,2000-06-25,BLFS,USD,2000-08-09 00:00:00,2000-08-09 00:00:00,Q2,230000.0,130000.0,100000.0,0.43478260869565216,450000.0,550000.0,0.0,0.0,999999.9999999999,1130000.0,-10000.0,50000.0,-850000.0,-3.6956521739130435,-900000.0,-3.9130434782608696,50000.0,-850000.0,-3.6956521739130435,0.0,-850000.0,-3.6956521739130435,-1.46552,-1.46552,580000.0,580000.0,https://www.sec.gov/Archives/edgar/data/834365/000095013300003295/0000950133-00-003295-index.html,https://www.sec.gov/Archives/edgar/data/834365/000095013300003295/e10-q.txt,1620589455,15:44:15,20210509
84,2000-03-26,BLFS,USD,2000-03-26,2000-03-26,Q1,400000.0,130000.0,270000.0,0.675,190000.0,230000.0,0.0,0.0,420000.00000000006,550000.0,-10000.0,60000.0,-90000.0,-0.225,-150000.0,-0.375,0.0,-150000.0,-0.375,0.0,-150000.0,-0.375,-0.3125,-0.3125,480000.0,480000.0,,,1620589455,15:44:15,20210509
85,1999-12-26,BLFS,USD,1999-12-26,1999-12-26,Q4,560000.0,160000.0,400000.0,0.7142857142857143,510000.0,480000.0,0.0,0.0,979999.9999999999,1140000.0,-10000.0,60000.00000000003,-520000.0,-0.9285714285714286,-580000.0,-1.0357142857142858,0.0,-590000.0,-1.0535714285714286,0.0,-590000.0,-1.0535714285714286,-1.22917,-1.22917,480000.0,480000.0,,,1620589455,15:44:15,20210509
86,1999-09-26,BLFS,USD,1999-09-26,1999-09-26,Q3,380000.0,260000.0,120000.0,0.3157894736842105,60000.0,230000.0,0.0,0.0,290000.00000000006,550000.0,-10000.0,69999.99999999999,-110000.00000000001,-0.2894736842105263,-180000.0,-0.47368421052631576,0.0,-190000.0,-0.5,0.0,-190000.0,-0.5,-0.39583,-0.39583,480000.0,480000.0,,,1620589455,15:44:15,20210509
87,1999-06-27,BLFS,USD,1999-06-27,1999-06-27,Q2,450000.0,240000.0,210000.0,0.4666666666666667,70000.0,220000.0,0.0,0.0,290000.00000000006,530000.0,-10000.0,70000.0,-10000.0,-0.022222222222222223,-80000.0,-0.17777777777777778,0.0,-90000.0,-0.2,0.0,-90000.0,-0.2,-0.1875,-0.1875,480000.0,480000.0,,,1620589455,15:44:15,20210509
88,1999-03-28,BLFS,USD,1999-03-28,1999-03-28,Q1,390000.0,300000.0,90000.0,0.23076923076923078,60000.0,340000.0,0.0,0.0,399999.99999999994,700000.0,-10000.0,70000.0,-240000.0,-0.6153846153846154,-310000.0,-0.7948717948717948,0.0,-310000.0,-0.7948717948717948,0.0,-310000.0,-0.7948717948717948,-0.64583,-0.64583,480000.0,480000.0,,,1620589455,15:44:15,20210509
89,1998-12-27,BLFS,USD,1999-04-12,1999-04-12,Q4,410000.0,250000.0,160000.0,0.3902439024390244,70000.0,440000.0,0.0,0.0,510000.0,760000.0,-10000.0,80000.00000000001,-270000.0,-0.6585365853658537,-350000.0,-0.8536585365853658,0.0,-360000.0,-0.8780487804878049,0.0,-360000.0,-0.8780487804878049,-0.75,-0.75,480000.0,480000.0,https://www.sec.gov/Archives/edgar/data/834365/0000950133-99-001299-index.html,https://www.sec.gov/Archives/edgar/data/834365/,1620589455,15:44:15,20210509
90,1998-09-27,BLFS,USD,1998-11-12,1998-11-12,Q3,700000.0,350000.0,340000.0,0.4857142857142857,80000.0,360000.0,0.0,0.0,440000.00000000006,790000.0000000001,-10000.0,80000.00000000001,-9999.999999999985,-0.014285714285714264,-90000.0,-0.12857142857142856,0.0,-100000.0,-0.14285714285714285,0.0,-100000.0,-0.14285714285714285,-0.20833,-0.20833,480000.0,480000.0,https://www.sec.gov/Archives/edgar/data/834365/0000950133-98-003774-index.html,https://www.sec.gov/Archives/edgar/data/834365/,1620589455,15:44:15,20210509
91,1998-06-28,BLFS,USD,1998-06-28,1998-06-28,Q2,720000.0,340000.0,380000.0,0.5277777777777778,120000.0,400000.0,0.0,0.0,520000.0,860000.0,-10000.0,79999.99999999999,-60000.000000000015,-0.08333333333333336,-140000.0,-0.19444444444444445,0.0,-150000.0,-0.20833333333333334,0.0,-150000.0,-0.20833333333333334,-0.3125,-0.3125,480000.0,480000.0,,,1620589455,15:44:15,20210509
92,1998-03-29,BLFS,USD,1998-05-19,1998-05-19,Q1,540000.0,330000.0,210000.0,0.3888888888888889,400000.0,460000.0,0.0,0.0,869999.9999999999,1200000.0,-10000.0,100000.0,-560000.0,-1.037037037037037,-660000.0,-1.2222222222222223,0.0,-670000.0,-1.2407407407407407,0.0,-670000.0,-1.2407407407407407,-1.39583,-1.39583,480000.0,480000.0,https://www.sec.gov/Archives/edgar/data/834365/0000950133-98-001996-index.html,https://www.sec.gov/Archives/edgar/data/834365/,1620589455,15:44:15,20210509
93,1997-12-28,BLFS,USD,1997-12-28,1997-12-28,Q4,1030000.0,500000.0,530000.0,0.5145631067961165,510000.0,610000.0,0.0,0.0,1130000.0,1630000.0,0.0,99999.99999999999,-490000.0,-0.47572815533980584,-590000.0,-0.5728155339805825,0.0,-590000.0,-0.5728155339805825,0.0,-590000.0,-0.5728155339805825,-1.22917,-1.22917,480000.0,480000.0,,,1620589455,15:44:15,20210509
94,1997-09-28,BLFS,USD,1997-09-28,1997-09-28,Q3,690000.0,410000.0,280000.0,0.4057971014492754,190000.0,350000.0,0.0,0.0,540000.0,950000.0,-10000.0,110000.00000000001,-150000.0,-0.21739130434782608,-260000.0,-0.37681159420289856,0.0,-270000.0,-0.391304347826087,0.0,-270000.0,-0.391304347826087,-0.5625,-0.5625,480000.0,480000.0,,,1620589455,15:44:15,20210509
95,1997-06-29,BLFS,USD,1997-06-29,1997-06-29,Q2,860000.0,660000.0,200000.0,0.23255813953488372,320000.0,580000.0,0.0,0.0,900000.0,1560000.0,60000.0,99999.99999999999,-600000.0,-0.6976744186046512,-700000.0,-0.813953488372093,0.0,-640000.0,-0.7441860465116279,0.0,-640000.0,-0.7441860465116279,-1.3617,-1.3617,470000.0,470000.0,,,1620589455,15:44:15,20210509
96,1997-03-30,BLFS,USD,1997-03-30,1997-03-30,Q1,990000.0,340000.0,640000.0,0.6464646464646465,280000.0,470000.0,0.0,0.0,750000.0,1090000.0,20000.0,110000.0,0.0,0.0,-110000.0,-0.1111111111111111,0.0,-90000.0,-0.09090909090909091,0.0,-90000.0,-0.09090909090909091,-0.19565,-0.19565,460000.0,460000.0,,,1620589455,15:44:15,20210509
97,1996-12-29,BLFS,USD,1996-12-29,1996-12-29,Q4,1270000.0,590000.0,680000.0,0.5354330708661418,230000.0,960000.0,0.0,0.0,1190000.0,1780000.0,20000.0,140000.0,-370000.0,-0.29133858267716534,-510000.0,-0.4015748031496063,0.0,-490000.0,-0.3858267716535433,0.0,-490000.0,-0.3858267716535433,-1.06522,-1.06522,460000.0,460000.0,,,1620589455,15:44:15,20210509
98,1996-09-30,BLFS,USD,1996-11-14 00:00:00,1996-11-14 00:00:00,Q3,1000000.0,400000.0,600000.0,0.6,0.0,800000.0,0.0,0.0,900000.0,1300000.0,0.0,100000.0,-200000.0,-0.2,-300000.0,-0.3,0.0,0.0,0.0,0.0,-300000.0,-0.3,-0.156249,-0.156249,1920015.0,1920015.0,https://www.sec.gov/Archives/edgar/data/834365/000095013396002562/0000950133-96-002562-index.html,https://www.sec.gov/Archives/edgar/data/834365/0000950133-96-002562.txt,1620589455,15:44:15,20210509
99,1996-06-30,BLFS,USD,1996-06-30,1996-06-30,Q2,1143950.0,1364122.0,-220172.0,-0.19246645395340706,0.0,510240.0,0.0,0.0,1694282.0,3058404.0,0.0,698294.0,-1216160.0,-1.0631233882599764,-1914454.0,-1.6735469207570262,0.0,0.0,0.0,0.0,-2004247.0,-1.7520407360461558,-1.0438704905951255,-1.0438704905951255,1920015.0,1920015.0,,,1620589455,15:44:15,20210509
100,1996-03-31,BLFS,USD,1996-05-14 00:00:00,1996-05-14 00:00:00,Q1,2000000.0,800000.0,1200000.0,0.6,0.0,1400000.0,0.0,0.0,1600000.0,2400000.0,0.0,200000.0,-200000.0,-0.1,-400000.0,-0.2,0.0,0.0,0.0,0.0,-400000.0,-0.2,-0.225311,-0.225311,1920015.0,1920015.0,https://www.sec.gov/Archives/edgar/data/834365/000095013396000602/0000950133-96-000602-index.html,https://www.sec.gov/Archives/edgar/data/834365/0000950133-96-000602.txt,1620589455,15:44:15,20210509
101,1995-12-31,BLFS,USD,1996-02-09 00:00:00,1996-02-09 00:00:00,Q4,1700000.0,600000.0,1100000.0,0.6470588235294118,0.0,1600000.0,0.0,0.0,1700000.0,2300000.0,0.0,100000.0,-500000.0,-0.29411764705882354,-600000.0,-0.35294117647058826,0.0,0.0,0.0,0.0,-600000.0,-0.35294117647058826,-0.337967,-0.337967,1920015.0,1920015.0,https://www.sec.gov/Archives/edgar/data/834365/000095013396000100/0000950133-96-000100-index.html,https://www.sec.gov/Archives/edgar/data/834365/0000950133-96-000100.txt,1620589455,15:44:15,20210509
102,1995-09-30,BLFS,USD,1995-11-14 00:00:00,1995-11-14 00:00:00,Q3,2000000.0,800000.0,1200000.0,0.6,0.0,1500000.0,0.0,0.0,1600000.0,2400000.0,0.0,100000.0,-300000.0,-0.15,-400000.0,-0.2,0.0,0.0,0.0,0.0,-400000.0,-0.2,-0.225311,-0.225311,1775323.0,1775323.0,https://www.sec.gov/Archives/edgar/data/834365/000095013395000658/0000950133-95-000658-index.html,https://www.sec.gov/Archives/edgar/data/834365/0000950133-95-000658.txt,1620589455,15:44:15,20210509
103,1995-06-30,BLFS,USD,1995-06-30,1995-06-30,Q2,2694186.0,1061998.0,1632188.0,0.6058186034668728,0.0,-555966.0,0.0,0.0,2043720.0,3105718.0,0.0,725804.0,314272.0,0.11664821953643884,-411532.0,-0.1527481770004001,0.0,0.0,0.0,0.0,-830725.0,-0.30833988447716676,-0.4679289346220378,-0.4679289346220378,1775323.0,1775323.0,,,1620589455,15:44:15,20210509
104,1995-03-31,BLFS,USD,1995-03-31,1995-03-31,Q1,3000000.0,1000000.0,2000000.0,0.6666666666666666,0.0,0.0,0.0,0.0,2700000.0,3700000.0,0.0,200000.0,-500000.0,-0.16666666666666666,-700000.0,-0.23333333333333334,0.0,0.0,0.0,0.0,-600000.0,-0.2,-0.33796666860058705,-0.33796666860058705,1775323.0,1775323.0,,,1620589455,15:44:15,20210509
105,1994-12-31,BLFS,USD,1994-12-31,1994-12-31,Q4,4600000.0,0.0,0.0,0.0,0.0,0.0,0.0,0.0,0.0,0.0,0.0,0.0,4600000.0,1.0,4600000.0,1.0,0.0,0.0,0.0,0.0,-300000.0,-0.06521739130434782,-0.16898333430029353,-0.16898333430029353,1775323.0,1775323.0,,,1620589455,15:44:15,20210509
106,1994-09-30,BLFS,USD,1994-09-30,1994-09-30,Q3,3300000.0,1500000.0,1800000.0,0.5454545454545454,0.0,0.0,0.0,0.0,2300000.0,3800000.0,0.0,100000.0,-400000.0,-0.12121212121212122,-500000.0,-0.15151515151515152,0.0,0.0,0.0,0.0,-500000.0,-0.15151515151515152,-0.2816388905004892,-0.2816388905004892,1775323.0,1775323.0,,,1620589455,15:44:15,20210509
107,1994-06-30,BLFS,USD,1994-06-30,1994-06-30,Q2,3500000.0,1500000.0,2000000.0,0.5714285714285714,0.0,0.0,0.0,0.0,2400000.0,3900000.0,0.0,100000.0,-300000.0,-0.08571428571428572,-400000.0,-0.11428571428571428,0.0,0.0,0.0,0.0,-300000.0,-0.08571428571428572,-0.16898333430029353,-0.16898333430029353,1775323.0,1775323.0,,,1620589455,15:44:15,20210509
108,1994-03-31,BLFS,USD,1994-03-31,1994-03-31,Q1,2800000.0,1400000.0,1400000.0,0.5,0.0,0.0,0.0,0.0,2500000.0,3900000.0,0.0,100000.0,-1000000.0,-0.35714285714285715,-1100000.0,-0.39285714285714285,0.0,0.0,0.0,0.0,-1200000.0,-0.42857142857142855,-0.6759333372011741,-0.6759333372011741,1775323.0,1775323.0,,,1620589455,15:44:15,20210509
109,1993-12-31,BLFS,USD,1993-12-31,1993-12-31,Q4,3700000.0,1800000.0,1900000.0,0.5135135135135135,0.0,0.0,0.0,0.0,2400000.0,4200000.0,0.0,100000.0,-400000.0,-0.10810810810810811,-500000.0,-0.13513513513513514,0.0,0.0,0.0,0.0,-600000.0,-0.16216216216216217,-0.33796666860058705,-0.33796666860058705,1775323.0,1775323.0,,,1620589455,15:44:15,20210509
110,1993-09-30,BLFS,USD,1993-09-30,1993-09-30,Q3,3400000.0,2000000.0,1400000.0,0.4117647058823529,0.0,0.0,0.0,0.0,2000000.0,4000000.0,0.0,100000.0,-500000.0,-0.14705882352941177,-600000.0,-0.17647058823529413,0.0,0.0,0.0,0.0,-500000.0,-0.14705882352941177,-0.2816388905004892,-0.2816388905004892,1775323.0,1775323.0,,,1620589455,15:44:15,20210509
111,1993-06-30,BLFS,USD,1993-06-30,1993-06-30,Q2,3200000.0,2000000.0,1200000.0,0.375,0.0,0.0,0.0,0.0,2800000.0,4800000.0,0.0,-100000.0,-1700000.0,-0.53125,-1600000.0,-0.5,0.0,0.0,0.0,0.0,-1700000.0,-0.53125,-0.9575722277016633,-0.9575722277016633,1775323.0,1775323.0,,,1620589455,15:44:15,20210509
112,1993-03-31,BLFS,USD,1993-03-31,1993-03-31,Q1,1600000.0,1100000.0,500000.0,0.3125,0.0,0.0,0.0,0.0,2000000.0,3100000.0,0.0,100000.0,-1400000.0,-0.875,-1500000.0,-0.9375,0.0,0.0,0.0,0.0,-1400000.0,-0.875,-0.7885888934013697,-0.7885888934013697,1775323.0,1775323.0,,,1620589455,15:44:15,20210509
113,1992-12-31,BLFS,USD,1992-12-31,1992-12-31,Q4,700000.0,900000.0,-200000.0,-0.2857142857142857,0.0,0.0,0.0,0.0,1800000.0,2700000.0,0.0,100000.0,-1900000.0,-2.7142857142857144,-2000000.0,-2.857142857142857,100000.0,0.0,0.0,0.0,-1800000.0,-2.5714285714285716,-1.013900005801761,-1.013900005801761,1775323.0,1775323.0,,,1620589455,15:44:15,20210509
114,1992-09-30,BLFS,USD,1992-09-30,1992-09-30,Q3,400000.0,700000.0,-300000.0,-0.75,0.0,0.0,0.0,0.0,1600000.0,2300000.0,0.0,100000.0,-1800000.0,-4.5,-1900000.0,-4.75,100000.0,0.0,0.0,0.0,-1700000.0,-4.25,-0.9575722277016633,-0.9575722277016633,1775323.0,1775323.0,,,1620589455,15:44:15,20210509
115,1992-06-30,BLFS,USD,1992-06-30,1992-06-30,Q2,0.0,0.0,0.0,0.0,0.0,0.0,0.0,0.0,0.0,0.0,0.0,0.0,-5100000.0,0.0,-5100000.0,0.0,0.0,0.0,0.0,0.0,-1500000.0,0.0,-0.8449166715014677,-0.8449166715014677,1775323.0,1775323.0,,,1620589455,15:44:15,20210509
116,1992-03-31,BLFS,USD,1992-03-31,1992-03-31,Q4,100000.0,0.0,0.0,0.0,0.0,0.0,0.0,0.0,0.0,0.0,0.0,0.0,100000.0,1.0,100000.0,1.0,0.0,0.0,0.0,0.0,-1200000.0,-12.0,-0.675933,-0.675933,1775323.0,1775323.0,,,1620589455,15:44:15,20210509
117,1991-12-31,BLFS,USD,1991-12-31,1991-12-31,Q4,100000.0,800000.0,-700000.0,-7.0,0.0,400000.0,0.0,0.0,500000.0,1300000.0,0.0,100000.0,-1100000.0,-11.0,-1200000.0,-12.0,100000.0,0.0,0.0,0.0,-1200000.0,-12.0,-0.675933,-0.675933,1775323.0,1775323.0,,,1620589455,15:44:15,20210509
118,1991-09-30,BLFS,USD,1991-09-30,1991-09-30,Q3,100000.0,0.0,0.0,0.0,0.0,0.0,0.0,0.0,0.0,0.0,0.0,0.0,100000.0,1.0,100000.0,1.0,0.0,0.0,0.0,0.0,-700000.0,-7.0,-0.394294,-0.394294,1775323.0,1775323.0,,,1620589455,15:44:15,20210509
119,1991-06-30,BLFS,USD,1991-06-30,1991-06-30,Q2,0.0,0.0,0.0,0.0,0.0,0.0,0.0,0.0,0.0,0.0,0.0,0.0,-2800000.0,0.0,-2800000.0,0.0,0.0,0.0,0.0,0.0,-600000.0,0.0,-0.33796666860058705,-0.33796666860058705,1775323.0,1775323.0,,,1620589455,15:44:15,20210509
120,1991-03-31,BLFS,USD,1991-03-31,1991-03-31,Q4,100000.0,0.0,0.0,0.0,0.0,0.0,0.0,0.0,0.0,0.0,0.0,0.0,100000.0,1.0,100000.0,1.0,0.0,0.0,0.0,0.0,-500000.0,-5.0,-0.281639,-0.281639,1775323.0,1775323.0,,,1620589455,15:44:15,20210509
121,1990-12-31,BLFS,USD,1990-12-31,1990-12-31,Q4,100000.0,0.0,0.0,0.0,0.0,0.0,0.0,0.0,0.0,0.0,0.0,0.0,100000.0,1.0,100000.0,1.0,0.0,0.0,0.0,0.0,-700000.0,-7.0,-0.394294,-0.394294,1775323.0,1775323.0,,,1620589455,15:44:15,20210509
122,1990-09-30,BLFS,USD,1990-09-30,1990-09-30,Q3,100000.0,500000.0,-400000.0,-4.0,0.0,400000.0,0.0,0.0,400000.0,900000.0,0.0,0.0,-900000.0,-9.0,-800000.0,-8.0,100000.0,0.0,0.0,0.0,-800000.0,-8.0,-0.450622,-0.450622,1775323.0,1775323.0,,,1620589455,15:44:15,20210509
123,1990-06-30,BLFS,USD,1990-06-30,1990-06-30,Q2,0.0,0.0,0.0,0.0,0.0,0.0,0.0,0.0,0.0,0.0,0.0,0.0,-1800000.0,0.0,-1800000.0,0.0,0.0,0.0,0.0,0.0,-800000.0,0.0,-0.45062222480078273,-0.45062222480078273,1775323.0,1775323.0,,,1620589455,15:44:15,20210509
124,1990-03-31,BLFS,USD,1990-03-31,1990-03-31,Q4,100000.0,0.0,0.0,0.0,0.0,0.0,0.0,0.0,0.0,0.0,0.0,0.0,100000.0,1.0,100000.0,1.0,0.0,0.0,0.0,0.0,-300000.0,-3.0,-0.168983,-0.168983,1775323.0,1775323.0,,,1620589455,15:44:15,20210509
125,1989-12-31,BLFS,USD,1989-12-31,1989-12-31,Q4,100000.0,0.0,0.0,0.0,0.0,0.0,0.0,0.0,0.0,0.0,0.0,0.0,100000.0,1.0,100000.0,1.0,0.0,0.0,0.0,0.0,-400000.0,-4.0,-0.225311,-0.225311,1775323.0,1775323.0,,,1620589455,15:44:15,20210509
126,1989-09-30,BLFS,USD,1989-09-30,1989-09-30,Q3,100000.0,0.0,0.0,0.0,0.0,0.0,0.0,0.0,0.0,0.0,0.0,0.0,100000.0,1.0,100000.0,1.0,0.0,0.0,0.0,0.0,-200000.0,-2.0,-0.112656,-0.112656,1775323.0,1775323.0,,,1620589455,15:44:15,20210509
127,1989-06-30,BLFS,USD,1989-06-30,1989-06-30,Q2,0.0,0.0,0.0,0.0,0.0,0.0,0.0,0.0,0.0,0.0,0.0,0.0,-400000.0,0.0,-400000.0,0.0,0.0,0.0,0.0,0.0,-200000.0,0.0,-0.11265555620019568,-0.11265555620019568,1775323.0,1775323.0,,,1620589455,15:44:15,20210509
128,1989-03-31,BLFS,USD,1989-03-31,1989-03-31,Q4,100000.0,0.0,0.0,0.0,0.0,0.0,0.0,0.0,0.0,0.0,0.0,0.0,100000.0,1.0,100000.0,1.0,0.0,0.0,0.0,0.0,-100000.0,-1.0,-0.056328,-0.056328,1775323.0,1775323.0,,,1620589455,15:44:15,20210509
129,1988-12-31,BLFS,USD,1988-12-31,1988-12-31,Q4,100000.0,0.0,0.0,0.0,0.0,0.0,0.0,0.0,0.0,0.0,0.0,0.0,100000.0,1.0,100000.0,1.0,0.0,0.0,0.0,0.0,-100000.0,-1.0,-0.056328,-0.056328,1775323.0,1775323.0,,,1620589455,15:44:15,20210509
130,1988-09-30,BLFS,USD,1988-09-30,1988-09-30,Q3,100000.0,0.0,0.0,0.0,0.0,0.0,0.0,0.0,0.0,0.0,0.0,0.0,100000.0,1.0,100000.0,1.0,0.0,0.0,0.0,0.0,-100000.0,-1.0,-0.056328,-0.056328,1775323.0,1775323.0,,,1620589455,15:44:15,20210509
