,date,symbol,reportedCurrency,fillingDate,acceptedDate,period,revenue,costOfRevenue,grossProfit,grossProfitRatio,researchAndDevelopmentExpenses,generalAndAdministrativeExpenses,sellingAndMarketingExpenses,otherExpenses,operatingExpenses,costAndExpenses,interestExpense,depreciationAndAmortization,ebitda,ebitdaratio,operatingIncome,operatingIncomeRatio,totalOtherIncomeExpensesNet,incomeBeforeTax,incomeBeforeTaxRatio,incomeTaxExpense,netIncome,netIncomeRatio,eps,epsdiluted,weightedAverageShsOut,weightedAverageShsOutDil,link,finalLink,timestamp,est_time,est_date
0,2020-09-30,NUF.AX,AUD,2020-09-30,2020-09-30,Q3,711843750.0,528161500.0,183682250.0,0.2580373150708986,5663000.0,111557750.0,121589250.0,1458250.0,0.0,0.0,22943750.0,0.0,-54682750.0,-13.01770210898318,-55127750.0,-0.07744361034285965,1549000.0,-77626500.0,-0.10904991439483736,12976500.0,-114019750.0,-0.16017524913297335,-0.3088026250003172,-0.3088026250003172,369231803,369231803,,,1620595895,17:31:35,20210509
1,2020-06-30,NUF.AX,AUD,2020-06-30,2020-06-30,Q2,711843750.0,528161500.0,183682250.0,0.2580373150708986,5663000.0,111557750.0,121589250.0,1458250.0,0.0,0.0,22943750.0,0.0,-54682750.0,-13.01770210898318,-55127750.0,-0.07744361034285965,1549000.0,-77626500.0,-0.10904991439483736,12976500.0,-114019750.0,-0.16017524913297335,-0.3088026250003172,-0.3088026250003172,369231803,369231803,,,1620595895,17:31:35,20210509
2,2020-03-31,NUF.AX,AUD,2020-03-31,2020-03-31,Q1,711843750.0,528161500.0,183682250.0,0.2580373150708986,5663000.0,111557750.0,121589250.0,1458250.0,0.0,0.0,22943750.0,0.0,-54682750.0,-13.01770210898318,-55127750.0,-0.07744361034285965,1549000.0,-77626500.0,-0.10904991439483736,12976500.0,-114019750.0,-0.16017524913297335,-0.3088026250003172,-0.3088026250003172,369231803,369231803,,,1620595895,17:31:35,20210509
3,2020-01-31,NUF.AX,AUD,2020-01-31,2020-01-31,Q1,711843750.0,528161500.0,183682250.0,0.2580373150708986,5663000.0,111557750.0,121589250.0,1458250.0,0.0,0.0,22943750.0,0.0,-54682750.0,-13.01770210898318,-55127750.0,-0.07744361034285965,1549000.0,-77626500.0,-0.10904991439483736,12976500.0,-114019750.0,-0.16017524913297335,-0.3088026250003172,-0.3088026250003172,369231803,369231803,,,1620595895,17:31:35,20210509
4,2019-06-30,NUF.AX,AUD,2019-06-30,2019-06-30,Q2,939397500.0,686077250.0,253320250.0,0.26966246982773534,10283000.0,55942000.0,140287750.0,209250.0,0.0,0.0,28810500.0,0.0,49047750.0,19.152713427221432,46807500.0,0.04982714984870622,240250.0,20237250.0,0.02154279737810671,10659750.0,9577500.0,0.010195364582085859,0.02595,0.02585,369231803,370502901,,,1620595895,17:31:35,20210509
5,2019-03-31,NUF.AX,AUD,2019-03-31,2019-03-31,Q1,939397500.0,686077250.0,253320250.0,0.26966246982773534,10283000.0,55942000.0,140287750.0,209250.0,0.0,0.0,28810500.0,0.0,49047750.0,19.152713427221432,46807500.0,0.04982714984870622,240250.0,20237250.0,0.02154279737810671,10659750.0,9577500.0,0.010195364582085859,0.02595,0.02585,369231803,370502901,,,1620595895,17:31:35,20210509
6,2019-01-31,NUF.AX,AUD,2019-01-31,2019-01-31,Q1,939397500.0,686077250.0,253320250.0,0.26966246982773534,10283000.0,55942000.0,140287750.0,209250.0,0.0,0.0,28810500.0,0.0,49047750.0,19.152713427221432,46807500.0,0.04982714984870622,240250.0,20237250.0,0.02154279737810671,10659750.0,9577500.0,0.010195364582085859,0.02595,0.02585,369231803,370502901,,,1620595895,17:31:35,20210509
7,2018-06-30,NUF.AX,AUD,2018-06-30,2018-06-30,Q2,826961750.0,586103250.0,240858500.0,0.2912571228354879,9761500.0,68893250.0,120162500.0,-5172500.0,0.0,0.0,29163000.0,30137500.0,72178750.0,0.08728184828379305,42041250.0,0.05083820382260727,-5153000.0,9973250.0,0.012060110398092778,13975000.0,-3897000.0,-0.0047124307744584315,-0.012333,-0.012333,316119455,316119455,,,1620595895,17:31:35,20210509
8,2018-03-31,NUF.AX,AUD,2018-03-31,2018-03-31,Q1,826961750.0,586103250.0,240858500.0,0.2912571228354879,9761500.0,68893250.0,120162500.0,-5172500.0,0.0,0.0,29163000.0,30137500.0,72178750.0,0.08728184828379305,42041250.0,0.05083820382260727,-5153000.0,9973250.0,0.012060110398092778,13975000.0,-3897000.0,-0.0047124307744584315,-0.012333,-0.012333,316119455,316119455,,,1620595895,17:31:35,20210509
9,2018-01-31,NUF.AX,AUD,2018-01-31,2018-01-31,Q1,826961750.0,586103250.0,240858500.0,0.2912571228354879,9761500.0,68893250.0,120162500.0,-5172500.0,0.0,0.0,29163000.0,30137500.0,72178750.0,0.08728184828379305,42041250.0,0.05083820382260727,-5153000.0,9973250.0,0.012060110398092778,13975000.0,-3897000.0,-0.0047124307744584315,-0.012333,-0.012333,316119455,316119455,,,1620595895,17:31:35,20210509
10,2017-06-30,NUF.AX,AUD,2017-06-30,2017-06-30,Q2,777778750.0,549466250.0,228312500.0,0.29354427592679794,10103750.0,48916500.0,102766750.0,-137000.0,0.0,0.0,24962250.0,21932750.0,88458250.0,0.11373189354941877,66525500.0,0.08553267879843722,-168000.0,43061750.0,0.055365037936559724,14301250.0,28616750.0,0.03679291829456642,0.09264075,0.09240125,278462732,279140883,,,1620595895,17:31:35,20210509
11,2017-03-31,NUF.AX,AUD,2017-03-31,2017-03-31,Q1,777778750.0,549466250.0,228312500.0,0.29354427592679794,10103750.0,48916500.0,102766750.0,-137000.0,0.0,0.0,24962250.0,21932750.0,88458250.0,0.11373189354941877,66525500.0,0.08553267879843722,-168000.0,43061750.0,0.055365037936559724,14301250.0,28616750.0,0.03679291829456642,0.09264075,0.09240125,278462732,279140883,,,1620595895,17:31:35,20210509
12,2017-01-31,NUF.AX,AUD,2017-01-31,2017-01-31,Q1,777778750.0,549466250.0,228312500.0,0.29354427592679794,10103750.0,48916500.0,102766750.0,-137000.0,0.0,0.0,24962250.0,21932750.0,88458250.0,0.11373189354941877,66525500.0,0.08553267879843722,-168000.0,43061750.0,0.055365037936559724,14301250.0,28616750.0,0.03679291829456642,0.09264075,0.09240125,278462732,279140883,,,1620595895,17:31:35,20210509
13,2016-06-30,NUF.AX,AUD,2016-06-30,2016-06-30,Q2,697804250.0,497390250.0,200414000.0,0.28720661990809027,9837000.0,45318250.0,104829250.0,-4248750.0,0.0,0.0,27480000.0,0.0,39889750.0,17.49332221936713,40429500.0,0.05793816818971796,-3899500.0,12409750.0,0.01778399887934188,5540250.0,6879750.0,0.00985914029615039,0.01460225,0.01460225,277418204,277418204,,,1620595895,17:31:35,20210509
14,2016-03-31,NUF.AX,AUD,2016-03-31,2016-03-31,Q1,697804250.0,497390250.0,200414000.0,0.28720661990809027,9837000.0,45318250.0,104829250.0,-4248750.0,0.0,0.0,27480000.0,0.0,39889750.0,17.49332221936713,40429500.0,0.05793816818971796,-3899500.0,12409750.0,0.01778399887934188,5540250.0,6879750.0,0.00985914029615039,0.01460225,0.01460225,277418204,277418204,,,1620595895,17:31:35,20210509
15,2016-01-31,NUF.AX,AUD,2016-01-31,2016-01-31,Q1,697804250.0,497390250.0,200414000.0,0.28720661990809027,9837000.0,45318250.0,104829250.0,-4248750.0,0.0,0.0,27480000.0,0.0,39889750.0,17.49332221936713,40429500.0,0.05793816818971796,-3899500.0,12409750.0,0.01778399887934188,5540250.0,6879750.0,0.00985914029615039,0.01460225,0.01460225,277418204,277418204,,,1620595895,17:31:35,20210509
16,2015-09-30,NUF.AX,AUD,2015-09-30,2015-09-30,Q3,684290750.0,505072500.0,179218250.0,0.26190365718081093,8186250.0,49655000.0,87030000.0,2852000.0,0.0,0.0,20057250.0,20052000.0,54399000.0,0.07949690975656182,34347000.0,0.05019357634163548,3132000.0,18752500.0,0.027404286847367145,7990250.0,10805000.0,0.015790071691017305,0.02800775,0.02776825,276470128,278726228,,,1620595895,17:31:35,20210509
17,2015-06-30,NUF.AX,AUD,2015-06-30,2015-06-30,Q2,684290750.0,505072500.0,179218250.0,0.26190365718081093,8186250.0,49655000.0,87030000.0,2852000.0,0.0,0.0,20057250.0,20052000.0,54399000.0,0.07949690975656182,34347000.0,0.05019357634163548,3132000.0,18752500.0,0.027404286847367145,7990250.0,10805000.0,0.015790071691017305,0.02800775,0.02776825,276470128,278726228,,,1620595895,17:31:35,20210509
18,2015-03-31,NUF.AX,AUD,2015-03-31,2015-03-31,Q1,684290750.0,505072500.0,179218250.0,0.26190365718081093,8186250.0,49655000.0,87030000.0,2852000.0,0.0,0.0,20057250.0,20052000.0,54399000.0,0.07949690975656182,34347000.0,0.05019357634163548,3132000.0,18752500.0,0.027404286847367145,7990250.0,10805000.0,0.015790071691017305,0.02800775,0.02776825,276470128,278726228,,,1620595895,17:31:35,20210509
19,2015-01-31,NUF.AX,AUD,2015-01-31,2015-01-31,Q1,684290750.0,505072500.0,179218250.0,0.26190365718081093,8186250.0,49655000.0,87030000.0,2852000.0,0.0,0.0,20057250.0,20052000.0,54399000.0,0.07949690975656182,34347000.0,0.05019357634163548,3132000.0,18752500.0,0.027404286847367145,7990250.0,10805000.0,0.015790071691017305,0.02800775,0.02776825,276470128,278726228,,,1620595895,17:31:35,20210509
20,2014-09-30,NUF.AX,AUD,2014-09-30,2014-09-30,Q3,655676000.0,488840750.0,166835250.0,0.25444769977854914,10046000.0,42122250.0,80478000.0,-431750.0,0.0,0.0,19664000.0,20204000.0,54393000.0,0.08295713126605214,34189000.0,0.05214313166869002,120250.0,15462750.0,0.023582912902104087,6026000.0,9426750.0,0.014377146639498777,0.02298075,0.02298075,275279407,275279407,,,1620595895,17:31:35,20210509
21,2014-06-30,NUF.AX,AUD,2014-06-30,2014-06-30,Q2,655676000.0,488840750.0,166835250.0,0.25444769977854914,10046000.0,42122250.0,80478000.0,-431750.0,0.0,0.0,19664000.0,20204000.0,54393000.0,0.08295713126605214,34189000.0,0.05214313166869002,120250.0,15462750.0,0.023582912902104087,6026000.0,9426750.0,0.014377146639498777,0.02298075,0.02298075,275279407,275279407,,,1620595895,17:31:35,20210509
22,2014-03-31,NUF.AX,AUD,2014-03-31,2014-03-31,Q1,655676000.0,488840750.0,166835250.0,0.25444769977854914,10046000.0,42122250.0,80478000.0,-431750.0,0.0,0.0,19664000.0,20204000.0,54393000.0,0.08295713126605214,34189000.0,0.05214313166869002,120250.0,15462750.0,0.023582912902104087,6026000.0,9426750.0,0.014377146639498777,0.02298075,0.02298075,275279407,275279407,,,1620595895,17:31:35,20210509
23,2014-01-31,NUF.AX,AUD,2014-01-31,2014-01-31,Q1,655676000.0,488840750.0,166835250.0,0.25444769977854914,10046000.0,42122250.0,80478000.0,-431750.0,0.0,0.0,19664000.0,20204000.0,54393000.0,0.08295713126605214,34189000.0,0.05214313166869002,120250.0,15462750.0,0.023582912902104087,6026000.0,9426750.0,0.014377146639498777,0.02298075,0.02298075,275279407,275279407,,,1620595895,17:31:35,20210509
24,2013-09-30,NUF.AX,AUD,2013-09-30,2013-09-30,Q3,569323000.0,413497750.0,155825250.0,0.27370271357384124,10674500.0,37003000.0,67395500.0,2485750.0,0.0,0.0,15996000.0,18496250.0,59248500.0,0.10406834081883219,40752250.0,0.07158019261473715,2470750.0,28230750.0,0.049586526453348975,7793250.0,20249750.0,0.03556812213804817,0.06104225,0.060803,274326855,275582737,,,1620595895,17:31:35,20210509
25,2013-06-30,NUF.AX,AUD,2013-06-30,2013-06-30,Q2,569323000.0,413497750.0,155825250.0,0.27370271357384124,10674500.0,37003000.0,67395500.0,2485750.0,0.0,0.0,15996000.0,18496250.0,59248500.0,0.10406834081883219,40752250.0,0.07158019261473715,2470750.0,28230750.0,0.049586526453348975,7793250.0,20249750.0,0.03556812213804817,0.06104225,0.060803,274326855,275582737,,,1620595895,17:31:35,20210509
26,2013-03-31,NUF.AX,AUD,2013-03-31,2013-03-31,Q1,569323000.0,413497750.0,155825250.0,0.27370271357384124,10674500.0,37003000.0,67395500.0,2485750.0,0.0,0.0,15996000.0,18496250.0,59248500.0,0.10406834081883219,40752250.0,0.07158019261473715,2470750.0,28230750.0,0.049586526453348975,7793250.0,20249750.0,0.03556812213804817,0.06104225,0.060803,274326855,275582737,,,1620595895,17:31:35,20210509
27,2013-01-31,NUF.AX,AUD,2013-01-31,2013-01-31,Q1,569323000.0,413497750.0,155825250.0,0.27370271357384124,10674500.0,37003000.0,67395500.0,2485750.0,0.0,0.0,15996000.0,18496250.0,59248500.0,0.10406834081883219,40752250.0,0.07158019261473715,2470750.0,28230750.0,0.049586526453348975,7793250.0,20249750.0,0.03556812213804817,0.06104225,0.060803,274326855,275582737,,,1620595895,17:31:35,20210509
28,2012-09-30,NUF.AX,AUD,2012-09-30,2012-09-30,Q3,545387750.0,392664250.0,152723500.0,0.28002737501896585,9468500.0,49501750.0,60135750.0,7340250.0,3370750.0,0.0,15094250.0,16372250.0,49989750.0,0.09165909942054988,33617500.0,0.061639631619888786,7434750.0,27580750.0,0.050570901161604745,9375250.0,18148500.0,0.03327632496329446,0.05338225,0.05338225,273603973,273603973,,,1620595895,17:31:35,20210509
29,2012-06-30,NUF.AX,AUD,2012-06-30,2012-06-30,Q2,545387750.0,392664250.0,152723500.0,0.28002737501896585,9468500.0,49501750.0,60135750.0,7340250.0,3370750.0,0.0,15094250.0,16372250.0,49989750.0,0.09165909942054988,33617500.0,0.061639631619888786,7434750.0,27580750.0,0.050570901161604745,9375250.0,18148500.0,0.03327632496329446,0.05338225,0.05338225,273603973,273603973,,,1620595895,17:31:35,20210509
30,2012-03-31,NUF.AX,AUD,2012-03-31,2012-03-31,Q1,545387750.0,392664250.0,152723500.0,0.28002737501896585,9468500.0,49501750.0,60135750.0,7340250.0,3370750.0,0.0,15094250.0,16372250.0,49989750.0,0.09165909942054988,33617500.0,0.061639631619888786,7434750.0,27580750.0,0.050570901161604745,9375250.0,18148500.0,0.03327632496329446,0.05338225,0.05338225,273603973,273603973,,,1620595895,17:31:35,20210509
31,2012-01-31,NUF.AX,AUD,2012-01-31,2012-01-31,Q1,545387750.0,392664250.0,152723500.0,0.28002737501896585,9468500.0,49501750.0,60135750.0,7340250.0,3370750.0,0.0,15094250.0,16372250.0,49989750.0,0.09165909942054988,33617500.0,0.061639631619888786,7434750.0,27580750.0,0.050570901161604745,9375250.0,18148500.0,0.03327632496329446,0.05338225,0.05338225,273603973,273603973,,,1620595895,17:31:35,20210509
32,2011-09-30,NUF.AX,AUD,2011-09-30,2011-09-30,Q3,520897250.0,375257750.0,145639500.0,0.2795935282822092,9118500.0,35057750.0,57369500.0,-8197750.0,758250.0,0.0,13738500.0,16099250.0,59434750.0,0.11410071755994104,43335500.0,0.0831939504384022,-39259000.0,-8137000.0,-0.015621122975788411,4245250.0,-12462750.0,-0.023925543857257838,-0.0567335,-0.0567335,273421188,273421188,,,1620595895,17:31:35,20210509
33,2011-06-30,NUF.AX,AUD,2011-06-30,2011-06-30,Q2,520897250.0,375257750.0,145639500.0,0.2795935282822092,9118500.0,35057750.0,57369500.0,-8197750.0,758250.0,0.0,13738500.0,16099250.0,59434750.0,0.11410071755994104,43335500.0,0.0831939504384022,-39259000.0,-8137000.0,-0.015621122975788411,4245250.0,-12462750.0,-0.023925543857257838,-0.0567335,-0.0567335,273421188,273421188,,,1620595895,17:31:35,20210509
34,2011-03-31,NUF.AX,AUD,2011-03-31,2011-03-31,Q1,520897250.0,375257750.0,145639500.0,0.2795935282822092,9118500.0,35057750.0,57369500.0,-8197750.0,758250.0,0.0,13738500.0,16099250.0,59434750.0,0.11410071755994104,43335500.0,0.0831939504384022,-39259000.0,-8137000.0,-0.015621122975788411,4245250.0,-12462750.0,-0.023925543857257838,-0.0567335,-0.0567335,273421188,273421188,,,1620595895,17:31:35,20210509
35,2011-01-31,NUF.AX,AUD,2011-01-31,2011-01-31,Q1,520897250.0,375257750.0,145639500.0,0.2795935282822092,9118500.0,35057750.0,57369500.0,-8197750.0,758250.0,0.0,13738500.0,16099250.0,59434750.0,0.11410071755994104,43335500.0,0.0831939504384022,-39259000.0,-8137000.0,-0.015621122975788411,4245250.0,-12462750.0,-0.023925543857257838,-0.0567335,-0.0567335,273421188,273421188,,,1620595895,17:31:35,20210509
36,2010-09-30,NUF.AX,AUD,2010-09-30,2010-09-30,Q3,542157500.0,424679250.0,117478250.0,0.21668657170656128,9632250.0,39071250.0,54404250.0,2991000.0,0.0,0.0,15306250.0,14387000.0,28757500.0,0.05304270438018473,14370500.0,0.026506135209786823,3002750.0,3179250.0,0.005864070865016162,8842250.0,-5997500.0,-0.011062283561511184,-0.03590725,-0.03590725,237344014,237344014,,,1620595895,17:31:35,20210509
37,2010-06-30,NUF.AX,AUD,2010-06-30,2010-06-30,Q2,542157500.0,424679250.0,117478250.0,0.21668657170656128,9632250.0,39071250.0,54404250.0,2991000.0,0.0,0.0,15306250.0,14387000.0,28757500.0,0.05304270438018473,14370500.0,0.026506135209786823,3002750.0,3179250.0,0.005864070865016162,8842250.0,-5997500.0,-0.011062283561511184,-0.03590725,-0.03590725,237344014,237344014,,,1620595895,17:31:35,20210509
38,2010-03-31,NUF.AX,AUD,2010-03-31,2010-03-31,Q1,542157500.0,424679250.0,117478250.0,0.21668657170656128,9632250.0,39071250.0,54404250.0,2991000.0,0.0,0.0,15306250.0,14387000.0,28757500.0,0.05304270438018473,14370500.0,0.026506135209786823,3002750.0,3179250.0,0.005864070865016162,8842250.0,-5997500.0,-0.011062283561511184,-0.03590725,-0.03590725,237344014,237344014,,,1620595895,17:31:35,20210509
39,2010-01-31,NUF.AX,AUD,2010-01-31,2010-01-31,Q1,542157500.0,424679250.0,117478250.0,0.21668657170656128,9632250.0,39071250.0,54404250.0,2991000.0,0.0,0.0,15306250.0,14387000.0,28757500.0,0.05304270438018473,14370500.0,0.026506135209786823,3002750.0,3179250.0,0.005864070865016162,8842250.0,-5997500.0,-0.011062283561511184,-0.03590725,-0.03590725,237344014,237344014,,,1620595895,17:31:35,20210509
40,2009-09-30,NUF.AX,AUD,2009-09-30,2009-09-30,Q3,669270750.0,516813750.0,152457000.0,0.2277957015154181,11343750.0,39155250.0,52728500.0,-9893250.0,641000.0,0.0,24591500.0,16490500.0,65079000.0,0.09723867358613834,48588500.0,0.07259916857265912,-10830250.0,14739250.0,0.022022850991172106,-5396250.0,19969250.0,0.02983732667235196,0.080193,0.080193,201210344,201210344,,,1620595895,17:31:35,20210509
41,2009-06-30,NUF.AX,AUD,2009-06-30,2009-06-30,Q2,669270750.0,516813750.0,152457000.0,0.2277957015154181,11343750.0,39155250.0,52728500.0,-9893250.0,641000.0,0.0,24591500.0,16490500.0,65079000.0,0.09723867358613834,48588500.0,0.07259916857265912,-10830250.0,14739250.0,0.022022850991172106,-5396250.0,19969250.0,0.02983732667235196,0.080193,0.080193,201210344,201210344,,,1620595895,17:31:35,20210509
42,2009-03-31,NUF.AX,AUD,2009-03-31,2009-03-31,Q1,669270750.0,516813750.0,152457000.0,0.2277957015154181,11343750.0,39155250.0,52728500.0,-9893250.0,641000.0,0.0,24591500.0,16490500.0,65079000.0,0.09723867358613834,48588500.0,0.07259916857265912,-10830250.0,14739250.0,0.022022850991172106,-5396250.0,19969250.0,0.02983732667235196,0.080193,0.080193,201210344,201210344,,,1620595895,17:31:35,20210509
43,2009-01-31,NUF.AX,AUD,2009-01-31,2009-01-31,Q1,669270750.0,516813750.0,152457000.0,0.2277957015154181,11343750.0,39155250.0,52728500.0,-9893250.0,641000.0,0.0,24591500.0,16490500.0,65079000.0,0.09723867358613834,48588500.0,0.07259916857265912,-10830250.0,14739250.0,0.022022850991172106,-5396250.0,19969250.0,0.02983732667235196,0.080193,0.080193,201210344,201210344,,,1620595895,17:31:35,20210509
44,2008-09-30,NUF.AX,AUD,2008-09-30,2008-09-30,Q3,623114500.0,436991250.0,186123250.0,0.2986983130708722,10396250.0,34594500.0,65969500.0,-8214750.0,0.0,0.0,20849250.0,11870000.0,87033000.0,0.13967416903313917,75163000.0,0.12062470059676031,-7540250.0,47574000.0,0.07634872884518014,13044000.0,34478750.0,0.05533292837833175,0.166849,0.166849,184873772,184873772,,,1620595895,17:31:35,20210509
45,2008-06-30,NUF.AX,AUD,2008-06-30,2008-06-30,Q2,623114500.0,436991250.0,186123250.0,0.2986983130708722,10396250.0,34594500.0,65969500.0,-8214750.0,0.0,0.0,20849250.0,11870000.0,87033000.0,0.13967416903313917,75163000.0,0.12062470059676031,-7540250.0,47574000.0,0.07634872884518014,13044000.0,34478750.0,0.05533292837833175,0.166849,0.166849,184873772,184873772,,,1620595895,17:31:35,20210509
46,2008-03-31,NUF.AX,AUD,2008-03-31,2008-03-31,Q1,623114500.0,436991250.0,186123250.0,0.2986983130708722,10396250.0,34594500.0,65969500.0,-8214750.0,0.0,0.0,20849250.0,11870000.0,87033000.0,0.13967416903313917,75163000.0,0.12062470059676031,-7540250.0,47574000.0,0.07634872884518014,13044000.0,34478750.0,0.05533292837833175,0.166849,0.166849,184873772,184873772,,,1620595895,17:31:35,20210509
47,2008-01-31,NUF.AX,AUD,2008-01-31,2008-01-31,Q1,623114500.0,436991250.0,186123250.0,0.2986983130708722,10396250.0,34594500.0,65969500.0,-8214750.0,0.0,0.0,20849250.0,11870000.0,87033000.0,0.13967416903313917,75163000.0,0.12062470059676031,-7540250.0,47574000.0,0.07634872884518014,13044000.0,34478750.0,0.05533292837833175,0.166849,0.166849,184873772,184873772,,,1620595895,17:31:35,20210509
48,2007-09-30,NUF.AX,AUD,2007-09-30,2007-09-30,Q3,441096000.0,317180750.0,123915250.0,0.28092580753396085,7500000.0,23339250.0,46504750.0,2141750.0,0.0,0.0,14942250.0,0.0,52060750.0,8.472716970078226,46571250.0,0.10558075793024647,4155750.0,37118500.0,0.08415061573897746,10287750.0,37199000.0,0.08433311569363586,0.20012325,0.20012325,179105178,179105178,,,1620595895,17:31:35,20210509
49,2007-06-30,NUF.AX,AUD,2007-06-30,2007-06-30,Q2,441096000.0,317180750.0,123915250.0,0.28092580753396085,7500000.0,23339250.0,46504750.0,2141750.0,0.0,0.0,14942250.0,0.0,52060750.0,8.472716970078226,46571250.0,0.10558075793024647,4155750.0,37118500.0,0.08415061573897746,10287750.0,37199000.0,0.08433311569363586,0.20012325,0.20012325,179105178,179105178,,,1620595895,17:31:35,20210509
50,2007-03-31,NUF.AX,AUD,2007-03-31,2007-03-31,Q1,441096000.0,317180750.0,123915250.0,0.28092580753396085,7500000.0,23339250.0,46504750.0,2141750.0,0.0,0.0,14942250.0,0.0,52060750.0,8.472716970078226,46571250.0,0.10558075793024647,4155750.0,37118500.0,0.08415061573897746,10287750.0,37199000.0,0.08433311569363586,0.20012325,0.20012325,179105178,179105178,,,1620595895,17:31:35,20210509
51,2007-01-31,NUF.AX,AUD,2007-01-31,2007-01-31,Q1,441096000.0,317180750.0,123915250.0,0.28092580753396085,7500000.0,23339250.0,46504750.0,2141750.0,0.0,0.0,14942250.0,0.0,52060750.0,8.472716970078226,46571250.0,0.10558075793024647,4155750.0,37118500.0,0.08415061573897746,10287750.0,37199000.0,0.08433311569363586,0.20012325,0.20012325,179105178,179105178,,,1620595895,17:31:35,20210509
52,2006-09-30,NUF.AX,AUD,2006-09-30,2006-09-30,Q3,419186500.0,262462250.0,156724250.0,0.37387714060448035,3653750.0,56917750.0,19540000.0,2478500.0,30303250.0,0.0,14308000.0,4706750.0,46309500.0,0.11047469324513075,41602750.0,0.09924639748656028,5114750.0,34406000.0,0.08207802493639466,8614750.0,30288250.0,0.07225483167993244,0.1702005,0.1702005,177774890,177774890,,,1620595895,17:31:35,20210509
53,2006-06-30,NUF.AX,AUD,2006-06-30,2006-06-30,Q2,419186500.0,262462250.0,156724250.0,0.37387714060448035,3653750.0,56917750.0,19540000.0,2478500.0,30303250.0,0.0,14308000.0,4706750.0,46309500.0,0.11047469324513075,41602750.0,0.09924639748656028,5114750.0,34406000.0,0.08207802493639466,8614750.0,30288250.0,0.07225483167993244,0.1702005,0.1702005,177774890,177774890,,,1620595895,17:31:35,20210509
54,2006-03-31,NUF.AX,AUD,2006-03-31,2006-03-31,Q1,419186500.0,262462250.0,156724250.0,0.37387714060448035,3653750.0,56917750.0,19540000.0,2478500.0,30303250.0,0.0,14308000.0,4706750.0,46309500.0,0.11047469324513075,41602750.0,0.09924639748656028,5114750.0,34406000.0,0.08207802493639466,8614750.0,30288250.0,0.07225483167993244,0.1702005,0.1702005,177774890,177774890,,,1620595895,17:31:35,20210509
55,2006-01-31,NUF.AX,AUD,2006-01-31,2006-01-31,Q1,419186500.0,262462250.0,156724250.0,0.37387714060448035,3653750.0,56917750.0,19540000.0,2478500.0,30303250.0,0.0,14308000.0,4706750.0,46309500.0,0.11047469324513075,41602750.0,0.09924639748656028,5114750.0,34406000.0,0.08207802493639466,8614750.0,30288250.0,0.07225483167993244,0.1702005,0.1702005,177774890,177774890,,,1620595895,17:31:35,20210509
56,2005-09-30,NUF.AX,AUD,2005-09-30,2005-09-30,Q3,417757250.0,254776250.0,162981000.0,0.3901332651916873,3953000.0,59886000.0,17619000.0,8511000.0,31774000.0,0.0,9970750.0,15299750.0,49571750.0,0.11866161508866692,34272000.0,0.08203807354629991,10150500.0,34795000.0,0.0832899967624739,34795000.0,-387500.0,-0.0009275721725954487,0.1476985,0.1476985,176541986,176541986,,,1620595895,17:31:35,20210509
57,2005-06-30,NUF.AX,AUD,2005-06-30,2005-06-30,Q2,417757250.0,254776250.0,162981000.0,0.3901332651916873,3953000.0,59886000.0,17619000.0,8511000.0,31774000.0,0.0,9970750.0,15299750.0,49571750.0,0.11866161508866692,34272000.0,0.08203807354629991,10150500.0,34795000.0,0.0832899967624739,34795000.0,-387500.0,-0.0009275721725954487,0.1476985,0.1476985,176541986,176541986,,,1620595895,17:31:35,20210509
58,2005-03-31,NUF.AX,AUD,2005-03-31,2005-03-31,Q1,417757250.0,254776250.0,162981000.0,0.3901332651916873,3953000.0,59886000.0,17619000.0,8511000.0,31774000.0,0.0,9970750.0,15299750.0,49571750.0,0.11866161508866692,34272000.0,0.08203807354629991,10150500.0,34795000.0,0.0832899967624739,34795000.0,-387500.0,-0.0009275721725954487,0.1476985,0.1476985,176541986,176541986,,,1620595895,17:31:35,20210509
59,2005-01-31,NUF.AX,AUD,2005-01-31,2005-01-31,Q1,417757250.0,254776250.0,162981000.0,0.3901332651916873,3953000.0,59886000.0,17619000.0,8511000.0,31774000.0,0.0,9970750.0,15299750.0,49571750.0,0.11866161508866692,34272000.0,0.08203807354629991,10150500.0,34795000.0,0.0832899967624739,34795000.0,-387500.0,-0.0009275721725954487,0.1476985,0.1476985,176541986,176541986,,,1620595895,17:31:35,20210509
60,2004-09-30,NUF.AX,AUD,2004-09-30,2004-09-30,Q3,394203750.0,222500750.0,171703000.0,0.4355691694967387,3533000.0,64502000.0,22193750.0,-5374000.0,24178500.0,0.0,8339750.0,16201750.0,56280750.0,0.14277071184634849,40079000.0,0.10167077304566484,-4520250.0,27474250.0,0.06969555718330939,27474250.0,-518500.0,-0.0013153096590278505,0.11274875,0.11179125,169021364,169021364,,,1620595895,17:31:35,20210509
61,2004-06-30,NUF.AX,AUD,2004-06-30,2004-06-30,Q2,394203750.0,222500750.0,171703000.0,0.4355691694967387,3533000.0,64502000.0,22193750.0,-5374000.0,24178500.0,0.0,8339750.0,16201750.0,56280750.0,0.14277071184634849,40079000.0,0.10167077304566484,-4520250.0,27474250.0,0.06969555718330939,27474250.0,-518500.0,-0.0013153096590278505,0.11274875,0.11179125,169021364,169021364,,,1620595895,17:31:35,20210509
62,2004-03-31,NUF.AX,AUD,2004-03-31,2004-03-31,Q1,394203750.0,222500750.0,171703000.0,0.4355691694967387,3533000.0,64502000.0,22193750.0,-5374000.0,24178500.0,0.0,8339750.0,16201750.0,56280750.0,0.14277071184634849,40079000.0,0.10167077304566484,-4520250.0,27474250.0,0.06969555718330939,27474250.0,-518500.0,-0.0013153096590278505,0.11274875,0.11179125,169021364,169021364,,,1620595895,17:31:35,20210509
63,2004-01-31,NUF.AX,AUD,2004-01-31,2004-01-31,Q1,394203750.0,222500750.0,171703000.0,0.4355691694967387,3533000.0,64502000.0,22193750.0,-5374000.0,24178500.0,0.0,8339750.0,16201750.0,56280750.0,0.14277071184634849,40079000.0,0.10167077304566484,-4520250.0,27474250.0,0.06969555718330939,27474250.0,-518500.0,-0.0013153096590278505,0.11274875,0.11179125,169021364,169021364,,,1620595895,17:31:35,20210509
64,2003-09-30,NUF.AX,AUD,2003-09-30,2003-09-30,Q3,364702750.0,205653500.0,159049250.0,0.43610652785042064,2059000.0,56673250.0,17028250.0,326750.0,34754500.0,0.0,9796500.0,16816000.0,48534250.0,0.13307892523431752,31718250.0,0.08697014212259162,1276000.0,23413000.0,0.06419748685744761,23413000.0,-456500.0,-0.001251704298911922,0.118494,0.117297,162565603,162565603,,,1620595895,17:31:35,20210509
65,2003-06-30,NUF.AX,AUD,2003-06-30,2003-06-30,Q2,364702750.0,205653500.0,159049250.0,0.43610652785042064,2059000.0,56673250.0,17028250.0,326750.0,34754500.0,0.0,9796500.0,16816000.0,48534250.0,0.13307892523431752,31718250.0,0.08697014212259162,1276000.0,23413000.0,0.06419748685744761,23413000.0,-456500.0,-0.001251704298911922,0.118494,0.117297,162565603,162565603,,,1620595895,17:31:35,20210509
66,2003-03-31,NUF.AX,AUD,2003-03-31,2003-03-31,Q1,364702750.0,205653500.0,159049250.0,0.43610652785042064,2059000.0,56673250.0,17028250.0,326750.0,34754500.0,0.0,9796500.0,16816000.0,48534250.0,0.13307892523431752,31718250.0,0.08697014212259162,1276000.0,23413000.0,0.06419748685744761,23413000.0,-456500.0,-0.001251704298911922,0.118494,0.117297,162565603,162565603,,,1620595895,17:31:35,20210509
67,2003-01-31,NUF.AX,AUD,2003-01-31,2003-01-31,Q1,364702750.0,205653500.0,159049250.0,0.43610652785042064,2059000.0,56673250.0,17028250.0,326750.0,34754500.0,0.0,9796500.0,16816000.0,48534250.0,0.13307892523431752,31718250.0,0.08697014212259162,1276000.0,23413000.0,0.06419748685744761,23413000.0,-456500.0,-0.001251704298911922,0.118494,0.117297,162565603,162565603,,,1620595895,17:31:35,20210509
68,2002-09-30,NUF.AX,AUD,2002-09-30,2002-09-30,Q3,358213000.0,221202000.0,137011000.0,0.382484722776672,2332000.0,57110000.0,14117500.0,-5429500.0,13849750.0,0.0,10532000.0,14179750.0,49601750.0,0.13846998852637957,35422000.0,0.09888530008681985,-4516750.0,20545500.0,0.05735553986036241,20545500.0,-235750.0,-0.0006581279853048326,0.087853,0.087135,161932290,161932290,,,1620595895,17:31:35,20210509
69,2002-06-30,NUF.AX,AUD,2002-06-30,2002-06-30,Q2,358213000.0,221202000.0,137011000.0,0.382484722776672,2332000.0,57110000.0,14117500.0,-5429500.0,13849750.0,0.0,10532000.0,14179750.0,49601750.0,0.13846998852637957,35422000.0,0.09888530008681985,-4516750.0,20545500.0,0.05735553986036241,20545500.0,-235750.0,-0.0006581279853048326,0.087853,0.087135,161932290,161932290,,,1620595895,17:31:35,20210509
70,2002-03-31,NUF.AX,AUD,2002-03-31,2002-03-31,Q1,358213000.0,221202000.0,137011000.0,0.382484722776672,2332000.0,57110000.0,14117500.0,-5429500.0,13849750.0,0.0,10532000.0,14179750.0,49601750.0,0.13846998852637957,35422000.0,0.09888530008681985,-4516750.0,20545500.0,0.05735553986036241,20545500.0,-235750.0,-0.0006581279853048326,0.087853,0.087135,161932290,161932290,,,1620595895,17:31:35,20210509
71,2002-01-31,NUF.AX,AUD,2002-01-31,2002-01-31,Q1,358213000.0,221202000.0,137011000.0,0.382484722776672,2332000.0,57110000.0,14117500.0,-5429500.0,13849750.0,0.0,10532000.0,14179750.0,49601750.0,0.13846998852637957,35422000.0,0.09888530008681985,-4516750.0,20545500.0,0.05735553986036241,20545500.0,-235750.0,-0.0006581279853048326,0.087853,0.087135,161932290,161932290,,,1620595895,17:31:35,20210509
72,2001-09-30,NUF.AX,AUD,2001-09-30,2001-09-30,Q3,331203250.0,193001250.0,138202000.0,0.4172724754361559,2861750.0,51951500.0,0.0,15160750.0,115140750.0,0.0,9250000.0,22571000.0,23061250.0,0.06962869476673311,490250.0,0.001480208904954888,16022500.0,7926500.0,0.02393243423788867,7926500.0,-143750.0,-0.0004340235187909539,-0.007014,-0.007014,161263756,161263756,,,1620595895,17:31:35,20210509
73,2001-06-30,NUF.AX,AUD,2001-06-30,2001-06-30,Q2,331203250.0,193001250.0,138202000.0,0.4172724754361559,2861750.0,51951500.0,0.0,15160750.0,115140750.0,0.0,9250000.0,22571000.0,23061250.0,0.06962869476673311,490250.0,0.001480208904954888,16022500.0,7926500.0,0.02393243423788867,7926500.0,-143750.0,-0.0004340235187909539,-0.007014,-0.007014,161263756,161263756,,,1620595895,17:31:35,20210509
74,2001-03-31,NUF.AX,AUD,2001-03-31,2001-03-31,Q1,331203250.0,193001250.0,138202000.0,0.4172724754361559,2861750.0,51951500.0,0.0,15160750.0,115140750.0,0.0,9250000.0,22571000.0,23061250.0,0.06962869476673311,490250.0,0.001480208904954888,16022500.0,7926500.0,0.02393243423788867,7926500.0,-143750.0,-0.0004340235187909539,-0.007014,-0.007014,161263756,161263756,,,1620595895,17:31:35,20210509
75,2001-01-31,NUF.AX,AUD,2001-01-31,2001-01-31,Q1,331203250.0,193001250.0,138202000.0,0.4172724754361559,2861750.0,51951500.0,0.0,15160750.0,115140750.0,0.0,9250000.0,22571000.0,23061250.0,0.06962869476673311,490250.0,0.001480208904954888,16022500.0,7926500.0,0.02393243423788867,7926500.0,-143750.0,-0.0004340235187909539,-0.007014,-0.007014,161263756,161263756,,,1620595895,17:31:35,20210509
76,2000-09-30,NUF.AX,AUD,2000-09-30,2000-09-30,Q3,317060500.0,0.0,317060500.0,1.0,2377250.0,41753000.0,0.0,-303079000.0,1149500.0,0.0,9202750.0,13981500.0,317060500.0,1.0,303079000.0,0.9559027378055608,1010000.0,20455250.0,0.064515289668691,20455250.0,-217250.0,-0.0006852004585875567,0.090965,0.08234725,157780235,157780235,,,1620595895,17:31:35,20210509
77,2000-06-30,NUF.AX,AUD,2000-06-30,2000-06-30,Q2,317060500.0,0.0,317060500.0,1.0,2377250.0,41753000.0,0.0,-303079000.0,1149500.0,0.0,9202750.0,13981500.0,317060500.0,1.0,303079000.0,0.9559027378055608,1010000.0,20455250.0,0.064515289668691,20455250.0,-217250.0,-0.0006852004585875567,0.090965,0.08234725,157780235,157780235,,,1620595895,17:31:35,20210509
78,2000-03-31,NUF.AX,AUD,2000-03-31,2000-03-31,Q1,317060500.0,0.0,317060500.0,1.0,2377250.0,41753000.0,0.0,-303079000.0,1149500.0,0.0,9202750.0,13981500.0,317060500.0,1.0,303079000.0,0.9559027378055608,1010000.0,20455250.0,0.064515289668691,20455250.0,-217250.0,-0.0006852004585875567,0.090965,0.08234725,157780235,157780235,,,1620595895,17:31:35,20210509
79,2000-01-31,NUF.AX,AUD,2000-01-31,2000-01-31,Q1,317060500.0,0.0,317060500.0,1.0,2377250.0,41753000.0,0.0,-303079000.0,1149500.0,0.0,9202750.0,13981500.0,317060500.0,1.0,303079000.0,0.9559027378055608,1010000.0,20455250.0,0.064515289668691,20455250.0,-217250.0,-0.0006852004585875567,0.090965,0.08234725,157780235,157780235,,,1620595895,17:31:35,20210509
80,1999-09-30,NUF.AX,AUD,1999-09-30,1999-09-30,Q3,0.0,0.0,0.0,0.0,0.0,0.0,0.0,0.0,0.0,0.0,8588400.0,0.0,26486470.0,0.0,0.0,0.0,-172015.5,17898070.0,0.0,17898070.0,-4950.0,0.0,0.088667,0.080193,153675806,153675806,,,1620595895,17:31:35,20210509
81,1999-06-30,NUF.AX,AUD,1999-06-30,1999-06-30,Q2,0.0,0.0,0.0,0.0,0.0,0.0,0.0,0.0,0.0,0.0,8588400.0,0.0,26486470.0,0.0,0.0,0.0,-172015.5,17898070.0,0.0,17898070.0,-4950.0,0.0,0.088667,0.080193,153675806,153675806,,,1620595895,17:31:35,20210509
82,1999-03-31,NUF.AX,AUD,1999-03-31,1999-03-31,Q1,0.0,0.0,0.0,0.0,0.0,0.0,0.0,0.0,0.0,0.0,8588400.0,0.0,26486470.0,0.0,0.0,0.0,-172015.5,17898070.0,0.0,17898070.0,-4950.0,0.0,0.088667,0.080193,153675806,153675806,,,1620595895,17:31:35,20210509
83,1999-01-31,NUF.AX,AUD,1999-01-31,1999-01-31,Q1,0.0,0.0,0.0,0.0,0.0,0.0,0.0,0.0,0.0,0.0,8588400.0,0.0,26486470.0,0.0,0.0,0.0,-172015.5,17898070.0,0.0,17898070.0,-4950.0,0.0,0.088667,0.080193,153675806,153675806,,,1620595895,17:31:35,20210509
84,1998-09-30,NUF.AX,AUD,1998-09-30,1998-09-30,Q3,294338664.0,0.0,294338664.0,1.0,2663779.75,51495668.0,0.0,-294338664.0,75691560.0,0.0,7850926.0,10550719.75,304889383.75,1.0358455107685072,294338664.0,1.0,0.0,18646458.0,0.06335035209645444,18646458.0,-55951.0,-0.0001900905550077512,-0.00037025,-0.00037025,151133118,151133118,,,1620595895,17:31:35,20210509
85,1998-06-30,NUF.AX,AUD,1998-06-30,1998-06-30,Q2,294338664.0,0.0,294338664.0,1.0,2663779.75,51495668.0,0.0,-294338664.0,75691560.0,0.0,7850926.0,10550719.75,304889383.75,1.0358455107685072,294338664.0,1.0,0.0,18646458.0,0.06335035209645444,18646458.0,-55951.0,-0.0001900905550077512,-0.00037025,-0.00037025,151133118,151133118,,,1620595895,17:31:35,20210509
86,1998-03-31,NUF.AX,AUD,1998-03-31,1998-03-31,Q1,294338664.0,0.0,294338664.0,1.0,2663779.75,51495668.0,0.0,-294338664.0,75691560.0,0.0,7850926.0,10550719.75,304889383.75,1.0358455107685072,294338664.0,1.0,0.0,18646458.0,0.06335035209645444,18646458.0,-55951.0,-0.0001900905550077512,-0.00037025,-0.00037025,151133118,151133118,,,1620595895,17:31:35,20210509
87,1998-01-31,NUF.AX,AUD,1998-01-31,1998-01-31,Q1,294338664.0,0.0,294338664.0,1.0,2663779.75,51495668.0,0.0,-294338664.0,75691560.0,0.0,7850926.0,10550719.75,304889383.75,1.0358455107685072,294338664.0,1.0,0.0,18646458.0,0.06335035209645444,18646458.0,-55951.0,-0.0001900905550077512,-0.00037025,-0.00037025,151133118,151133118,,,1620595895,17:31:35,20210509
88,1997-09-30,NUF.AX,AUD,1997-09-30,1997-09-30,Q3,189975578.75,0.0,189975578.75,1.0,0.0,8368533.0,0.0,-189975578.75,37544320.0,0.0,6434967.5,6125633.0,196101211.75,1.0322443181397598,189975578.75,1.0,0.0,12767050.0,0.06720363787811331,12767050.0,16280.75,8.569917305752647e-05,0.0001085,0.0001085,150039150,150039150,,,1620595895,17:31:35,20210509
89,1997-06-30,NUF.AX,AUD,1997-06-30,1997-06-30,Q2,189975578.75,0.0,189975578.75,1.0,0.0,8368533.0,0.0,-189975578.75,37544320.0,0.0,6434967.5,6125633.0,196101211.75,1.0322443181397598,189975578.75,1.0,0.0,12767050.0,0.06720363787811331,12767050.0,16280.75,8.569917305752647e-05,0.0001085,0.0001085,150039150,150039150,,,1620595895,17:31:35,20210509
90,1997-03-31,NUF.AX,AUD,1997-03-31,1997-03-31,Q1,189975578.75,0.0,189975578.75,1.0,0.0,8368533.0,0.0,-189975578.75,37544320.0,0.0,6434967.5,6125633.0,196101211.75,1.0322443181397598,189975578.75,1.0,0.0,12767050.0,0.06720363787811331,12767050.0,16280.75,8.569917305752647e-05,0.0001085,0.0001085,150039150,150039150,,,1620595895,17:31:35,20210509
91,1997-01-31,NUF.AX,AUD,1997-01-31,1997-01-31,Q1,189975578.75,0.0,189975578.75,1.0,0.0,8368533.0,0.0,-189975578.75,37544320.0,0.0,6434967.5,6125633.0,196101211.75,1.0322443181397598,189975578.75,1.0,0.0,12767050.0,0.06720363787811331,12767050.0,16280.75,8.569917305752647e-05,0.0001085,0.0001085,150039150,150039150,,,1620595895,17:31:35,20210509
92,1996-09-30,NUF.AX,AUD,1996-09-30,1996-09-30,Q3,135716592.0,0.0,135716592.0,1.0,0.0,0.0,0.0,-130137868.5,0.0,0.0,4421915.0,5578723.5,135716592.0,1.0,130137868.5,0.9588943148528222,0.0,10866596.0,0.0800682940815372,10866596.0,1800000.0,0.013262932508650085,0.062335,0.062335,120437067,120437067,,,1620595895,17:31:35,20210509
93,1996-06-30,NUF.AX,AUD,1996-06-30,1996-06-30,Q2,135716592.0,0.0,135716592.0,1.0,0.0,0.0,0.0,-130137868.5,0.0,0.0,4421915.0,5578723.5,135716592.0,1.0,130137868.5,0.9588943148528222,0.0,10866596.0,0.0800682940815372,10866596.0,1800000.0,0.013262932508650085,0.062335,0.062335,120437067,120437067,,,1620595895,17:31:35,20210509
94,1996-03-31,NUF.AX,AUD,1996-03-31,1996-03-31,Q1,135716592.0,0.0,135716592.0,1.0,0.0,0.0,0.0,-130137868.5,0.0,0.0,4421915.0,5578723.5,135716592.0,1.0,130137868.5,0.9588943148528222,0.0,10866596.0,0.0800682940815372,10866596.0,1800000.0,0.013262932508650085,0.062335,0.062335,120437067,120437067,,,1620595895,17:31:35,20210509
95,1996-01-31,NUF.AX,AUD,1996-01-31,1996-01-31,Q1,135716592.0,0.0,135716592.0,1.0,0.0,0.0,0.0,-130137868.5,0.0,0.0,4421915.0,5578723.5,135716592.0,1.0,130137868.5,0.9588943148528222,0.0,10866596.0,0.0800682940815372,10866596.0,1800000.0,0.013262932508650085,0.062335,0.062335,120437067,120437067,,,1620595895,17:31:35,20210509
96,1995-09-30,NUF.AX,AUD,1995-09-30,1995-09-30,Q3,112890264.0,0.0,112890264.0,1.0,0.0,0.0,0.0,-108028894.0,0.0,0.0,3869990.75,4861370.0,112890264.0,1.0,108028894.0,0.956937207623148,0.0,11100885.0,0.09833341341109805,11100885.0,1804986.0,0.015988854450725707,0.06381925,0.06381925,117972222,117972222,,,1620595895,17:31:35,20210509
97,1995-06-30,NUF.AX,AUD,1995-06-30,1995-06-30,Q2,112890264.0,0.0,112890264.0,1.0,0.0,0.0,0.0,-108028894.0,0.0,0.0,3869990.75,4861370.0,112890264.0,1.0,108028894.0,0.956937207623148,0.0,11100885.0,0.09833341341109805,11100885.0,1804986.0,0.015988854450725707,0.06381925,0.06381925,117972222,117972222,,,1620595895,17:31:35,20210509
98,1995-03-31,NUF.AX,AUD,1995-03-31,1995-03-31,Q1,112890264.0,0.0,112890264.0,1.0,0.0,0.0,0.0,-108028894.0,0.0,0.0,3869990.75,4861370.0,112890264.0,1.0,108028894.0,0.956937207623148,0.0,11100885.0,0.09833341341109805,11100885.0,1804986.0,0.015988854450725707,0.06381925,0.06381925,117972222,117972222,,,1620595895,17:31:35,20210509
99,1995-01-31,NUF.AX,AUD,1995-01-31,1995-01-31,Q1,112890264.0,0.0,112890264.0,1.0,0.0,0.0,0.0,-108028894.0,0.0,0.0,3869990.75,4861370.0,112890264.0,1.0,108028894.0,0.956937207623148,0.0,11100885.0,0.09833341341109805,11100885.0,1804986.0,0.015988854450725707,0.06381925,0.06381925,117972222,117972222,,,1620595895,17:31:35,20210509
100,1994-09-30,NUF.AX,AUD,1994-09-30,1994-09-30,Q3,90928512.0,0.0,90928512.0,1.0,0.0,0.0,0.0,-87912168.0,0.0,0.0,2670360.0,3016344.0,90928512.0,1.0,87912168.0,0.966827302749659,0.0,8609208.0,0.09468106109555603,8609208.0,1659948.0,0.01825552803503482,0.06034825,0.06034825,102800903,102800903,,,1620595895,17:31:35,20210509
101,1994-06-30,NUF.AX,AUD,1994-06-30,1994-06-30,Q2,90928512.0,0.0,90928512.0,1.0,0.0,0.0,0.0,-87912168.0,0.0,0.0,2670360.0,3016344.0,90928512.0,1.0,87912168.0,0.966827302749659,0.0,8609208.0,0.09468106109555603,8609208.0,1659948.0,0.01825552803503482,0.06034825,0.06034825,102800903,102800903,,,1620595895,17:31:35,20210509
102,1994-03-31,NUF.AX,AUD,1994-03-31,1994-03-31,Q1,90928512.0,0.0,90928512.0,1.0,0.0,0.0,0.0,-87912168.0,0.0,0.0,2670360.0,3016344.0,90928512.0,1.0,87912168.0,0.966827302749659,0.0,8609208.0,0.09468106109555603,8609208.0,1659948.0,0.01825552803503482,0.06034825,0.06034825,102800903,102800903,,,1620595895,17:31:35,20210509
103,1994-01-31,NUF.AX,AUD,1994-01-31,1994-01-31,Q1,90928512.0,0.0,90928512.0,1.0,0.0,0.0,0.0,-87912168.0,0.0,0.0,2670360.0,3016344.0,90928512.0,1.0,87912168.0,0.966827302749659,0.0,8609208.0,0.09468106109555603,8609208.0,1659948.0,0.01825552803503482,0.06034825,0.06034825,102800903,102800903,,,1620595895,17:31:35,20210509
104,1993-09-30,NUF.AX,AUD,1993-09-30,1993-09-30,Q3,80202400.0,0.0,80202400.0,1.0,0.0,0.0,0.0,-77576200.0,0.0,0.0,2911200.0,2626200.0,80202400.0,1.0,77576200.0,0.9672553439797312,0.0,6643200.0,0.08283043898935692,6643200.0,969600.0,0.012089413783128684,0.04600625,0.04600625,124962710,124962710,,,1620595895,17:31:35,20210509
105,1993-06-30,NUF.AX,AUD,1993-06-30,1993-06-30,Q2,80202400.0,0.0,80202400.0,1.0,0.0,0.0,0.0,-77576200.0,0.0,0.0,2911200.0,2626200.0,80202400.0,1.0,77576200.0,0.9672553439797312,0.0,6643200.0,0.08283043898935692,6643200.0,969600.0,0.012089413783128684,0.04600625,0.04600625,124962710,124962710,,,1620595895,17:31:35,20210509
106,1993-03-31,NUF.AX,AUD,1993-03-31,1993-03-31,Q1,80202400.0,0.0,80202400.0,1.0,0.0,0.0,0.0,-77576200.0,0.0,0.0,2911200.0,2626200.0,80202400.0,1.0,77576200.0,0.9672553439797312,0.0,6643200.0,0.08283043898935692,6643200.0,969600.0,0.012089413783128684,0.04600625,0.04600625,124962710,124962710,,,1620595895,17:31:35,20210509
107,1993-01-31,NUF.AX,AUD,1993-01-31,1993-01-31,Q1,80202400.0,0.0,80202400.0,1.0,0.0,0.0,0.0,-77576200.0,0.0,0.0,2911200.0,2626200.0,80202400.0,1.0,77576200.0,0.9672553439797312,0.0,6643200.0,0.08283043898935692,6643200.0,969600.0,0.012089413783128684,0.04600625,0.04600625,124962710,124962710,,,1620595895,17:31:35,20210509
108,1992-09-30,NUF.AX,AUD,1992-09-30,1992-09-30,Q3,66905148.0,0.0,66905148.0,1.0,0.0,0.0,0.0,-64556639.0,0.0,0.0,3133404.5,2348509.0,66905148.0,1.0,64556639.0,0.9648979328167692,353176.5,6354000.0,0.09497027044914391,6354000.0,32829.0,0.0004906797306539103,0.00023882761068918444,0.00023882761068918444,137458981,137458981,,,1620595895,17:31:35,20210509
109,1992-06-30,NUF.AX,AUD,1992-06-30,1992-06-30,Q2,66905148.0,0.0,66905148.0,1.0,0.0,0.0,0.0,-64556639.0,0.0,0.0,3133404.5,2348509.0,66905148.0,1.0,64556639.0,0.9648979328167692,353176.5,6354000.0,0.09497027044914391,6354000.0,32829.0,0.0004906797306539103,0.00023882761068918444,0.00023882761068918444,137458981,137458981,,,1620595895,17:31:35,20210509
110,1992-03-31,NUF.AX,AUD,1992-03-31,1992-03-31,Q1,66905148.0,0.0,66905148.0,1.0,0.0,0.0,0.0,-64556639.0,0.0,0.0,3133404.5,2348509.0,66905148.0,1.0,64556639.0,0.9648979328167692,353176.5,6354000.0,0.09497027044914391,6354000.0,32829.0,0.0004906797306539103,0.00023882761068918444,0.00023882761068918444,137458981,137458981,,,1620595895,17:31:35,20210509
111,1992-01-31,NUF.AX,AUD,1992-01-31,1992-01-31,Q1,66905148.0,0.0,66905148.0,1.0,0.0,0.0,0.0,-64556639.0,0.0,0.0,3133404.5,2348509.0,66905148.0,1.0,64556639.0,0.9648979328167692,353176.5,6354000.0,0.09497027044914391,6354000.0,32829.0,0.0004906797306539103,0.00023882761068918444,0.00023882761068918444,137458981,137458981,,,1620595895,17:31:35,20210509
112,1991-09-30,NUF.AX,AUD,1991-09-30,1991-09-30,Q3,57371600.0,0.0,57371600.0,1.0,0.0,0.0,0.0,-55567232.5,0.0,0.0,3060521.75,1804367.5,57371600.0,1.0,55567232.5,0.9685494652406417,299130.0,3873541.75,0.06751671122994653,3873541.75,327892.5,0.00571524064171123,0.000888039701173845,0.000888039701173845,369231803,369231803,,,1620595895,17:31:35,20210509
113,1991-06-30,NUF.AX,AUD,1991-06-30,1991-06-30,Q2,57371600.0,0.0,57371600.0,1.0,0.0,0.0,0.0,-55567232.5,0.0,0.0,3060521.75,1804367.5,57371600.0,1.0,55567232.5,0.9685494652406417,299130.0,3873541.75,0.06751671122994653,3873541.75,327892.5,0.00571524064171123,0.000888039701173845,0.000888039701173845,369231803,369231803,,,1620595895,17:31:35,20210509
114,1991-03-31,NUF.AX,AUD,1991-03-31,1991-03-31,Q1,57371600.0,0.0,57371600.0,1.0,0.0,0.0,0.0,-55567232.5,0.0,0.0,3060521.75,1804367.5,57371600.0,1.0,55567232.5,0.9685494652406417,299130.0,3873541.75,0.06751671122994653,3873541.75,327892.5,0.00571524064171123,0.000888039701173845,0.000888039701173845,369231803,369231803,,,1620595895,17:31:35,20210509
115,1991-01-31,NUF.AX,AUD,1991-01-31,1991-01-31,Q1,57371600.0,0.0,57371600.0,1.0,0.0,0.0,0.0,-55567232.5,0.0,0.0,3060521.75,1804367.5,57371600.0,1.0,55567232.5,0.9685494652406417,299130.0,3873541.75,0.06751671122994653,3873541.75,327892.5,0.00571524064171123,0.000888039701173845,0.000888039701173845,369231803,369231803,,,1620595895,17:31:35,20210509
116,1990-09-30,NUF.AX,AUD,1990-09-30,1990-09-30,Q3,60380400.0,0.0,60380400.0,1.0,0.0,0.0,0.0,-58574808.25,0.0,0.0,3657745.5,1805591.75,60380400.0,1.0,58574808.25,0.9700963930348259,299085.75,6325861.0,0.10476679518519255,6325861.0,202206.75,0.003348880597014925,0.0005476417479671977,0.0005476417479671977,369231803,369231803,,,1620595895,17:31:35,20210509
117,1990-06-30,NUF.AX,AUD,1990-06-30,1990-06-30,Q2,60380400.0,0.0,60380400.0,1.0,0.0,0.0,0.0,-58574808.25,0.0,0.0,3657745.5,1805591.75,60380400.0,1.0,58574808.25,0.9700963930348259,299085.75,6325861.0,0.10476679518519255,6325861.0,202206.75,0.003348880597014925,0.0005476417479671977,0.0005476417479671977,369231803,369231803,,,1620595895,17:31:35,20210509
118,1990-03-31,NUF.AX,AUD,1990-03-31,1990-03-31,Q1,60380400.0,0.0,60380400.0,1.0,0.0,0.0,0.0,-58574808.25,0.0,0.0,3657745.5,1805591.75,60380400.0,1.0,58574808.25,0.9700963930348259,299085.75,6325861.0,0.10476679518519255,6325861.0,202206.75,0.003348880597014925,0.0005476417479671977,0.0005476417479671977,369231803,369231803,,,1620595895,17:31:35,20210509
119,1990-01-31,NUF.AX,AUD,1990-01-31,1990-01-31,Q1,60380400.0,0.0,60380400.0,1.0,0.0,0.0,0.0,-58574808.25,0.0,0.0,3657745.5,1805591.75,60380400.0,1.0,58574808.25,0.9700963930348259,299085.75,6325861.0,0.10476679518519255,6325861.0,202206.75,0.003348880597014925,0.0005476417479671977,0.0005476417479671977,369231803,369231803,,,1620595895,17:31:35,20210509
120,1989-09-30,NUF.AX,AUD,1989-09-30,1989-09-30,Q3,53782400.0,0.0,53782400.0,1.0,0.0,0.0,0.0,-52558968.0,0.0,0.0,2342396.0,1223432.0,53782400.0,1.0,52558968.0,0.9772521865889213,288316.0,4957036.0,0.09216836734693877,4957036.0,295176.0,0.0054883381924198255,0.0007994327617548156,0.0007994327617548156,369231803,369231803,,,1620595895,17:31:35,20210509
121,1989-06-30,NUF.AX,AUD,1989-06-30,1989-06-30,Q2,53782400.0,0.0,53782400.0,1.0,0.0,0.0,0.0,-52558968.0,0.0,0.0,2342396.0,1223432.0,53782400.0,1.0,52558968.0,0.9772521865889213,288316.0,4957036.0,0.09216836734693877,4957036.0,295176.0,0.0054883381924198255,0.0007994327617548156,0.0007994327617548156,369231803,369231803,,,1620595895,17:31:35,20210509
122,1989-03-31,NUF.AX,AUD,1989-03-31,1989-03-31,Q1,53782400.0,0.0,53782400.0,1.0,0.0,0.0,0.0,-52558968.0,0.0,0.0,2342396.0,1223432.0,53782400.0,1.0,52558968.0,0.9772521865889213,288316.0,4957036.0,0.09216836734693877,4957036.0,295176.0,0.0054883381924198255,0.0007994327617548156,0.0007994327617548156,369231803,369231803,,,1620595895,17:31:35,20210509
123,1989-01-31,NUF.AX,AUD,1989-01-31,1989-01-31,Q1,53782400.0,0.0,53782400.0,1.0,0.0,0.0,0.0,-52558968.0,0.0,0.0,2342396.0,1223432.0,53782400.0,1.0,52558968.0,0.9772521865889213,288316.0,4957036.0,0.09216836734693877,4957036.0,295176.0,0.0054883381924198255,0.0007994327617548156,0.0007994327617548156,369231803,369231803,,,1620595895,17:31:35,20210509
