,date,symbol,reportedCurrency,fillingDate,acceptedDate,period,revenue,costOfRevenue,grossProfit,grossProfitRatio,researchAndDevelopmentExpenses,generalAndAdministrativeExpenses,sellingAndMarketingExpenses,otherExpenses,operatingExpenses,costAndExpenses,interestExpense,depreciationAndAmortization,ebitda,ebitdaratio,operatingIncome,operatingIncomeRatio,totalOtherIncomeExpensesNet,incomeBeforeTax,incomeBeforeTaxRatio,incomeTaxExpense,netIncome,netIncomeRatio,eps,epsdiluted,weightedAverageShsOut,weightedAverageShsOutDil,link,finalLink,timestamp,est_time,est_date
0,2021-03-31,TATACHEM.NS,INR,2021-03-31,2021-03-31,Q1,26362100000,19914000000,6448100000,0.24459735757014806,0.0,0.0,4158100000,645100000.0,5536400000,25450400000,850300000,1915500000,2827200000,0.10724487047693469,911700000,0.030486949067031838,0.0,803700000,0.030486949067031838,511100000,117700000,0.004464742945364747,0.4617264527953137,0.4617264527953137,254912837,254912837,https://www.nseindia.com/companies-listing/corporate-filings-annual-reports,https://www.nseindia.com/companies-listing/corporate-filings-annual-reports,1620598600,18:16:40,20210509
1,2020-12-31,TATACHEM.NS,INR,2020-12-31,2020-12-31,Q4,26060800000,5310700000,20750100000,0.796218842092338,0.0,0.0,3734200000,427000000.0,17885300000,23196000000,808500000,1854300000,4719100000,0.18108039661100198,2864800000,0.10992755402750491,0.0,2545200000,0.09766392436149313,538000000,1608500000,0.06172105230844794,6.31,6.31,254912837,254912837,,,1620598600,18:16:40,20210509
2,2020-09-30,TATACHEM.NS,INR,2020-09-30,2020-09-30,Q3,26093500000,7207900000,18885600000,0.7237664552474754,0.0,0.0,3545200000,685500000.0,16947400000,24155300000,836300000,1924300000,3862500000,0.14802537030294902,1938200000,0.07427903500871864,0.0,1891600000,0.07249314963496656,570700000,704700000,0.02700672581294192,2.77,2.77,254404332,254404332,https://www.nseindia.com/companies-listing/corporate-filings-annual-reports,https://www.nseindia.com/companies-listing/corporate-filings-annual-reports,1620598600,18:16:40,20210509
3,2020-06-30,TATACHEM.NS,INR,2020-06-30,2020-06-30,Q2,23481600000,5907500000,17574100000,0.7484200395203052,0.0,0.0,3134300000,586600000.0,15875600000,21783100000,1178600000,1899100000,3597600000,0.15320932134096485,1698500000,0.07233323112564731,0.0,1099400000,0.046819637503406925,357900000,132800000,0.005655491959662033,0.52,0.52,255384615,255384615,https://www.nseindia.com/companies-listing/corporate-filings-annual-reports,https://www.nseindia.com/companies-listing/corporate-filings-annual-reports,1620598600,18:16:40,20210509
4,2020-03-31,TATACHEM.NS,INR,2020-03-31,2020-03-31,Q1,22847100000,21498300000,1348800000,0.05903593891566107,0.0,454200000.0,6714200000,-1624600000.0,-1242200000,20256100000,223700000,679400000,3270400000,0.1431428934087915,2591000000,0.11340607779543137,0.0,2193100000,0.09599030073838694,253400000,61777800000,2.703966805415129,242.8331291151127,242.8331291151127,254404332,254404332,https://www.nseindia.com/companies-listing/corporate-filings-annual-reports,https://www.nseindia.com/companies-listing/corporate-filings-annual-reports,1620598600,18:16:40,20210509
5,2019-12-31,TATACHEM.NS,INR,2019-12-31,2019-12-31,Q4,26203800000,5156600000,21047200000,0.8032117479144246,0.0,0.0,3791900000,619000000.0,17953800000,23110400000,746800000,1641100000,4734500000,0.18067990138834825,3093400000,0.11805158030514658,0.0,2926600000,0.11168609133026508,661600000,2338400000,0.08923896534090475,9.18,9.18,254727669,254727669,https://www.nseindia.com/companies-listing/corporate-filings-annual-reports,https://www.nseindia.com/companies-listing/corporate-filings-annual-reports,1620598600,18:16:40,20210509
6,2019-09-30,TATACHEM.NS,INR,2019-09-30,2019-09-30,Q3,30835000000,7133600000,23701400000,0.7686525052699854,0.0,0.0,4382300000,925400000.0,19020300000,26153900000,872200000,1667700000,6348800000,0.20589589751905302,4681100000,0.1518112534457597,0.0,4756200000,0.154246797470407,388000000,3550000000,0.11512891195070536,13.93,13.93,254845657,254845657,https://www.nseindia.com/companies-listing/corporate-filings-annual-reports,https://www.nseindia.com/companies-listing/corporate-filings-annual-reports,1620598600,18:16:40,20210509
7,2019-06-30,TATACHEM.NS,INR,2019-06-30,2019-06-30,Q2,28969400000,5361900000,23607500000,0.814911596374105,0.0,0.0,4450000000,878500000.0,19318600000,24680500000,944400000,1634600000,5923500000,0.20447437641097158,4288900000,0.14804932100768398,0.0,4116100000,0.14208440630458347,1301300000,2397100000,0.08274593191436481,9.41,9.41,254739639,254739639,https://www.nseindia.com/companies-listing/corporate-filings-annual-reports,https://www.nseindia.com/companies-listing/corporate-filings-annual-reports,1620598600,18:16:40,20210509
8,2019-03-31,TATACHEM.NS,INR,2019-03-31,2019-03-31,Q1,26809700000,22829300000,3980400000,0.1484686512717412,0.0,351100000.0,9626800000,-2271600000.0,-100400000,22728900000,331400000,548000000,4628800000,0.17265392749639122,4080800000,0.15221356449344828,0.0,4797300000,0.17893896612047133,296300000,4087100000,0.15244855406811714,16.065371088099237,16.065371088099237,254404332,254404332,https://www.nseindia.com/companies-listing/corporate-filings-annual-reports,https://www.nseindia.com/companies-listing/corporate-filings-annual-reports,1620598600,18:16:40,20210509
9,2018-12-31,TATACHEM.NS,INR,2018-12-31,2018-12-31,Q4,28318700000,5294900000,23023800000,0.8130246091805061,0.0,0.0,4865900000,960700000.0,19752000000,25046900000,972200000,1440500000,4712300000,0.16640241254012367,3271800000,0.11553496452873896,0.0,3378900000,0.11931691779636777,715900000,2194800000,0.07750355771981059,8.61,8.61,254912892,254912892,https://www.nseindia.com/companies-listing/corporate-filings-annual-reports,https://www.nseindia.com/companies-listing/corporate-filings-annual-reports,1620598600,18:16:40,20210509
10,2018-09-30,TATACHEM.NS,INR,2018-09-30,2018-09-30,Q3,29606600000,5945700000,23660900000,0.7991765349617991,0.0,0.0,4454800000,1233400000.0,19058000000,25003700000,920800000,1417400000,6020300000,0.20334317348158856,4602900000,0.15546871305722373,0.0,5287400000,0.17858855795667183,1199200000,3217400000,0.10867171509055414,12.63,12.63,254742676,254742676,https://www.nseindia.com/companies-listing/corporate-filings-annual-reports,https://www.nseindia.com/companies-listing/corporate-filings-annual-reports,1620598600,18:16:40,20210509
11,2018-06-30,TATACHEM.NS,INR,2018-06-30,2018-06-30,Q2,27691200000,5752200000,21939000000,0.7922733576009707,0.0,0.0,4240300000,816500000.0,18133400000,23885600000,887200000,1351000000,5156600000,0.18621800427572657,3805600000,0.13742994164211011,0.0,3953900000,0.1427854336395678,1257800000,2059800000,0.07438464205234877,8.09,8.09,254610630,254610630,https://www.nseindia.com/companies-listing/corporate-filings-annual-reports,https://www.nseindia.com/companies-listing/corporate-filings-annual-reports,1620598600,18:16:40,20210509
12,2018-03-31,TATACHEM.NS,INR,2018-03-31,2018-03-31,Q1,25550800000,3398700000,22152100000,0.8669826385083833,0.0,0.0,4037500000,737500000.0,18366700000,21765400000,855400000,1339000000,5124400000,0.20055732110149194,3785400000,0.1481519169654179,0.0,3910100000,0.15303239037525243,351100000,11686000000,0.45736337022715534,45.88,45.88,254707934,254707934,https://www.nseindia.com/companies-listing/corporate-filings-annual-reports,https://www.nseindia.com/companies-listing/corporate-filings-annual-reports,1620598600,18:16:40,20210509
13,2017-12-31,TATACHEM.NS,INR,2017-12-31,2017-12-31,Q4,25739100000,4737500000,21001600000,0.8159415053362394,0.0,0.0,3769300000,171600000.0,16661700000,21399200000,893900000,1285700000,5625600000,0.21856242059745679,4339900000,0.16861117910105636,0.0,4305600000,0.1672785761739921,-1874300000,7590700000,0.2949093014130253,29.79,29.79,254806982,254806982,https://www.nseindia.com/companies-listing/corporate-filings-annual-reports,https://www.nseindia.com/companies-listing/corporate-filings-annual-reports,1620598600,18:16:40,20210509
14,2017-09-30,TATACHEM.NS,INR,2017-09-30,2017-09-30,Q3,34618800000,10871800000,23747000000,0.6859567633771245,0.0,0.0,4511900000,434800000.0,17701000000,28572800000,913900000,1346000000,7392000000,0.21352559880758432,6046000000,0.17464499058315136,0.0,5094300000,0.14715414745745087,1446300000,3275300000,0.09461044288074688,12.86,12.86,254688958,254688958,https://www.nseindia.com/companies-listing/corporate-filings-annual-reports,https://www.nseindia.com/companies-listing/corporate-filings-annual-reports,1620598600,18:16:40,20210509
15,2017-06-30,TATACHEM.NS,INR,2017-06-30,2017-06-30,Q2,25723700000,5330500000,20393200000,0.7927786438187353,0.0,0.0,4098000000,187400000.0,17212200000,22542700000,915700000,1317200000,4498200000,0.1748659796219051,3181000000,0.12366028215225648,0.0,2658100000,0.10333272429704903,624300000,1778800000,0.06915023888476386,6.98,6.98,254842407,254842407,https://www.nseindia.com/companies-listing/corporate-filings-annual-reports,https://www.nseindia.com/companies-listing/corporate-filings-annual-reports,1620598600,18:16:40,20210509
16,2017-03-31,TATACHEM.NS,INR,2017-03-31,2017-03-31,Q1,29192700000,8158000000,21034700000,0.7205465749999144,0.0,0.0,4089700000,771400000.0,17537300000,25695300000,813700000,1377800000,4875200000,0.16700065427315733,3497400000,0.11980392358363563,0.0,3594300000,0.12312324656506593,789700000,3106400000,0.10641016418488183,12.19,12.19,254831829,254831829,https://www.nseindia.com/companies-listing/corporate-filings-annual-reports,https://www.nseindia.com/companies-listing/corporate-filings-annual-reports,1620598600,18:16:40,20210509
17,2016-12-31,TATACHEM.NS,INR,2016-12-31,2016-12-31,Q4,34167100000,11880700000,22286400000,0.6522766052723233,0.0,0.0,4326800000,183500000.0,17777000000,29657700000,1088800000,1324700000,5834100000,0.17075198070658615,4509400000,0.13198076512200332,0.0,3604100000,0.105484515806141,928800000,2636300000,0.07715902139777739,10.34,10.34,254961315,254961315,https://www.nseindia.com/companies-listing/corporate-filings-annual-reports,https://www.nseindia.com/companies-listing/corporate-filings-annual-reports,1620598600,18:16:40,20210509
18,2016-09-30,TATACHEM.NS,INR,2016-09-30,2016-09-30,Q3,33904700000,11736500000,22168200000,0.6538385533569092,0.0,0.0,4234900000,260200000.0,17956400000,29692900000,935900000,1324100000,5535900000,0.16327824755859807,4211800000,0.12422466501694455,0.0,3536100000,0.10429527469642852,837300000,2126200000,0.06271106955672813,8.36,8.36,254330144,254330144,https://www.nseindia.com/companies-listing/corporate-filings-annual-reports,https://www.nseindia.com/companies-listing/corporate-filings-annual-reports,1620598600,18:16:40,20210509
19,2016-06-30,TATACHEM.NS,INR,2016-06-30,2016-06-30,Q2,35703500000,11112500000,24591000000,0.6887560043133026,0.0,0.0,4508300000,446200000.0,19875300000,30987800000,1201300000,1443400000,6159100000,0.17250689708291905,4715700000,0.13207948800537764,0.0,3960600000,0.11093030095088717,1051400000,2062200000,0.05775904323105578,8.09,8.09,254907293,254907293,https://www.nseindia.com/companies-listing/corporate-filings-annual-reports,https://www.nseindia.com/companies-listing/corporate-filings-annual-reports,1620598600,18:16:40,20210509
20,2016-03-31,TATACHEM.NS,INR,2016-03-31,2016-03-31,Q1,34794300000,12496000000,22298300000,0.640860715691938,0.0,0.0,4325400000,529400000.0,18446500000,30942500000,1305400000,1357300000,5209100000,0.14971130328818225,3851800000,0.11070204027671199,0.0,2939200000,0.08447360630907937,438400000,2014900000,0.057908910367502724,7.91,7.91,254728192,254728192,https://www.nseindia.com/companies-listing/corporate-filings-annual-reports,https://www.nseindia.com/companies-listing/corporate-filings-annual-reports,1620598600,18:16:40,20210509
21,2015-12-31,TATACHEM.NS,INR,2015-12-31,2015-12-31,Q4,46373500000,20864900000,25508600000,0.5500684658263879,0.0,0.0,4773300000,148600000.0,21805800000,42670700000,1596400000,1198500000,4901300000,0.10569182830711506,3702800000,0.0798473265981649,0.0,2255000000,0.04862690976527543,672000000,1299400000,0.028020313325498397,5.1,5.1,254784314,254784314,https://www.nseindia.com/companies-listing/corporate-filings-annual-reports,https://www.nseindia.com/companies-listing/corporate-filings-annual-reports,1620598600,18:16:40,20210509
22,2015-09-30,TATACHEM.NS,INR,2015-09-30,2015-09-30,Q3,49969200000,22660300000,27308900000,0.5465146530262642,0.0,0.0,5153200000,467400000.0,22063400000,44723700000,1421800000,1171000000,6416500000,0.12840910000560346,5245500000,0.10497466439326625,0.0,4291100000,0.08587489893774565,1096900000,2549400000,0.05101942796762806,10.01,10.01,254685315,254685315,https://www.nseindia.com/companies-listing/corporate-filings-annual-reports,https://www.nseindia.com/companies-listing/corporate-filings-annual-reports,1620598600,18:16:40,20210509
23,2015-06-30,TATACHEM.NS,INR,2015-06-30,2015-06-30,Q2,40669100000,15255800000,25413300000,0.6248798227647034,0.0,0.0,4979700000,124600000.0,21645100000,36900900000,1135800000,1142600000,4910800000,0.12075015183517708,3768200000,0.09265511162037025,0.0,2757000000,0.06779102561895886,684500000,1530400000,0.037630535222072777,6.01,6.01,254642263,254642263,https://www.nseindia.com/companies-listing/corporate-filings-annual-reports,https://www.nseindia.com/companies-listing/corporate-filings-annual-reports,1620598600,18:16:40,20210509
24,2015-03-31,TATACHEM.NS,INR,2015-03-31,2015-03-31,Q1,5000700000,36216900000,-31216200000,-6.242366068750375,0.0,434400000.0,13694000000,0.0,-36160600000,56300000,722300000,955800000,5900200000,1.1798748175255465,4944400000,0.9887415761793349,0.0,175200000,0.03503509508668786,651600000,-741700000,-0.148319235307057,-2.9154377764290587,-2.9154377764290587,254404332,254404332,https://www.nseindia.com/companies-listing/corporate-filings-annual-reports,https://www.nseindia.com/companies-listing/corporate-filings-annual-reports,1620598600,18:16:40,20210509
25,2014-12-31,TATACHEM.NS,INR,2014-12-31,2014-12-31,Q4,48204600000,21915800000,26288800000,0.5453587416968505,0.0,0.0,4941000000,242600000.0,21570200000,43486000000,1194100000,1177300000,5895900000,0.12230990403405484,4718600000,0.09788692365458898,0.0,3739700000,0.07757973305452177,855900000,2381200000,0.04939777531604868,9.35,9.35,254673797,254673797,https://www.nseindia.com/companies-listing/corporate-filings-annual-reports,https://www.nseindia.com/companies-listing/corporate-filings-annual-reports,1620598600,18:16:40,20210509
26,2014-09-30,TATACHEM.NS,INR,2014-09-30,2014-09-30,Q3,48031500000,21490400000,26541100000,0.552576954706807,0.0,0.0,4783400000,437200000.0,21211300000,42701700000,1256000000,1201200000,6531000000,0.1359732675431748,5329800000,0.11096467942912464,0.0,4519900000,0.09410282835222718,1181100000,2570100000,0.05350863495830861,10.09,10.09,254717542,254717542,https://www.nseindia.com/companies-listing/corporate-filings-annual-reports,https://www.nseindia.com/companies-listing/corporate-filings-annual-reports,1620598600,18:16:40,20210509
27,2014-06-30,TATACHEM.NS,INR,2014-06-30,2014-06-30,Q2,38502700000,13449000000,25053700000,0.6506998210515107,0.0,0.0,4524100000,211000000.0,21080000000,34529000000,1034400000,1122700000,5096400000,0.13236474325177194,3973700000,0.10320574920719845,0.0,3150300000,0.0818202359834505,822600000,1755000000,0.045581218979448196,6.89,6.89,254716981,254716981,https://www.nseindia.com/companies-listing/corporate-filings-annual-reports,https://www.nseindia.com/companies-listing/corporate-filings-annual-reports,1620598600,18:16:40,20210509
28,2014-03-31,TATACHEM.NS,INR,2014-03-31,2014-03-31,Q1,11055600000,38406000000,-27350400000,-2.4738955823293174,0.0,438900000.0,12358300000,0.0,-28690000000,9716000000,-69600000,966900000,2306500000,0.208627302000796,1339600000,0.12116936213321755,0.0,-11580100000,-1.0474420203335866,248700000,-12257200000,-1.1086870002532654,-48.179997186525895,-48.179997186525895,254404332,254404332,https://www.nseindia.com/companies-listing/corporate-filings-annual-reports,https://www.nseindia.com/companies-listing/corporate-filings-annual-reports,1620598600,18:16:40,20210509
29,2013-12-31,TATACHEM.NS,INR,2013-12-31,2013-12-31,Q4,45804600000,19789800000,26014800000,0.5679516904415713,0.0,0.0,4858800000,0.0,22198700000,41988500000,1656300000,1225900000,5042000000,0.11007628054824188,3816100000,0.08331259305833912,0.0,1320000000,0.02881806630775075,926100000,-159300000,-0.0034778166385035563,-0.63,-0.63,252857143,252857143,https://www.nseindia.com/companies-listing/corporate-filings-annual-reports,https://www.nseindia.com/companies-listing/corporate-filings-annual-reports,1620598600,18:16:40,20210509
30,2013-09-30,TATACHEM.NS,INR,2013-09-30,2013-09-30,Q3,43439700000,18002800000,25436900000,0.5855680402949376,0.0,0.0,4668400000,0.0,20894600000,38897400000,1793700000,1201100000,5743400000,0.13221546189315303,4542300000,0.10456563926546454,0.0,3464300000,0.07974962994679982,1349800000,1344400000,0.030948648356227137,5.28,5.28,254621212,254621212,https://www.nseindia.com/companies-listing/corporate-filings-annual-reports,https://www.nseindia.com/companies-listing/corporate-filings-annual-reports,1620598600,18:16:40,20210509
31,2013-06-30,TATACHEM.NS,INR,2013-06-30,2013-06-30,Q2,33115900000,10848300000,22267600000,0.6724141575496967,0.0,0.0,3992100000,0.0,19297200000,30145500000,1129900000,1144500000,4114900000,0.12425753188045621,2970400000,0.08969709414510854,0.0,1606900000,0.048523518913875206,363200000,752100000,0.022711144797514186,2.95,2.95,254949153,254949153,https://www.nseindia.com/companies-listing/corporate-filings-annual-reports,https://www.nseindia.com/companies-listing/corporate-filings-annual-reports,1620598600,18:16:40,20210509
32,2013-03-31,TATACHEM.NS,INR,2013-03-31,2013-03-31,Q1,8481100000,30632600000,-22151500000,-2.6118663852566293,0.0,381600000.0,11401100000,0.0,-27530100000,3102500000,767500000,1191400000,6570000000,0.7746636639115209,5378600000,0.6341866031528929,0.0,-820000000,-0.09668557144710002,684000000,-1880300000,-0.22170473169753924,-7.390990496183846,-7.390990496183846,254404332,254404332,https://www.nseindia.com/companies-listing/corporate-filings-annual-reports,https://www.nseindia.com/companies-listing/corporate-filings-annual-reports,1620598600,18:16:40,20210509
33,2012-12-31,TATACHEM.NS,INR,2012-12-31,2012-12-31,Q4,41967500000,19216500000,22751000000,0.5421099660451539,0.0,0.0,4156900000,1467000000.0,18766900000,37983400000,1184100000,1377600000,5361700000,0.1277583844641687,3984100000,0.09493298385655567,0.0,3454100000,0.08230416393637933,732500000,2240700000,0.05339131470780961,8.8,8.8,254625000,254625000,https://www.nseindia.com/companies-listing/corporate-filings-annual-reports,https://www.nseindia.com/companies-listing/corporate-filings-annual-reports,1620598600,18:16:40,20210509
34,2012-09-30,TATACHEM.NS,INR,2012-09-30,2012-09-30,Q3,41737800000,18208100000,23529700000,0.5637503653762297,0.0,0.0,4393700000,0.0,18317400000,36525500000,1144400000,1401900000,6614200000,0.1584702595728572,5212300000,0.12488200144712946,0.0,4393100000,0.10525470916052115,1158300000,2567700000,0.06151977344277849,10.08,10.08,254732143,254732143,https://www.nseindia.com/companies-listing/corporate-filings-annual-reports,https://www.nseindia.com/companies-listing/corporate-filings-annual-reports,1620598600,18:16:40,20210509
35,2012-06-30,TATACHEM.NS,INR,2012-06-30,2012-06-30,Q2,30735500000,9026000000,21709500000,0.7063330676253843,0.0,0.0,3800600000,0.0,18129700000,27155700000,1243600000,1367900000,4947700000,0.16097672073010036,3579800000,0.11647118153275528,0.0,2103100000,0.0684257617413089,450400000,1075900000,0.035005124367587966,4.22,4.22,254952607,254952607,https://www.nseindia.com/companies-listing/corporate-filings-annual-reports,https://www.nseindia.com/companies-listing/corporate-filings-annual-reports,1620598600,18:16:40,20210509
36,2012-03-31,TATACHEM.NS,INR,2012-03-31,2012-03-31,Q1,34650300000,32927000000,1723300000,0.049734057136590445,0.0,5057700000.0,6549600000,0.0,-2554500000,30372500000,1207900000,1359500000,5637300000,0.1626912321105445,4277800000,0.12345636257117543,0.0,2625300000,0.0757655777872053,802800000,3404300000,0.09824734562182723,13.381454526489746,13.381454526489746,254404332,254404332,https://www.nseindia.com/companies-listing/corporate-filings-annual-reports,https://www.nseindia.com/companies-listing/corporate-filings-annual-reports,1620598600,18:16:40,20210509
37,2011-12-31,TATACHEM.NS,INR,2011-12-31,2011-12-31,Q4,38107100000,17386100000,20721000000,0.5437569376835288,0.0,0.0,3627600000,221900000.0,16366700000,33752800000,1111100000,1227900000,5582200000,0.1464871375675399,4354300000,0.11426479579920802,0.0,3204100000,0.08408144414033081,644900000,2237800000,0.058723964825452474,8.78,8.78,254874715,254874715,https://www.nseindia.com/companies-listing/corporate-filings-annual-reports,https://www.nseindia.com/companies-listing/corporate-filings-annual-reports,1620598600,18:16:40,20210509
