,date,symbol,reportedCurrency,fillingDate,acceptedDate,period,revenue,costOfRevenue,grossProfit,grossProfitRatio,researchAndDevelopmentExpenses,generalAndAdministrativeExpenses,sellingAndMarketingExpenses,otherExpenses,operatingExpenses,costAndExpenses,interestExpense,depreciationAndAmortization,ebitda,ebitdaratio,operatingIncome,operatingIncomeRatio,totalOtherIncomeExpensesNet,incomeBeforeTax,incomeBeforeTaxRatio,incomeTaxExpense,netIncome,netIncomeRatio,eps,epsdiluted,weightedAverageShsOut,weightedAverageShsOutDil,link,finalLink,timestamp,est_time,est_date
0,2020-09-30,T3D.AX,AUD,2020-09-30,2020-09-30,Q3,46536.5,91187.5,-44651.0,-0.959483416243164,0.0,166698.75,0.0,116663.0,1431.25,0.0,53442.25,0.0,-96080.5,-0.4843490614640848,-212781.0,-4.572346437742417,116663.0,-149522.75,-3.2130209620405488,0.0,-149522.75,-3.2130209620405488,-0.00016967579312958535,-0.00016967579312958535,881226174.0,881226174.0,,,1620598565,18:16:05,20210509
1,2020-06-30,T3D.AX,AUD,2020-06-30,2020-06-30,Q2,46536.5,91187.5,-44651.0,-0.959483416243164,0.0,166698.75,0.0,116663.0,1431.25,0.0,53442.25,0.0,-96080.5,-0.4843490614640848,-212781.0,-4.572346437742417,116663.0,-149522.75,-3.2130209620405488,0.0,-149522.75,-3.2130209620405488,-0.00016967579312958535,-0.00016967579312958535,881226174.0,881226174.0,,,1620598565,18:16:05,20210509
2,2020-03-31,T3D.AX,AUD,2020-03-31,2020-03-31,Q1,46536.5,91187.5,-44651.0,-0.959483416243164,0.0,166698.75,0.0,116663.0,1431.25,0.0,53442.25,0.0,-96080.5,-0.4843490614640848,-212781.0,-4.572346437742417,116663.0,-149522.75,-3.2130209620405488,0.0,-149522.75,-3.2130209620405488,-0.00016967579312958535,-0.00016967579312958535,881226174.0,881226174.0,,,1620598565,18:16:05,20210509
3,2020-01-31,T3D.AX,AUD,2020-01-31,2020-01-31,Q1,46536.5,91187.5,-44651.0,-0.959483416243164,0.0,166698.75,0.0,116663.0,1431.25,0.0,53442.25,0.0,-96080.5,-0.4843490614640848,-212781.0,-4.572346437742417,116663.0,-149522.75,-3.2130209620405488,0.0,-149522.75,-3.2130209620405488,-0.00016967579312958535,-0.00016967579312958535,881226174.0,881226174.0,,,1620598565,18:16:05,20210509
4,2019-06-30,T3D.AX,AUD,2019-06-30,2019-06-30,Q2,107654.0,55104.25,52549.75,0.48813560109238857,0.0,255909.25,0.0,421356.25,66832.75,0.0,40644.5,9029.75,-270192.25,-2.509820814832705,-279222.0,-2.59369832983447,421356.25,93610.75,0.8695519906366693,0.0,93610.75,0.8695519906366693,0.0001,0.0001,881226174.0,881226174.0,,,1620598565,18:16:05,20210509
5,2019-03-31,T3D.AX,AUD,2019-03-31,2019-03-31,Q1,107654.0,55104.25,52549.75,0.48813560109238857,0.0,255909.25,0.0,421356.25,66832.75,0.0,40644.5,9029.75,-270192.25,-2.509820814832705,-279222.0,-2.59369832983447,421356.25,93610.75,0.8695519906366693,0.0,93610.75,0.8695519906366693,0.0001,0.0001,881226174.0,881226174.0,,,1620598565,18:16:05,20210509
6,2019-01-31,T3D.AX,AUD,2019-01-31,2019-01-31,Q1,107654.0,55104.25,52549.75,0.48813560109238857,0.0,255909.25,0.0,421356.25,66832.75,0.0,40644.5,9029.75,-270192.25,-2.509820814832705,-279222.0,-2.59369832983447,421356.25,93610.75,0.8695519906366693,0.0,93610.75,0.8695519906366693,0.0001,0.0001,881226174.0,881226174.0,,,1620598565,18:16:05,20210509
7,2018-06-30,T3D.AX,AUD,2018-06-30,2018-06-30,Q2,120591.75,159251.0,-38659.25,-0.3205795587177398,0.0,533978.75,0.0,319162.5,45775.0,0.0,46032.75,135044.25,-618413.0,-5.128153459917448,-753457.25,-6.2479999668302355,180172.5,-622096.75,-5.158700740307691,0.0,-622096.75,-5.158700740307691,-0.000725,-0.000725,857009141.0,857009141.0,,,1620598565,18:16:05,20210509
8,2018-03-31,T3D.AX,AUD,2018-03-31,2018-03-31,Q1,120591.75,159251.0,-38659.25,-0.3205795587177398,0.0,533978.75,0.0,319162.5,45775.0,0.0,46032.75,135044.25,-618413.0,-5.128153459917448,-753457.25,-6.2479999668302355,180172.5,-622096.75,-5.158700740307691,0.0,-622096.75,-5.158700740307691,-0.000725,-0.000725,857009141.0,857009141.0,,,1620598565,18:16:05,20210509
9,2018-01-31,T3D.AX,AUD,2018-01-31,2018-01-31,Q1,120591.75,159251.0,-38659.25,-0.3205795587177398,0.0,533978.75,0.0,319162.5,45775.0,0.0,46032.75,135044.25,-618413.0,-5.128153459917448,-753457.25,-6.2479999668302355,180172.5,-622096.75,-5.158700740307691,0.0,-622096.75,-5.158700740307691,-0.000725,-0.000725,857009141.0,857009141.0,,,1620598565,18:16:05,20210509
10,2017-06-30,T3D.AX,AUD,2017-06-30,2017-06-30,Q2,31106.0,63225.25,-32119.25,-1.0325741014595256,0.0,1100154.75,0.0,54511.0,115969.0,0.0,8790.5,135558.75,-1248243.0,-40.128688998906966,-1383801.75,-44.48665048543689,-5915.75,-1408285.25,-45.273749437407574,0.0,-1408285.25,-45.273749437407574,-0.0021,-0.0021,667004492.0,667004492.0,,,1620598565,18:16:05,20210509
11,2017-03-31,T3D.AX,AUD,2017-03-31,2017-03-31,Q1,31106.0,63225.25,-32119.25,-1.0325741014595256,0.0,1100154.75,0.0,54511.0,115969.0,0.0,8790.5,135558.75,-1248243.0,-40.128688998906966,-1383801.75,-44.48665048543689,-5915.75,-1408285.25,-45.273749437407574,0.0,-1408285.25,-45.273749437407574,-0.0021,-0.0021,667004492.0,667004492.0,,,1620598565,18:16:05,20210509
12,2017-01-31,T3D.AX,AUD,2017-01-31,2017-01-31,Q1,31106.0,63225.25,-32119.25,-1.0325741014595256,0.0,1100154.75,0.0,54511.0,115969.0,0.0,8790.5,135558.75,-1248243.0,-40.128688998906966,-1383801.75,-44.48665048543689,-5915.75,-1408285.25,-45.273749437407574,0.0,-1408285.25,-45.273749437407574,-0.0021,-0.0021,667004492.0,667004492.0,,,1620598565,18:16:05,20210509
13,2016-06-30,T3D.AX,AUD,2016-06-30,2016-06-30,Q2,0.0,0.0,0.0,0.0,0.0,80889.5,0.0,273.25,35536.75,0.0,0.0,0.0,-116426.25,0.0,-116426.25,0.0,273.25,-116153.0,0.0,0.0,-116153.0,0.0,-0.000975,-0.000975,119211235.0,119211235.0,,,1620598565,18:16:05,20210509
14,2016-03-31,T3D.AX,AUD,2016-03-31,2016-03-31,Q1,0.0,0.0,0.0,0.0,0.0,80889.5,0.0,273.25,35536.75,0.0,0.0,0.0,-116426.25,0.0,-116426.25,0.0,273.25,-116153.0,0.0,0.0,-116153.0,0.0,-0.000975,-0.000975,119211235.0,119211235.0,,,1620598565,18:16:05,20210509
15,2016-01-31,T3D.AX,AUD,2016-01-31,2016-01-31,Q1,0.0,0.0,0.0,0.0,0.0,80889.5,0.0,273.25,35536.75,0.0,0.0,0.0,-116426.25,0.0,-116426.25,0.0,273.25,-116153.0,0.0,0.0,-116153.0,0.0,-0.000975,-0.000975,119211235.0,119211235.0,,,1620598565,18:16:05,20210509
16,2015-09-30,T3D.AX,AUD,2015-09-30,2015-09-30,Q3,0.0,0.0,0.0,0.0,0.0,40169.25,0.0,266.0,53517.75,0.0,0.0,0.0,-93886.0,0.0,-93886.0,0.0,266.0,-93620.0,0.0,0.0,-93620.0,0.0,-0.0006,-0.0006,163162618.0,163162618.0,,,1620598565,18:16:05,20210509
17,2015-06-30,T3D.AX,AUD,2015-06-30,2015-06-30,Q2,0.0,0.0,0.0,0.0,0.0,40169.25,0.0,266.0,53517.75,0.0,0.0,0.0,-93886.0,0.0,-93886.0,0.0,266.0,-93620.0,0.0,0.0,-93620.0,0.0,-0.0006,-0.0006,163162618.0,163162618.0,,,1620598565,18:16:05,20210509
18,2015-03-31,T3D.AX,AUD,2015-03-31,2015-03-31,Q1,0.0,0.0,0.0,0.0,0.0,40169.25,0.0,266.0,53517.75,0.0,0.0,0.0,-93886.0,0.0,-93886.0,0.0,266.0,-93620.0,0.0,0.0,-93620.0,0.0,-0.0006,-0.0006,163162618.0,163162618.0,,,1620598565,18:16:05,20210509
19,2015-01-31,T3D.AX,AUD,2015-01-31,2015-01-31,Q1,0.0,0.0,0.0,0.0,0.0,40169.25,0.0,266.0,53517.75,0.0,0.0,0.0,-93886.0,0.0,-93886.0,0.0,266.0,-93620.0,0.0,0.0,-93620.0,0.0,-0.0006,-0.0006,163162618.0,163162618.0,,,1620598565,18:16:05,20210509
20,2014-09-30,T3D.AX,AUD,2014-09-30,2014-09-30,Q3,0.0,0.0,0.0,0.0,0.0,448.25,0.0,798.0,148388.75,0.0,0.0,0.0,-248837.0,0.0,-248837.0,0.0,798.0,-248039.0,0.0,0.0,-248039.0,0.0,-0.0024,-0.0024,103457710.0,103457710.0,,,1620598565,18:16:05,20210509
21,2014-06-30,T3D.AX,AUD,2014-06-30,2014-06-30,Q2,0.0,0.0,0.0,0.0,0.0,448.25,0.0,798.0,148388.75,0.0,0.0,0.0,-248837.0,0.0,-248837.0,0.0,798.0,-248039.0,0.0,0.0,-248039.0,0.0,-0.0024,-0.0024,103457710.0,103457710.0,,,1620598565,18:16:05,20210509
22,2014-03-31,T3D.AX,AUD,2014-03-31,2014-03-31,Q1,0.0,0.0,0.0,0.0,0.0,448.25,0.0,798.0,148388.75,0.0,0.0,0.0,-248837.0,0.0,-248837.0,0.0,798.0,-248039.0,0.0,0.0,-248039.0,0.0,-0.0024,-0.0024,103457710.0,103457710.0,,,1620598565,18:16:05,20210509
23,2014-01-31,T3D.AX,AUD,2014-01-31,2014-01-31,Q1,0.0,0.0,0.0,0.0,0.0,448.25,0.0,798.0,148388.75,0.0,0.0,0.0,-248837.0,0.0,-248837.0,0.0,798.0,-248039.0,0.0,0.0,-248039.0,0.0,-0.0024,-0.0024,103457710.0,103457710.0,,,1620598565,18:16:05,20210509
24,2013-09-30,T3D.AX,AUD,2013-09-30,2013-09-30,Q3,0.0,0.0,0.0,0.0,0.0,23400.25,0.0,9478.75,128329.75,0.0,0.0,0.0,-135920.25,0.0,-151730.0,0.0,-19387.25,-166165.5,0.0,0.0,-166165.5,0.0,-0.0015,-0.0015,103457685.0,103457685.0,,,1620598565,18:16:05,20210509
25,2013-06-30,T3D.AX,AUD,2013-06-30,2013-06-30,Q2,0.0,0.0,0.0,0.0,0.0,23400.25,0.0,9478.75,128329.75,0.0,0.0,0.0,-135920.25,0.0,-151730.0,0.0,-19387.25,-166165.5,0.0,0.0,-166165.5,0.0,-0.0015,-0.0015,103457685.0,103457685.0,,,1620598565,18:16:05,20210509
26,2013-03-31,T3D.AX,AUD,2013-03-31,2013-03-31,Q1,0.0,0.0,0.0,0.0,0.0,23400.25,0.0,9478.75,128329.75,0.0,0.0,0.0,-135920.25,0.0,-151730.0,0.0,-19387.25,-166165.5,0.0,0.0,-166165.5,0.0,-0.0015,-0.0015,103457685.0,103457685.0,,,1620598565,18:16:05,20210509
27,2013-01-31,T3D.AX,AUD,2013-01-31,2013-01-31,Q1,0.0,0.0,0.0,0.0,0.0,23400.25,0.0,9478.75,128329.75,0.0,0.0,0.0,-135920.25,0.0,-151730.0,0.0,-19387.25,-166165.5,0.0,0.0,-166165.5,0.0,-0.0015,-0.0015,103457685.0,103457685.0,,,1620598565,18:16:05,20210509
28,2012-09-30,T3D.AX,AUD,2012-09-30,2012-09-30,Q3,0.0,0.0,0.0,0.0,0.0,72585.25,0.0,-21062.5,116835.5,0.0,0.0,0.0,-189420.75,0.0,-189420.75,0.0,-26675.25,-206324.5,0.0,0.0,-206324.5,0.0,-0.0024,-0.0024,87440562.0,87440562.0,,,1620598565,18:16:05,20210509
29,2012-06-30,T3D.AX,AUD,2012-06-30,2012-06-30,Q2,0.0,0.0,0.0,0.0,0.0,72585.25,0.0,-21062.5,116835.5,0.0,0.0,0.0,-189420.75,0.0,-189420.75,0.0,-26675.25,-206324.5,0.0,0.0,-206324.5,0.0,-0.0024,-0.0024,87440562.0,87440562.0,,,1620598565,18:16:05,20210509
30,2012-03-31,T3D.AX,AUD,2012-03-31,2012-03-31,Q1,0.0,0.0,0.0,0.0,0.0,72585.25,0.0,-21062.5,116835.5,0.0,0.0,0.0,-189420.75,0.0,-189420.75,0.0,-26675.25,-206324.5,0.0,0.0,-206324.5,0.0,-0.0024,-0.0024,87440562.0,87440562.0,,,1620598565,18:16:05,20210509
31,2012-01-31,T3D.AX,AUD,2012-01-31,2012-01-31,Q1,0.0,0.0,0.0,0.0,0.0,72585.25,0.0,-21062.5,116835.5,0.0,0.0,0.0,-189420.75,0.0,-189420.75,0.0,-26675.25,-206324.5,0.0,0.0,-206324.5,0.0,-0.0024,-0.0024,87440562.0,87440562.0,,,1620598565,18:16:05,20210509
32,2011-09-30,T3D.AX,AUD,2011-09-30,2011-09-30,Q3,0.0,0.0,0.0,0.0,0.0,4808.0,0.0,172358.25,5272.75,0.0,0.0,0.0,-10080.75,0.0,-10080.75,0.0,172358.25,162277.5,0.0,0.0,162277.5,0.0,0.0338,0.0338,4796728.0,4796728.0,,,1620598565,18:16:05,20210509
33,2011-06-30,T3D.AX,AUD,2011-06-30,2011-06-30,Q2,0.0,0.0,0.0,0.0,0.0,4808.0,0.0,172358.25,5272.75,0.0,0.0,0.0,-10080.75,0.0,-10080.75,0.0,172358.25,162277.5,0.0,0.0,162277.5,0.0,0.0338,0.0338,4796728.0,4796728.0,,,1620598565,18:16:05,20210509
34,2011-03-31,T3D.AX,AUD,2011-03-31,2011-03-31,Q1,0.0,0.0,0.0,0.0,0.0,4808.0,0.0,172358.25,5272.75,0.0,0.0,0.0,-10080.75,0.0,-10080.75,0.0,172358.25,162277.5,0.0,0.0,162277.5,0.0,0.0338,0.0338,4796728.0,4796728.0,,,1620598565,18:16:05,20210509
35,2011-01-31,T3D.AX,AUD,2011-01-31,2011-01-31,Q1,0.0,0.0,0.0,0.0,0.0,4808.0,0.0,172358.25,5272.75,0.0,0.0,0.0,-10080.75,0.0,-10080.75,0.0,172358.25,162277.5,0.0,0.0,162277.5,0.0,0.0338,0.0338,4796728.0,4796728.0,,,1620598565,18:16:05,20210509
36,2010-09-30,T3D.AX,AUD,2010-09-30,2010-09-30,Q3,0.0,0.0,0.0,0.0,0.0,15367.0,0.0,0.0,0.0,0.0,-13910.75,0.0,-15367.0,0.0,-15367.0,0.0,0.0,-1456.25,0.0,0.0,-1456.25,0.0,-0.0004,-0.0004,4707687.0,4707687.0,,,1620598565,18:16:05,20210509
37,2010-06-30,T3D.AX,AUD,2010-06-30,2010-06-30,Q2,0.0,0.0,0.0,0.0,0.0,15367.0,0.0,0.0,0.0,0.0,-13910.75,0.0,-15367.0,0.0,-15367.0,0.0,0.0,-1456.25,0.0,0.0,-1456.25,0.0,-0.0004,-0.0004,4707687.0,4707687.0,,,1620598565,18:16:05,20210509
38,2010-03-31,T3D.AX,AUD,2010-03-31,2010-03-31,Q1,0.0,0.0,0.0,0.0,0.0,15367.0,0.0,0.0,0.0,0.0,-13910.75,0.0,-15367.0,0.0,-15367.0,0.0,0.0,-1456.25,0.0,0.0,-1456.25,0.0,-0.0004,-0.0004,4707687.0,4707687.0,,,1620598565,18:16:05,20210509
39,2010-01-31,T3D.AX,AUD,2010-01-31,2010-01-31,Q1,0.0,0.0,0.0,0.0,0.0,15367.0,0.0,0.0,0.0,0.0,-13910.75,0.0,-15367.0,0.0,-15367.0,0.0,0.0,-1456.25,0.0,0.0,-1456.25,0.0,-0.0004,-0.0004,4707687.0,4707687.0,,,1620598565,18:16:05,20210509
40,2009-09-30,T3D.AX,AUD,2009-09-30,2009-09-30,Q3,8.25,33.5,-25.25,-3.0606060606060606,0.0,76932.75,-2.0,0.0,-11070.5,0.0,11113.5,3945.5,-65885.5,-7986.121212121212,-69831.0,-8464.363636363636,6324.75,-74878.25,-9076.151515151516,0.0,-153685.75,-18628.575757575756,-0.0326,-0.0326,4707687.0,4707687.0,,,1620598565,18:16:05,20210509
41,2009-06-30,T3D.AX,AUD,2009-06-30,2009-06-30,Q2,8.25,33.5,-25.25,-3.0606060606060606,0.0,76932.75,-2.0,0.0,-11070.5,0.0,11113.5,3945.5,-65885.5,-7986.121212121212,-69831.0,-8464.363636363636,6324.75,-74878.25,-9076.151515151516,0.0,-153685.75,-18628.575757575756,-0.0326,-0.0326,4707687.0,4707687.0,,,1620598565,18:16:05,20210509
42,2009-03-31,T3D.AX,AUD,2009-03-31,2009-03-31,Q1,8.25,33.5,-25.25,-3.0606060606060606,0.0,76932.75,-2.0,0.0,-11070.5,0.0,11113.5,3945.5,-65885.5,-7986.121212121212,-69831.0,-8464.363636363636,6324.75,-74878.25,-9076.151515151516,0.0,-153685.75,-18628.575757575756,-0.0326,-0.0326,4707687.0,4707687.0,,,1620598565,18:16:05,20210509
43,2009-01-31,T3D.AX,AUD,2009-01-31,2009-01-31,Q1,8.25,33.5,-25.25,-3.0606060606060606,0.0,76932.75,-2.0,0.0,-11070.5,0.0,11113.5,3945.5,-65885.5,-7986.121212121212,-69831.0,-8464.363636363636,6324.75,-74878.25,-9076.151515151516,0.0,-153685.75,-18628.575757575756,-0.0326,-0.0326,4707687.0,4707687.0,,,1620598565,18:16:05,20210509
44,2008-09-30,T3D.AX,AUD,2008-09-30,2008-09-30,Q3,515681.5,183387.5,332294.0,0.6443783614498484,0.0,525087.5,16307.75,0.0,107087.75,0.0,24246.75,55512.25,-316189.0,-0.6131478441635001,-371701.25,-0.7207961697287958,-450303.5,-836523.25,-1.6221703706648387,0.0,-836523.25,-1.6221703706648387,-0.176,-0.176,4707687.0,4707687.0,,,1620598565,18:16:05,20210509
45,2008-06-30,T3D.AX,AUD,2008-06-30,2008-06-30,Q2,515681.5,183387.5,332294.0,0.6443783614498484,0.0,525087.5,16307.75,0.0,107087.75,0.0,24246.75,55512.25,-316189.0,-0.6131478441635001,-371701.25,-0.7207961697287958,-450303.5,-836523.25,-1.6221703706648387,0.0,-836523.25,-1.6221703706648387,-0.176,-0.176,4707687.0,4707687.0,,,1620598565,18:16:05,20210509
46,2008-03-31,T3D.AX,AUD,2008-03-31,2008-03-31,Q1,515681.5,183387.5,332294.0,0.6443783614498484,0.0,525087.5,16307.75,0.0,107087.75,0.0,24246.75,55512.25,-316189.0,-0.6131478441635001,-371701.25,-0.7207961697287958,-450303.5,-836523.25,-1.6221703706648387,0.0,-836523.25,-1.6221703706648387,-0.176,-0.176,4707687.0,4707687.0,,,1620598565,18:16:05,20210509
47,2008-01-31,T3D.AX,AUD,2008-01-31,2008-01-31,Q1,515681.5,183387.5,332294.0,0.6443783614498484,0.0,525087.5,16307.75,0.0,107087.75,0.0,24246.75,55512.25,-316189.0,-0.6131478441635001,-371701.25,-0.7207961697287958,-450303.5,-836523.25,-1.6221703706648387,0.0,-836523.25,-1.6221703706648387,-0.176,-0.176,4707687.0,4707687.0,,,1620598565,18:16:05,20210509
48,2007-09-30,T3D.AX,AUD,2007-09-30,2007-09-30,Q3,0.0,0.0,0.0,0.0,0.0,112583.0,1846.5,0.0,31875.0,0.0,677.0,2130.0,-146304.5,0.0,-148434.5,0.0,0.0,-129318.0,0.0,0.0,-129318.0,0.0,-0.0334,-0.0334,3857184.0,3857184.0,,,1620598565,18:16:05,20210509
49,2007-06-30,T3D.AX,AUD,2007-06-30,2007-06-30,Q2,0.0,0.0,0.0,0.0,0.0,112583.0,1846.5,0.0,31875.0,0.0,677.0,2130.0,-146304.5,0.0,-148434.5,0.0,0.0,-129318.0,0.0,0.0,-129318.0,0.0,-0.0334,-0.0334,3857184.0,3857184.0,,,1620598565,18:16:05,20210509
50,2007-03-31,T3D.AX,AUD,2007-03-31,2007-03-31,Q1,0.0,0.0,0.0,0.0,0.0,112583.0,1846.5,0.0,31875.0,0.0,677.0,2130.0,-146304.5,0.0,-148434.5,0.0,0.0,-129318.0,0.0,0.0,-129318.0,0.0,-0.0334,-0.0334,3857184.0,3857184.0,,,1620598565,18:16:05,20210509
51,2007-01-31,T3D.AX,AUD,2007-01-31,2007-01-31,Q1,0.0,0.0,0.0,0.0,0.0,112583.0,1846.5,0.0,31875.0,0.0,677.0,2130.0,-146304.5,0.0,-148434.5,0.0,0.0,-129318.0,0.0,0.0,-129318.0,0.0,-0.0334,-0.0334,3857184.0,3857184.0,,,1620598565,18:16:05,20210509
