,date,symbol,reportedCurrency,fillingDate,acceptedDate,period,revenue,costOfRevenue,grossProfit,grossProfitRatio,researchAndDevelopmentExpenses,generalAndAdministrativeExpenses,sellingAndMarketingExpenses,otherExpenses,operatingExpenses,costAndExpenses,interestExpense,depreciationAndAmortization,ebitda,ebitdaratio,operatingIncome,operatingIncomeRatio,totalOtherIncomeExpensesNet,incomeBeforeTax,incomeBeforeTaxRatio,incomeTaxExpense,netIncome,netIncomeRatio,eps,epsdiluted,weightedAverageShsOut,weightedAverageShsOutDil,link,finalLink,timestamp,est_time,est_date
0,2019-06-30,ASY.PA,EUR,2019-06-30,2019-06-30,Q2,124375000,14050000.0,110325000.0,0.887035175879397,0.0,0.0,3225000.0,-1725000.0,7600000.0,116050000,275000.0,3125000.0,11450000.0,0.09206030150753769,8325000.0,0.06693467336683417,0.0,9900000.0,0.07959798994974875,2800000.0,6750000.0,0.054271356783919596,0.4575,0.44,15004957.0,15308672.0,https://www.infogreffe.com/recherche-entreprise-dirigeants/resultats-entreprise-dirigeants.html?ga_cat=globale&ga_q=A.S.Y#phrase=A.S.Y,https://www.infogreffe.com/recherche-entreprise-dirigeants/resultats-entreprise-dirigeants.html?ga_cat=globale&ga_q=A.S.Y#phrase=A.S.Y,1620588836,15:33:56,20210509
1,2019-03-31,ASY.PA,EUR,2019-03-31,2019-03-31,Q1,124375000,14050000.0,110325000.0,0.887035175879397,0.0,0.0,3225000.0,-1725000.0,7600000.0,116050000,275000.0,3125000.0,11450000.0,0.09206030150753769,8325000.0,0.06693467336683417,0.0,9900000.0,0.07959798994974875,2800000.0,6750000.0,0.054271356783919596,0.4575,0.44,15004957.0,15308672.0,https://www.infogreffe.com/recherche-entreprise-dirigeants/resultats-entreprise-dirigeants.html?ga_cat=globale&ga_q=A.S.Y#phrase=A.S.Y,https://www.infogreffe.com/recherche-entreprise-dirigeants/resultats-entreprise-dirigeants.html?ga_cat=globale&ga_q=A.S.Y#phrase=A.S.Y,1620588836,15:33:56,20210509
2,2019-01-31,ASY.PA,EUR,2019-01-31,2019-01-31,Q1,124375000,14050000.0,110325000.0,0.887035175879397,0.0,0.0,3225000.0,-1725000.0,7600000.0,116050000,275000.0,3125000.0,11450000.0,0.09206030150753769,8325000.0,0.06693467336683417,0.0,9900000.0,0.07959798994974875,2800000.0,6750000.0,0.054271356783919596,0.4575,0.44,15004957.0,15308672.0,https://www.infogreffe.com/recherche-entreprise-dirigeants/resultats-entreprise-dirigeants.html?ga_cat=globale&ga_q=A.S.Y#phrase=A.S.Y,https://www.infogreffe.com/recherche-entreprise-dirigeants/resultats-entreprise-dirigeants.html?ga_cat=globale&ga_q=A.S.Y#phrase=A.S.Y,1620588836,15:33:56,20210509
3,2018-06-30,ASY.PA,EUR,2018-06-30,2018-06-30,Q2,111025000,10575000.0,100450000.0,0.9047511821661788,0.0,0.0,2900000.0,0.0,9775000.0,104725000,225000.0,825000.0,7125000.0,0.06417473541995046,6300000.0,0.05674397658185094,0.0,6600000.0,0.05944607070479622,1550000.0,4850000.0,0.0436838549876154,0.33,0.325,15089319.0,15345699.0,https://www.infogreffe.com/recherche-entreprise-dirigeants/resultats-entreprise-dirigeants.html?ga_cat=globale&ga_q=A.S.Y#phrase=A.S.Y,https://www.infogreffe.com/recherche-entreprise-dirigeants/resultats-entreprise-dirigeants.html?ga_cat=globale&ga_q=A.S.Y#phrase=A.S.Y,1620588836,15:33:56,20210509
4,2018-03-31,ASY.PA,EUR,2018-03-31,2018-03-31,Q1,111025000,10575000.0,100450000.0,0.9047511821661788,0.0,0.0,2900000.0,0.0,9775000.0,104725000,225000.0,825000.0,7125000.0,0.06417473541995046,6300000.0,0.05674397658185094,0.0,6600000.0,0.05944607070479622,1550000.0,4850000.0,0.0436838549876154,0.33,0.325,15089319.0,15345699.0,https://www.infogreffe.com/recherche-entreprise-dirigeants/resultats-entreprise-dirigeants.html?ga_cat=globale&ga_q=A.S.Y#phrase=A.S.Y,https://www.infogreffe.com/recherche-entreprise-dirigeants/resultats-entreprise-dirigeants.html?ga_cat=globale&ga_q=A.S.Y#phrase=A.S.Y,1620588836,15:33:56,20210509
5,2018-01-31,ASY.PA,EUR,2018-01-31,2018-01-31,Q1,111025000,10575000.0,100450000.0,0.9047511821661788,0.0,0.0,2900000.0,0.0,9775000.0,104725000,225000.0,825000.0,7125000.0,0.06417473541995046,6300000.0,0.05674397658185094,0.0,6600000.0,0.05944607070479622,1550000.0,4850000.0,0.0436838549876154,0.33,0.325,15089319.0,15345699.0,https://www.infogreffe.com/recherche-entreprise-dirigeants/resultats-entreprise-dirigeants.html?ga_cat=globale&ga_q=A.S.Y#phrase=A.S.Y,https://www.infogreffe.com/recherche-entreprise-dirigeants/resultats-entreprise-dirigeants.html?ga_cat=globale&ga_q=A.S.Y#phrase=A.S.Y,1620588836,15:33:56,20210509
6,2017-06-30,ASY.PA,EUR,2017-06-30,2017-06-30,Q2,98800000,11925000.0,86875000.0,0.8793016194331984,0.0,0.0,2875000.0,0.0,9450000.0,94400000,225000.0,550000.0,4950000.0,0.050101214574898786,4400000.0,0.044534412955465584,0.0,4525000.0,0.04579959514170041,1200000.0,101025000.0,1.0225202429149798,4.8325,4.7725,20910097.0,21163287.0,https://www.infogreffe.com/recherche-entreprise-dirigeants/resultats-entreprise-dirigeants.html?ga_cat=globale&ga_q=A.S.Y#phrase=A.S.Y,https://www.infogreffe.com/recherche-entreprise-dirigeants/resultats-entreprise-dirigeants.html?ga_cat=globale&ga_q=A.S.Y#phrase=A.S.Y,1620588836,15:33:56,20210509
7,2017-03-31,ASY.PA,EUR,2017-03-31,2017-03-31,Q1,98800000,11925000.0,86875000.0,0.8793016194331984,0.0,0.0,2875000.0,0.0,9450000.0,94400000,225000.0,550000.0,4950000.0,0.050101214574898786,4400000.0,0.044534412955465584,0.0,4525000.0,0.04579959514170041,1200000.0,101025000.0,1.0225202429149798,4.8325,4.7725,20910097.0,21163287.0,https://www.infogreffe.com/recherche-entreprise-dirigeants/resultats-entreprise-dirigeants.html?ga_cat=globale&ga_q=A.S.Y#phrase=A.S.Y,https://www.infogreffe.com/recherche-entreprise-dirigeants/resultats-entreprise-dirigeants.html?ga_cat=globale&ga_q=A.S.Y#phrase=A.S.Y,1620588836,15:33:56,20210509
8,2017-01-31,ASY.PA,EUR,2017-01-31,2017-01-31,Q1,98800000,11925000.0,86875000.0,0.8793016194331984,0.0,0.0,2875000.0,0.0,9450000.0,94400000,225000.0,550000.0,4950000.0,0.050101214574898786,4400000.0,0.044534412955465584,0.0,4525000.0,0.04579959514170041,1200000.0,101025000.0,1.0225202429149798,4.8325,4.7725,20910097.0,21163287.0,https://www.infogreffe.com/recherche-entreprise-dirigeants/resultats-entreprise-dirigeants.html?ga_cat=globale&ga_q=A.S.Y#phrase=A.S.Y,https://www.infogreffe.com/recherche-entreprise-dirigeants/resultats-entreprise-dirigeants.html?ga_cat=globale&ga_q=A.S.Y#phrase=A.S.Y,1620588836,15:33:56,20210509
9,2016-06-30,ASY.PA,EUR,2016-06-30,2016-06-30,Q2,238900000,34750000.0,204150000.0,0.8545416492256174,0.0,0.0,8925000.0,-450000.0,11250000.0,222775000,500000.0,2000000.0,18125000.0,0.07586856425282545,16125000.0,0.06749686061113437,0.0,12450000.0,0.052113855169527,4425000.0,7875000.0,0.03296358308915864,0.37,0.3075,21258072.0,25609756.0,https://www.infogreffe.com/recherche-entreprise-dirigeants/resultats-entreprise-dirigeants.html?ga_cat=globale&ga_q=A.S.Y#phrase=A.S.Y,https://www.infogreffe.com/recherche-entreprise-dirigeants/resultats-entreprise-dirigeants.html?ga_cat=globale&ga_q=A.S.Y#phrase=A.S.Y,1620588836,15:33:56,20210509
10,2016-03-31,ASY.PA,EUR,2016-03-31,2016-03-31,Q1,238900000,34750000.0,204150000.0,0.8545416492256174,0.0,0.0,8925000.0,-450000.0,11250000.0,222775000,500000.0,2000000.0,18125000.0,0.07586856425282545,16125000.0,0.06749686061113437,0.0,12450000.0,0.052113855169527,4425000.0,7875000.0,0.03296358308915864,0.37,0.3075,21258072.0,25609756.0,https://www.infogreffe.com/recherche-entreprise-dirigeants/resultats-entreprise-dirigeants.html?ga_cat=globale&ga_q=A.S.Y#phrase=A.S.Y,https://www.infogreffe.com/recherche-entreprise-dirigeants/resultats-entreprise-dirigeants.html?ga_cat=globale&ga_q=A.S.Y#phrase=A.S.Y,1620588836,15:33:56,20210509
11,2016-01-31,ASY.PA,EUR,2016-01-31,2016-01-31,Q1,238900000,34750000.0,204150000.0,0.8545416492256174,0.0,0.0,8925000.0,-450000.0,11250000.0,222775000,500000.0,2000000.0,18125000.0,0.07586856425282545,16125000.0,0.06749686061113437,0.0,12450000.0,0.052113855169527,4425000.0,7875000.0,0.03296358308915864,0.37,0.3075,21258072.0,25609756.0,https://www.infogreffe.com/recherche-entreprise-dirigeants/resultats-entreprise-dirigeants.html?ga_cat=globale&ga_q=A.S.Y#phrase=A.S.Y,https://www.infogreffe.com/recherche-entreprise-dirigeants/resultats-entreprise-dirigeants.html?ga_cat=globale&ga_q=A.S.Y#phrase=A.S.Y,1620588836,15:33:56,20210509
12,2015-09-30,ASY.PA,EUR,2015-09-30,2015-09-30,Q3,226925000,33300000.0,193625000.0,0.8532554808857552,0.0,0.0,7575000.0,-175000.0,9625000.0,214000000,525000.0,2225000.0,15150000.0,0.06676214608350776,12925000.0,0.0569571444309794,0.0,10125000.0,0.04461826594689876,3275000.0,6800000.0,0.029965847747052993,0.2325,0.2325,21595143.0,21595143.0,https://www.infogreffe.com/recherche-entreprise-dirigeants/resultats-entreprise-dirigeants.html?ga_cat=globale&ga_q=A.S.Y#phrase=A.S.Y,https://www.infogreffe.com/recherche-entreprise-dirigeants/resultats-entreprise-dirigeants.html?ga_cat=globale&ga_q=A.S.Y#phrase=A.S.Y,1620588836,15:33:56,20210509
13,2015-06-30,ASY.PA,EUR,2015-06-30,2015-06-30,Q2,226925000,33300000.0,193625000.0,0.8532554808857552,0.0,0.0,7575000.0,-175000.0,9625000.0,214000000,525000.0,2225000.0,15150000.0,0.06676214608350776,12925000.0,0.0569571444309794,0.0,10125000.0,0.04461826594689876,3275000.0,6800000.0,0.029965847747052993,0.2325,0.2325,21595143.0,21595143.0,https://www.infogreffe.com/recherche-entreprise-dirigeants/resultats-entreprise-dirigeants.html?ga_cat=globale&ga_q=A.S.Y#phrase=A.S.Y,https://www.infogreffe.com/recherche-entreprise-dirigeants/resultats-entreprise-dirigeants.html?ga_cat=globale&ga_q=A.S.Y#phrase=A.S.Y,1620588836,15:33:56,20210509
14,2015-03-31,ASY.PA,EUR,2015-03-31,2015-03-31,Q1,226925000,33300000.0,193625000.0,0.8532554808857552,0.0,0.0,7575000.0,-175000.0,9625000.0,214000000,525000.0,2225000.0,15150000.0,0.06676214608350776,12925000.0,0.0569571444309794,0.0,10125000.0,0.04461826594689876,3275000.0,6800000.0,0.029965847747052993,0.2325,0.2325,21595143.0,21595143.0,https://www.infogreffe.com/recherche-entreprise-dirigeants/resultats-entreprise-dirigeants.html?ga_cat=globale&ga_q=A.S.Y#phrase=A.S.Y,https://www.infogreffe.com/recherche-entreprise-dirigeants/resultats-entreprise-dirigeants.html?ga_cat=globale&ga_q=A.S.Y#phrase=A.S.Y,1620588836,15:33:56,20210509
15,2015-01-31,ASY.PA,EUR,2015-01-31,2015-01-31,Q1,226925000,33300000.0,193625000.0,0.8532554808857552,0.0,0.0,7575000.0,-175000.0,9625000.0,214000000,525000.0,2225000.0,15150000.0,0.06676214608350776,12925000.0,0.0569571444309794,0.0,10125000.0,0.04461826594689876,3275000.0,6800000.0,0.029965847747052993,0.2325,0.2325,21595143.0,21595143.0,https://www.infogreffe.com/recherche-entreprise-dirigeants/resultats-entreprise-dirigeants.html?ga_cat=globale&ga_q=A.S.Y#phrase=A.S.Y,https://www.infogreffe.com/recherche-entreprise-dirigeants/resultats-entreprise-dirigeants.html?ga_cat=globale&ga_q=A.S.Y#phrase=A.S.Y,1620588836,15:33:56,20210509
16,2014-09-30,ASY.PA,EUR,2014-09-30,2014-09-30,Q3,216650000,26975000.0,189675000.0,0.87549042234018,0.0,0.0,8925000.0,-1550000.0,7800000.0,203875000,825000.0,2175000.0,14950000.0,0.06900530810062312,12775000.0,0.05896607431340872,0.0,7625000.0,0.035195015001153934,2150000.0,5450000.0,0.025155781213939535,0.2225,0.2225,20751174.0,20751174.0,https://www.infogreffe.com/recherche-entreprise-dirigeants/resultats-entreprise-dirigeants.html?ga_cat=globale&ga_q=A.S.Y#phrase=A.S.Y,https://www.infogreffe.com/recherche-entreprise-dirigeants/resultats-entreprise-dirigeants.html?ga_cat=globale&ga_q=A.S.Y#phrase=A.S.Y,1620588836,15:33:56,20210509
17,2014-06-30,ASY.PA,EUR,2014-06-30,2014-06-30,Q2,216650000,26975000.0,189675000.0,0.87549042234018,0.0,0.0,8925000.0,-1550000.0,7800000.0,203875000,825000.0,2175000.0,14950000.0,0.06900530810062312,12775000.0,0.05896607431340872,0.0,7625000.0,0.035195015001153934,2150000.0,5450000.0,0.025155781213939535,0.2225,0.2225,20751174.0,20751174.0,https://www.infogreffe.com/recherche-entreprise-dirigeants/resultats-entreprise-dirigeants.html?ga_cat=globale&ga_q=A.S.Y#phrase=A.S.Y,https://www.infogreffe.com/recherche-entreprise-dirigeants/resultats-entreprise-dirigeants.html?ga_cat=globale&ga_q=A.S.Y#phrase=A.S.Y,1620588836,15:33:56,20210509
18,2014-03-31,ASY.PA,EUR,2014-03-31,2014-03-31,Q1,216650000,26975000.0,189675000.0,0.87549042234018,0.0,0.0,8925000.0,-1550000.0,7800000.0,203875000,825000.0,2175000.0,14950000.0,0.06900530810062312,12775000.0,0.05896607431340872,0.0,7625000.0,0.035195015001153934,2150000.0,5450000.0,0.025155781213939535,0.2225,0.2225,20751174.0,20751174.0,https://www.infogreffe.com/recherche-entreprise-dirigeants/resultats-entreprise-dirigeants.html?ga_cat=globale&ga_q=A.S.Y#phrase=A.S.Y,https://www.infogreffe.com/recherche-entreprise-dirigeants/resultats-entreprise-dirigeants.html?ga_cat=globale&ga_q=A.S.Y#phrase=A.S.Y,1620588836,15:33:56,20210509
19,2014-01-31,ASY.PA,EUR,2014-01-31,2014-01-31,Q1,216650000,26975000.0,189675000.0,0.87549042234018,0.0,0.0,8925000.0,-1550000.0,7800000.0,203875000,825000.0,2175000.0,14950000.0,0.06900530810062312,12775000.0,0.05896607431340872,0.0,7625000.0,0.035195015001153934,2150000.0,5450000.0,0.025155781213939535,0.2225,0.2225,20751174.0,20751174.0,https://www.infogreffe.com/recherche-entreprise-dirigeants/resultats-entreprise-dirigeants.html?ga_cat=globale&ga_q=A.S.Y#phrase=A.S.Y,https://www.infogreffe.com/recherche-entreprise-dirigeants/resultats-entreprise-dirigeants.html?ga_cat=globale&ga_q=A.S.Y#phrase=A.S.Y,1620588836,15:33:56,20210509
20,2013-09-30,ASY.PA,EUR,2013-09-30,2013-09-30,Q3,217850000,26575000.0,191275000.0,0.8780123938489787,0.0,0.0,8825000.0,-1175000.0,8525000.0,203075000,1250000.0,2300000.0,17075000.0,0.07837961900390177,14775000.0,0.0678218957998623,0.0,10000000.0,0.04590314436538903,3225000.0,6775000.0,0.031099380307551067,0.365,0.3325,18519429.0,23989866.0,https://www.infogreffe.com/recherche-entreprise-dirigeants/resultats-entreprise-dirigeants.html?ga_cat=globale&ga_q=A.S.Y#phrase=A.S.Y,https://www.infogreffe.com/recherche-entreprise-dirigeants/resultats-entreprise-dirigeants.html?ga_cat=globale&ga_q=A.S.Y#phrase=A.S.Y,1620588836,15:33:56,20210509
21,2013-06-30,ASY.PA,EUR,2013-06-30,2013-06-30,Q2,217850000,26575000.0,191275000.0,0.8780123938489787,0.0,0.0,8825000.0,-1175000.0,8525000.0,203075000,1250000.0,2300000.0,17075000.0,0.07837961900390177,14775000.0,0.0678218957998623,0.0,10000000.0,0.04590314436538903,3225000.0,6775000.0,0.031099380307551067,0.365,0.3325,18519429.0,23989866.0,https://www.infogreffe.com/recherche-entreprise-dirigeants/resultats-entreprise-dirigeants.html?ga_cat=globale&ga_q=A.S.Y#phrase=A.S.Y,https://www.infogreffe.com/recherche-entreprise-dirigeants/resultats-entreprise-dirigeants.html?ga_cat=globale&ga_q=A.S.Y#phrase=A.S.Y,1620588836,15:33:56,20210509
22,2013-03-31,ASY.PA,EUR,2013-03-31,2013-03-31,Q1,217850000,26575000.0,191275000.0,0.8780123938489787,0.0,0.0,8825000.0,-1175000.0,8525000.0,203075000,1250000.0,2300000.0,17075000.0,0.07837961900390177,14775000.0,0.0678218957998623,0.0,10000000.0,0.04590314436538903,3225000.0,6775000.0,0.031099380307551067,0.365,0.3325,18519429.0,23989866.0,https://www.infogreffe.com/recherche-entreprise-dirigeants/resultats-entreprise-dirigeants.html?ga_cat=globale&ga_q=A.S.Y#phrase=A.S.Y,https://www.infogreffe.com/recherche-entreprise-dirigeants/resultats-entreprise-dirigeants.html?ga_cat=globale&ga_q=A.S.Y#phrase=A.S.Y,1620588836,15:33:56,20210509
23,2013-01-31,ASY.PA,EUR,2013-01-31,2013-01-31,Q1,217850000,26575000.0,191275000.0,0.8780123938489787,0.0,0.0,8825000.0,-1175000.0,8525000.0,203075000,1250000.0,2300000.0,17075000.0,0.07837961900390177,14775000.0,0.0678218957998623,0.0,10000000.0,0.04590314436538903,3225000.0,6775000.0,0.031099380307551067,0.365,0.3325,18519429.0,23989866.0,https://www.infogreffe.com/recherche-entreprise-dirigeants/resultats-entreprise-dirigeants.html?ga_cat=globale&ga_q=A.S.Y#phrase=A.S.Y,https://www.infogreffe.com/recherche-entreprise-dirigeants/resultats-entreprise-dirigeants.html?ga_cat=globale&ga_q=A.S.Y#phrase=A.S.Y,1620588836,15:33:56,20210509
24,2012-09-30,ASY.PA,EUR,2012-09-30,2012-09-30,Q3,213900000,28300000.0,185600000.0,0.8676951846657317,0.0,0.0,8600000.0,-625000.0,6225000.0,198700000,1275000.0,2350000.0,17550000.0,0.0820476858345021,15200000.0,0.07106124357176251,0.0,13100000.0,0.06124357176250585,4550000.0,8300000.0,0.03880317905563347,0.4325,0.39,19157041.0,24351537.0,https://www.infogreffe.com/recherche-entreprise-dirigeants/resultats-entreprise-dirigeants.html?ga_cat=globale&ga_q=A.S.Y#phrase=A.S.Y,https://www.infogreffe.com/recherche-entreprise-dirigeants/resultats-entreprise-dirigeants.html?ga_cat=globale&ga_q=A.S.Y#phrase=A.S.Y,1620588836,15:33:56,20210509
25,2012-06-30,ASY.PA,EUR,2012-06-30,2012-06-30,Q2,213900000,28300000.0,185600000.0,0.8676951846657317,0.0,0.0,8600000.0,-625000.0,6225000.0,198700000,1275000.0,2350000.0,17550000.0,0.0820476858345021,15200000.0,0.07106124357176251,0.0,13100000.0,0.06124357176250585,4550000.0,8300000.0,0.03880317905563347,0.4325,0.39,19157041.0,24351537.0,https://www.infogreffe.com/recherche-entreprise-dirigeants/resultats-entreprise-dirigeants.html?ga_cat=globale&ga_q=A.S.Y#phrase=A.S.Y,https://www.infogreffe.com/recherche-entreprise-dirigeants/resultats-entreprise-dirigeants.html?ga_cat=globale&ga_q=A.S.Y#phrase=A.S.Y,1620588836,15:33:56,20210509
26,2012-03-31,ASY.PA,EUR,2012-03-31,2012-03-31,Q1,213900000,28300000.0,185600000.0,0.8676951846657317,0.0,0.0,8600000.0,-625000.0,6225000.0,198700000,1275000.0,2350000.0,17550000.0,0.0820476858345021,15200000.0,0.07106124357176251,0.0,13100000.0,0.06124357176250585,4550000.0,8300000.0,0.03880317905563347,0.4325,0.39,19157041.0,24351537.0,https://www.infogreffe.com/recherche-entreprise-dirigeants/resultats-entreprise-dirigeants.html?ga_cat=globale&ga_q=A.S.Y#phrase=A.S.Y,https://www.infogreffe.com/recherche-entreprise-dirigeants/resultats-entreprise-dirigeants.html?ga_cat=globale&ga_q=A.S.Y#phrase=A.S.Y,1620588836,15:33:56,20210509
27,2012-01-31,ASY.PA,EUR,2012-01-31,2012-01-31,Q1,213900000,28300000.0,185600000.0,0.8676951846657317,0.0,0.0,8600000.0,-625000.0,6225000.0,198700000,1275000.0,2350000.0,17550000.0,0.0820476858345021,15200000.0,0.07106124357176251,0.0,13100000.0,0.06124357176250585,4550000.0,8300000.0,0.03880317905563347,0.4325,0.39,19157041.0,24351537.0,https://www.infogreffe.com/recherche-entreprise-dirigeants/resultats-entreprise-dirigeants.html?ga_cat=globale&ga_q=A.S.Y#phrase=A.S.Y,https://www.infogreffe.com/recherche-entreprise-dirigeants/resultats-entreprise-dirigeants.html?ga_cat=globale&ga_q=A.S.Y#phrase=A.S.Y,1620588836,15:33:56,20210509
28,2011-09-30,ASY.PA,EUR,2011-09-30,2011-09-30,Q3,190150000,0.0,0.0,0.0,0.0,425000.0,0.0,0.0,39825000.0,175475000,625000.0,2750000.0,17425000.0,0.09163818038390745,14675000.0,0.07717591375230082,0.0,14975000.0,0.0787536155666579,4650000.0,10300000.0,0.054167762292926636,0.5325,0.3925,19277991.0,24566909.0,https://www.infogreffe.com/recherche-entreprise-dirigeants/resultats-entreprise-dirigeants.html?ga_cat=globale&ga_q=A.S.Y#phrase=A.S.Y,https://www.infogreffe.com/recherche-entreprise-dirigeants/resultats-entreprise-dirigeants.html?ga_cat=globale&ga_q=A.S.Y#phrase=A.S.Y,1620588836,15:33:56,20210509
29,2011-06-30,ASY.PA,EUR,2011-06-30,2011-06-30,Q2,190150000,0.0,0.0,0.0,0.0,425000.0,0.0,0.0,39825000.0,175475000,625000.0,2750000.0,17425000.0,0.09163818038390745,14675000.0,0.07717591375230082,0.0,14975000.0,0.0787536155666579,4650000.0,10300000.0,0.054167762292926636,0.5325,0.3925,19277991.0,24566909.0,https://www.infogreffe.com/recherche-entreprise-dirigeants/resultats-entreprise-dirigeants.html?ga_cat=globale&ga_q=A.S.Y#phrase=A.S.Y,https://www.infogreffe.com/recherche-entreprise-dirigeants/resultats-entreprise-dirigeants.html?ga_cat=globale&ga_q=A.S.Y#phrase=A.S.Y,1620588836,15:33:56,20210509
30,2011-03-31,ASY.PA,EUR,2011-03-31,2011-03-31,Q1,190150000,0.0,0.0,0.0,0.0,425000.0,0.0,0.0,39825000.0,175475000,625000.0,2750000.0,17425000.0,0.09163818038390745,14675000.0,0.07717591375230082,0.0,14975000.0,0.0787536155666579,4650000.0,10300000.0,0.054167762292926636,0.5325,0.3925,19277991.0,24566909.0,https://www.infogreffe.com/recherche-entreprise-dirigeants/resultats-entreprise-dirigeants.html?ga_cat=globale&ga_q=A.S.Y#phrase=A.S.Y,https://www.infogreffe.com/recherche-entreprise-dirigeants/resultats-entreprise-dirigeants.html?ga_cat=globale&ga_q=A.S.Y#phrase=A.S.Y,1620588836,15:33:56,20210509
31,2011-01-31,ASY.PA,EUR,2011-01-31,2011-01-31,Q1,190150000,0.0,0.0,0.0,0.0,425000.0,0.0,0.0,39825000.0,175475000,625000.0,2750000.0,17425000.0,0.09163818038390745,14675000.0,0.07717591375230082,0.0,14975000.0,0.0787536155666579,4650000.0,10300000.0,0.054167762292926636,0.5325,0.3925,19277991.0,24566909.0,https://www.infogreffe.com/recherche-entreprise-dirigeants/resultats-entreprise-dirigeants.html?ga_cat=globale&ga_q=A.S.Y#phrase=A.S.Y,https://www.infogreffe.com/recherche-entreprise-dirigeants/resultats-entreprise-dirigeants.html?ga_cat=globale&ga_q=A.S.Y#phrase=A.S.Y,1620588836,15:33:56,20210509
32,2010-09-30,ASY.PA,EUR,2010-09-30,2010-09-30,Q3,159125000,0.0,0.0,0.0,0.0,0.0,0.0,0.0,30625000.0,148050000,475000.0,2725000.0,13800000.0,0.08672427336999214,11075000.0,0.06959937156323645,0.0,9575000.0,0.06017282010997643,3675000.0,5625000.0,0.03534956794972506,0.275,0.27,19509348.0,19836888.0,https://www.infogreffe.com/recherche-entreprise-dirigeants/resultats-entreprise-dirigeants.html?ga_cat=globale&ga_q=A.S.Y#phrase=A.S.Y,https://www.infogreffe.com/recherche-entreprise-dirigeants/resultats-entreprise-dirigeants.html?ga_cat=globale&ga_q=A.S.Y#phrase=A.S.Y,1620588836,15:33:56,20210509
33,2010-06-30,ASY.PA,EUR,2010-06-30,2010-06-30,Q2,159125000,0.0,0.0,0.0,0.0,0.0,0.0,0.0,30625000.0,148050000,475000.0,2725000.0,13800000.0,0.08672427336999214,11075000.0,0.06959937156323645,0.0,9575000.0,0.06017282010997643,3675000.0,5625000.0,0.03534956794972506,0.275,0.27,19509348.0,19836888.0,https://www.infogreffe.com/recherche-entreprise-dirigeants/resultats-entreprise-dirigeants.html?ga_cat=globale&ga_q=A.S.Y#phrase=A.S.Y,https://www.infogreffe.com/recherche-entreprise-dirigeants/resultats-entreprise-dirigeants.html?ga_cat=globale&ga_q=A.S.Y#phrase=A.S.Y,1620588836,15:33:56,20210509
34,2010-03-31,ASY.PA,EUR,2010-03-31,2010-03-31,Q1,159125000,0.0,0.0,0.0,0.0,0.0,0.0,0.0,30625000.0,148050000,475000.0,2725000.0,13800000.0,0.08672427336999214,11075000.0,0.06959937156323645,0.0,9575000.0,0.06017282010997643,3675000.0,5625000.0,0.03534956794972506,0.275,0.27,19509348.0,19836888.0,https://www.infogreffe.com/recherche-entreprise-dirigeants/resultats-entreprise-dirigeants.html?ga_cat=globale&ga_q=A.S.Y#phrase=A.S.Y,https://www.infogreffe.com/recherche-entreprise-dirigeants/resultats-entreprise-dirigeants.html?ga_cat=globale&ga_q=A.S.Y#phrase=A.S.Y,1620588836,15:33:56,20210509
35,2010-01-31,ASY.PA,EUR,2010-01-31,2010-01-31,Q1,159125000,0.0,0.0,0.0,0.0,0.0,0.0,0.0,30625000.0,148050000,475000.0,2725000.0,13800000.0,0.08672427336999214,11075000.0,0.06959937156323645,0.0,9575000.0,0.06017282010997643,3675000.0,5625000.0,0.03534956794972506,0.275,0.27,19509348.0,19836888.0,https://www.infogreffe.com/recherche-entreprise-dirigeants/resultats-entreprise-dirigeants.html?ga_cat=globale&ga_q=A.S.Y#phrase=A.S.Y,https://www.infogreffe.com/recherche-entreprise-dirigeants/resultats-entreprise-dirigeants.html?ga_cat=globale&ga_q=A.S.Y#phrase=A.S.Y,1620588836,15:33:56,20210509
36,2009-09-30,ASY.PA,EUR,2009-09-30,2009-09-30,Q3,153275000,0.0,0.0,0.0,0.0,0.0,0.0,0.0,34100000.0,151325000,1225000.0,3250000.0,5200000.0,0.03392595008970804,1950000.0,0.012722231283640516,0.0,775000.0,0.005056271407600717,1000000.0,-225000.0,-0.0014679497634969825,-0.01,-0.01,19316872.0,19316872.0,https://www.infogreffe.com/recherche-entreprise-dirigeants/resultats-entreprise-dirigeants.html?ga_cat=globale&ga_q=A.S.Y#phrase=A.S.Y,https://www.infogreffe.com/recherche-entreprise-dirigeants/resultats-entreprise-dirigeants.html?ga_cat=globale&ga_q=A.S.Y#phrase=A.S.Y,1620588836,15:33:56,20210509
37,2009-06-30,ASY.PA,EUR,2009-06-30,2009-06-30,Q2,153275000,0.0,0.0,0.0,0.0,0.0,0.0,0.0,34100000.0,151325000,1225000.0,3250000.0,5200000.0,0.03392595008970804,1950000.0,0.012722231283640516,0.0,775000.0,0.005056271407600717,1000000.0,-225000.0,-0.0014679497634969825,-0.01,-0.01,19316872.0,19316872.0,https://www.infogreffe.com/recherche-entreprise-dirigeants/resultats-entreprise-dirigeants.html?ga_cat=globale&ga_q=A.S.Y#phrase=A.S.Y,https://www.infogreffe.com/recherche-entreprise-dirigeants/resultats-entreprise-dirigeants.html?ga_cat=globale&ga_q=A.S.Y#phrase=A.S.Y,1620588836,15:33:56,20210509
38,2009-03-31,ASY.PA,EUR,2009-03-31,2009-03-31,Q1,153275000,0.0,0.0,0.0,0.0,0.0,0.0,0.0,34100000.0,151325000,1225000.0,3250000.0,5200000.0,0.03392595008970804,1950000.0,0.012722231283640516,0.0,775000.0,0.005056271407600717,1000000.0,-225000.0,-0.0014679497634969825,-0.01,-0.01,19316872.0,19316872.0,https://www.infogreffe.com/recherche-entreprise-dirigeants/resultats-entreprise-dirigeants.html?ga_cat=globale&ga_q=A.S.Y#phrase=A.S.Y,https://www.infogreffe.com/recherche-entreprise-dirigeants/resultats-entreprise-dirigeants.html?ga_cat=globale&ga_q=A.S.Y#phrase=A.S.Y,1620588836,15:33:56,20210509
39,2009-01-31,ASY.PA,EUR,2009-01-31,2009-01-31,Q1,153275000,0.0,0.0,0.0,0.0,0.0,0.0,0.0,34100000.0,151325000,1225000.0,3250000.0,5200000.0,0.03392595008970804,1950000.0,0.012722231283640516,0.0,775000.0,0.005056271407600717,1000000.0,-225000.0,-0.0014679497634969825,-0.01,-0.01,19316872.0,19316872.0,https://www.infogreffe.com/recherche-entreprise-dirigeants/resultats-entreprise-dirigeants.html?ga_cat=globale&ga_q=A.S.Y#phrase=A.S.Y,https://www.infogreffe.com/recherche-entreprise-dirigeants/resultats-entreprise-dirigeants.html?ga_cat=globale&ga_q=A.S.Y#phrase=A.S.Y,1620588836,15:33:56,20210509
40,2008-09-30,ASY.PA,EUR,2008-09-30,2008-09-30,Q3,168025000,0.0,0.0,0.0,0.0,0.0,0.0,0.0,34350000.0,157450000,0.0,2650000.0,13225000.0,0.07870852551703615,10575000.0,0.06293706293706294,0.0,9250000.0,0.055051331647076325,2800000.0,6450000.0,0.03838714477012349,0.3225,0.3175,20006646.0,20280095.0,https://www.infogreffe.com/recherche-entreprise-dirigeants/resultats-entreprise-dirigeants.html?ga_cat=globale&ga_q=A.S.Y#phrase=A.S.Y,https://www.infogreffe.com/recherche-entreprise-dirigeants/resultats-entreprise-dirigeants.html?ga_cat=globale&ga_q=A.S.Y#phrase=A.S.Y,1620588836,15:33:56,20210509
41,2008-06-30,ASY.PA,EUR,2008-06-30,2008-06-30,Q2,168025000,0.0,0.0,0.0,0.0,0.0,0.0,0.0,34350000.0,157450000,0.0,2650000.0,13225000.0,0.07870852551703615,10575000.0,0.06293706293706294,0.0,9250000.0,0.055051331647076325,2800000.0,6450000.0,0.03838714477012349,0.3225,0.3175,20006646.0,20280095.0,https://www.infogreffe.com/recherche-entreprise-dirigeants/resultats-entreprise-dirigeants.html?ga_cat=globale&ga_q=A.S.Y#phrase=A.S.Y,https://www.infogreffe.com/recherche-entreprise-dirigeants/resultats-entreprise-dirigeants.html?ga_cat=globale&ga_q=A.S.Y#phrase=A.S.Y,1620588836,15:33:56,20210509
42,2008-03-31,ASY.PA,EUR,2008-03-31,2008-03-31,Q1,168025000,0.0,0.0,0.0,0.0,0.0,0.0,0.0,34350000.0,157450000,0.0,2650000.0,13225000.0,0.07870852551703615,10575000.0,0.06293706293706294,0.0,9250000.0,0.055051331647076325,2800000.0,6450000.0,0.03838714477012349,0.3225,0.3175,20006646.0,20280095.0,https://www.infogreffe.com/recherche-entreprise-dirigeants/resultats-entreprise-dirigeants.html?ga_cat=globale&ga_q=A.S.Y#phrase=A.S.Y,https://www.infogreffe.com/recherche-entreprise-dirigeants/resultats-entreprise-dirigeants.html?ga_cat=globale&ga_q=A.S.Y#phrase=A.S.Y,1620588836,15:33:56,20210509
43,2008-01-31,ASY.PA,EUR,2008-01-31,2008-01-31,Q1,168025000,0.0,0.0,0.0,0.0,0.0,0.0,0.0,34350000.0,157450000,0.0,2650000.0,13225000.0,0.07870852551703615,10575000.0,0.06293706293706294,0.0,9250000.0,0.055051331647076325,2800000.0,6450000.0,0.03838714477012349,0.3225,0.3175,20006646.0,20280095.0,https://www.infogreffe.com/recherche-entreprise-dirigeants/resultats-entreprise-dirigeants.html?ga_cat=globale&ga_q=A.S.Y#phrase=A.S.Y,https://www.infogreffe.com/recherche-entreprise-dirigeants/resultats-entreprise-dirigeants.html?ga_cat=globale&ga_q=A.S.Y#phrase=A.S.Y,1620588836,15:33:56,20210509
44,2007-09-30,ASY.PA,EUR,2007-09-30,2007-09-30,Q3,163150000,0.0,0.0,0.0,0.0,0.0,0.0,0.0,150000000.0,154175000,0.0,4175000.0,13150000.0,0.08060067422617223,8975000.0,0.055010726325467364,0.0,7250000.0,0.04443763407906834,2700000.0,4500000.0,0.027581979773214832,0.2175,0.21,20806327.0,21366868.0,https://www.infogreffe.com/recherche-entreprise-dirigeants/resultats-entreprise-dirigeants.html?ga_cat=globale&ga_q=A.S.Y#phrase=A.S.Y,https://www.infogreffe.com/recherche-entreprise-dirigeants/resultats-entreprise-dirigeants.html?ga_cat=globale&ga_q=A.S.Y#phrase=A.S.Y,1620588836,15:33:56,20210509
45,2007-06-30,ASY.PA,EUR,2007-06-30,2007-06-30,Q2,163150000,0.0,0.0,0.0,0.0,0.0,0.0,0.0,150000000.0,154175000,0.0,4175000.0,13150000.0,0.08060067422617223,8975000.0,0.055010726325467364,0.0,7250000.0,0.04443763407906834,2700000.0,4500000.0,0.027581979773214832,0.2175,0.21,20806327.0,21366868.0,https://www.infogreffe.com/recherche-entreprise-dirigeants/resultats-entreprise-dirigeants.html?ga_cat=globale&ga_q=A.S.Y#phrase=A.S.Y,https://www.infogreffe.com/recherche-entreprise-dirigeants/resultats-entreprise-dirigeants.html?ga_cat=globale&ga_q=A.S.Y#phrase=A.S.Y,1620588836,15:33:56,20210509
46,2007-03-31,ASY.PA,EUR,2007-03-31,2007-03-31,Q1,163150000,0.0,0.0,0.0,0.0,0.0,0.0,0.0,150000000.0,154175000,0.0,4175000.0,13150000.0,0.08060067422617223,8975000.0,0.055010726325467364,0.0,7250000.0,0.04443763407906834,2700000.0,4500000.0,0.027581979773214832,0.2175,0.21,20806327.0,21366868.0,https://www.infogreffe.com/recherche-entreprise-dirigeants/resultats-entreprise-dirigeants.html?ga_cat=globale&ga_q=A.S.Y#phrase=A.S.Y,https://www.infogreffe.com/recherche-entreprise-dirigeants/resultats-entreprise-dirigeants.html?ga_cat=globale&ga_q=A.S.Y#phrase=A.S.Y,1620588836,15:33:56,20210509
47,2007-01-31,ASY.PA,EUR,2007-01-31,2007-01-31,Q1,163150000,0.0,0.0,0.0,0.0,0.0,0.0,0.0,150000000.0,154175000,0.0,4175000.0,13150000.0,0.08060067422617223,8975000.0,0.055010726325467364,0.0,7250000.0,0.04443763407906834,2700000.0,4500000.0,0.027581979773214832,0.2175,0.21,20806327.0,21366868.0,https://www.infogreffe.com/recherche-entreprise-dirigeants/resultats-entreprise-dirigeants.html?ga_cat=globale&ga_q=A.S.Y#phrase=A.S.Y,https://www.infogreffe.com/recherche-entreprise-dirigeants/resultats-entreprise-dirigeants.html?ga_cat=globale&ga_q=A.S.Y#phrase=A.S.Y,1620588836,15:33:56,20210509
48,2006-09-30,ASY.PA,EUR,2006-09-30,2006-09-30,Q3,160525000,0.0,0.0,0.0,0.0,14625000.0,325000.0,-100000.0,29850000.0,152725000,1125000.0,2100000.0,9900000.0,0.06167263666095624,7800000.0,0.04859056221772309,0.0,6425000.0,0.04002491823703473,2225000.0,1425000.0,0.00887712194362249,0.075,0.07,19127068.0,20049356.0,https://www.infogreffe.com/recherche-entreprise-dirigeants/resultats-entreprise-dirigeants.html?ga_cat=globale&ga_q=A.S.Y#phrase=A.S.Y,https://www.infogreffe.com/recherche-entreprise-dirigeants/resultats-entreprise-dirigeants.html?ga_cat=globale&ga_q=A.S.Y#phrase=A.S.Y,1620588836,15:33:56,20210509
49,2006-06-30,ASY.PA,EUR,2006-06-30,2006-06-30,Q2,160525000,0.0,0.0,0.0,0.0,14625000.0,325000.0,-100000.0,29850000.0,152725000,1125000.0,2100000.0,9900000.0,0.06167263666095624,7800000.0,0.04859056221772309,0.0,6425000.0,0.04002491823703473,2225000.0,1425000.0,0.00887712194362249,0.075,0.07,19127068.0,20049356.0,https://www.infogreffe.com/recherche-entreprise-dirigeants/resultats-entreprise-dirigeants.html?ga_cat=globale&ga_q=A.S.Y#phrase=A.S.Y,https://www.infogreffe.com/recherche-entreprise-dirigeants/resultats-entreprise-dirigeants.html?ga_cat=globale&ga_q=A.S.Y#phrase=A.S.Y,1620588836,15:33:56,20210509
50,2006-03-31,ASY.PA,EUR,2006-03-31,2006-03-31,Q1,160525000,0.0,0.0,0.0,0.0,14625000.0,325000.0,-100000.0,29850000.0,152725000,1125000.0,2100000.0,9900000.0,0.06167263666095624,7800000.0,0.04859056221772309,0.0,6425000.0,0.04002491823703473,2225000.0,1425000.0,0.00887712194362249,0.075,0.07,19127068.0,20049356.0,https://www.infogreffe.com/recherche-entreprise-dirigeants/resultats-entreprise-dirigeants.html?ga_cat=globale&ga_q=A.S.Y#phrase=A.S.Y,https://www.infogreffe.com/recherche-entreprise-dirigeants/resultats-entreprise-dirigeants.html?ga_cat=globale&ga_q=A.S.Y#phrase=A.S.Y,1620588836,15:33:56,20210509
51,2006-01-31,ASY.PA,EUR,2006-01-31,2006-01-31,Q1,160525000,0.0,0.0,0.0,0.0,14625000.0,325000.0,-100000.0,29850000.0,152725000,1125000.0,2100000.0,9900000.0,0.06167263666095624,7800000.0,0.04859056221772309,0.0,6425000.0,0.04002491823703473,2225000.0,1425000.0,0.00887712194362249,0.075,0.07,19127068.0,20049356.0,https://www.infogreffe.com/recherche-entreprise-dirigeants/resultats-entreprise-dirigeants.html?ga_cat=globale&ga_q=A.S.Y#phrase=A.S.Y,https://www.infogreffe.com/recherche-entreprise-dirigeants/resultats-entreprise-dirigeants.html?ga_cat=globale&ga_q=A.S.Y#phrase=A.S.Y,1620588836,15:33:56,20210509
52,2005-09-30,ASY.PA,EUR,2005-09-30,2005-09-30,Q3,135025000,0.0,0.0,0.0,0.0,12350000.0,275000.0,-200000.0,22775000.0,124825000,850000.0,900000.0,11100000.0,0.08220699870394371,10200000.0,0.07554156637659692,0.0,9075000.0,0.06720977596741344,2775000.0,6625000.0,0.04906498796519163,35.5,30.5,18686495.0,21737232.0,https://www.infogreffe.com/recherche-entreprise-dirigeants/resultats-entreprise-dirigeants.html?ga_cat=globale&ga_q=A.S.Y#phrase=A.S.Y,https://www.infogreffe.com/recherche-entreprise-dirigeants/resultats-entreprise-dirigeants.html?ga_cat=globale&ga_q=A.S.Y#phrase=A.S.Y,1620588836,15:33:56,20210509
53,2005-06-30,ASY.PA,EUR,2005-06-30,2005-06-30,Q2,135025000,0.0,0.0,0.0,0.0,12350000.0,275000.0,-200000.0,22775000.0,124825000,850000.0,900000.0,11100000.0,0.08220699870394371,10200000.0,0.07554156637659692,0.0,9075000.0,0.06720977596741344,2775000.0,6625000.0,0.04906498796519163,35.5,30.5,18686495.0,21737232.0,https://www.infogreffe.com/recherche-entreprise-dirigeants/resultats-entreprise-dirigeants.html?ga_cat=globale&ga_q=A.S.Y#phrase=A.S.Y,https://www.infogreffe.com/recherche-entreprise-dirigeants/resultats-entreprise-dirigeants.html?ga_cat=globale&ga_q=A.S.Y#phrase=A.S.Y,1620588836,15:33:56,20210509
54,2005-03-31,ASY.PA,EUR,2005-03-31,2005-03-31,Q1,135025000,0.0,0.0,0.0,0.0,12350000.0,275000.0,-200000.0,22775000.0,124825000,850000.0,900000.0,11100000.0,0.08220699870394371,10200000.0,0.07554156637659692,0.0,9075000.0,0.06720977596741344,2775000.0,6625000.0,0.04906498796519163,35.5,30.5,18686495.0,21737232.0,https://www.infogreffe.com/recherche-entreprise-dirigeants/resultats-entreprise-dirigeants.html?ga_cat=globale&ga_q=A.S.Y#phrase=A.S.Y,https://www.infogreffe.com/recherche-entreprise-dirigeants/resultats-entreprise-dirigeants.html?ga_cat=globale&ga_q=A.S.Y#phrase=A.S.Y,1620588836,15:33:56,20210509
55,2005-01-31,ASY.PA,EUR,2005-01-31,2005-01-31,Q1,135025000,0.0,0.0,0.0,0.0,12350000.0,275000.0,-200000.0,22775000.0,124825000,850000.0,900000.0,11100000.0,0.08220699870394371,10200000.0,0.07554156637659692,0.0,9075000.0,0.06720977596741344,2775000.0,6625000.0,0.04906498796519163,35.5,30.5,18686495.0,21737232.0,https://www.infogreffe.com/recherche-entreprise-dirigeants/resultats-entreprise-dirigeants.html?ga_cat=globale&ga_q=A.S.Y#phrase=A.S.Y,https://www.infogreffe.com/recherche-entreprise-dirigeants/resultats-entreprise-dirigeants.html?ga_cat=globale&ga_q=A.S.Y#phrase=A.S.Y,1620588836,15:33:56,20210509
56,2004-09-30,ASY.PA,EUR,2004-09-30,2004-09-30,Q3,106550000,0.0,0.0,0.0,0.0,231250.0,0.0,-200000.0,27043750.0,99875000,500000.0,1325000.0,8000000.0,0.07508212106992022,6675000.0,0.06264664476771468,0.0,6250000.0,0.05865790708587518,1825000.0,5075000.0,0.047630220553730646,26.5,23.75,19142814.0,21313413.0,https://www.infogreffe.com/recherche-entreprise-dirigeants/resultats-entreprise-dirigeants.html?ga_cat=globale&ga_q=A.S.Y#phrase=A.S.Y,https://www.infogreffe.com/recherche-entreprise-dirigeants/resultats-entreprise-dirigeants.html?ga_cat=globale&ga_q=A.S.Y#phrase=A.S.Y,1620588836,15:33:56,20210509
57,2004-06-30,ASY.PA,EUR,2004-06-30,2004-06-30,Q2,106550000,0.0,0.0,0.0,0.0,231250.0,0.0,-200000.0,27043750.0,99875000,500000.0,1325000.0,8000000.0,0.07508212106992022,6675000.0,0.06264664476771468,0.0,6250000.0,0.05865790708587518,1825000.0,5075000.0,0.047630220553730646,26.5,23.75,19142814.0,21313413.0,https://www.infogreffe.com/recherche-entreprise-dirigeants/resultats-entreprise-dirigeants.html?ga_cat=globale&ga_q=A.S.Y#phrase=A.S.Y,https://www.infogreffe.com/recherche-entreprise-dirigeants/resultats-entreprise-dirigeants.html?ga_cat=globale&ga_q=A.S.Y#phrase=A.S.Y,1620588836,15:33:56,20210509
58,2004-03-31,ASY.PA,EUR,2004-03-31,2004-03-31,Q1,106550000,0.0,0.0,0.0,0.0,231250.0,0.0,-200000.0,27043750.0,99875000,500000.0,1325000.0,8000000.0,0.07508212106992022,6675000.0,0.06264664476771468,0.0,6250000.0,0.05865790708587518,1825000.0,5075000.0,0.047630220553730646,26.5,23.75,19142814.0,21313413.0,https://www.infogreffe.com/recherche-entreprise-dirigeants/resultats-entreprise-dirigeants.html?ga_cat=globale&ga_q=A.S.Y#phrase=A.S.Y,https://www.infogreffe.com/recherche-entreprise-dirigeants/resultats-entreprise-dirigeants.html?ga_cat=globale&ga_q=A.S.Y#phrase=A.S.Y,1620588836,15:33:56,20210509
59,2004-01-31,ASY.PA,EUR,2004-01-31,2004-01-31,Q1,106550000,0.0,0.0,0.0,0.0,231250.0,0.0,-200000.0,27043750.0,99875000,500000.0,1325000.0,8000000.0,0.07508212106992022,6675000.0,0.06264664476771468,0.0,6250000.0,0.05865790708587518,1825000.0,5075000.0,0.047630220553730646,26.5,23.75,19142814.0,21313413.0,https://www.infogreffe.com/recherche-entreprise-dirigeants/resultats-entreprise-dirigeants.html?ga_cat=globale&ga_q=A.S.Y#phrase=A.S.Y,https://www.infogreffe.com/recherche-entreprise-dirigeants/resultats-entreprise-dirigeants.html?ga_cat=globale&ga_q=A.S.Y#phrase=A.S.Y,1620588836,15:33:56,20210509
60,2003-09-30,ASY.PA,EUR,2003-09-30,2003-09-30,Q3,40769250,10827500.0,29941750.0,0.7344199365943695,0.0,25909250.0,0.0,0.0,414500.0,38293500,0.0,1142250.0,3618000.0,0.08874335436634229,2475750.0,0.060725914751927006,0.0,-12200500.0,-0.29925740601065753,-481500.0,-11709000.0,-0.28720175131992864,0.085,0.065,18467341.0,18467341.0,https://www.infogreffe.com/recherche-entreprise-dirigeants/resultats-entreprise-dirigeants.html?ga_cat=globale&ga_q=A.S.Y#phrase=A.S.Y,https://www.infogreffe.com/recherche-entreprise-dirigeants/resultats-entreprise-dirigeants.html?ga_cat=globale&ga_q=A.S.Y#phrase=A.S.Y,1620588836,15:33:56,20210509
61,2003-06-30,ASY.PA,EUR,2003-06-30,2003-06-30,Q2,40769250,10827500.0,29941750.0,0.7344199365943695,0.0,25909250.0,0.0,0.0,414500.0,38293500,0.0,1142250.0,3618000.0,0.08874335436634229,2475750.0,0.060725914751927006,0.0,-12200500.0,-0.29925740601065753,-481500.0,-11709000.0,-0.28720175131992864,0.085,0.065,18467341.0,18467341.0,https://www.infogreffe.com/recherche-entreprise-dirigeants/resultats-entreprise-dirigeants.html?ga_cat=globale&ga_q=A.S.Y#phrase=A.S.Y,https://www.infogreffe.com/recherche-entreprise-dirigeants/resultats-entreprise-dirigeants.html?ga_cat=globale&ga_q=A.S.Y#phrase=A.S.Y,1620588836,15:33:56,20210509
62,2003-03-31,ASY.PA,EUR,2003-03-31,2003-03-31,Q1,40769250,10827500.0,29941750.0,0.7344199365943695,0.0,25909250.0,0.0,0.0,414500.0,38293500,0.0,1142250.0,3618000.0,0.08874335436634229,2475750.0,0.060725914751927006,0.0,-12200500.0,-0.29925740601065753,-481500.0,-11709000.0,-0.28720175131992864,0.085,0.065,18467341.0,18467341.0,https://www.infogreffe.com/recherche-entreprise-dirigeants/resultats-entreprise-dirigeants.html?ga_cat=globale&ga_q=A.S.Y#phrase=A.S.Y,https://www.infogreffe.com/recherche-entreprise-dirigeants/resultats-entreprise-dirigeants.html?ga_cat=globale&ga_q=A.S.Y#phrase=A.S.Y,1620588836,15:33:56,20210509
63,2003-01-31,ASY.PA,EUR,2003-01-31,2003-01-31,Q1,40769250,10827500.0,29941750.0,0.7344199365943695,0.0,25909250.0,0.0,0.0,414500.0,38293500,0.0,1142250.0,3618000.0,0.08874335436634229,2475750.0,0.060725914751927006,0.0,-12200500.0,-0.29925740601065753,-481500.0,-11709000.0,-0.28720175131992864,0.085,0.065,18467341.0,18467341.0,https://www.infogreffe.com/recherche-entreprise-dirigeants/resultats-entreprise-dirigeants.html?ga_cat=globale&ga_q=A.S.Y#phrase=A.S.Y,https://www.infogreffe.com/recherche-entreprise-dirigeants/resultats-entreprise-dirigeants.html?ga_cat=globale&ga_q=A.S.Y#phrase=A.S.Y,1620588836,15:33:56,20210509
64,2002-09-30,ASY.PA,EUR,2002-09-30,2002-09-30,Q3,37073250,8317250.0,28756000.0,0.7756536046880163,0.0,24834000.0,0.0,0.0,13500.0,34184750,0.0,1020000.0,3908500.0,0.10542641931851132,2888500.0,0.07791332025112446,0.0,-404500.0,-0.010910831934076456,-895500.0,505000.0,0.013621681401010163,0.2675,0.175,6008670.0,6008670.0,https://www.infogreffe.com/recherche-entreprise-dirigeants/resultats-entreprise-dirigeants.html?ga_cat=globale&ga_q=A.S.Y#phrase=A.S.Y,https://www.infogreffe.com/recherche-entreprise-dirigeants/resultats-entreprise-dirigeants.html?ga_cat=globale&ga_q=A.S.Y#phrase=A.S.Y,1620588836,15:33:56,20210509
65,2002-06-30,ASY.PA,EUR,2002-06-30,2002-06-30,Q2,37073250,8317250.0,28756000.0,0.7756536046880163,0.0,24834000.0,0.0,0.0,13500.0,34184750,0.0,1020000.0,3908500.0,0.10542641931851132,2888500.0,0.07791332025112446,0.0,-404500.0,-0.010910831934076456,-895500.0,505000.0,0.013621681401010163,0.2675,0.175,6008670.0,6008670.0,https://www.infogreffe.com/recherche-entreprise-dirigeants/resultats-entreprise-dirigeants.html?ga_cat=globale&ga_q=A.S.Y#phrase=A.S.Y,https://www.infogreffe.com/recherche-entreprise-dirigeants/resultats-entreprise-dirigeants.html?ga_cat=globale&ga_q=A.S.Y#phrase=A.S.Y,1620588836,15:33:56,20210509
66,2002-03-31,ASY.PA,EUR,2002-03-31,2002-03-31,Q1,37073250,8317250.0,28756000.0,0.7756536046880163,0.0,24834000.0,0.0,0.0,13500.0,34184750,0.0,1020000.0,3908500.0,0.10542641931851132,2888500.0,0.07791332025112446,0.0,-404500.0,-0.010910831934076456,-895500.0,505000.0,0.013621681401010163,0.2675,0.175,6008670.0,6008670.0,https://www.infogreffe.com/recherche-entreprise-dirigeants/resultats-entreprise-dirigeants.html?ga_cat=globale&ga_q=A.S.Y#phrase=A.S.Y,https://www.infogreffe.com/recherche-entreprise-dirigeants/resultats-entreprise-dirigeants.html?ga_cat=globale&ga_q=A.S.Y#phrase=A.S.Y,1620588836,15:33:56,20210509
67,2002-01-31,ASY.PA,EUR,2002-01-31,2002-01-31,Q1,37073250,8317250.0,28756000.0,0.7756536046880163,0.0,24834000.0,0.0,0.0,13500.0,34184750,0.0,1020000.0,3908500.0,0.10542641931851132,2888500.0,0.07791332025112446,0.0,-404500.0,-0.010910831934076456,-895500.0,505000.0,0.013621681401010163,0.2675,0.175,6008670.0,6008670.0,https://www.infogreffe.com/recherche-entreprise-dirigeants/resultats-entreprise-dirigeants.html?ga_cat=globale&ga_q=A.S.Y#phrase=A.S.Y,https://www.infogreffe.com/recherche-entreprise-dirigeants/resultats-entreprise-dirigeants.html?ga_cat=globale&ga_q=A.S.Y#phrase=A.S.Y,1620588836,15:33:56,20210509
