,date,symbol,reportedCurrency,fillingDate,acceptedDate,period,revenue,costOfRevenue,grossProfit,grossProfitRatio,researchAndDevelopmentExpenses,generalAndAdministrativeExpenses,sellingAndMarketingExpenses,otherExpenses,operatingExpenses,costAndExpenses,interestExpense,depreciationAndAmortization,ebitda,ebitdaratio,operatingIncome,operatingIncomeRatio,totalOtherIncomeExpensesNet,incomeBeforeTax,incomeBeforeTaxRatio,incomeTaxExpense,netIncome,netIncomeRatio,eps,epsdiluted,weightedAverageShsOut,weightedAverageShsOutDil,link,finalLink,timestamp,est_time,est_date
0,2020-12-31,SOMATEX.NS,INR,2020-12-31,2020-12-31,Q4,45700000.0,16700000.0,29000000.0,0.6345733041575492,0.0,0.0,0.0,6000000.0,50400000,67100000,37100000.0,3300000.0,-18100000.0,-0.39606126914660833,-21400000.0,-0.4682713347921225,0.0,-60400000.0,-1.3216630196936543,0.0,-60700000.0,-1.3282275711159737,-1.84,-1.84,32989130,32989130,https://www.nseindia.com/companies-listing/corporate-filings-annual-reports,https://www.nseindia.com/companies-listing/corporate-filings-annual-reports,1620598154,18:09:14,20210509
1,2020-09-30,SOMATEX.NS,INR,2020-09-30,2020-09-30,Q3,24200000.0,11400000.0,12800000.0,0.5289256198347108,0.0,0.0,0.0,2200000.0,31100000,42500000,34600000.0,3300000.0,-15000000.0,-0.6198347107438017,-18300000.0,-0.756198347107438,0.0,-73800000.0,-3.049586776859504,0.0,-73900000.0,-3.053719008264463,-2.24,-2.24,32991071,32991071,https://www.nseindia.com/companies-listing/corporate-filings-annual-reports,https://www.nseindia.com/companies-listing/corporate-filings-annual-reports,1620598154,18:09:14,20210509
2,2020-06-30,SOMATEX.NS,INR,2020-06-30,2020-06-30,Q2,1500000.0,-2200000.0,3700000.0,2.466666666666667,0.0,0.0,0.0,1800000.0,13700000,11500000,33400000.0,3300000.0,-6700000.0,-4.466666666666667,-10000000.0,-6.666666666666667,0.0,-43700000.0,-29.133333333333333,0.0,-43700000.0,-29.133333333333333,-1.32,-1.32,33106061,33106061,https://www.nseindia.com/companies-listing/corporate-filings-annual-reports,https://www.nseindia.com/companies-listing/corporate-filings-annual-reports,1620598154,18:09:14,20210509
3,2020-03-31,SOMATEX.NS,INR,2020-03-31,2020-03-31,Q1,48794000.0,107731000.0,-58937000.0,-1.2078739189244578,0.0,0.0,0.0,-4787000.0,-30953000,76778000,25327000.0,4894000.0,-23090000.0,-0.4732139197442308,-27984000.0,-0.5735131368610895,0.0,7718000.0,0.1581751854736238,-11340000.0,18935000.0,0.3880600073779563,0.5739431738969614,0.5739431738969614,32991071,32991071,https://www.nseindia.com/companies-listing/corporate-filings-annual-reports,https://www.nseindia.com/companies-listing/corporate-filings-annual-reports,1620598154,18:09:14,20210509
4,2019-12-31,SOMATEX.NS,INR,2019-12-31,2019-12-31,Q4,52300000.0,15500000.0,36800000.0,0.7036328871892925,0.0,0.0,0.0,2300000.0,46200000,61700000,33700000.0,6500000.0,-2900000.0,-0.055449330783938815,-9400000.0,-0.17973231357552583,0.0,-33900000.0,-0.6481835564053537,0.0,-34100000.0,-0.6520076481835564,-1.03,-1.03,33106796,33106796,https://www.nseindia.com/companies-listing/corporate-filings-annual-reports,https://www.nseindia.com/companies-listing/corporate-filings-annual-reports,1620598154,18:09:14,20210509
5,2019-09-30,SOMATEX.NS,INR,2019-09-30,2019-09-30,Q3,72100000.0,24000000.0,48100000.0,0.6671289875173371,0.0,0.0,0.0,1900000.0,51600000,75600000,33800000.0,6700000.0,3200000.0,0.044382801664355064,-3500000.0,-0.04854368932038835,0.0,-10100000.0,-0.14008321775312066,0.0,-10100000.0,-0.14008321775312066,-0.3,-0.3,33666667,33666667,https://www.nseindia.com/companies-listing/corporate-filings-annual-reports,https://www.nseindia.com/companies-listing/corporate-filings-annual-reports,1620598154,18:09:14,20210509
6,2019-06-30,SOMATEX.NS,INR,2019-06-30,2019-06-30,Q2,76500000.0,29300000.0,47200000.0,0.6169934640522876,0.0,0.0,0.0,4000000.0,49700000,79000000,33400000.0,6600000.0,4100000.0,0.05359477124183006,-2500000.0,-0.032679738562091505,0.0,-33800000.0,-0.4418300653594771,0.0,-33900000.0,-0.44313725490196076,-1.03,-1.03,32912621,32912621,https://www.nseindia.com/companies-listing/corporate-filings-annual-reports,https://www.nseindia.com/companies-listing/corporate-filings-annual-reports,1620598154,18:09:14,20210509
7,2019-03-31,SOMATEX.NS,INR,2019-03-31,2019-03-31,Q1,56752000.0,143309000.0,-86557000.0,-1.5251797293487455,0.0,0.0,0.0,-19928000.0,-77971000,65338000,33961000.0,6796000.0,-1790000.0,-0.03154073865238229,-8586000.0,-0.15128982238511418,0.0,-45863000.0,-0.8081301099520721,9220000.0,-54883000.0,-0.96706723992106,-1.6635713341952434,-1.6635713341952434,32991071,32991071,https://www.nseindia.com/companies-listing/corporate-filings-annual-reports,https://www.nseindia.com/companies-listing/corporate-filings-annual-reports,1620598154,18:09:14,20210509
8,2018-12-31,SOMATEX.NS,INR,2018-12-31,2018-12-31,Q4,88900000.0,52900000.0,36000000.0,0.4049493813273341,0.0,0.0,0.0,2500000.0,76600000,129500000,33600000.0,7000000.0,-33600000.0,-0.3779527559055118,-40600000.0,-0.4566929133858268,0.0,-108900000.0,-1.2249718785151855,0.0,-108900000.0,-1.2249718785151855,-3.3,-3.3,33000000,33000000,https://www.nseindia.com/companies-listing/corporate-filings-annual-reports,https://www.nseindia.com/companies-listing/corporate-filings-annual-reports,1620598154,18:09:14,20210509
9,2018-09-30,SOMATEX.NS,INR,2018-09-30,2018-09-30,Q3,101600000.0,51100000.0,50500000.0,0.4970472440944882,0.0,0.0,0.0,19700000.0,74700000,125800000,31800000.0,7500000.0,-16700000.0,-0.1643700787401575,-24200000.0,-0.23818897637795275,0.0,18600000.0,0.1830708661417323,0.0,18500000.0,0.18208661417322836,0.56,0.56,33035714,33035714,https://www.nseindia.com/companies-listing/corporate-filings-annual-reports,https://www.nseindia.com/companies-listing/corporate-filings-annual-reports,1620598154,18:09:14,20210509
10,2018-06-30,SOMATEX.NS,INR,2018-06-30,2018-06-30,Q2,123600000.0,68300000.0,55300000.0,0.44741100323624594,0.0,0.0,0.0,900000.0,90500000,158800000,35000000.0,8200000.0,-27000000.0,-0.21844660194174756,-35200000.0,-0.284789644012945,0.0,-26300000.0,-0.2127831715210356,0.0,-26400000.0,-0.21359223300970873,-0.8,-0.8,33000000,33000000,https://www.nseindia.com/companies-listing/corporate-filings-annual-reports,https://www.nseindia.com/companies-listing/corporate-filings-annual-reports,1620598154,18:09:14,20210509
11,2017-03-31,SOMATEX.NS,INR,2017-03-31,2017-03-31,Q1,263192000.0,111608000.0,151584000.0,0.5759445575853369,0.0,0.0,0.0,0.0,157362000,268970000,25390000.0,8563000.0,2785000.0,0.010581628620930728,-5778000.0,-0.02195355481929542,0.0,4151000.0,0.015771755980424938,21814000.0,-48980000.0,-0.18609988145536338,-1.4846441329534286,-1.4846441329534286,32991071,32991071,https://www.nseindia.com/companies-listing/corporate-filings-annual-reports,https://www.nseindia.com/companies-listing/corporate-filings-annual-reports,1620598154,18:09:14,20210509
12,2016-12-31,SOMATEX.NS,INR,2016-12-31,2016-12-31,Q4,223200000.0,100200000.0,123000000.0,0.5510752688172043,0.0,0.0,0.0,0.0,122700000,222900000,44900000.0,10500000.0,10800000.0,0.04838709677419355,300000.0,0.0013440860215053765,0.0,-24500000.0,-0.10976702508960573,-900000.0,-23600000.0,-0.1057347670250896,-0.72,-0.72,32777778,32777778,https://www.nseindia.com/companies-listing/corporate-filings-annual-reports,https://www.nseindia.com/companies-listing/corporate-filings-annual-reports,1620598154,18:09:14,20210509
13,2016-09-30,SOMATEX.NS,INR,2016-09-30,2016-09-30,Q3,402300000.0,179000000.0,223300000.0,0.5550584141188168,0.0,0.0,0.0,0.0,173200000,352200000,53600000.0,10700000.0,60800000.0,0.15113099676858066,50100000.0,0.12453392990305742,0.0,-19500000.0,-0.048471290082028336,0.0,-48000000.0,-0.11931394481730052,-1.45,-1.45,33103448,33103448,https://www.nseindia.com/companies-listing/corporate-filings-annual-reports,https://www.nseindia.com/companies-listing/corporate-filings-annual-reports,1620598154,18:09:14,20210509
14,2016-06-30,SOMATEX.NS,INR,2016-06-30,2016-06-30,Q2,384500000.0,161400000.0,223100000.0,0.5802340702210663,0.0,0.0,0.0,0.0,224700000,386100000,54100000.0,11000000.0,9400000.0,0.024447334200260077,-1600000.0,-0.004161248374512354,0.0,-50600000.0,-0.13159947984395318,0.0,9300000.0,0.024187256176853057,0.28,0.28,33214286,33214286,https://www.nseindia.com/companies-listing/corporate-filings-annual-reports,https://www.nseindia.com/companies-listing/corporate-filings-annual-reports,1620598154,18:09:14,20210509
15,2016-03-31,SOMATEX.NS,INR,2016-03-31,2016-03-31,Q1,447568000.0,206215000.0,241353000.0,0.5392543702856326,0.0,0.0,0.0,0.0,214212000,420427000,57007000.0,13038000.0,40179000.0,0.089771833553784,27141000.0,0.060641064598005216,0.0,-21054000.0,-0.04704089657884389,-36288000.0,15316000.0,0.034220498337682766,0.4642468260578749,0.4642468260578749,32991071,32991071,https://www.nseindia.com/companies-listing/corporate-filings-annual-reports,https://www.nseindia.com/companies-listing/corporate-filings-annual-reports,1620598154,18:09:14,20210509
16,2015-12-31,SOMATEX.NS,INR,2015-12-31,2015-12-31,Q4,367400000.0,165200000.0,202200000.0,0.5503538377789875,0.0,0.0,0.0,0.0,213900000,379100000,58100000.0,15500000.0,3800000.0,0.010342950462710943,-11700000.0,-0.03184540010887316,0.0,-62100000.0,-0.16902558519324987,0.0,-62100000.0,-0.16902558519324987,-1.85,-1.85,33567568,33567568,https://www.nseindia.com/companies-listing/corporate-filings-annual-reports,https://www.nseindia.com/companies-listing/corporate-filings-annual-reports,1620598154,18:09:14,20210509
17,2015-09-30,SOMATEX.NS,INR,2015-09-30,2015-09-30,Q3,438300000.0,207000000.0,231300000.0,0.5277207392197125,0.0,0.0,0.0,0.0,247600000,454600000,55400000.0,19600000.0,3300000.0,0.007529089664613279,-16300000.0,-0.03718913985854438,0.0,-42900000.0,-0.09787816563997262,0.0,-42900000.0,-0.09787816563997262,-1.3,-1.3,33000000,33000000,https://www.nseindia.com/companies-listing/corporate-filings-annual-reports,https://www.nseindia.com/companies-listing/corporate-filings-annual-reports,1620598154,18:09:14,20210509
18,2015-06-30,SOMATEX.NS,INR,2015-06-30,2015-06-30,Q2,449100000.0,259000000.0,190100000.0,0.4232910264974393,0.0,0.0,0.0,0.0,206900000,465900000,53600000.0,19800000.0,3000000.0,0.006680026720106881,-16800000.0,-0.03740814963259853,0.0,-52500000.0,-0.11690046760187041,0.0,-52500000.0,-0.11690046760187041,-1.59,-1.59,33018868,33018868,https://www.nseindia.com/companies-listing/corporate-filings-annual-reports,https://www.nseindia.com/companies-listing/corporate-filings-annual-reports,1620598154,18:09:14,20210509
19,2015-03-31,SOMATEX.NS,INR,2015-03-31,2015-03-31,Q1,421400000.0,208700000.0,212700000.0,0.5047460844803038,0.0,0.0,0.0,0.0,224800000,433500000,50500000.0,22300000.0,10200000.0,0.02420503084954912,-12100000.0,-0.028713811105837685,0.0,-71200000.0,-0.16896060749881348,-101700000.0,30500000.0,0.07237778832463218,0.92,0.92,33152174,33152174,https://www.nseindia.com/companies-listing/corporate-filings-annual-reports,https://www.nseindia.com/companies-listing/corporate-filings-annual-reports,1620598154,18:09:14,20210509
20,2014-12-31,SOMATEX.NS,INR,2014-12-31,2014-12-31,Q4,433800000.0,264400000.0,169400000.0,0.3905025357307515,0.0,0.0,0.0,0.0,203900000,468300000,0.0,20400000.0,-14100000.0,-0.03250345781466114,-34500000.0,-0.07952973720608575,0.0,-71600000.0,-0.16505301982480405,0.0,-71600000.0,-0.16505301982480405,-2.17,-2.17,32995392,32995392,https://www.nseindia.com/companies-listing/corporate-filings-annual-reports,https://www.nseindia.com/companies-listing/corporate-filings-annual-reports,1620598154,18:09:14,20210509
21,2014-09-30,SOMATEX.NS,INR,2014-09-30,2014-09-30,Q3,687800000.0,514100000.0,173700000.0,0.2525443442861297,0.0,0.0,0.0,0.0,282400000,796500000,0.0,62600000.0,-46100000.0,-0.06702529805175923,-108700000.0,-0.15804012794416983,0.0,-142600000.0,-0.2073277115440535,0.0,-142600000.0,-0.2073277115440535,-4.31,-4.31,33085847,33085847,https://www.nseindia.com/companies-listing/corporate-filings-annual-reports,https://www.nseindia.com/companies-listing/corporate-filings-annual-reports,1620598154,18:09:14,20210509
22,2014-06-30,SOMATEX.NS,INR,2014-06-30,2014-06-30,Q2,712400000.0,492000000.0,220400000.0,0.3093767546322291,0.0,0.0,0.0,0.0,316300000,808300000,0.0,77400000.0,-18500000.0,-0.025968556990454802,-95900000.0,-0.1346153846153846,0.0,-152100000.0,-0.21350364963503649,0.0,-152100000.0,-0.21350364963503649,-4.61,-4.61,32993492,32993492,https://www.nseindia.com/companies-listing/corporate-filings-annual-reports,https://www.nseindia.com/companies-listing/corporate-filings-annual-reports,1620598154,18:09:14,20210509
23,2014-03-31,SOMATEX.NS,INR,2014-03-31,2014-03-31,Q1,698700000.0,415800000.0,282900000.0,0.40489480463718336,0.0,0.0,0.0,0.0,273900000,689700000,60900000.0,29900000.0,38900000.0,0.05567482467439531,9000000.0,0.012881064834693002,0.0,-83300000.0,-0.1192214111922141,-43500000.0,-39800000.0,-0.056962931157864605,-1.2,-1.2,33166667,33166667,https://www.nseindia.com/companies-listing/corporate-filings-annual-reports,https://www.nseindia.com/companies-listing/corporate-filings-annual-reports,1620598154,18:09:14,20210509
24,2013-12-31,SOMATEX.NS,INR,2013-12-31,2013-12-31,Q4,585600000.0,419700000.0,165900000.0,0.2832991803278688,0.0,0.0,0.0,0.0,244100000,663800000,0.0,31000000.0,-47200000.0,-0.08060109289617487,-78200000.0,-0.13353825136612021,0.0,-145500000.0,-0.24846311475409835,0.0,-145500000.0,-0.24846311475409835,-4.4,-4.4,33033000,33033000,https://www.nseindia.com/companies-listing/corporate-filings-annual-reports,https://www.nseindia.com/companies-listing/corporate-filings-annual-reports,1620598154,18:09:14,20210509
25,2013-09-30,SOMATEX.NS,INR,2013-09-30,2013-09-30,Q3,717800000.0,443000000.0,274800000.0,0.3828364446921148,0.0,0.0,0.0,0.0,265800000,708800000,0.0,31400000.0,40400000.0,0.05628308721092226,9000000.0,0.012538311507383673,0.0,2200000.0,0.0030649205906937865,0.0,2200000.0,0.0030649205906937865,0.07,0.07,33033000,33033000,https://www.nseindia.com/companies-listing/corporate-filings-annual-reports,https://www.nseindia.com/companies-listing/corporate-filings-annual-reports,1620598154,18:09:14,20210509
26,2013-06-30,SOMATEX.NS,INR,2013-06-30,2013-06-30,Q2,727200000.0,447800000.0,279400000.0,0.3842134213421342,0.0,0.0,0.0,0.0,277500000,725300000,0.0,39300000.0,41200000.0,0.05665566556655666,1900000.0,0.002612761276127613,0.0,17300000.0,0.02378987898789879,0.0,49700000.0,0.06834433443344334,1.5,1.5,33033000,33033000,https://www.nseindia.com/companies-listing/corporate-filings-annual-reports,https://www.nseindia.com/companies-listing/corporate-filings-annual-reports,1620598154,18:09:14,20210509
27,2013-03-31,SOMATEX.NS,INR,2013-03-31,2013-03-31,Q1,858229000.0,496705000.0,361524000.0,0.42124421337428586,0.0,0.0,0.0,0.0,368053000,864758000,0.0,40340000.0,33811000.0,0.039396245058137165,-6529000.0,-0.007607526662464214,0.0,-20803000.0,-0.024239451242034468,26110000.0,-46913000.0,-0.05466256675083224,-1.4219908168485953,-1.4219908168485953,32991071,32991071,https://www.nseindia.com/companies-listing/corporate-filings-annual-reports,https://www.nseindia.com/companies-listing/corporate-filings-annual-reports,1620598154,18:09:14,20210509
28,2012-12-31,SOMATEX.NS,INR,2012-12-31,2012-12-31,Q4,773600000.0,454500000.0,319100000.0,0.4124870734229576,0.0,0.0,0.0,0.0,295200000,749700000,0.0,40400000.0,64300000.0,0.08311789038262668,23900000.0,0.030894519131334022,0.0,-1400000.0,-0.0018097207859358842,0.0,-1400000.0,-0.0018097207859358842,-0.04,-0.04,33033000,33033000,https://www.nseindia.com/companies-listing/corporate-filings-annual-reports,https://www.nseindia.com/companies-listing/corporate-filings-annual-reports,1620598154,18:09:14,20210509
29,2012-09-30,SOMATEX.NS,INR,2012-09-30,2012-09-30,Q3,795000000.0,434100000.0,360900000.0,0.4539622641509434,0.0,0.0,0.0,0.0,292400000,726500000,0.0,40200000.0,108700000.0,0.13672955974842768,68500000.0,0.08616352201257861,0.0,-38900000.0,-0.04893081761006289,0.0,-38900000.0,-0.04893081761006289,-1.18,-1.18,33033000,33033000,https://www.nseindia.com/companies-listing/corporate-filings-annual-reports,https://www.nseindia.com/companies-listing/corporate-filings-annual-reports,1620598154,18:09:14,20210509
30,2012-06-30,SOMATEX.NS,INR,2012-06-30,2012-06-30,Q2,800300000.0,466600000.0,333700000.0,0.41696863676121454,0.0,0.0,0.0,0.0,274500000,741100000,0.0,39200000.0,98400000.0,0.12295389229039111,59200000.0,0.07397226040234912,0.0,70600000.0,0.08821691865550418,0.0,70600000.0,0.08821691865550418,2.14,2.14,33033000,33033000,https://www.nseindia.com/companies-listing/corporate-filings-annual-reports,https://www.nseindia.com/companies-listing/corporate-filings-annual-reports,1620598154,18:09:14,20210509
31,2012-03-31,SOMATEX.NS,INR,2012-03-31,2012-03-31,Q1,761892000.0,476084000.0,285808000.0,0.37512928341549723,0.0,0.0,0.0,0.0,338751000,814835000,0.0,41639000.0,-11304000.0,-0.014836748515537635,-52943000.0,-0.06948885143826158,0.0,-98287000.0,-0.12900384831445927,-4078000.0,-94209000.0,-0.12365138366067632,-2.855590835471816,-2.855590835471816,32991071,32991071,https://www.nseindia.com/companies-listing/corporate-filings-annual-reports,https://www.nseindia.com/companies-listing/corporate-filings-annual-reports,1620598154,18:09:14,20210509
32,2011-12-31,SOMATEX.NS,INR,2011-12-31,2011-12-31,Q4,444300000.0,233600000.0,210700000.0,0.4742291244654513,0.0,0.0,0.0,0.0,202200000,435800000,0.0,41600000.0,50100000.0,0.11276164753544902,8500000.0,0.019131217645734864,0.0,56900000.0,0.12806662165203692,0.0,56900000.0,0.12806662165203692,1.72,1.72,33033000,33033000,https://www.nseindia.com/companies-listing/corporate-filings-annual-reports,https://www.nseindia.com/companies-listing/corporate-filings-annual-reports,1620598154,18:09:14,20210509
33,2011-09-30,SOMATEX.NS,INR,2011-09-30,2011-09-30,Q3,731500000.0,480500000.0,251000000.0,0.34313055365686945,0.0,0.0,0.0,0.0,212900000,693400000,0.0,41400000.0,79500000.0,0.10868079289131921,38100000.0,0.05208475734791524,0.0,-700000.0,-0.0009569377990430622,0.0,-700000.0,-0.0009569377990430622,-0.02,-0.02,33033000,33033000,https://www.nseindia.com/companies-listing/corporate-filings-annual-reports,https://www.nseindia.com/companies-listing/corporate-filings-annual-reports,1620598154,18:09:14,20210509
