,date,symbol,reportedCurrency,fillingDate,acceptedDate,period,revenue,costOfRevenue,grossProfit,grossProfitRatio,researchAndDevelopmentExpenses,generalAndAdministrativeExpenses,sellingAndMarketingExpenses,otherExpenses,operatingExpenses,costAndExpenses,interestExpense,depreciationAndAmortization,ebitda,ebitdaratio,operatingIncome,operatingIncomeRatio,totalOtherIncomeExpensesNet,incomeBeforeTax,incomeBeforeTaxRatio,incomeTaxExpense,netIncome,netIncomeRatio,eps,epsdiluted,weightedAverageShsOut,weightedAverageShsOutDil,link,finalLink,timestamp,est_time,est_date
0,2020-12-31,WM.TO,CAD,2020-12-31,2020-12-31,Q4,0.0,51307.0,-51307.0,0.0,0.0,1130194.0,0.0,60380.0,2166871.0,2218178.0,11487.0,51307.0,-1875198.0,0.0,-2218178.0,0.0,-10098937.0,-12139965.0,0.0,679643.0,-12819608.0,0.0,-0.017583170693632143,-0.017583170693632143,729083976,729083976,https://www.sedar.com/ModifyCompanyDocumentSearchForm.do?lang=EN&company_search=Wallbridge Mining Company Ltd&document_selection=0&industry_group=A&FromDate=13&FromMonth=05&FromYear=2000&ToDate=13&ToMonth=11&ToYear=2020&Variable=Issuer,https://www.sedar.com/ModifyCompanyDocumentSearchForm.do?lang=EN&company_search=Wallbridge Mining Company Ltd&document_selection=0&industry_group=A&FromDate=13&FromMonth=05&FromYear=2000&ToDate=13&ToMonth=11&ToYear=2020&Variable=Issuer,1620599872,18:37:52,20210509
1,2020-09-30,WM.TO,CAD,2020-09-30,2020-09-30,Q3,0.0,342241.0,-342241.0,0.0,0.0,937165.0,0.0,154214.0,2577134.0,2919375.0,3601.0,342241.0,-2577134.0,0.0,-2919375.0,0.0,154168.0,-2641630.0,0.0,767445.0,-3409075.0,0.0,-0.004676,-0.004676,729083976,729083976,https://www.sedar.com/ModifyCompanyDocumentSearchForm.do?lang=EN&company_search=Wallbridge Mining Company Ltd&document_selection=0&industry_group=A&FromDate=13&FromMonth=05&FromYear=2000&ToDate=13&ToMonth=11&ToYear=2020&Variable=Issuer,https://www.sedar.com/ModifyCompanyDocumentSearchForm.do?lang=EN&company_search=Wallbridge Mining Company Ltd&document_selection=0&industry_group=A&FromDate=13&FromMonth=05&FromYear=2000&ToDate=13&ToMonth=11&ToYear=2020&Variable=Issuer,1620599872,18:37:52,20210509
2,2020-06-30,WM.TO,CAD,2020-06-30,2020-06-30,Q2,0.0,50704.0,-50704.0,0.0,0.0,1382182.0,0.0,96805.0,1382182.0,1432886.0,4721.0,0.0,-1083672.0,0.0,-1432886.0,0.0,96703.0,-1139097.0,0.0,201912.0,-1341009.0,0.0,-0.002065,-0.002065,649332518,649332518,https://www.sedar.com/ModifyCompanyDocumentSearchForm.do?lang=EN&company_search=Wallbridge Mining Company Ltd&document_selection=0&industry_group=A&FromDate=13&FromMonth=05&FromYear=2000&ToDate=13&ToMonth=11&ToYear=2020&Variable=Issuer,https://www.sedar.com/ModifyCompanyDocumentSearchForm.do?lang=EN&company_search=Wallbridge Mining Company Ltd&document_selection=0&industry_group=A&FromDate=13&FromMonth=05&FromYear=2000&ToDate=13&ToMonth=11&ToYear=2020&Variable=Issuer,1620599872,18:37:52,20210509
3,2020-03-31,WM.TO,CAD,2020-03-31,2020-03-31,Q1,0.0,35712.0,-35712.0,0.0,0.0,1164733.0,0.0,1101437.0,1164733.0,1200445.0,14544.0,0.0,195666.0,0.0,-1200445.0,0.0,1101321.0,145410.0,0.0,2430000.0,-2284590.0,0.0,-0.003882,-0.003882,588449327,588449327,https://www.sedar.com/ModifyCompanyDocumentSearchForm.do?lang=EN&company_search=Wallbridge Mining Company Ltd&document_selection=0&industry_group=A&FromDate=13&FromMonth=05&FromYear=2000&ToDate=13&ToMonth=11&ToYear=2020&Variable=Issuer,https://www.sedar.com/ModifyCompanyDocumentSearchForm.do?lang=EN&company_search=Wallbridge Mining Company Ltd&document_selection=0&industry_group=A&FromDate=13&FromMonth=05&FromYear=2000&ToDate=13&ToMonth=11&ToYear=2020&Variable=Issuer,1620599872,18:37:52,20210509
4,2019-12-31,WM.TO,CAD,2019-12-31,2019-12-31,Q4,0.0,34843.0,-34843.0,0.0,0.0,864561.0,0.0,1204207.0,2080272.0,2115115.0,12182.0,0.0,-747185.0,0.0,-2115115.0,0.0,811841.0,-1186576.0,0.0,-503000.0,-683576.0,0.0,-0.0009375819830115152,-0.0009375819830115152,729083976,729083976,https://www.sedar.com/ModifyCompanyDocumentSearchForm.do?lang=EN&company_search=Wallbridge Mining Company Ltd&document_selection=0&industry_group=A&FromDate=13&FromMonth=05&FromYear=2000&ToDate=13&ToMonth=11&ToYear=2020&Variable=Issuer,https://www.sedar.com/ModifyCompanyDocumentSearchForm.do?lang=EN&company_search=Wallbridge Mining Company Ltd&document_selection=0&industry_group=A&FromDate=13&FromMonth=05&FromYear=2000&ToDate=13&ToMonth=11&ToYear=2020&Variable=Issuer,1620599872,18:37:52,20210509
5,2019-09-30,WM.TO,CAD,2019-09-30,2019-09-30,Q3,0.0,33686.0,-33686.0,0.0,0.0,585295.0,0.0,552579.0,1283333.0,1317019.0,14206.0,0.0,-683606.0,0.0,-1317019.0,0.0,555969.0,-728108.0,0.0,1476000.0,-2204108.0,0.0,-0.004519,-0.004519,487705304,487705304,https://www.sedar.com/ModifyCompanyDocumentSearchForm.do?lang=EN&company_search=Wallbridge Mining Company Ltd&document_selection=0&industry_group=A&FromDate=13&FromMonth=05&FromYear=2000&ToDate=13&ToMonth=11&ToYear=2020&Variable=Issuer,https://www.sedar.com/ModifyCompanyDocumentSearchForm.do?lang=EN&company_search=Wallbridge Mining Company Ltd&document_selection=0&industry_group=A&FromDate=13&FromMonth=05&FromYear=2000&ToDate=13&ToMonth=11&ToYear=2020&Variable=Issuer,1620599872,18:37:52,20210509
6,2019-06-30,WM.TO,CAD,2019-06-30,2019-06-30,Q2,0.0,31580.0,-31580.0,0.0,0.0,405569.0,0.0,370730.0,405569.0,437149.0,16193.0,0.0,-7160.0,0.0,-437149.0,0.0,370730.0,-54933.0,0.0,-119000.0,64067.0,0.0,0.000143,0.000137,448400418,466579053,https://www.sedar.com/ModifyCompanyDocumentSearchForm.do?lang=EN&company_search=Wallbridge Mining Company Ltd&document_selection=0&industry_group=A&FromDate=13&FromMonth=05&FromYear=2000&ToDate=13&ToMonth=11&ToYear=2020&Variable=Issuer,https://www.sedar.com/ModifyCompanyDocumentSearchForm.do?lang=EN&company_search=Wallbridge Mining Company Ltd&document_selection=0&industry_group=A&FromDate=13&FromMonth=05&FromYear=2000&ToDate=13&ToMonth=11&ToYear=2020&Variable=Issuer,1620599872,18:37:52,20210509
7,2019-03-31,WM.TO,CAD,2019-03-31,2019-03-31,Q1,0.0,31042.0,-31042.0,0.0,0.0,751827.0,0.0,222365.0,751827.0,782869.0,18142.0,0.0,-522969.0,0.0,-782869.0,0.0,589880.0,-204638.0,0.0,134000.0,-338638.0,0.0,-0.000846,-0.000846,400369751,400369751,https://www.sedar.com/ModifyCompanyDocumentSearchForm.do?lang=EN&company_search=Wallbridge Mining Company Ltd&document_selection=0&industry_group=A&FromDate=13&FromMonth=05&FromYear=2000&ToDate=13&ToMonth=11&ToYear=2020&Variable=Issuer,https://www.sedar.com/ModifyCompanyDocumentSearchForm.do?lang=EN&company_search=Wallbridge Mining Company Ltd&document_selection=0&industry_group=A&FromDate=13&FromMonth=05&FromYear=2000&ToDate=13&ToMonth=11&ToYear=2020&Variable=Issuer,1620599872,18:37:52,20210509
8,2018-12-31,WM.TO,CAD,2018-12-31,2018-12-31,Q4,0.0,4265.0,-4265.0,0.0,0.0,475465.0,0.0,179460.0,760758.0,765023.0,0.0,0.0,1654559.0,0.0,-765023.0,0.0,-2235857.0,-2994832.0,0.0,445000.0,-3439832.0,0.0,-0.004718018929550579,-0.004718018929550579,729083976,729083976,https://www.sedar.com/ModifyCompanyDocumentSearchForm.do?lang=EN&company_search=Wallbridge Mining Company Ltd&document_selection=0&industry_group=A&FromDate=13&FromMonth=05&FromYear=2000&ToDate=13&ToMonth=11&ToYear=2020&Variable=Issuer,https://www.sedar.com/ModifyCompanyDocumentSearchForm.do?lang=EN&company_search=Wallbridge Mining Company Ltd&document_selection=0&industry_group=A&FromDate=13&FromMonth=05&FromYear=2000&ToDate=13&ToMonth=11&ToYear=2020&Variable=Issuer,1620599872,18:37:52,20210509
9,2018-09-30,WM.TO,CAD,2018-09-30,2018-09-30,Q3,0.0,8311.0,-8311.0,0.0,0.0,456014.0,0.0,54100.0,456014.0,464325.0,0.0,0.0,-1829578.0,0.0,-464325.0,0.0,1352314.0,893639.0,0.0,37000.0,856639.0,0.0,0.002618,0.002516,327158589,340493081,https://www.sedar.com/ModifyCompanyDocumentSearchForm.do?lang=EN&company_search=Wallbridge Mining Company Ltd&document_selection=0&industry_group=A&FromDate=13&FromMonth=05&FromYear=2000&ToDate=13&ToMonth=11&ToYear=2020&Variable=Issuer,https://www.sedar.com/ModifyCompanyDocumentSearchForm.do?lang=EN&company_search=Wallbridge Mining Company Ltd&document_selection=0&industry_group=A&FromDate=13&FromMonth=05&FromYear=2000&ToDate=13&ToMonth=11&ToYear=2020&Variable=Issuer,1620599872,18:37:52,20210509
10,2018-06-30,WM.TO,CAD,2018-06-30,2018-06-30,Q2,0.0,11218.0,-11218.0,0.0,0.0,342755.0,0.0,20400.0,342755.0,353973.0,0.0,0.0,-762164.0,0.0,-353973.0,0.0,396721.0,47939.0,0.0,13000.0,34939.0,0.0,0.000111,0.000108,314619219,324403804,https://www.sedar.com/ModifyCompanyDocumentSearchForm.do?lang=EN&company_search=Wallbridge Mining Company Ltd&document_selection=0&industry_group=A&FromDate=13&FromMonth=05&FromYear=2000&ToDate=13&ToMonth=11&ToYear=2020&Variable=Issuer,https://www.sedar.com/ModifyCompanyDocumentSearchForm.do?lang=EN&company_search=Wallbridge Mining Company Ltd&document_selection=0&industry_group=A&FromDate=13&FromMonth=05&FromYear=2000&ToDate=13&ToMonth=11&ToYear=2020&Variable=Issuer,1620599872,18:37:52,20210509
11,2018-03-31,WM.TO,CAD,2018-03-31,2018-03-31,Q1,0.0,7694.0,-7694.0,0.0,0.0,395744.0,0.0,16900.0,395744.0,403438.0,0.0,0.0,-359457.0,0.0,-403438.0,0.0,244341.0,-151025.0,0.0,10000.0,-161025.0,0.0,-0.000546,-0.000546,295040138,295040138,https://www.sedar.com/ModifyCompanyDocumentSearchForm.do?lang=EN&company_search=Wallbridge Mining Company Ltd&document_selection=0&industry_group=A&FromDate=13&FromMonth=05&FromYear=2000&ToDate=13&ToMonth=11&ToYear=2020&Variable=Issuer,https://www.sedar.com/ModifyCompanyDocumentSearchForm.do?lang=EN&company_search=Wallbridge Mining Company Ltd&document_selection=0&industry_group=A&FromDate=13&FromMonth=05&FromYear=2000&ToDate=13&ToMonth=11&ToYear=2020&Variable=Issuer,1620599872,18:37:52,20210509
12,2017-12-31,WM.TO,CAD,2017-12-31,2017-12-31,Q4,0.0,10662.0,-10662.0,0.0,0.0,534751.0,0.0,139838.0,594964.0,605626.0,0.0,0.0,-354856.0,0.0,-605626.0,0.0,-129559.0,-726501.0,0.0,73000.0,-799501.0,0.0,-0.0010965828715456503,-0.0010965828715456503,729083976,729083976,https://www.sedar.com/ModifyCompanyDocumentSearchForm.do?lang=EN&company_search=Wallbridge Mining Company Ltd&document_selection=0&industry_group=A&FromDate=13&FromMonth=05&FromYear=2000&ToDate=13&ToMonth=11&ToYear=2020&Variable=Issuer,https://www.sedar.com/ModifyCompanyDocumentSearchForm.do?lang=EN&company_search=Wallbridge Mining Company Ltd&document_selection=0&industry_group=A&FromDate=13&FromMonth=05&FromYear=2000&ToDate=13&ToMonth=11&ToYear=2020&Variable=Issuer,1620599872,18:37:52,20210509
13,2017-09-30,WM.TO,CAD,2017-09-30,2017-09-30,Q3,0.0,9618.0,-9618.0,0.0,0.0,203875.0,0.0,111000.0,203875.0,213493.0,0.0,9618.0,-203875.0,0.0,-213493.0,0.0,273163.0,68127.0,0.0,70000.0,-1873.0,0.0,-8e-06,-8e-06,247447655,247447655,https://www.sedar.com/ModifyCompanyDocumentSearchForm.do?lang=EN&company_search=Wallbridge Mining Company Ltd&document_selection=0&industry_group=A&FromDate=13&FromMonth=05&FromYear=2000&ToDate=13&ToMonth=11&ToYear=2020&Variable=Issuer,https://www.sedar.com/ModifyCompanyDocumentSearchForm.do?lang=EN&company_search=Wallbridge Mining Company Ltd&document_selection=0&industry_group=A&FromDate=13&FromMonth=05&FromYear=2000&ToDate=13&ToMonth=11&ToYear=2020&Variable=Issuer,1620599872,18:37:52,20210509
14,2017-06-30,WM.TO,CAD,2017-06-30,2017-06-30,Q2,0.0,9868.0,-9868.0,0.0,0.0,517373.0,0.0,114000.0,517373.0,527241.0,0.0,0.0,-514188.0,0.0,-527241.0,0.0,78670.0,-433758.0,0.0,83000.0,-516758.0,0.0,-0.002189,-0.002189,236120785,236120785,https://www.sedar.com/ModifyCompanyDocumentSearchForm.do?lang=EN&company_search=Wallbridge Mining Company Ltd&document_selection=0&industry_group=A&FromDate=13&FromMonth=05&FromYear=2000&ToDate=13&ToMonth=11&ToYear=2020&Variable=Issuer,https://www.sedar.com/ModifyCompanyDocumentSearchForm.do?lang=EN&company_search=Wallbridge Mining Company Ltd&document_selection=0&industry_group=A&FromDate=13&FromMonth=05&FromYear=2000&ToDate=13&ToMonth=11&ToYear=2020&Variable=Issuer,1620599872,18:37:52,20210509
15,2017-03-31,WM.TO,CAD,2017-03-31,2017-03-31,Q1,0.0,9866.0,-9866.0,0.0,0.0,393022.0,0.0,52929.0,393022.0,402888.0,0.0,0.0,-931764.0,0.0,-402888.0,0.0,540277.0,152882.0,0.0,64000.0,88882.0,0.0,0.000398,0.00038,223393547,234182028,https://www.sedar.com/ModifyCompanyDocumentSearchForm.do?lang=EN&company_search=Wallbridge Mining Company Ltd&document_selection=0&industry_group=A&FromDate=13&FromMonth=05&FromYear=2000&ToDate=13&ToMonth=11&ToYear=2020&Variable=Issuer,https://www.sedar.com/ModifyCompanyDocumentSearchForm.do?lang=EN&company_search=Wallbridge Mining Company Ltd&document_selection=0&industry_group=A&FromDate=13&FromMonth=05&FromYear=2000&ToDate=13&ToMonth=11&ToYear=2020&Variable=Issuer,1620599872,18:37:52,20210509
16,2016-12-31,WM.TO,CAD,2016-12-31,2016-12-31,Q4,0.0,12209.0,-12209.0,0.0,0.0,435467.0,0.0,0.0,551208.0,563417.0,0.0,0.0,-544410.0,0.0,-563417.0,0.0,21264.0,-526460.0,0.0,0.0,-526460.0,0.0,-0.0007220841731954345,-0.0007220841731954345,729083976,729083976,https://www.sedar.com/ModifyCompanyDocumentSearchForm.do?lang=EN&company_search=Wallbridge Mining Company Ltd&document_selection=0&industry_group=A&FromDate=13&FromMonth=05&FromYear=2000&ToDate=13&ToMonth=11&ToYear=2020&Variable=Issuer,https://www.sedar.com/ModifyCompanyDocumentSearchForm.do?lang=EN&company_search=Wallbridge Mining Company Ltd&document_selection=0&industry_group=A&FromDate=13&FromMonth=05&FromYear=2000&ToDate=13&ToMonth=11&ToYear=2020&Variable=Issuer,1620599872,18:37:52,20210509
17,2016-09-30,WM.TO,CAD,2016-09-30,2016-09-30,Q3,0.0,12211.0,-12211.0,0.0,0.0,411420.0,0.0,0.0,411420.0,423631.0,39.0,0.0,-445960.0,0.0,-423631.0,0.0,-61718.0,-469562.0,0.0,0.0,-469562.0,0.0,-0.002463,-0.002463,190680600,190680600,https://www.sedar.com/ModifyCompanyDocumentSearchForm.do?lang=EN&company_search=Wallbridge Mining Company Ltd&document_selection=0&industry_group=A&FromDate=13&FromMonth=05&FromYear=2000&ToDate=13&ToMonth=11&ToYear=2020&Variable=Issuer,https://www.sedar.com/ModifyCompanyDocumentSearchForm.do?lang=EN&company_search=Wallbridge Mining Company Ltd&document_selection=0&industry_group=A&FromDate=13&FromMonth=05&FromYear=2000&ToDate=13&ToMonth=11&ToYear=2020&Variable=Issuer,1620599872,18:37:52,20210509
18,2016-06-30,WM.TO,CAD,2016-06-30,2016-06-30,Q2,2752.0,12208.0,-9456.0,-3.436046511627907,0.0,518515.0,0.0,0.0,518515.0,530723.0,98.0,0.0,-553079.0,-200.9734738372093,-527971.0,-191.8499273255814,-13261.0,-525690.0,-191.02107558139534,0.0,-525690.0,-191.02107558139534,-0.002986,-0.002986,176071744,176071744,https://www.sedar.com/ModifyCompanyDocumentSearchForm.do?lang=EN&company_search=Wallbridge Mining Company Ltd&document_selection=0&industry_group=A&FromDate=13&FromMonth=05&FromYear=2000&ToDate=13&ToMonth=11&ToYear=2020&Variable=Issuer,https://www.sedar.com/ModifyCompanyDocumentSearchForm.do?lang=EN&company_search=Wallbridge Mining Company Ltd&document_selection=0&industry_group=A&FromDate=13&FromMonth=05&FromYear=2000&ToDate=13&ToMonth=11&ToYear=2020&Variable=Issuer,1620599872,18:37:52,20210509
19,2016-03-31,WM.TO,CAD,2016-03-31,2016-03-31,Q1,-240223.0,12210.0,-252433.0,1.050827772528026,0.0,486117.0,0.0,0.0,486117.0,498327.0,154.0,0.0,-713620.0,2.970656431732182,-738550.0,3.074435004141985,97410.0,-626097.0,2.606315798237471,-53000.0,-573097.0,2.3856874653967357,-0.003415,-0.003415,167835438,167835438,https://www.sedar.com/ModifyCompanyDocumentSearchForm.do?lang=EN&company_search=Wallbridge Mining Company Ltd&document_selection=0&industry_group=A&FromDate=13&FromMonth=05&FromYear=2000&ToDate=13&ToMonth=11&ToYear=2020&Variable=Issuer,https://www.sedar.com/ModifyCompanyDocumentSearchForm.do?lang=EN&company_search=Wallbridge Mining Company Ltd&document_selection=0&industry_group=A&FromDate=13&FromMonth=05&FromYear=2000&ToDate=13&ToMonth=11&ToYear=2020&Variable=Issuer,1620599872,18:37:52,20210509
20,2015-12-31,WM.TO,CAD,2015-12-31,2015-12-31,Q4,3800649.0,4240086.0,-439437.0,-0.11562156884258451,0.0,496918.0,0.0,0.0,496918.0,4737004.0,211.0,0.0,-493868.0,-0.12994307024931795,-936355.0,-0.2463671336132329,-1798196.0,-2720892.0,-0.7159019420104303,-276000.0,-2444892.0,-0.6432827656539712,-0.0033533750301487906,-0.0033533750301487906,729083976,729083976,https://www.sedar.com/ModifyCompanyDocumentSearchForm.do?lang=EN&company_search=Wallbridge Mining Company Ltd&document_selection=0&industry_group=A&FromDate=13&FromMonth=05&FromYear=2000&ToDate=13&ToMonth=11&ToYear=2020&Variable=Issuer,https://www.sedar.com/ModifyCompanyDocumentSearchForm.do?lang=EN&company_search=Wallbridge Mining Company Ltd&document_selection=0&industry_group=A&FromDate=13&FromMonth=05&FromYear=2000&ToDate=13&ToMonth=11&ToYear=2020&Variable=Issuer,1620599872,18:37:52,20210509
21,2015-09-30,WM.TO,CAD,2015-09-30,2015-09-30,Q3,9363580.0,8634152.0,729428.0,0.0779005465858144,0.0,284769.0,0.0,0.0,284769.0,8918921.0,267.0,0.0,1374491.0,0.14679118456829546,444659.0,0.047488140219873166,-349740.0,108674.0,0.01160603102659453,111000.0,-2326.0,-0.00024840926226934567,-1.4e-05,-1.4e-05,167160438,167160438,https://www.sedar.com/ModifyCompanyDocumentSearchForm.do?lang=EN&company_search=Wallbridge Mining Company Ltd&document_selection=0&industry_group=A&FromDate=13&FromMonth=05&FromYear=2000&ToDate=13&ToMonth=11&ToYear=2020&Variable=Issuer,https://www.sedar.com/ModifyCompanyDocumentSearchForm.do?lang=EN&company_search=Wallbridge Mining Company Ltd&document_selection=0&industry_group=A&FromDate=13&FromMonth=05&FromYear=2000&ToDate=13&ToMonth=11&ToYear=2020&Variable=Issuer,1620599872,18:37:52,20210509
22,2015-06-30,WM.TO,CAD,2015-06-30,2015-06-30,Q2,1380014.0,2739294.0,-1359280.0,-0.9849755147411547,0.0,472591.0,0.0,0.0,472591.0,3211885.0,321.0,0.0,-1417305.0,-1.0270221896299603,-1831871.0,-1.3274292869492628,147038.0,-1681807.0,-1.2186883611325683,-556000.0,-1055568.0,-0.7648965880056289,-0.01,-0.01,167160435,167160435,https://www.sedar.com/ModifyCompanyDocumentSearchForm.do?lang=EN&company_search=Wallbridge Mining Company Ltd&document_selection=0&industry_group=A&FromDate=13&FromMonth=05&FromYear=2000&ToDate=13&ToMonth=11&ToYear=2020&Variable=Issuer,https://www.sedar.com/ModifyCompanyDocumentSearchForm.do?lang=EN&company_search=Wallbridge Mining Company Ltd&document_selection=0&industry_group=A&FromDate=13&FromMonth=05&FromYear=2000&ToDate=13&ToMonth=11&ToYear=2020&Variable=Issuer,1620599872,18:37:52,20210509
23,2015-03-31,WM.TO,CAD,2015-03-31,2015-03-31,Q1,11479506.0,10765644.0,713862.0,0.0621857769837831,0.0,639624.0,0.0,0.0,639624.0,11405268.0,55810.0,0.0,1640344.0,0.1428932569049574,74238.0,0.006467003022603934,1215957.0,1238631.0,0.10789932946591953,136000.0,1208199.0,0.10524834431028653,0.0072277807743001965,0.007041351170318759,167160438,171586244,https://www.sedar.com/ModifyCompanyDocumentSearchForm.do?lang=EN&company_search=Wallbridge Mining Company Ltd&document_selection=0&industry_group=A&FromDate=13&FromMonth=05&FromYear=2000&ToDate=13&ToMonth=11&ToYear=2020&Variable=Issuer,https://www.sedar.com/ModifyCompanyDocumentSearchForm.do?lang=EN&company_search=Wallbridge Mining Company Ltd&document_selection=0&industry_group=A&FromDate=13&FromMonth=05&FromYear=2000&ToDate=13&ToMonth=11&ToYear=2020&Variable=Issuer,1620599872,18:37:52,20210509
24,2014-12-31,WM.TO,CAD,2014-12-31,2014-12-31,Q4,10639922.0,11082197.0,-442275.0,-0.041567503972303556,0.0,424297.0,0.0,0.0,424297.0,11506494.0,248790.0,0.0,599420.0,0.0563368791613322,-866572.0,-0.08144533390376359,1294094.0,184703.0,0.017359431770270495,-102000.0,359946.0,0.0338297592783105,0.0004936962158663599,0.0004936962158663599,729083976,729083976,https://www.sedar.com/ModifyCompanyDocumentSearchForm.do?lang=EN&company_search=Wallbridge Mining Company Ltd&document_selection=0&industry_group=A&FromDate=13&FromMonth=05&FromYear=2000&ToDate=13&ToMonth=11&ToYear=2020&Variable=Issuer,https://www.sedar.com/ModifyCompanyDocumentSearchForm.do?lang=EN&company_search=Wallbridge Mining Company Ltd&document_selection=0&industry_group=A&FromDate=13&FromMonth=05&FromYear=2000&ToDate=13&ToMonth=11&ToYear=2020&Variable=Issuer,1620599872,18:37:52,20210509
25,2014-09-30,WM.TO,CAD,2014-09-30,2014-09-30,Q3,5632998.0,6780761.0,-1147763.0,-0.2037570402119795,0.0,356243.0,0.0,0.0,356243.0,7137004.0,82104.0,0.0,-428924.0,-0.07614488767792923,-1504006.0,-0.2669992071717405,-5930131.0,-7513485.0,-1.3338341323749805,-318000.0,-7149410.0,-1.2692015867926814,-0.04,-0.04,167160438,167160438,https://www.sedar.com/ModifyCompanyDocumentSearchForm.do?lang=EN&company_search=Wallbridge Mining Company Ltd&document_selection=0&industry_group=A&FromDate=13&FromMonth=05&FromYear=2000&ToDate=13&ToMonth=11&ToYear=2020&Variable=Issuer,https://www.sedar.com/ModifyCompanyDocumentSearchForm.do?lang=EN&company_search=Wallbridge Mining Company Ltd&document_selection=0&industry_group=A&FromDate=13&FromMonth=05&FromYear=2000&ToDate=13&ToMonth=11&ToYear=2020&Variable=Issuer,1620599872,18:37:52,20210509
26,2014-06-30,WM.TO,CAD,2014-06-30,2014-06-30,Q2,0.0,20378.0,-20378.0,0.0,0.0,622728.0,0.0,140312.0,622728.0,643106.0,50396.0,0.0,-479445.0,0.0,-643106.0,0.0,-65036.0,-755567.0,0.0,-100000.0,-548377.0,0.0,-0.00332,-0.00332,165172377,165172377,https://www.sedar.com/ModifyCompanyDocumentSearchForm.do?lang=EN&company_search=Wallbridge Mining Company Ltd&document_selection=0&industry_group=A&FromDate=13&FromMonth=05&FromYear=2000&ToDate=13&ToMonth=11&ToYear=2020&Variable=Issuer,https://www.sedar.com/ModifyCompanyDocumentSearchForm.do?lang=EN&company_search=Wallbridge Mining Company Ltd&document_selection=0&industry_group=A&FromDate=13&FromMonth=05&FromYear=2000&ToDate=13&ToMonth=11&ToYear=2020&Variable=Issuer,1620599872,18:37:52,20210509
27,2014-03-31,WM.TO,CAD,2014-03-31,2014-03-31,Q1,0.0,20433.0,-20433.0,0.0,0.0,828101.0,0.0,134092.0,828101.0,848534.0,30961.0,0.0,-690903.0,0.0,-848534.0,0.0,136373.0,-740016.0,0.0,-81000.0,-445040.0,0.0,-0.002743,-0.002743,162270882,162270882,https://www.sedar.com/ModifyCompanyDocumentSearchForm.do?lang=EN&company_search=Wallbridge Mining Company Ltd&document_selection=0&industry_group=A&FromDate=13&FromMonth=05&FromYear=2000&ToDate=13&ToMonth=11&ToYear=2020&Variable=Issuer,https://www.sedar.com/ModifyCompanyDocumentSearchForm.do?lang=EN&company_search=Wallbridge Mining Company Ltd&document_selection=0&industry_group=A&FromDate=13&FromMonth=05&FromYear=2000&ToDate=13&ToMonth=11&ToYear=2020&Variable=Issuer,1620599872,18:37:52,20210509
28,2013-12-31,WM.TO,CAD,2013-12-31,2013-12-31,Q4,0.0,33420.0,-33420.0,0.0,0.0,710989.0,0.0,92171.0,710989.0,744409.0,28991.0,33420.0,-710989.0,0.0,-744409.0,0.0,-689021.0,-1460267.0,0.0,-74000.0,-1015201.0,0.0,-0.001392433565156286,-0.001392433565156286,729083976,729083976,https://www.sedar.com/ModifyCompanyDocumentSearchForm.do?lang=EN&company_search=Wallbridge Mining Company Ltd&document_selection=0&industry_group=A&FromDate=13&FromMonth=05&FromYear=2000&ToDate=13&ToMonth=11&ToYear=2020&Variable=Issuer,https://www.sedar.com/ModifyCompanyDocumentSearchForm.do?lang=EN&company_search=Wallbridge Mining Company Ltd&document_selection=0&industry_group=A&FromDate=13&FromMonth=05&FromYear=2000&ToDate=13&ToMonth=11&ToYear=2020&Variable=Issuer,1620599872,18:37:52,20210509
29,2013-09-30,WM.TO,CAD,2013-09-30,2013-09-30,Q3,0.0,31470.0,-31470.0,0.0,0.0,507018.0,0.0,67668.0,507018.0,538488.0,15478.0,0.0,-437021.0,0.0,-538488.0,0.0,31501.0,-520136.0,0.0,-185000.0,-248682.0,0.0,-0.001533,-0.001533,162270882,162270882,https://www.sedar.com/ModifyCompanyDocumentSearchForm.do?lang=EN&company_search=Wallbridge Mining Company Ltd&document_selection=0&industry_group=A&FromDate=13&FromMonth=05&FromYear=2000&ToDate=13&ToMonth=11&ToYear=2020&Variable=Issuer,https://www.sedar.com/ModifyCompanyDocumentSearchForm.do?lang=EN&company_search=Wallbridge Mining Company Ltd&document_selection=0&industry_group=A&FromDate=13&FromMonth=05&FromYear=2000&ToDate=13&ToMonth=11&ToYear=2020&Variable=Issuer,1620599872,18:37:52,20210509
30,2013-06-30,WM.TO,CAD,2013-06-30,2013-06-30,Q2,0.0,33656.0,-33656.0,0.0,0.0,650938.0,0.0,61401.0,650938.0,684594.0,733.0,0.0,-587377.0,0.0,-684594.0,0.0,62133.0,-621034.0,0.0,-162000.0,-371720.0,0.0,-0.002291,-0.002291,162270882,162270882,https://www.sedar.com/ModifyCompanyDocumentSearchForm.do?lang=EN&company_search=Wallbridge Mining Company Ltd&document_selection=0&industry_group=A&FromDate=13&FromMonth=05&FromYear=2000&ToDate=13&ToMonth=11&ToYear=2020&Variable=Issuer,https://www.sedar.com/ModifyCompanyDocumentSearchForm.do?lang=EN&company_search=Wallbridge Mining Company Ltd&document_selection=0&industry_group=A&FromDate=13&FromMonth=05&FromYear=2000&ToDate=13&ToMonth=11&ToYear=2020&Variable=Issuer,1620599872,18:37:52,20210509
31,2013-03-31,WM.TO,CAD,2013-03-31,2013-03-31,Q1,0.0,31243.0,-31243.0,0.0,0.0,724402.0,0.0,59145.0,724402.0,755645.0,781.0,0.0,-661432.0,0.0,-755645.0,0.0,-450496.0,-1203097.0,0.0,-130000.0,-965179.0,0.0,-0.01,-0.01,162270882,162270882,https://www.sedar.com/ModifyCompanyDocumentSearchForm.do?lang=EN&company_search=Wallbridge Mining Company Ltd&document_selection=0&industry_group=A&FromDate=13&FromMonth=05&FromYear=2000&ToDate=13&ToMonth=11&ToYear=2020&Variable=Issuer,https://www.sedar.com/ModifyCompanyDocumentSearchForm.do?lang=EN&company_search=Wallbridge Mining Company Ltd&document_selection=0&industry_group=A&FromDate=13&FromMonth=05&FromYear=2000&ToDate=13&ToMonth=11&ToYear=2020&Variable=Issuer,1620599872,18:37:52,20210509
32,2012-12-31,WM.TO,CAD,2012-12-31,2012-12-31,Q4,0.0,134434.0,-134434.0,0.0,0.0,598518.0,0.0,0.0,777423.0,911857.0,829.0,0.0,5289826.0,0.0,-911857.0,0.0,-6219379.0,-589126.0,0.0,-631000.0,41874.0,0.0,5.743371323250698e-05,5.743371323250698e-05,729083976,729083976,https://www.sedar.com/ModifyCompanyDocumentSearchForm.do?lang=EN&company_search=Wallbridge Mining Company Ltd&document_selection=0&industry_group=A&FromDate=13&FromMonth=05&FromYear=2000&ToDate=13&ToMonth=11&ToYear=2020&Variable=Issuer,https://www.sedar.com/ModifyCompanyDocumentSearchForm.do?lang=EN&company_search=Wallbridge Mining Company Ltd&document_selection=0&industry_group=A&FromDate=13&FromMonth=05&FromYear=2000&ToDate=13&ToMonth=11&ToYear=2020&Variable=Issuer,1620599872,18:37:52,20210509
33,2012-09-30,WM.TO,CAD,2012-09-30,2012-09-30,Q3,0.0,0.0,0.0,0.0,0.0,380867.0,0.0,0.0,414847.0,414847.0,946.0,33980.0,-380867.0,0.0,-414847.0,0.0,536590.0,-788125.0,0.0,138000.0,-926125.0,0.0,-0.01,-0.01,153937549,153937549,https://www.sedar.com/ModifyCompanyDocumentSearchForm.do?lang=EN&company_search=Wallbridge Mining Company Ltd&document_selection=0&industry_group=A&FromDate=13&FromMonth=05&FromYear=2000&ToDate=13&ToMonth=11&ToYear=2020&Variable=Issuer,https://www.sedar.com/ModifyCompanyDocumentSearchForm.do?lang=EN&company_search=Wallbridge Mining Company Ltd&document_selection=0&industry_group=A&FromDate=13&FromMonth=05&FromYear=2000&ToDate=13&ToMonth=11&ToYear=2020&Variable=Issuer,1620599872,18:37:52,20210509
34,2012-06-30,WM.TO,CAD,2012-06-30,2012-06-30,Q2,0.0,0.0,0.0,0.0,0.0,522416.0,0.0,-22850.0,560846.0,560846.0,1053.0,38430.0,-522416.0,0.0,-560846.0,0.0,-2463839.0,-3020057.0,0.0,-74000.0,-2946057.0,0.0,-0.02,-0.02,153937549,153937549,https://www.sedar.com/ModifyCompanyDocumentSearchForm.do?lang=EN&company_search=Wallbridge Mining Company Ltd&document_selection=0&industry_group=A&FromDate=13&FromMonth=05&FromYear=2000&ToDate=13&ToMonth=11&ToYear=2020&Variable=Issuer,https://www.sedar.com/ModifyCompanyDocumentSearchForm.do?lang=EN&company_search=Wallbridge Mining Company Ltd&document_selection=0&industry_group=A&FromDate=13&FromMonth=05&FromYear=2000&ToDate=13&ToMonth=11&ToYear=2020&Variable=Issuer,1620599872,18:37:52,20210509
35,2012-03-31,WM.TO,CAD,2012-03-31,2012-03-31,Q1,0.0,0.0,0.0,0.0,0.0,610813.0,0.0,-321177.0,641348.0,641348.0,1152.0,30535.0,-610813.0,0.0,-641348.0,0.0,-322464.0,-962560.0,0.0,46000.0,-1008560.0,0.0,-0.01,-0.01,145830396,145830396,https://www.sedar.com/ModifyCompanyDocumentSearchForm.do?lang=EN&company_search=Wallbridge Mining Company Ltd&document_selection=0&industry_group=A&FromDate=13&FromMonth=05&FromYear=2000&ToDate=13&ToMonth=11&ToYear=2020&Variable=Issuer,https://www.sedar.com/ModifyCompanyDocumentSearchForm.do?lang=EN&company_search=Wallbridge Mining Company Ltd&document_selection=0&industry_group=A&FromDate=13&FromMonth=05&FromYear=2000&ToDate=13&ToMonth=11&ToYear=2020&Variable=Issuer,1620599872,18:37:52,20210509
36,2011-12-31,WM.TO,CAD,2011-12-31,2011-12-31,Q4,0.0,0.0,0.0,0.0,0.0,0.0,0.0,1953857.0,496271.0,496271.0,1249.0,30158.0,-466113.0,0.0,-496271.0,0.0,1936357.0,-985577.0,0.0,-144000.0,-841577.0,0.0,-0.0011542936447693922,-0.0011542936447693922,729083976,729083976,https://www.sedar.com/ModifyCompanyDocumentSearchForm.do?lang=EN&company_search=Wallbridge Mining Company Ltd&document_selection=0&industry_group=A&FromDate=13&FromMonth=05&FromYear=2000&ToDate=13&ToMonth=11&ToYear=2020&Variable=Issuer,https://www.sedar.com/ModifyCompanyDocumentSearchForm.do?lang=EN&company_search=Wallbridge Mining Company Ltd&document_selection=0&industry_group=A&FromDate=13&FromMonth=05&FromYear=2000&ToDate=13&ToMonth=11&ToYear=2020&Variable=Issuer,1620599872,18:37:52,20210509
37,2011-09-30,WM.TO,CAD,2011-09-30,2011-09-30,Q3,0.0,0.0,0.0,0.0,0.0,665856.0,0.0,155101.0,621442.0,621442.0,295.0,37139.0,-584303.0,0.0,-621442.0,0.0,153632.0,960216.0,0.0,114000.0,899098.0,0.0,0.006684307598052472,0.006560470142534211,134508771,137047800,https://www.sedar.com/ModifyCompanyDocumentSearchForm.do?lang=EN&company_search=Wallbridge Mining Company Ltd&document_selection=0&industry_group=A&FromDate=13&FromMonth=05&FromYear=2000&ToDate=13&ToMonth=11&ToYear=2020&Variable=Issuer,https://www.sedar.com/ModifyCompanyDocumentSearchForm.do?lang=EN&company_search=Wallbridge Mining Company Ltd&document_selection=0&industry_group=A&FromDate=13&FromMonth=05&FromYear=2000&ToDate=13&ToMonth=11&ToYear=2020&Variable=Issuer,1620599872,18:37:52,20210509
38,2011-06-30,WM.TO,CAD,2011-06-30,2011-06-30,Q2,0.0,0.0,0.0,0.0,0.0,948138.0,0.0,116544.0,952520.0,952520.0,3623.0,33479.0,-919041.0,0.0,-952520.0,0.0,101956.0,-847639.0,0.0,113000.0,-796886.0,0.0,-0.01,-0.01,130928481,130928481,https://www.sedar.com/ModifyCompanyDocumentSearchForm.do?lang=EN&company_search=Wallbridge Mining Company Ltd&document_selection=0&industry_group=A&FromDate=13&FromMonth=05&FromYear=2000&ToDate=13&ToMonth=11&ToYear=2020&Variable=Issuer,https://www.sedar.com/ModifyCompanyDocumentSearchForm.do?lang=EN&company_search=Wallbridge Mining Company Ltd&document_selection=0&industry_group=A&FromDate=13&FromMonth=05&FromYear=2000&ToDate=13&ToMonth=11&ToYear=2020&Variable=Issuer,1620599872,18:37:52,20210509
39,2011-03-31,WM.TO,CAD,2011-03-31,2011-03-31,Q1,0.0,0.0,0.0,0.0,0.0,871863.0,0.0,88575.0,905512.0,905512.0,396.0,28891.0,-876621.0,0.0,-905512.0,0.0,1106075.0,202737.0,0.0,297000.0,57147.0,0.0,0.00045155260231059786,0.0004383312590061572,126556684,130374001,https://www.sedar.com/ModifyCompanyDocumentSearchForm.do?lang=EN&company_search=Wallbridge Mining Company Ltd&document_selection=0&industry_group=A&FromDate=13&FromMonth=05&FromYear=2000&ToDate=13&ToMonth=11&ToYear=2020&Variable=Issuer,https://www.sedar.com/ModifyCompanyDocumentSearchForm.do?lang=EN&company_search=Wallbridge Mining Company Ltd&document_selection=0&industry_group=A&FromDate=13&FromMonth=05&FromYear=2000&ToDate=13&ToMonth=11&ToYear=2020&Variable=Issuer,1620599872,18:37:52,20210509
40,2010-12-31,WM.TO,CAD,2010-12-31,2010-12-31,Q4,0.0,0.0,0.0,0.0,0.0,360700.0,0.0,12046031.0,391263.0,391263.0,9151.0,30563.0,-360700.0,0.0,-391263.0,0.0,23141331.0,-997307.0,0.0,-246414.0,-694960.0,0.0,-0.0009531960965769463,-0.0009531960965769463,729083976,729083976,https://www.sedar.com/ModifyCompanyDocumentSearchForm.do?lang=EN&company_search=Wallbridge Mining Company Ltd&document_selection=0&industry_group=A&FromDate=13&FromMonth=05&FromYear=2000&ToDate=13&ToMonth=11&ToYear=2020&Variable=Issuer,https://www.sedar.com/ModifyCompanyDocumentSearchForm.do?lang=EN&company_search=Wallbridge Mining Company Ltd&document_selection=0&industry_group=A&FromDate=13&FromMonth=05&FromYear=2000&ToDate=13&ToMonth=11&ToYear=2020&Variable=Issuer,1620599872,18:37:52,20210509
41,2010-09-30,WM.TO,CAD,2010-09-30,2010-09-30,Q3,0.0,0.0,0.0,0.0,0.0,371774.0,0.0,-130576.0,401906.0,401906.0,467.0,30132.0,-371774.0,0.0,-401906.0,0.0,-1614231.0,916192.0,0.0,28801.0,892881.0,0.0,0.01,0.01,126233580,126233580,https://www.sedar.com/ModifyCompanyDocumentSearchForm.do?lang=EN&company_search=Wallbridge Mining Company Ltd&document_selection=0&industry_group=A&FromDate=13&FromMonth=05&FromYear=2000&ToDate=13&ToMonth=11&ToYear=2020&Variable=Issuer,https://www.sedar.com/ModifyCompanyDocumentSearchForm.do?lang=EN&company_search=Wallbridge Mining Company Ltd&document_selection=0&industry_group=A&FromDate=13&FromMonth=05&FromYear=2000&ToDate=13&ToMonth=11&ToYear=2020&Variable=Issuer,1620599872,18:37:52,20210509
42,2010-06-30,WM.TO,CAD,2010-06-30,2010-06-30,Q2,0.0,0.0,0.0,0.0,0.0,522770.0,0.0,41169.0,553010.0,553010.0,464.0,30240.0,-522770.0,0.0,-553010.0,0.0,-325033.0,-877532.0,0.0,-503404.0,-374128.0,0.0,-0.0030409277346032043,-0.0030409277346032043,123030875,123030875,https://www.sedar.com/ModifyCompanyDocumentSearchForm.do?lang=EN&company_search=Wallbridge Mining Company Ltd&document_selection=0&industry_group=A&FromDate=13&FromMonth=05&FromYear=2000&ToDate=13&ToMonth=11&ToYear=2020&Variable=Issuer,https://www.sedar.com/ModifyCompanyDocumentSearchForm.do?lang=EN&company_search=Wallbridge Mining Company Ltd&document_selection=0&industry_group=A&FromDate=13&FromMonth=05&FromYear=2000&ToDate=13&ToMonth=11&ToYear=2020&Variable=Issuer,1620599872,18:37:52,20210509
43,2010-03-31,WM.TO,CAD,2010-03-31,2010-03-31,Q1,0.0,0.0,0.0,0.0,0.0,0.0,0.0,-17267.0,563113.0,563113.0,892.0,23248.0,-539865.0,0.0,-563113.0,0.0,-10405068.0,9841857.0,0.0,-63019.0,9904876.0,0.0,0.09,0.08,114451778,120699284,https://www.sedar.com/ModifyCompanyDocumentSearchForm.do?lang=EN&company_search=Wallbridge Mining Company Ltd&document_selection=0&industry_group=A&FromDate=13&FromMonth=05&FromYear=2000&ToDate=13&ToMonth=11&ToYear=2020&Variable=Issuer,https://www.sedar.com/ModifyCompanyDocumentSearchForm.do?lang=EN&company_search=Wallbridge Mining Company Ltd&document_selection=0&industry_group=A&FromDate=13&FromMonth=05&FromYear=2000&ToDate=13&ToMonth=11&ToYear=2020&Variable=Issuer,1620599872,18:37:52,20210509
44,2009-12-31,WM.TO,CAD,2009-12-31,2009-12-31,Q4,0.0,0.0,0.0,0.0,0.0,0.0,0.0,65569.0,1048102.0,1048102.0,544.0,28466.0,-1019636.0,0.0,-1048102.0,0.0,-791868.0,-1839892.0,0.0,-340750.0,-1499142.0,0.0,-0.002056199353365023,-0.002056199353365023,729083976,729083976,https://www.sedar.com/ModifyCompanyDocumentSearchForm.do?lang=EN&company_search=Wallbridge Mining Company Ltd&document_selection=0&industry_group=A&FromDate=13&FromMonth=05&FromYear=2000&ToDate=13&ToMonth=11&ToYear=2020&Variable=Issuer,https://www.sedar.com/ModifyCompanyDocumentSearchForm.do?lang=EN&company_search=Wallbridge Mining Company Ltd&document_selection=0&industry_group=A&FromDate=13&FromMonth=05&FromYear=2000&ToDate=13&ToMonth=11&ToYear=2020&Variable=Issuer,1620599872,18:37:52,20210509
45,2009-09-30,WM.TO,CAD,2009-09-30,2009-09-30,Q3,0.0,0.0,0.0,0.0,0.0,297572.0,0.0,87227.0,324551.0,324551.0,594.0,26979.0,-297572.0,0.0,-324551.0,0.0,22224.0,-302370.0,0.0,-29000.0,-273370.0,0.0,-0.0028321190542166547,-0.0028321190542166547,96524897,96524897,https://www.sedar.com/ModifyCompanyDocumentSearchForm.do?lang=EN&company_search=Wallbridge Mining Company Ltd&document_selection=0&industry_group=A&FromDate=13&FromMonth=05&FromYear=2000&ToDate=13&ToMonth=11&ToYear=2020&Variable=Issuer,https://www.sedar.com/ModifyCompanyDocumentSearchForm.do?lang=EN&company_search=Wallbridge Mining Company Ltd&document_selection=0&industry_group=A&FromDate=13&FromMonth=05&FromYear=2000&ToDate=13&ToMonth=11&ToYear=2020&Variable=Issuer,1620599872,18:37:52,20210509
46,2009-06-30,WM.TO,CAD,2009-06-30,2009-06-30,Q2,0.0,0.0,0.0,0.0,0.0,0.0,0.0,-49603.0,334649.0,334649.0,661.0,27067.0,-307582.0,0.0,-334649.0,0.0,-44253.0,-290398.0,0.0,-65000.0,-225398.0,0.0,-0.0023463575026956285,-0.0023463575026956285,96062940,96062940,https://www.sedar.com/ModifyCompanyDocumentSearchForm.do?lang=EN&company_search=Wallbridge Mining Company Ltd&document_selection=0&industry_group=A&FromDate=13&FromMonth=05&FromYear=2000&ToDate=13&ToMonth=11&ToYear=2020&Variable=Issuer,https://www.sedar.com/ModifyCompanyDocumentSearchForm.do?lang=EN&company_search=Wallbridge Mining Company Ltd&document_selection=0&industry_group=A&FromDate=13&FromMonth=05&FromYear=2000&ToDate=13&ToMonth=11&ToYear=2020&Variable=Issuer,1620599872,18:37:52,20210509
47,2009-03-31,WM.TO,CAD,2009-03-31,2009-03-31,Q1,0.0,0.0,0.0,0.0,0.0,0.0,0.0,51322.0,700152.0,700152.0,862.0,26689.0,-673463.0,0.0,-700152.0,0.0,51322.0,-647026.0,0.0,-251000.0,-396026.0,0.0,-0.004155895192098156,-0.004155895192098156,95292586,95292586,https://www.sedar.com/ModifyCompanyDocumentSearchForm.do?lang=EN&company_search=Wallbridge Mining Company Ltd&document_selection=0&industry_group=A&FromDate=13&FromMonth=05&FromYear=2000&ToDate=13&ToMonth=11&ToYear=2020&Variable=Issuer,https://www.sedar.com/ModifyCompanyDocumentSearchForm.do?lang=EN&company_search=Wallbridge Mining Company Ltd&document_selection=0&industry_group=A&FromDate=13&FromMonth=05&FromYear=2000&ToDate=13&ToMonth=11&ToYear=2020&Variable=Issuer,1620599872,18:37:52,20210509
48,2008-12-31,WM.TO,CAD,2008-12-31,2008-12-31,Q4,-113781.0,0.0,0.0,0.0,0.0,0.0,0.0,-5621562.0,466811.0,466811.0,0.0,31495.0,-549097.0,4.825911180249778,-580592.0,5.102714864520438,-7194242.0,-7650073.0,67.23506560849351,-1324250.0,-6325823.0,55.59647920127262,-0.008676398341252256,-0.008676398341252256,729083976,729083976,https://www.sedar.com/ModifyCompanyDocumentSearchForm.do?lang=EN&company_search=Wallbridge Mining Company Ltd&document_selection=0&industry_group=A&FromDate=13&FromMonth=05&FromYear=2000&ToDate=13&ToMonth=11&ToYear=2020&Variable=Issuer,https://www.sedar.com/ModifyCompanyDocumentSearchForm.do?lang=EN&company_search=Wallbridge Mining Company Ltd&document_selection=0&industry_group=A&FromDate=13&FromMonth=05&FromYear=2000&ToDate=13&ToMonth=11&ToYear=2020&Variable=Issuer,1620599872,18:37:52,20210509
49,2008-09-30,WM.TO,CAD,2008-09-30,2008-09-30,Q3,30609.0,0.0,30609.0,1.0,0.0,0.0,0.0,-16687847.0,426457.0,426457.0,1363.0,41783.0,-354065.0,-11.567349472377405,-395848.0,-12.932405501649841,-17458677.0,-17862969.0,-583.5855140644908,-3044000.0,-14818969.0,-484.13763925642786,-0.16,-0.16,92618556,92618556,https://www.sedar.com/ModifyCompanyDocumentSearchForm.do?lang=EN&company_search=Wallbridge Mining Company Ltd&document_selection=0&industry_group=A&FromDate=13&FromMonth=05&FromYear=2000&ToDate=13&ToMonth=11&ToYear=2020&Variable=Issuer,https://www.sedar.com/ModifyCompanyDocumentSearchForm.do?lang=EN&company_search=Wallbridge Mining Company Ltd&document_selection=0&industry_group=A&FromDate=13&FromMonth=05&FromYear=2000&ToDate=13&ToMonth=11&ToYear=2020&Variable=Issuer,1620599872,18:37:52,20210509
50,2008-06-30,WM.TO,CAD,2008-06-30,2008-06-30,Q2,46484.0,0.0,0.0,0.0,0.0,0.0,0.0,38618.0,1073254.0,1073254.0,0.0,23797.0,-1002973.0,-21.57673608123225,-1026770.0,-22.08867567334997,-358928.0,-1390783.0,-29.919606746407364,-327758.0,-1063025.0,-22.86862146114792,-0.01,-0.01,106302500,106302500,https://www.sedar.com/ModifyCompanyDocumentSearchForm.do?lang=EN&company_search=Wallbridge Mining Company Ltd&document_selection=0&industry_group=A&FromDate=13&FromMonth=05&FromYear=2000&ToDate=13&ToMonth=11&ToYear=2020&Variable=Issuer,https://www.sedar.com/ModifyCompanyDocumentSearchForm.do?lang=EN&company_search=Wallbridge Mining Company Ltd&document_selection=0&industry_group=A&FromDate=13&FromMonth=05&FromYear=2000&ToDate=13&ToMonth=11&ToYear=2020&Variable=Issuer,1620599872,18:37:52,20210509
51,2008-03-31,WM.TO,CAD,2008-03-31,2008-03-31,Q1,0.0,0.0,0.0,0.0,0.0,0.0,0.0,19648.0,590251.0,590251.0,0.0,26938.0,-563313.0,0.0,-590251.0,0.0,-20372.0,-575723.0,0.0,-147205.0,-428518.0,0.0,-0.01,-0.01,88503239,88503239,https://www.sedar.com/ModifyCompanyDocumentSearchForm.do?lang=EN&company_search=Wallbridge Mining Company Ltd&document_selection=0&industry_group=A&FromDate=13&FromMonth=05&FromYear=2000&ToDate=13&ToMonth=11&ToYear=2020&Variable=Issuer,https://www.sedar.com/ModifyCompanyDocumentSearchForm.do?lang=EN&company_search=Wallbridge Mining Company Ltd&document_selection=0&industry_group=A&FromDate=13&FromMonth=05&FromYear=2000&ToDate=13&ToMonth=11&ToYear=2020&Variable=Issuer,1620599872,18:37:52,20210509
52,2007-12-31,WM.TO,CAD,2007-12-31,2007-12-31,Q4,63546.0,0.0,0.0,0.0,0.0,0.0,0.0,81273.0,743971.0,743971.0,0.0,28713.0,-651712.0,-10.255751738897807,-680425.0,-10.707597645799893,-1640000.0,-2339676.0,-36.818619582664525,-548902.0,-1790774.0,-28.18075095206622,-0.0024561971719976464,-0.0024561971719976464,729083976,729083976,https://www.sedar.com/ModifyCompanyDocumentSearchForm.do?lang=EN&company_search=Wallbridge Mining Company Ltd&document_selection=0&industry_group=A&FromDate=13&FromMonth=05&FromYear=2000&ToDate=13&ToMonth=11&ToYear=2020&Variable=Issuer,https://www.sedar.com/ModifyCompanyDocumentSearchForm.do?lang=EN&company_search=Wallbridge Mining Company Ltd&document_selection=0&industry_group=A&FromDate=13&FromMonth=05&FromYear=2000&ToDate=13&ToMonth=11&ToYear=2020&Variable=Issuer,1620599872,18:37:52,20210509
53,2007-09-30,WM.TO,CAD,2007-09-30,2007-09-30,Q3,75771.0,0.0,0.0,0.0,0.0,0.0,0.0,58632.0,524063.0,524063.0,0.0,30803.0,-417489.0,-5.509878449538742,-448292.0,-5.916406012854522,-491374.0,-952507.0,-12.570864842749865,-116608.0,-835899.0,-11.03191194520331,-0.011,-0.011,75909701,75909701,https://www.sedar.com/ModifyCompanyDocumentSearchForm.do?lang=EN&company_search=Wallbridge Mining Company Ltd&document_selection=0&industry_group=A&FromDate=13&FromMonth=05&FromYear=2000&ToDate=13&ToMonth=11&ToYear=2020&Variable=Issuer,https://www.sedar.com/ModifyCompanyDocumentSearchForm.do?lang=EN&company_search=Wallbridge Mining Company Ltd&document_selection=0&industry_group=A&FromDate=13&FromMonth=05&FromYear=2000&ToDate=13&ToMonth=11&ToYear=2020&Variable=Issuer,1620599872,18:37:52,20210509
54,2007-06-30,WM.TO,CAD,2007-06-30,2007-06-30,Q2,106211.0,0.0,106211.0,1.0,0.0,0.0,0.0,93007.0,1184083.0,1184083.0,1969.0,29026.0,-1048846.0,-9.87511651335549,-1077872.0,-10.148402707817457,54053.0,-1119295.0,-10.538409392624116,-105733.0,-1013562.0,-9.542909868092758,-0.0171,-0.0171,75864739,75864739,https://www.sedar.com/ModifyCompanyDocumentSearchForm.do?lang=EN&company_search=Wallbridge Mining Company Ltd&document_selection=0&industry_group=A&FromDate=13&FromMonth=05&FromYear=2000&ToDate=13&ToMonth=11&ToYear=2020&Variable=Issuer,https://www.sedar.com/ModifyCompanyDocumentSearchForm.do?lang=EN&company_search=Wallbridge Mining Company Ltd&document_selection=0&industry_group=A&FromDate=13&FromMonth=05&FromYear=2000&ToDate=13&ToMonth=11&ToYear=2020&Variable=Issuer,1620599872,18:37:52,20210509
55,2007-03-31,WM.TO,CAD,2007-03-31,2007-03-31,Q1,0.0,0.0,0.0,0.0,0.0,0.0,0.0,64099.0,634306.0,634306.0,0.0,26991.0,-607315.0,0.0,-634306.0,0.0,-786058.0,-1402031.0,0.0,-559500.0,-842531.0,0.0,-0.013,-0.013,65033072,65033072,https://www.sedar.com/ModifyCompanyDocumentSearchForm.do?lang=EN&company_search=Wallbridge Mining Company Ltd&document_selection=0&industry_group=A&FromDate=13&FromMonth=05&FromYear=2000&ToDate=13&ToMonth=11&ToYear=2020&Variable=Issuer,https://www.sedar.com/ModifyCompanyDocumentSearchForm.do?lang=EN&company_search=Wallbridge Mining Company Ltd&document_selection=0&industry_group=A&FromDate=13&FromMonth=05&FromYear=2000&ToDate=13&ToMonth=11&ToYear=2020&Variable=Issuer,1620599872,18:37:52,20210509
56,2006-12-31,WM.TO,CAD,2006-12-31,2006-12-31,Q4,83731.0,0.0,83731.0,1.0,0.0,0.0,0.0,52455.0,610209.0,610209.0,1995.0,35415.0,-491063.0,-5.864769320801137,-526478.0,-6.287730947916542,-268302.0,-789967.0,-9.43458217386631,-129121.0,-660846.0,-7.892489042290191,-0.0009064058760770241,-0.0009064058760770241,729083976,729083976,https://www.sedar.com/ModifyCompanyDocumentSearchForm.do?lang=EN&company_search=Wallbridge Mining Company Ltd&document_selection=0&industry_group=A&FromDate=13&FromMonth=05&FromYear=2000&ToDate=13&ToMonth=11&ToYear=2020&Variable=Issuer,https://www.sedar.com/ModifyCompanyDocumentSearchForm.do?lang=EN&company_search=Wallbridge Mining Company Ltd&document_selection=0&industry_group=A&FromDate=13&FromMonth=05&FromYear=2000&ToDate=13&ToMonth=11&ToYear=2020&Variable=Issuer,1620599872,18:37:52,20210509
57,2006-09-30,WM.TO,CAD,2006-09-30,2006-09-30,Q3,54534.0,0.0,0.0,0.0,0.0,0.0,0.0,-6887.0,431632.0,431632.0,0.0,62049.0,-315049.0,-5.777111526753951,-377098.0,-6.914915465581105,-424887.0,-796795.0,-14.610976638427402,-155628.0,-641167.0,-11.757197344775737,-0.0114,-0.0114,56232783,56232783,https://www.sedar.com/ModifyCompanyDocumentSearchForm.do?lang=EN&company_search=Wallbridge Mining Company Ltd&document_selection=0&industry_group=A&FromDate=13&FromMonth=05&FromYear=2000&ToDate=13&ToMonth=11&ToYear=2020&Variable=Issuer,https://www.sedar.com/ModifyCompanyDocumentSearchForm.do?lang=EN&company_search=Wallbridge Mining Company Ltd&document_selection=0&industry_group=A&FromDate=13&FromMonth=05&FromYear=2000&ToDate=13&ToMonth=11&ToYear=2020&Variable=Issuer,1620599872,18:37:52,20210509
58,2006-06-30,WM.TO,CAD,2006-06-30,2006-06-30,Q2,77824.0,0.0,0.0,0.0,0.0,0.0,0.0,0.0,393163.0,393163.0,0.0,4769.0,-310570.0,-3.990671258223684,-315339.0,-4.051950555098684,113584.0,-273863.0,-3.5190044202302633,-172341.0,-101522.0,-1.3045076069078947,-0.002,-0.002,49759739,49759739,https://www.sedar.com/ModifyCompanyDocumentSearchForm.do?lang=EN&company_search=Wallbridge Mining Company Ltd&document_selection=0&industry_group=A&FromDate=13&FromMonth=05&FromYear=2000&ToDate=13&ToMonth=11&ToYear=2020&Variable=Issuer,https://www.sedar.com/ModifyCompanyDocumentSearchForm.do?lang=EN&company_search=Wallbridge Mining Company Ltd&document_selection=0&industry_group=A&FromDate=13&FromMonth=05&FromYear=2000&ToDate=13&ToMonth=11&ToYear=2020&Variable=Issuer,1620599872,18:37:52,20210509
59,2006-03-31,WM.TO,CAD,2006-03-31,2006-03-31,Q1,0.0,0.0,0.0,0.0,0.0,0.0,0.0,0.0,488793.0,488793.0,0.0,29768.0,-459025.0,0.0,-488793.0,0.0,67949.0,-416869.0,0.0,60133.0,-477002.0,0.0,-0.0107,-0.0107,49759739,49759739,https://www.sedar.com/ModifyCompanyDocumentSearchForm.do?lang=EN&company_search=Wallbridge Mining Company Ltd&document_selection=0&industry_group=A&FromDate=13&FromMonth=05&FromYear=2000&ToDate=13&ToMonth=11&ToYear=2020&Variable=Issuer,https://www.sedar.com/ModifyCompanyDocumentSearchForm.do?lang=EN&company_search=Wallbridge Mining Company Ltd&document_selection=0&industry_group=A&FromDate=13&FromMonth=05&FromYear=2000&ToDate=13&ToMonth=11&ToYear=2020&Variable=Issuer,1620599872,18:37:52,20210509
60,2005-12-31,WM.TO,CAD,2005-12-31,2005-12-31,Q4,71015.0,0.0,71015.0,1.0,0.0,0.0,0.0,297392.0,367927.0,367927.0,1689.0,32916.0,-263996.0,-3.7174681405336902,-296912.0,-4.180975850172499,-5310604.0,-5669546.0,-79.83589382524819,-2577250.0,-3082161.0,-43.40154896852778,-0.0042274430675458986,-0.0042274430675458986,729083976,729083976,https://www.sedar.com/ModifyCompanyDocumentSearchForm.do?lang=EN&company_search=Wallbridge Mining Company Ltd&document_selection=0&industry_group=A&FromDate=13&FromMonth=05&FromYear=2000&ToDate=13&ToMonth=11&ToYear=2020&Variable=Issuer,https://www.sedar.com/ModifyCompanyDocumentSearchForm.do?lang=EN&company_search=Wallbridge Mining Company Ltd&document_selection=0&industry_group=A&FromDate=13&FromMonth=05&FromYear=2000&ToDate=13&ToMonth=11&ToYear=2020&Variable=Issuer,1620599872,18:37:52,20210509
61,2005-09-30,WM.TO,CAD,2005-09-30,2005-09-30,Q3,107867.0,0.0,0.0,0.0,0.0,0.0,0.0,0.0,412100.0,412100.0,0.0,31738.0,-272495.0,-2.5262128361778857,-304233.0,-2.8204455486849547,100731.0,-305837.0,-2.835315712868625,-22507.0,-283330.0,-2.626660609825062,-0.0062,-0.0062,47353786,47353786,https://www.sedar.com/ModifyCompanyDocumentSearchForm.do?lang=EN&company_search=Wallbridge Mining Company Ltd&document_selection=0&industry_group=A&FromDate=13&FromMonth=05&FromYear=2000&ToDate=13&ToMonth=11&ToYear=2020&Variable=Issuer,https://www.sedar.com/ModifyCompanyDocumentSearchForm.do?lang=EN&company_search=Wallbridge Mining Company Ltd&document_selection=0&industry_group=A&FromDate=13&FromMonth=05&FromYear=2000&ToDate=13&ToMonth=11&ToYear=2020&Variable=Issuer,1620599872,18:37:52,20210509
62,2005-06-30,WM.TO,CAD,2005-06-30,2005-06-30,Q2,93086.0,0.0,93086.0,1.0,0.0,0.0,0.0,81260.0,365293.0,365293.0,1620.0,34537.0,-237670.0,-2.553230346131534,-272207.0,-2.9242528414584363,-534433.0,-889520.0,-9.555894549126615,-247268.0,-642252.0,-6.8995552499838855,-0.0144,-0.0144,44678786,44678786,https://www.sedar.com/ModifyCompanyDocumentSearchForm.do?lang=EN&company_search=Wallbridge Mining Company Ltd&document_selection=0&industry_group=A&FromDate=13&FromMonth=05&FromYear=2000&ToDate=13&ToMonth=11&ToYear=2020&Variable=Issuer,https://www.sedar.com/ModifyCompanyDocumentSearchForm.do?lang=EN&company_search=Wallbridge Mining Company Ltd&document_selection=0&industry_group=A&FromDate=13&FromMonth=05&FromYear=2000&ToDate=13&ToMonth=11&ToYear=2020&Variable=Issuer,1620599872,18:37:52,20210509
63,2005-03-31,WM.TO,CAD,2005-03-31,2005-03-31,Q1,95651.0,0.0,0.0,0.0,0.0,0.0,0.0,0.0,483543.0,483543.0,0.0,28749.0,-359143.0,-3.7547228988719406,-387892.0,-4.055284314852955,77730.0,-389494.0,-4.072032702219527,-21220.0,-368274.0,-3.8501845249918976,-0.0082,-0.0082,44678786,44678786,https://www.sedar.com/ModifyCompanyDocumentSearchForm.do?lang=EN&company_search=Wallbridge Mining Company Ltd&document_selection=0&industry_group=A&FromDate=13&FromMonth=05&FromYear=2000&ToDate=13&ToMonth=11&ToYear=2020&Variable=Issuer,https://www.sedar.com/ModifyCompanyDocumentSearchForm.do?lang=EN&company_search=Wallbridge Mining Company Ltd&document_selection=0&industry_group=A&FromDate=13&FromMonth=05&FromYear=2000&ToDate=13&ToMonth=11&ToYear=2020&Variable=Issuer,1620599872,18:37:52,20210509
64,2004-12-31,WM.TO,CAD,2004-12-31,2004-12-31,Q4,54476.0,0.0,0.0,0.0,0.0,0.0,0.0,0.0,346660.0,346660.0,0.0,30645.0,-261539.0,-4.8009949335487185,-292184.0,-5.3635362361406855,-392804.0,-413089.0,-7.582953961377488,-66867.0,-346222.0,-6.355495998237756,-0.0004748725954717732,-0.0004748725954717732,729083976,729083976,https://www.sedar.com/ModifyCompanyDocumentSearchForm.do?lang=EN&company_search=Wallbridge Mining Company Ltd&document_selection=0&industry_group=A&FromDate=13&FromMonth=05&FromYear=2000&ToDate=13&ToMonth=11&ToYear=2020&Variable=Issuer,https://www.sedar.com/ModifyCompanyDocumentSearchForm.do?lang=EN&company_search=Wallbridge Mining Company Ltd&document_selection=0&industry_group=A&FromDate=13&FromMonth=05&FromYear=2000&ToDate=13&ToMonth=11&ToYear=2020&Variable=Issuer,1620599872,18:37:52,20210509
65,2004-09-30,WM.TO,CAD,2004-09-30,2004-09-30,Q3,49584.0,0.0,0.0,0.0,0.0,0.0,0.0,0.0,556489.0,556489.0,0.0,30617.0,-476288.0,-9.60567925137141,-506905.0,-10.22315666343982,44868.0,-508421.0,-10.253731042271701,-38433.0,-469988.0,-9.478622136172959,-0.0131,-0.0131,36345452,36345452,https://www.sedar.com/ModifyCompanyDocumentSearchForm.do?lang=EN&company_search=Wallbridge Mining Company Ltd&document_selection=0&industry_group=A&FromDate=13&FromMonth=05&FromYear=2000&ToDate=13&ToMonth=11&ToYear=2020&Variable=Issuer,https://www.sedar.com/ModifyCompanyDocumentSearchForm.do?lang=EN&company_search=Wallbridge Mining Company Ltd&document_selection=0&industry_group=A&FromDate=13&FromMonth=05&FromYear=2000&ToDate=13&ToMonth=11&ToYear=2020&Variable=Issuer,1620599872,18:37:52,20210509
66,2004-06-30,WM.TO,CAD,2004-06-30,2004-06-30,Q2,46236.0,0.0,0.0,0.0,0.0,0.0,0.0,0.0,565265.0,565265.0,0.0,32336.0,-486693.0,-10.526278224759928,-519029.0,-11.225646682238947,40117.0,-520589.0,-11.259386625140584,-316239.0,-204350.0,-4.41971623842893,-0.0057666754843513565,-0.005766674996151552,35436362,35436365,https://www.sedar.com/ModifyCompanyDocumentSearchForm.do?lang=EN&company_search=Wallbridge Mining Company Ltd&document_selection=0&industry_group=A&FromDate=13&FromMonth=05&FromYear=2000&ToDate=13&ToMonth=11&ToYear=2020&Variable=Issuer,https://www.sedar.com/ModifyCompanyDocumentSearchForm.do?lang=EN&company_search=Wallbridge Mining Company Ltd&document_selection=0&industry_group=A&FromDate=13&FromMonth=05&FromYear=2000&ToDate=13&ToMonth=11&ToYear=2020&Variable=Issuer,1620599872,18:37:52,20210509
67,2004-03-31,WM.TO,CAD,2004-03-31,2004-03-31,Q1,0.0,0.0,0.0,0.0,0.0,0.0,0.0,188518.0,515588.0,515588.0,2778.0,28114.0,-487474.0,0.0,-515588.0,0.0,170968.0,-330815.0,0.0,-25602.0,-305213.0,0.0,-0.0086,-0.0086,35406362,35406362,https://www.sedar.com/ModifyCompanyDocumentSearchForm.do?lang=EN&company_search=Wallbridge Mining Company Ltd&document_selection=0&industry_group=A&FromDate=13&FromMonth=05&FromYear=2000&ToDate=13&ToMonth=11&ToYear=2020&Variable=Issuer,https://www.sedar.com/ModifyCompanyDocumentSearchForm.do?lang=EN&company_search=Wallbridge Mining Company Ltd&document_selection=0&industry_group=A&FromDate=13&FromMonth=05&FromYear=2000&ToDate=13&ToMonth=11&ToYear=2020&Variable=Issuer,1620599872,18:37:52,20210509
68,2003-12-31,WM.TO,CAD,2003-12-31,2003-12-31,Q4,80756.0,0.0,80756.0,1.0,0.0,0.0,0.0,0.0,418722.0,418722.0,0.0,29052.0,-308914.0,-3.8252761404725346,-337966.0,-4.185026499578979,-487987.0,-658268.0,-8.1513200257566,-907308.0,249040.0,3.0838575461885185,0.0003415793080055294,0.0003415793080055294,729083976,729083976,https://www.sedar.com/ModifyCompanyDocumentSearchForm.do?lang=EN&company_search=Wallbridge Mining Company Ltd&document_selection=0&industry_group=A&FromDate=13&FromMonth=05&FromYear=2000&ToDate=13&ToMonth=11&ToYear=2020&Variable=Issuer,https://www.sedar.com/ModifyCompanyDocumentSearchForm.do?lang=EN&company_search=Wallbridge Mining Company Ltd&document_selection=0&industry_group=A&FromDate=13&FromMonth=05&FromYear=2000&ToDate=13&ToMonth=11&ToYear=2020&Variable=Issuer,1620599872,18:37:52,20210509
69,2003-09-30,WM.TO,CAD,2003-09-30,2003-09-30,Q3,46509.0,0.0,46509.0,1.0,0.0,0.0,0.0,35951.0,432019.0,432019.0,0.0,26160.0,-359350.0,-7.726461545077297,-385510.0,-8.288933324732847,-598061.0,-1019522.0,-21.92096153432669,-85800.0,-933722.0,-20.076157302887612,-0.0319,-0.0319,29909241,29909241,https://www.sedar.com/ModifyCompanyDocumentSearchForm.do?lang=EN&company_search=Wallbridge Mining Company Ltd&document_selection=0&industry_group=A&FromDate=13&FromMonth=05&FromYear=2000&ToDate=13&ToMonth=11&ToYear=2020&Variable=Issuer,https://www.sedar.com/ModifyCompanyDocumentSearchForm.do?lang=EN&company_search=Wallbridge Mining Company Ltd&document_selection=0&industry_group=A&FromDate=13&FromMonth=05&FromYear=2000&ToDate=13&ToMonth=11&ToYear=2020&Variable=Issuer,1620599872,18:37:52,20210509
70,2003-06-30,WM.TO,CAD,2003-06-30,2003-06-30,Q2,42823.0,0.0,0.0,0.0,0.0,0.0,0.0,34105.0,608687.0,608687.0,0.0,23187.0,-542677.0,-12.672559138780562,-565864.0,-13.214020503000723,7102.0,-592867.0,-13.844592858977652,-12900.0,-579967.0,-13.543352871120659,-0.0199,-0.0199,29109241,29109241,https://www.sedar.com/ModifyCompanyDocumentSearchForm.do?lang=EN&company_search=Wallbridge Mining Company Ltd&document_selection=0&industry_group=A&FromDate=13&FromMonth=05&FromYear=2000&ToDate=13&ToMonth=11&ToYear=2020&Variable=Issuer,https://www.sedar.com/ModifyCompanyDocumentSearchForm.do?lang=EN&company_search=Wallbridge Mining Company Ltd&document_selection=0&industry_group=A&FromDate=13&FromMonth=05&FromYear=2000&ToDate=13&ToMonth=11&ToYear=2020&Variable=Issuer,1620599872,18:37:52,20210509
71,2003-03-31,WM.TO,CAD,2003-03-31,2003-03-31,Q1,129641.0,0.0,0.0,0.0,0.0,0.0,0.0,0.0,523069.0,523069.0,0.0,14909.0,-378519.0,-2.919747610709575,-393428.0,-3.0347498090881744,111868.0,-393428.0,-3.0347498090881744,-282000.0,-111428.0,-0.8595120370870326,-0.003828,-0.003828,29109241,29109241,https://www.sedar.com/ModifyCompanyDocumentSearchForm.do?lang=EN&company_search=Wallbridge Mining Company Ltd&document_selection=0&industry_group=A&FromDate=13&FromMonth=05&FromYear=2000&ToDate=13&ToMonth=11&ToYear=2020&Variable=Issuer,https://www.sedar.com/ModifyCompanyDocumentSearchForm.do?lang=EN&company_search=Wallbridge Mining Company Ltd&document_selection=0&industry_group=A&FromDate=13&FromMonth=05&FromYear=2000&ToDate=13&ToMonth=11&ToYear=2020&Variable=Issuer,1620599872,18:37:52,20210509
72,2002-12-31,WM.TO,CAD,2002-12-31,2002-12-31,Q4,66181.0,0.0,0.0,0.0,0.0,0.0,0.0,0.0,664301.0,664301.0,0.0,16194.0,-581926.0,-8.792946616098275,-598120.0,-9.037639201583536,-221117.0,-617500.0,-9.330472492104985,-78172.0,-539328.0,-8.14928755987368,-0.0007397337175875609,-0.0007397337175875609,729083976,729083976,https://www.sedar.com/ModifyCompanyDocumentSearchForm.do?lang=EN&company_search=Wallbridge Mining Company Ltd&document_selection=0&industry_group=A&FromDate=13&FromMonth=05&FromYear=2000&ToDate=13&ToMonth=11&ToYear=2020&Variable=Issuer,https://www.sedar.com/ModifyCompanyDocumentSearchForm.do?lang=EN&company_search=Wallbridge Mining Company Ltd&document_selection=0&industry_group=A&FromDate=13&FromMonth=05&FromYear=2000&ToDate=13&ToMonth=11&ToYear=2020&Variable=Issuer,1620599872,18:37:52,20210509
73,2002-09-30,WM.TO,CAD,2002-09-30,2002-09-30,Q3,58158.0,0.0,0.0,0.0,0.0,407832.0,0.0,43558.0,420088.0,420088.0,0.0,12256.0,-349674.0,-6.012483235324461,-361930.0,-6.223219505485058,43303.0,-362185.0,-6.227604112933732,-4638.0,-357547.0,-6.147855840984903,-0.014,-0.014,25510941,25510941,https://www.sedar.com/ModifyCompanyDocumentSearchForm.do?lang=EN&company_search=Wallbridge Mining Company Ltd&document_selection=0&industry_group=A&FromDate=13&FromMonth=05&FromYear=2000&ToDate=13&ToMonth=11&ToYear=2020&Variable=Issuer,https://www.sedar.com/ModifyCompanyDocumentSearchForm.do?lang=EN&company_search=Wallbridge Mining Company Ltd&document_selection=0&industry_group=A&FromDate=13&FromMonth=05&FromYear=2000&ToDate=13&ToMonth=11&ToYear=2020&Variable=Issuer,1620599872,18:37:52,20210509
74,2002-06-30,WM.TO,CAD,2002-06-30,2002-06-30,Q2,0.0,0.0,0.0,0.0,0.0,468024.0,0.0,0.0,479406.0,479406.0,0.0,11382.0,-468024.0,0.0,-479406.0,0.0,31667.0,-433845.0,0.0,125.0,-433970.0,0.0,-0.017,-0.017,25510941,25510941,https://www.sedar.com/ModifyCompanyDocumentSearchForm.do?lang=EN&company_search=Wallbridge Mining Company Ltd&document_selection=0&industry_group=A&FromDate=13&FromMonth=05&FromYear=2000&ToDate=13&ToMonth=11&ToYear=2020&Variable=Issuer,https://www.sedar.com/ModifyCompanyDocumentSearchForm.do?lang=EN&company_search=Wallbridge Mining Company Ltd&document_selection=0&industry_group=A&FromDate=13&FromMonth=05&FromYear=2000&ToDate=13&ToMonth=11&ToYear=2020&Variable=Issuer,1620599872,18:37:52,20210509
75,2002-03-31,WM.TO,CAD,2002-03-31,2002-03-31,Q1,143290.0,0.0,0.0,0.0,0.0,445185.0,0.0,126512.0,455515.0,455515.0,0.0,10330.0,-301895.0,-2.106881150115151,-312225.0,-2.178972712680578,90370.0,-348367.0,-2.4312024565566333,-216000.0,-132367.0,-0.9237699769697816,-0.005,-0.005,25510941,25510941,https://www.sedar.com/ModifyCompanyDocumentSearchForm.do?lang=EN&company_search=Wallbridge Mining Company Ltd&document_selection=0&industry_group=A&FromDate=13&FromMonth=05&FromYear=2000&ToDate=13&ToMonth=11&ToYear=2020&Variable=Issuer,https://www.sedar.com/ModifyCompanyDocumentSearchForm.do?lang=EN&company_search=Wallbridge Mining Company Ltd&document_selection=0&industry_group=A&FromDate=13&FromMonth=05&FromYear=2000&ToDate=13&ToMonth=11&ToYear=2020&Variable=Issuer,1620599872,18:37:52,20210509
76,2001-12-31,WM.TO,CAD,2001-12-31,2001-12-31,Q4,35400.0,0.0,0.0,0.0,0.0,913148.0,0.0,0.0,564138.0,564138.0,0.0,10024.0,-518714.0,-14.652937853107344,-528738.0,-14.936101694915255,-981078.0,-1509816.0,-42.650169491525425,-187055.0,-1322761.0,-37.36612994350283,-0.0018142779755730087,-0.0018142779755730087,729083976,729083976,https://www.sedar.com/ModifyCompanyDocumentSearchForm.do?lang=EN&company_search=Wallbridge Mining Company Ltd&document_selection=0&industry_group=A&FromDate=13&FromMonth=05&FromYear=2000&ToDate=13&ToMonth=11&ToYear=2020&Variable=Issuer,https://www.sedar.com/ModifyCompanyDocumentSearchForm.do?lang=EN&company_search=Wallbridge Mining Company Ltd&document_selection=0&industry_group=A&FromDate=13&FromMonth=05&FromYear=2000&ToDate=13&ToMonth=11&ToYear=2020&Variable=Issuer,1620599872,18:37:52,20210509
77,2001-09-30,WM.TO,CAD,2001-09-30,2001-09-30,Q3,65473.0,0.0,0.0,0.0,0.0,230516.0,0.0,0.0,358194.0,358194.0,0.0,8000.0,-284721.0,-4.34867808104104,-292721.0,-4.470865853099751,-10019.0,-302740.0,-4.6238907641317795,28500.0,-331240.0,-5.059184702090938,-0.012,-0.012,25260941,25260941,https://www.sedar.com/ModifyCompanyDocumentSearchForm.do?lang=EN&company_search=Wallbridge Mining Company Ltd&document_selection=0&industry_group=A&FromDate=13&FromMonth=05&FromYear=2000&ToDate=13&ToMonth=11&ToYear=2020&Variable=Issuer,https://www.sedar.com/ModifyCompanyDocumentSearchForm.do?lang=EN&company_search=Wallbridge Mining Company Ltd&document_selection=0&industry_group=A&FromDate=13&FromMonth=05&FromYear=2000&ToDate=13&ToMonth=11&ToYear=2020&Variable=Issuer,1620599872,18:37:52,20210509
78,2001-06-30,WM.TO,CAD,2001-06-30,2001-06-30,Q2,1.0,0.0,0.0,0.0,0.0,682786.0,0.0,0.0,691316.0,691316.0,0.0,8530.0,-682785.0,-682785.0,-691315.0,-691315.0,-208837.0,0.0,0.0,0.0,-814952.0,-814952.0,-0.03,-0.03,25085941,25085941,https://www.sedar.com/ModifyCompanyDocumentSearchForm.do?lang=EN&company_search=Wallbridge Mining Company Ltd&document_selection=0&industry_group=A&FromDate=13&FromMonth=05&FromYear=2000&ToDate=13&ToMonth=11&ToYear=2020&Variable=Issuer,https://www.sedar.com/ModifyCompanyDocumentSearchForm.do?lang=EN&company_search=Wallbridge Mining Company Ltd&document_selection=0&industry_group=A&FromDate=13&FromMonth=05&FromYear=2000&ToDate=13&ToMonth=11&ToYear=2020&Variable=Issuer,1620599872,18:37:52,20210509
79,2001-03-31,WM.TO,CAD,2001-03-31,2001-03-31,Q1,1.0,0.0,0.0,0.0,0.0,297349.0,0.0,0.0,303834.0,303834.0,0.0,6485.0,-297348.0,-297348.0,-303833.0,-303833.0,-853437.0,-1038448.0,-1038448.0,-158485.0,-879963.0,-879963.0,-0.03,-0.03,25085941,25085941,https://www.sedar.com/ModifyCompanyDocumentSearchForm.do?lang=EN&company_search=Wallbridge Mining Company Ltd&document_selection=0&industry_group=A&FromDate=13&FromMonth=05&FromYear=2000&ToDate=13&ToMonth=11&ToYear=2020&Variable=Issuer,https://www.sedar.com/ModifyCompanyDocumentSearchForm.do?lang=EN&company_search=Wallbridge Mining Company Ltd&document_selection=0&industry_group=A&FromDate=13&FromMonth=05&FromYear=2000&ToDate=13&ToMonth=11&ToYear=2020&Variable=Issuer,1620599872,18:37:52,20210509
80,2000-12-31,WM.TO,CAD,2000-12-31,2000-12-31,Q4,0.0,0.0,0.0,0.0,0.0,246659.0,0.0,0.0,253989.0,253989.0,0.0,7330.0,-246659.0,0.0,-253989.0,0.0,0.0,0.0,0.0,0.0,-137060.0,0.0,-0.00018798931880516326,-0.00018798931880516326,729083976,729083976,https://www.sedar.com/ModifyCompanyDocumentSearchForm.do?lang=EN&company_search=Wallbridge Mining Company Ltd&document_selection=0&industry_group=A&FromDate=13&FromMonth=05&FromYear=2000&ToDate=13&ToMonth=11&ToYear=2020&Variable=Issuer,https://www.sedar.com/ModifyCompanyDocumentSearchForm.do?lang=EN&company_search=Wallbridge Mining Company Ltd&document_selection=0&industry_group=A&FromDate=13&FromMonth=05&FromYear=2000&ToDate=13&ToMonth=11&ToYear=2020&Variable=Issuer,1620599872,18:37:52,20210509
81,2000-09-30,WM.TO,CAD,2000-09-30,2000-09-30,Q3,1.0,0.0,0.0,0.0,0.0,225676.0,0.0,0.0,231841.0,231841.0,0.0,6165.0,-225675.0,-225675.0,-231840.0,-231840.0,0.0,0.0,0.0,0.0,-129283.0,-129283.0,-0.005344,-0.005344,24191467,24191467,https://www.sedar.com/ModifyCompanyDocumentSearchForm.do?lang=EN&company_search=Wallbridge Mining Company Ltd&document_selection=0&industry_group=A&FromDate=13&FromMonth=05&FromYear=2000&ToDate=13&ToMonth=11&ToYear=2020&Variable=Issuer,https://www.sedar.com/ModifyCompanyDocumentSearchForm.do?lang=EN&company_search=Wallbridge Mining Company Ltd&document_selection=0&industry_group=A&FromDate=13&FromMonth=05&FromYear=2000&ToDate=13&ToMonth=11&ToYear=2020&Variable=Issuer,1620599872,18:37:52,20210509
82,2000-06-30,WM.TO,CAD,2000-06-30,2000-06-30,Q2,1.0,0.0,0.0,0.0,0.0,196535.0,0.0,0.0,199121.0,199121.0,0.0,2586.0,-196534.0,-196534.0,-199120.0,-199120.0,0.0,0.0,0.0,0.0,-197096.0,-197096.0,-0.01,-0.01,13697180,13697180,https://www.sedar.com/ModifyCompanyDocumentSearchForm.do?lang=EN&company_search=Wallbridge Mining Company Ltd&document_selection=0&industry_group=A&FromDate=13&FromMonth=05&FromYear=2000&ToDate=13&ToMonth=11&ToYear=2020&Variable=Issuer,https://www.sedar.com/ModifyCompanyDocumentSearchForm.do?lang=EN&company_search=Wallbridge Mining Company Ltd&document_selection=0&industry_group=A&FromDate=13&FromMonth=05&FromYear=2000&ToDate=13&ToMonth=11&ToYear=2020&Variable=Issuer,1620599872,18:37:52,20210509
83,2000-03-31,WM.TO,CAD,2000-03-31,2000-03-31,Q1,1.0,0.0,0.0,0.0,0.0,261617.0,0.0,0.0,264327.0,264327.0,0.0,2710.0,-261616.0,-261616.0,-264326.0,-264326.0,0.0,0.0,0.0,0.0,-254612.0,-254612.0,-0.02,-0.02,13697180,13697180,https://www.sedar.com/ModifyCompanyDocumentSearchForm.do?lang=EN&company_search=Wallbridge Mining Company Ltd&document_selection=0&industry_group=A&FromDate=13&FromMonth=05&FromYear=2000&ToDate=13&ToMonth=11&ToYear=2020&Variable=Issuer,https://www.sedar.com/ModifyCompanyDocumentSearchForm.do?lang=EN&company_search=Wallbridge Mining Company Ltd&document_selection=0&industry_group=A&FromDate=13&FromMonth=05&FromYear=2000&ToDate=13&ToMonth=11&ToYear=2020&Variable=Issuer,1620599872,18:37:52,20210509
84,1999-12-31,WM.TO,CAD,1999-12-31,1999-12-31,Q4,0.0,0.0,0.0,0.0,0.0,180341.0,0.0,0.0,184142.0,184142.0,0.0,3801.0,-180341.0,0.0,-184142.0,0.0,0.0,0.0,0.0,0.0,-1738150.0,0.0,-0.0023840189295286337,-0.0023840189295286337,729083976,729083976,https://www.sedar.com/ModifyCompanyDocumentSearchForm.do?lang=EN&company_search=Wallbridge Mining Company Ltd&document_selection=0&industry_group=A&FromDate=13&FromMonth=05&FromYear=2000&ToDate=13&ToMonth=11&ToYear=2020&Variable=Issuer,https://www.sedar.com/ModifyCompanyDocumentSearchForm.do?lang=EN&company_search=Wallbridge Mining Company Ltd&document_selection=0&industry_group=A&FromDate=13&FromMonth=05&FromYear=2000&ToDate=13&ToMonth=11&ToYear=2020&Variable=Issuer,1620599872,18:37:52,20210509
85,1999-09-30,WM.TO,CAD,1999-09-30,1999-09-30,Q3,1.0,0.0,0.0,0.0,0.0,197512.0,0.0,0.0,201581.0,201581.0,0.0,4069.0,-197511.0,-197511.0,-201580.0,-201580.0,0.0,0.0,0.0,0.0,-192609.0,-192609.0,-0.01,-0.01,10547180,10547180,https://www.sedar.com/ModifyCompanyDocumentSearchForm.do?lang=EN&company_search=Wallbridge Mining Company Ltd&document_selection=0&industry_group=A&FromDate=13&FromMonth=05&FromYear=2000&ToDate=13&ToMonth=11&ToYear=2020&Variable=Issuer,https://www.sedar.com/ModifyCompanyDocumentSearchForm.do?lang=EN&company_search=Wallbridge Mining Company Ltd&document_selection=0&industry_group=A&FromDate=13&FromMonth=05&FromYear=2000&ToDate=13&ToMonth=11&ToYear=2020&Variable=Issuer,1620599872,18:37:52,20210509
86,1999-06-30,WM.TO,CAD,1999-06-30,1999-06-30,Q2,1.0,0.0,0.0,0.0,0.0,196950.0,0.0,0.0,200561.0,200561.0,0.0,3611.0,-196949.0,-196949.0,-200560.0,-200560.0,0.0,0.0,0.0,0.0,-200100.0,-200100.0,-0.02,-0.02,10547180,10547180,https://www.sedar.com/ModifyCompanyDocumentSearchForm.do?lang=EN&company_search=Wallbridge Mining Company Ltd&document_selection=0&industry_group=A&FromDate=13&FromMonth=05&FromYear=2000&ToDate=13&ToMonth=11&ToYear=2020&Variable=Issuer,https://www.sedar.com/ModifyCompanyDocumentSearchForm.do?lang=EN&company_search=Wallbridge Mining Company Ltd&document_selection=0&industry_group=A&FromDate=13&FromMonth=05&FromYear=2000&ToDate=13&ToMonth=11&ToYear=2020&Variable=Issuer,1620599872,18:37:52,20210509
87,1999-03-31,WM.TO,CAD,1999-03-31,1999-03-31,Q1,1.0,0.0,0.0,0.0,0.0,119354.0,0.0,0.0,122965.0,122965.0,0.0,3611.0,-119353.0,-119353.0,-122964.0,-122964.0,0.0,0.0,0.0,0.0,-122309.0,-122309.0,-0.01,-0.01,10547180,10547180,https://www.sedar.com/ModifyCompanyDocumentSearchForm.do?lang=EN&company_search=Wallbridge Mining Company Ltd&document_selection=0&industry_group=A&FromDate=13&FromMonth=05&FromYear=2000&ToDate=13&ToMonth=11&ToYear=2020&Variable=Issuer,https://www.sedar.com/ModifyCompanyDocumentSearchForm.do?lang=EN&company_search=Wallbridge Mining Company Ltd&document_selection=0&industry_group=A&FromDate=13&FromMonth=05&FromYear=2000&ToDate=13&ToMonth=11&ToYear=2020&Variable=Issuer,1620599872,18:37:52,20210509
88,1998-12-31,WM.TO,CAD,1998-12-31,1998-12-31,Q4,0.0,0.0,0.0,0.0,0.0,73601.0,0.0,0.0,78047.0,78047.0,0.0,4446.0,-73601.0,0.0,-78047.0,0.0,0.0,0.0,0.0,0.0,-145255.0,0.0,-0.00019922945062778337,-0.00019922945062778337,729083976,729083976,https://www.sedar.com/ModifyCompanyDocumentSearchForm.do?lang=EN&company_search=Wallbridge Mining Company Ltd&document_selection=0&industry_group=A&FromDate=13&FromMonth=05&FromYear=2000&ToDate=13&ToMonth=11&ToYear=2020&Variable=Issuer,https://www.sedar.com/ModifyCompanyDocumentSearchForm.do?lang=EN&company_search=Wallbridge Mining Company Ltd&document_selection=0&industry_group=A&FromDate=13&FromMonth=05&FromYear=2000&ToDate=13&ToMonth=11&ToYear=2020&Variable=Issuer,1620599872,18:37:52,20210509
89,1998-09-30,WM.TO,CAD,1998-09-30,1998-09-30,Q3,1.0,0.0,1.0,1.0,0.0,97027.0,0.0,0.0,101307.0,101307.0,0.0,4280.0,-97026.0,-97026.0,-101306.0,-101306.0,0.0,0.0,0.0,0.0,-100265.0,-100265.0,-0.01,-0.01,10123180,10123180,https://www.sedar.com/ModifyCompanyDocumentSearchForm.do?lang=EN&company_search=Wallbridge Mining Company Ltd&document_selection=0&industry_group=A&FromDate=13&FromMonth=05&FromYear=2000&ToDate=13&ToMonth=11&ToYear=2020&Variable=Issuer,https://www.sedar.com/ModifyCompanyDocumentSearchForm.do?lang=EN&company_search=Wallbridge Mining Company Ltd&document_selection=0&industry_group=A&FromDate=13&FromMonth=05&FromYear=2000&ToDate=13&ToMonth=11&ToYear=2020&Variable=Issuer,1620599872,18:37:52,20210509
90,1998-06-30,WM.TO,CAD,1998-06-30,1998-06-30,Q2,1.0,0.0,0.0,0.0,0.0,138840.0,0.0,0.0,143017.0,143017.0,0.0,4177.0,-138839.0,-138839.0,-143016.0,-143016.0,0.0,0.0,0.0,0.0,-139355.0,-139355.0,-0.01,-0.01,10123180,10123180,https://www.sedar.com/ModifyCompanyDocumentSearchForm.do?lang=EN&company_search=Wallbridge Mining Company Ltd&document_selection=0&industry_group=A&FromDate=13&FromMonth=05&FromYear=2000&ToDate=13&ToMonth=11&ToYear=2020&Variable=Issuer,https://www.sedar.com/ModifyCompanyDocumentSearchForm.do?lang=EN&company_search=Wallbridge Mining Company Ltd&document_selection=0&industry_group=A&FromDate=13&FromMonth=05&FromYear=2000&ToDate=13&ToMonth=11&ToYear=2020&Variable=Issuer,1620599872,18:37:52,20210509
91,1998-03-31,WM.TO,CAD,1998-03-31,1998-03-31,Q1,1.0,0.0,0.0,0.0,0.0,97132.0,0.0,0.0,100254.0,100254.0,0.0,3122.0,-97131.0,-97131.0,-100253.0,-100253.0,0.0,0.0,0.0,0.0,-95587.0,-95587.0,-0.01,-0.01,10123180,10123180,https://www.sedar.com/ModifyCompanyDocumentSearchForm.do?lang=EN&company_search=Wallbridge Mining Company Ltd&document_selection=0&industry_group=A&FromDate=13&FromMonth=05&FromYear=2000&ToDate=13&ToMonth=11&ToYear=2020&Variable=Issuer,https://www.sedar.com/ModifyCompanyDocumentSearchForm.do?lang=EN&company_search=Wallbridge Mining Company Ltd&document_selection=0&industry_group=A&FromDate=13&FromMonth=05&FromYear=2000&ToDate=13&ToMonth=11&ToYear=2020&Variable=Issuer,1620599872,18:37:52,20210509
