,date,symbol,reportedCurrency,fillingDate,acceptedDate,period,revenue,costOfRevenue,grossProfit,grossProfitRatio,researchAndDevelopmentExpenses,generalAndAdministrativeExpenses,sellingAndMarketingExpenses,otherExpenses,operatingExpenses,costAndExpenses,interestExpense,depreciationAndAmortization,ebitda,ebitdaratio,operatingIncome,operatingIncomeRatio,totalOtherIncomeExpensesNet,incomeBeforeTax,incomeBeforeTaxRatio,incomeTaxExpense,netIncome,netIncomeRatio,eps,epsdiluted,weightedAverageShsOut,weightedAverageShsOutDil,link,finalLink,timestamp,est_time,est_date
0,2021-01-31,RCAT,USD,2021-03-22,2021-03-22,Q1,2145988.0,1576265.0,569723.0,0.2654828451976432,167968.0,1353350.0,48719.0,0.0,0.0,3298412.0,0.0,0.0,6684983.0,3.1151073538155853,-1152424.0,-4.186537855756882,-7831836.0,-8984260.0,-4.186537855756882,0.0,-8984260.0,-4.186537855756882,-0.34,-0.34,26232755.0,26232755.0,https://www.sec.gov/Archives/edgar/data/748268/000155479521000080/0001554795-21-000080-index.htm,https://www.sec.gov/Archives/edgar/data/748268/000155479521000080/rcat0316form10q.htm,1620597100,17:51:40,20210509
1,2020-10-31,RCAT,USD,2020-12-21,2020-12-21,Q4,427807.0,328756.0,99051.0,0.23153197586762256,96559.0,345007.0,24679.0,0.0,0.0,917698.0,0.0,0.0,-257501.0,-0.6019092721717971,-489891.0,-1.6883337579796498,-232390.0,-722281.0,-1.6883337579796498,0.0,-722281.0,-1.6883337579796498,-0.04,-0.04,20241390.0,20241390.0,https://www.sec.gov/Archives/edgar/data/748268/000155479520000327/0001554795-20-000327-index.htm,https://www.sec.gov/Archives/edgar/data/748268/000155479520000327/rcat1220form10q.htm,1620597100,17:51:40,20210509
2,2020-07-31,RCAT,USD,2020-09-21,2020-09-21,Q3,548282.0,446132.0,102150.0,0.18630923502868962,97255.0,274970.0,24136.0,0.0,0.0,931526.0,0.0,0.0,-383244.0,-0.6989906653875195,-383244.0,-0.6989906653875195,0.0,-383244.0,-0.6989906653875195,0.0,-383244.0,-0.6989906653875195,-0.02,-0.02,20011091.0,20011091.0,https://www.sec.gov/Archives/edgar/data/748268/000155479520000248/0001554795-20-000248-index.htm,https://www.sec.gov/Archives/edgar/data/748268/000155479520000248/rcat0918form10q.htm,1620597100,17:51:40,20210509
3,2020-04-30,RCAT,USD,2020-08-13,2020-08-13,Q2,369402.0,309145.0,60257.0,0.1631203945836785,88106.0,655055.0,0.0,0.0,0.0,1052306.0,0.0,0.0,-682904.0,-1.8486743439396647,-682904.0,-1.6937888804067114,0.0,-625689.0,-1.6937888804067114,0.0,-625689.0,-1.6937888804067114,-0.03528527436207084,-0.03528527436207084,17732298.0,17732298.0,https://www.sec.gov/Archives/edgar/data/748268/000155479520000206/0001554795-20-000206-index.htm,https://www.sec.gov/Archives/edgar/data/748268/000155479520000206/rcat0811form10k.htm,1620597100,17:51:40,20210509
4,2020-01-31,RCAT,USD,2020-03-23,2020-03-23,Q1,34538.0,16234.0,18304.0,0.5299669928774103,138465.0,318458.0,0.0,0.0,0.0,473157.0,0.0,0.0,-438619.0,-12.69960623081823,-438619.0,-12.69960623081823,0.0,-438619.0,-12.69960623081823,0.0,-438619.0,-12.69960623081823,-0.02,-0.02,17732298.0,17732298.0,https://www.sec.gov/Archives/edgar/data/748268/000155479520000070/0001554795-20-000070-index.htm,https://www.sec.gov/Archives/edgar/data/748268/000155479520000070/rcat0321form10q.htm,1620597100,17:51:40,20210509
5,2019-10-31,RCAT,USD,2019-12-23,2019-12-23,Q4,0.0,0.0,0.0,0.0,76724.0,139397.0,0.0,0.0,0.0,216121.0,0.0,0.0,-216121.0,0.0,-216121.0,0.0,0.0,-216121.0,0.0,0.0,-216121.0,0.0,-0.01,-0.01,16929048.0,16929048.0,https://www.sec.gov/Archives/edgar/data/748268/000155479519000412/0001554795-19-000412-index.htm,https://www.sec.gov/Archives/edgar/data/748268/000155479519000412/rcat1219form10q.htm,1620597100,17:51:40,20210509
6,2019-07-31,RCAT,USD,2019-09-23,2019-09-23,Q3,0.0,0.0,0.0,0.0,185695.0,135807.0,0.0,0.0,0.0,321502.0,0.0,0.0,-321502.0,0.0,-321502.0,0.0,0.0,-321502.0,0.0,0.0,-321502.0,0.0,-0.854742,-0.854742,374553.0,374553.0,https://www.sec.gov/Archives/edgar/data/748268/000155479519000332/0001554795-19-000332-index.htm,https://www.sec.gov/Archives/edgar/data/748268/000155479519000332/rcat0919form10q.htm,1620597100,17:51:40,20210509
7,2019-06-30,RCAT,USD,2019-09-23,2019-09-23,Q2,0.0,0.0,0.0,0.0,145942.0,129096.0,0.0,0.0,0.0,275038.0,0.0,0.0,-275038.0,0.0,-275038.0,0.0,0.0,-275038.0,0.0,0.0,-275038.0,0.0,-1.174187,-1.174187,234237.0,234237.0,https://www.sec.gov/Archives/edgar/data/748268/000155479519000332/0001554795-19-000332-index.htm,https://www.sec.gov/Archives/edgar/data/748268/000155479519000332/rcat0919form10q.htm,1620597100,17:51:40,20210509
8,2019-03-31,RCAT,USD,2019-05-15,2019-05-15,Q1,4813.0,37257.0,-32444.0,-6.740910035321005,0.0,114759.0,0.0,0.0,0.0,168787.0,121097.0,16026.0,-147948.0,-30.739247870351132,-163974.0,-59.93517556617494,-7898.0,-288468.0,-59.93517556617494,0.0,-288468.0,-59.93517556617494,-1.47074,-1.47074,196138.0,196138.0,https://www.sec.gov/Archives/edgar/data/748268/000155479519000133/0001554795-19-000133-index.htm,https://www.sec.gov/Archives/edgar/data/748268/000155479519000133/tfvr0514form10q.htm,1620597100,17:51:40,20210509
9,2018-12-31,RCAT,USD,2019-04-01,2019-04-01,Q4,37832.0,154758.0,-116926.0,-3.090663988158173,0.0,360368.0,0.0,0.0,0.0,683515.0,116775.0,70330.0,-575353.0,-15.208104250370058,-645683.0,-31.77635335165997,-444617.0,-1202163.0,-31.77635335165997,0.0,-1202163.0,-31.77635335165997,-6.161020684282815,-6.161020684282815,195124.0,195124.0,https://www.sec.gov/Archives/edgar/data/748268/000155479519000079/0001554795-19-000079-index.htm,https://www.sec.gov/Archives/edgar/data/748268/000155479519000079/tfvr0329form10k.htm,1620597100,17:51:40,20210509
10,2018-09-30,RCAT,USD,2018-11-19,2018-11-19,Q3,58380.0,140214.0,-81834.0,-1.4017471736896197,0.0,270387.0,0.0,0.0,0.0,465690.0,117026.0,63248.0,-344062.0,-5.893490921548476,-407310.0,-8.755652620760534,11249.0,-511155.0,-8.755652620760534,0.0,-511155.0,-8.755652620760534,-2.619642,-2.619642,195124.0,195124.0,https://www.sec.gov/Archives/edgar/data/748268/000155479518000345/0001554795-18-000345-index.htm,https://www.sec.gov/Archives/edgar/data/748268/000155479518000345/tfvr1117form10q.htm,1620597100,17:51:40,20210509
11,2018-06-30,RCAT,USD,2018-08-14,2018-08-14,Q2,8917.0,56003.0,-47086.0,-5.280475496243131,0.0,361695.0,0.0,0.0,0.0,492925.0,104247.0,20266.0,-463742.0,-52.00650442974094,-484008.0,-53.59616462935965,108429.0,-477917.0,-53.59616462935965,0.0,-477917.0,-53.59616462935965,-2.84615,-2.84615,167917.0,167917.0,https://www.sec.gov/Archives/edgar/data/748268/000155479518000224/0001554795-18-000224-index.htm,https://www.sec.gov/Archives/edgar/data/748268/000155479518000224/tfvr0814form10q.htm,1620597100,17:51:40,20210509
12,2018-03-31,RCAT,USD,2018-05-21,2018-05-21,Q1,0.0,0.0,0.0,0.0,0.0,569669.0,0.0,0.0,0.0,636505.0,162134.0,868.0,-633796.0,0.0,-636505.0,0.0,-325528.0,-1122326.0,0.0,0.0,-452078.0,0.0,-4.753112,-4.753112,95112.0,95112.0,https://www.sec.gov/Archives/edgar/data/748268/000155479518000141/0001554795-18-000141-index.htm,https://www.sec.gov/Archives/edgar/data/748268/000155479518000141/tfvr0518form10q.htm,1620597100,17:51:40,20210509
13,2017-12-31,RCAT,USD,2018-04-30,2018-04-30,Q4,105.0,32.0,73.0,0.6952380952380952,90917.0,270557.0,0.0,0.0,0.0,371309.0,123117.0,3152.0,-368052.0,-3505.2571428571428,-371204.0,-4099.92380952381,63829.0,-430492.0,-4099.92380952381,0.0,-430492.0,-4099.92380952381,-10.933130158730158,-10.933130158730158,39375.0,39375.0,https://www.sec.gov/Archives/edgar/data/748268/000155479518000109/0001554795-18-000109-index.htm,https://www.sec.gov/Archives/edgar/data/748268/000155479518000109/tfvr0430form10ka1.htm,1620597100,17:51:40,20210509
14,2017-09-30,RCAT,USD,2017-11-15,2017-11-15,Q3,340.0,102.0,238.0,0.7,110125.0,218828.0,0.0,0.0,0.0,333990.0,108774.0,3152.0,-330498.0,-972.0529411764705,-333650.0,-965.3911764705882,114191.0,-328233.0,-965.3911764705882,0.0,-328233.0,-965.3911764705882,-12.004802,-12.004802,39375.0,39375.0,https://www.sec.gov/Archives/edgar/data/748268/000155479517000407/0001554795-17-000407-index.htm,https://www.sec.gov/Archives/edgar/data/748268/000155479517000407/tfvr1113form10q.htm,1620597100,17:51:40,20210509
15,2017-06-30,RCAT,USD,2017-08-21,2017-08-21,Q2,488.0,146.0,342.0,0.7008196721311475,344001.0,470911.0,0.0,0.0,0.0,824256.0,109255.0,3151.0,-820617.0,-1681.592213114754,-823768.0,940.2868852459017,1391883.0,458860.0,940.2868852459017,0.0,458860.0,940.2868852459017,12.004802,12.004802,38522.0,57861.0,https://www.sec.gov/Archives/edgar/data/748268/000155479517000350/0001554795-17-000350-index.htm,https://www.sec.gov/Archives/edgar/data/748268/000155479517000350/tfvr0821form10q.htm,1620597100,17:51:40,20210509
16,2017-03-31,RCAT,USD,2017-03-31,2017-03-31,Q1,0.0,0.0,0.0,0.0,448891.0,594959.0,0.0,0.0,0.0,1159549.0,34939.0,3152.0,-1156395.0,0.0,-1159549.0,0.0,2623178.0,1428692.0,0.0,0.0,1428692.0,0.0,36.014406,24.009604,37372.0,57680.0,,,1620597100,17:51:40,20210509
17,2016-12-31,RCAT,USD,2016-12-31,2016-12-31,Q4,0.0,0.0,0.0,0.0,316298.0,707151.0,0.0,0.0,0.0,689606.0,0.0,3151.0,-2600523.0,0.0,-689606.0,0.0,0.0,-2603674.0,0.0,0.0,-2603674.0,0.0,-75.19201778958616,-75.19201778958616,34627.0,34627.0,,,1620597100,17:51:40,20210509
18,2016-09-30,RCAT,USD,2016-09-30,2016-09-30,Q3,0.0,0.0,0.0,0.0,205503.0,10114.0,0.0,0.0,0.0,592538.0,4286.0,3152.0,-589386.0,0.0,-592538.0,0.0,0.0,-596824.0,0.0,0.0,-596824.0,0.0,-28.717908,-28.717908,34627.0,34627.0,,,1620597100,17:51:40,20210509
19,2016-06-30,RCAT,USD,2016-06-30,2016-06-30,Q2,0.0,0.0,0.0,0.0,0.0,0.0,0.0,0.0,0.0,48583.0,0.0,5150.0,-43433.0,0.0,-48583.0,0.0,0.0,-48583.0,0.0,0.0,-48583.0,0.0,-25.596944,-25.596944,1898.0,1898.0,,,1620597100,17:51:40,20210509
20,2016-03-31,RCAT,USD,2016-03-31,2016-03-31,Q1,0.0,0.0,0.0,0.0,0.0,0.0,0.0,0.0,0.0,44666.0,59.0,5150.0,-39516.0,0.0,-44666.0,0.0,0.0,-44725.0,0.0,0.0,-44725.0,0.0,-23.564278,-23.564278,1898.0,1898.0,,,1620597100,17:51:40,20210509
21,2015-12-31,RCAT,USD,2015-12-31,2015-12-31,Q4,0.0,-5306.0,5306.0,0.0,0.0,0.0,0.0,18500.0,0.0,68120.0,78.0,-7115.0,-49620.0,0.0,-68120.0,0.0,-981500.0,-1049698.0,0.0,0.0,-1049698.0,0.0,-553.054794520548,-553.054794520548,1898.0,1898.0,,,1620597100,17:51:40,20210509
22,2015-09-30,RCAT,USD,2015-09-30,2015-09-30,Q3,19101.0,18447.0,654.0,0.03423904507617402,0.0,0.0,0.0,-105819.0,0.0,111924.0,3208.0,1920.0,-90903.0,-4.75907020574839,-92823.0,-125.5113344851055,-2301361.0,-2397392.0,-125.5113344851055,0.0,-2397392.0,-125.5113344851055,-1320.528211,-1320.528211,1898.0,1902.0,,,1620597100,17:51:40,20210509
23,2015-06-30,RCAT,USD,2015-06-30,2015-06-30,Q2,14161.0,1943.0,12218.0,0.862792175693807,0.0,0.0,0.0,0.0,0.0,56080.0,21620.0,5150.0,-36769.0,-2.596497422498411,-41919.0,-4.408163265306122,1115.0,-62424.0,-4.408163265306122,0.0,-62424.0,-4.408163265306122,-32.889357,-32.889357,1898.0,9928.0,,,1620597100,17:51:40,20210509
24,2015-03-31,RCAT,USD,2015-03-31,2015-03-31,Q1,26142.0,24685.0,1457.0,0.055734067783643176,0.0,0.0,0.0,0.0,0.0,62318.0,79906.0,5150.0,-31026.0,-1.1868257975671332,-36176.0,-2.221712187284829,58002.0,-58080.0,-2.221712187284829,0.0,-58080.0,-2.221712187284829,-36.254682,-36.254682,1602.0,9632.0,,,1620597100,17:51:40,20210509
25,2014-12-31,RCAT,USD,2014-12-31,2014-12-31,Q4,1199.0,0.0,-18885.0,-15.750625521267724,0.0,0.0,0.0,0.0,0.0,145427.0,0.0,5150.0,-139078.0,-115.99499582985821,-144228.0,-5925.867389491243,0.0,-7105115.0,-5925.867389491243,0.0,-7105115.0,-5925.867389491243,-56840.92,-56840.92,125.0,125.0,,,1620597100,17:51:40,20210509
26,2014-09-30,RCAT,USD,2014-09-30,2014-09-30,Q3,25540.0,0.0,25540.0,1.0,0.0,0.0,0.0,0.0,0.0,209482.0,3196.0,5150.0,-178792.0,-7.000469851213782,-183942.0,-7.327251370399374,0.0,-187138.0,-7.327251370399374,0.0,-187138.0,-7.327251370399374,-1497.104,-1920.768307,125.0,7741.0,,,1620597100,17:51:40,20210509
27,2014-06-30,RCAT,USD,2014-06-30,2014-06-30,Q2,15355.0,0.0,15355.0,1.0,0.0,0.0,0.0,0.0,0.0,51932.0,649.0,0.0,-36577.0,-2.382090524259199,-36577.0,-2.4243568870074896,0.0,-37226.0,-2.4243568870074896,0.0,-37226.0,-2.4243568870074896,-404.630435,-404.630435,92.0,92.0,,,1620597100,17:51:40,20210509
28,2014-03-31,RCAT,USD,2014-03-31,2014-03-31,Q1,0.0,0.0,0.0,0.0,0.0,0.0,0.0,0.0,0.0,16030.0,510.0,0.0,-16030.0,0.0,-16030.0,0.0,0.0,-16540.0,0.0,0.0,-16540.0,0.0,-179.782609,-179.782609,92.0,92.0,,,1620597100,17:51:40,20210509
29,2013-12-31,RCAT,USD,2013-12-31,2013-12-31,Q4,-37042.0,0.0,-5508.0,0.14869607472598673,0.0,0.0,0.0,0.0,0.0,-108753.0,-2418.0,0.0,218525.0,-5.8993844824793475,71711.0,-7.230009178770045,183685.0,267814.0,-7.230009178770045,9451.0,258363.0,-6.9748663679067,2808.2934782608695,2808.2934782608695,92.0,92.0,,,1620597100,17:51:40,20210509
30,2013-09-30,RCAT,USD,2013-09-30,2013-09-30,Q3,22836.0,18231.0,4605.0,0.2016552811350499,0.0,67901.0,0.0,-6231.0,0.0,86132.0,578.0,0.0,-69527.0,-3.044622525836399,-63296.0,-3.069933438430548,-6231.0,-70105.0,-3.069933438430548,0.0,-70105.0,-3.069933438430548,-762.01087,-762.01087,92.0,92.0,,,1620597100,17:51:40,20210509
31,2013-06-30,RCAT,USD,2013-06-30,2013-06-30,Q2,12296.0,4619.0,7677.0,0.6243493819128172,0.0,16078.0,0.0,0.0,0.0,20697.0,578.0,0.0,-8401.0,-0.6832303188028627,-8401.0,-0.7302374756018217,0.0,-8979.0,-0.7302374756018217,0.0,-8979.0,-0.7302374756018217,-97.597826,-97.597826,92.0,92.0,,,1620597100,17:51:40,20210509
32,2013-03-31,RCAT,USD,2013-03-31,2013-03-31,Q1,10377.0,8684.0,1693.0,0.16314927242941119,0.0,29783.0,0.0,2236.0,0.0,38467.0,1262.0,0.0,-25854.0,-2.491471523561723,-28090.0,-1.797147537824034,10703.0,-18649.0,-1.797147537824034,0.0,-18649.0,-1.797147537824034,-202.706522,-202.706522,92.0,92.0,,,1620597100,17:51:40,20210509
33,2012-12-31,RCAT,USD,2012-12-31,2012-12-31,Q4,-1047009.0,0.0,0.0,0.0,0.0,89621.0,0.0,0.0,0.0,0.0,1021.0,0.0,-86697.0,0.08280444580705609,0.0,0.08377960456882415,0.0,-87718.0,0.08377960456882415,0.0,-87718.0,0.08377960456882415,-953.4565217391304,-953.4565217391304,92.0,92.0,,,1620597100,17:51:40,20210509
34,2012-09-30,RCAT,USD,2012-09-30,2012-09-30,Q3,11845.0,0.0,0.0,0.0,0.0,35353.0,0.0,0.0,0.0,0.0,1301.0,0.0,-34919.0,-2.947994934571549,0.0,-3.0578303081468974,0.0,-36220.0,-3.0578303081468974,0.0,-36220.0,-3.0578303081468974,-393.695652,-393.695652,92.0,92.0,,,1620597100,17:51:40,20210509
35,2012-06-30,RCAT,USD,2012-06-30,2012-06-30,Q2,70646.0,0.0,0.0,0.0,0.0,43063.0,0.0,0.0,0.0,0.0,2314.0,0.0,25292.0,0.3580103615208221,0.0,0.3252554992497806,0.0,22978.0,0.3252554992497806,0.0,22978.0,0.3252554992497806,249.76087,249.76087,92.0,92.0,,,1620597100,17:51:40,20210509
36,2012-03-31,RCAT,USD,2012-03-31,2012-03-31,Q1,996262.0,0.0,0.0,0.0,0.0,62354.0,0.0,0.0,0.0,0.0,4854.0,0.0,938762.0,0.9422842585584916,0.0,0.9374120462288033,0.0,933908.0,0.9374120462288033,0.0,933908.0,0.9374120462288033,10151.173913,10151.173913,92.0,92.0,,,1620597100,17:51:40,20210509
37,2011-12-31,RCAT,USD,2011-12-31,2011-12-31,Q4,-27759.0,0.0,0.0,0.0,0.0,13844.0,0.0,0.0,0.0,0.0,9644.0,0.0,-31959.0,1.151302280341511,0.0,1.4987211354875896,0.0,-41603.0,1.4987211354875896,0.0,-41603.0,1.4987211354875896,0.0,0.0,0.0,0.0,,,1620597100,17:51:40,20210509
38,2011-09-30,RCAT,USD,2011-09-30,2011-09-30,Q3,12273.0,0.0,0.0,0.0,0.0,10828.0,0.0,0.0,0.0,0.0,9644.0,0.0,11089.0,0.9035280697465983,0.0,0.11773812433797767,0.0,1445.0,0.11773812433797767,0.0,1445.0,0.11773812433797767,18.0625,18.0625,80.0,80.0,,,1620597100,17:51:40,20210509
39,2011-06-30,RCAT,USD,2011-06-30,2011-06-30,Q2,-7744.0,0.0,0.0,0.0,0.0,9676.0,0.0,0.0,0.0,0.0,9644.0,0.0,-7776.0,1.0041322314049588,0.0,2.24948347107438,0.0,-17420.0,2.24948347107438,0.0,-17420.0,2.24948347107438,-217.75,-217.75,80.0,80.0,,,1620597100,17:51:40,20210509
40,2011-03-31,RCAT,USD,2011-03-31,2011-03-31,Q1,-7730.0,0.0,0.0,0.0,0.0,19428.0,0.0,0.0,0.0,0.0,9644.0,0.0,-17514.0,2.265717981888745,0.0,3.513324708926261,0.0,-27158.0,3.513324708926261,0.0,-27158.0,3.513324708926261,-339.475,-339.475,80.0,80.0,,,1620597100,17:51:40,20210509
41,2010-12-31,RCAT,USD,2010-12-31,2010-12-31,Q4,8362.0,0.0,0.0,0.0,0.0,-32711.0,0.0,0.0,0.0,0.0,9145.0,0.0,19044.0,2.2774455871801003,0.0,1.1838077015068165,0.0,9899.0,1.1838077015068165,0.0,9899.0,1.1838077015068165,0.0,0.0,0.0,0.0,,,1620597100,17:51:40,20210509
42,2010-09-30,RCAT,USD,2010-09-30,2010-09-30,Q3,-7245.0,0.0,0.0,0.0,0.0,52415.0,0.0,0.0,0.0,0.0,9144.0,0.0,-50516.0,6.972532781228433,0.0,8.23464458247067,0.0,-59660.0,8.23464458247067,0.0,-59660.0,8.23464458247067,-755.189873,-755.189873,79.0,79.0,,,1620597100,17:51:40,20210509
43,2010-06-30,RCAT,USD,2010-06-30,2010-06-30,Q2,-7245.0,0.0,0.0,0.0,0.0,1899.0,0.0,0.0,0.0,0.0,9144.0,0.0,0.0,0.0,0.0,1.262111801242236,0.0,-9144.0,1.262111801242236,0.0,-9144.0,1.262111801242236,-115.746835,-115.746835,79.0,79.0,,,1620597100,17:51:40,20210509
44,2010-03-31,RCAT,USD,2010-03-31,2010-03-31,Q1,-7245.0,0.0,0.0,0.0,0.0,4225.0,0.0,0.0,0.0,0.0,9144.0,0.0,-2326.0,0.32104899930986885,0.0,1.583160800552105,0.0,-11470.0,1.583160800552105,0.0,-11470.0,1.583160800552105,-147.051282,-147.051282,78.0,78.0,,,1620597100,17:51:40,20210509
45,2009-12-31,RCAT,USD,2009-12-31,2009-12-31,Q4,-45725.0,0.0,0.0,0.0,0.0,12640.0,0.0,0.0,0.0,0.0,9145.0,0.0,-49220.0,1.0764352104975397,0.0,1.2764352104975396,0.0,-58365.0,1.2764352104975396,0.0,-58365.0,1.2764352104975396,0.0,0.0,0.0,0.0,,,1620597100,17:51:40,20210509
46,2009-09-30,RCAT,USD,2009-09-30,2009-09-30,Q3,-7245.0,0.0,0.0,0.0,0.0,1310.0,0.0,0.0,0.0,0.0,9144.0,0.0,589.0,-0.08129744651483782,0.0,1.1808143547273982,0.0,-8555.0,1.1808143547273982,0.0,-8555.0,1.1808143547273982,-109.679487,-109.679487,78.0,78.0,,,1620597100,17:51:40,20210509
47,2009-06-30,RCAT,USD,2009-06-30,2009-06-30,Q2,-7245.0,0.0,0.0,0.0,0.0,1210.0,0.0,0.0,0.0,0.0,9144.0,0.0,689.0,-0.09510006901311249,0.0,1.1670117322291236,0.0,-8455.0,1.1670117322291236,0.0,-8455.0,1.1670117322291236,-108.397436,-108.397436,78.0,78.0,,,1620597100,17:51:40,20210509
48,2009-03-31,RCAT,USD,2009-03-31,2009-03-31,Q1,-7245.0,0.0,0.0,0.0,0.0,1418.0,0.0,0.0,0.0,0.0,9144.0,0.0,481.0,-0.06639061421670117,0.0,1.1957211870255349,0.0,-8663.0,1.1957211870255349,0.0,-8663.0,1.1957211870255349,-111.064103,-111.064103,78.0,78.0,,,1620597100,17:51:40,20210509
49,2008-12-31,RCAT,USD,2008-12-31,2008-12-31,Q4,438722.0,0.0,0.0,0.0,0.0,12685.0,0.0,0.0,0.0,0.0,7441.0,0.0,433478.0,0.9880471004417376,0.0,0.9710864738946303,0.0,426037.0,0.9710864738946303,-139081.0,426037.0,0.9710864738946303,0.0,0.0,0.0,0.0,,,1620597100,17:51:40,20210509
50,2008-09-30,RCAT,USD,2008-09-30,2008-09-30,Q3,-4565.0,0.0,0.0,0.0,0.0,1033.0,0.0,0.0,0.0,0.0,6464.0,0.0,866.0,-0.18970427163198247,0.0,1.2262869660460023,0.0,-5598.0,1.2262869660460023,0.0,-5598.0,1.2262869660460023,-71.769231,-71.769231,78.0,78.0,,,1620597100,17:51:40,20210509
51,2008-06-30,RCAT,USD,2008-06-30,2008-06-30,Q2,-4565.0,0.0,0.0,0.0,0.0,12653.0,0.0,0.0,0.0,0.0,6464.0,0.0,-10754.0,2.355750273822563,0.0,3.7717415115005477,0.0,-17218.0,3.7717415115005477,0.0,-17218.0,3.7717415115005477,-220.74359,-220.74359,78.0,78.0,,,1620597100,17:51:40,20210509
52,2008-03-31,RCAT,USD,2008-03-31,2008-03-31,Q1,-4565.0,0.0,0.0,0.0,0.0,1283.0,0.0,0.0,0.0,0.0,6464.0,0.0,616.0,-0.13493975903614458,0.0,1.28105147864184,0.0,-5848.0,1.28105147864184,0.0,-5848.0,1.28105147864184,-74.974359,-74.974359,78.0,78.0,,,1620597100,17:51:40,20210509
53,2007-12-31,RCAT,USD,2007-12-31,2007-12-31,Q4,121783.0,0.0,0.0,0.0,0.0,855.0,0.0,0.0,0.0,0.0,6463.0,0.0,127391.0,1.0460491201563438,0.0,0.9929793156680324,0.0,120928.0,0.9929793156680324,-34673.0,120928.0,0.9929793156680324,0.0,0.0,0.0,0.0,,,1620597100,17:51:40,20210509
54,2007-09-30,RCAT,USD,2007-09-30,2007-09-30,Q3,-4564.0,0.0,0.0,0.0,0.0,7279.0,0.0,0.0,0.0,0.0,6464.0,0.0,-5379.0,1.1785714285714286,0.0,2.5948729184925505,0.0,-11843.0,2.5948729184925505,0.0,-11843.0,2.5948729184925505,-151.833333,-151.833333,78.0,78.0,,,1620597100,17:51:40,20210509
55,2007-06-30,RCAT,USD,2007-06-30,2007-06-30,Q2,-4564.0,0.0,0.0,0.0,0.0,445.0,0.0,0.0,0.0,0.0,6464.0,0.0,1455.0,-0.31879929886064856,0.0,1.0975021910604732,0.0,-5009.0,1.0975021910604732,0.0,-5009.0,1.0975021910604732,-64.217949,-64.217949,78.0,78.0,,,1620597100,17:51:40,20210509
56,2007-03-31,RCAT,USD,2007-03-31,2007-03-31,Q1,-4564.0,0.0,0.0,0.0,0.0,445.0,0.0,0.0,0.0,0.0,6464.0,0.0,1455.0,-0.31879929886064856,0.0,1.0975021910604732,0.0,-5009.0,1.0975021910604732,0.0,-5009.0,1.0975021910604732,-64.217949,-64.217949,78.0,78.0,,,1620597100,17:51:40,20210509
57,2006-12-31,RCAT,USD,2006-12-31,2006-12-31,Q4,405238.0,0.0,0.0,0.0,0.0,-49.0,0.0,0.0,0.0,0.0,6463.0,0.0,411750.0,1.0160695689940233,0.0,1.0001209165971603,0.0,405287.0,1.0001209165971603,-134770.0,405287.0,1.0001209165971603,0.0,0.0,0.0,0.0,,,1620597100,17:51:40,20210509
58,2006-09-30,RCAT,USD,2006-09-30,2006-09-30,Q3,-4565.0,0.0,0.0,0.0,0.0,3986.0,0.0,0.0,0.0,0.0,6464.0,0.0,-2087.0,0.4571741511500548,0.0,1.8731653888280395,0.0,-8551.0,1.8731653888280395,0.0,-8551.0,1.8731653888280395,-109.628205,-109.628205,78.0,78.0,,,1620597100,17:51:40,20210509
59,2006-06-30,RCAT,USD,2006-06-30,2006-06-30,Q2,-4565.0,0.0,0.0,0.0,0.0,1545.0,0.0,0.0,0.0,0.0,6464.0,0.0,354.0,-0.07754654983570647,0.0,1.3384446878422782,0.0,-6110.0,1.3384446878422782,0.0,-6110.0,1.3384446878422782,-78.333333,-78.333333,78.0,78.0,,,1620597100,17:51:40,20210509
60,2006-03-31,RCAT,USD,2006-03-31,2006-03-31,Q1,-4565.0,0.0,0.0,0.0,0.0,1003.0,0.0,0.0,0.0,0.0,6464.0,0.0,896.0,-0.19627601314348303,0.0,1.2197152245345015,0.0,-5568.0,1.2197152245345015,0.0,-5568.0,1.2197152245345015,-71.384615,-71.384615,78.0,78.0,,,1620597100,17:51:40,20210509
61,2005-12-31,RCAT,USD,2005-12-31,2005-12-31,Q4,-212546.0,0.0,0.0,0.0,0.0,93354.0,0.0,0.0,0.0,0.0,6463.0,0.0,-299437.0,1.4088103281172075,0.0,1.439217863427211,0.0,-305900.0,1.439217863427211,0.0,-305900.0,1.439217863427211,0.0,0.0,0.0,0.0,,,1620597100,17:51:40,20210509
62,2005-09-30,RCAT,USD,2005-09-30,2005-09-30,Q3,-5831.0,0.0,0.0,0.0,0.0,28282.0,0.0,0.0,0.0,0.0,6464.0,0.0,-27649.0,4.741725261533185,0.0,5.85028297033099,0.0,-34113.0,5.85028297033099,0.0,-34113.0,5.85028297033099,-437.346154,-437.346154,78.0,78.0,,,1620597100,17:51:40,20210509
63,2005-06-30,RCAT,USD,2005-06-30,2005-06-30,Q2,80646.0,0.0,0.0,0.0,0.0,81062.0,0.0,0.0,0.0,0.0,6464.0,0.0,6048.0,0.07499442005803139,0.0,-0.005158346353197927,0.0,-416.0,-0.005158346353197927,0.0,-416.0,-0.005158346353197927,-5.333333,-5.333333,78.0,78.0,,,1620597100,17:51:40,20210509
64,2005-03-31,RCAT,USD,2005-03-31,2005-03-31,Q1,40504.0,0.0,0.0,0.0,0.0,109040.0,0.0,0.0,0.0,0.0,6464.0,0.0,-62072.0,-1.532490618210547,0.0,-1.692079794588189,0.0,-68536.0,-1.692079794588189,0.0,-68536.0,-1.692079794588189,-913.813333,-913.813333,75.0,75.0,,,1620597100,17:51:40,20210509
65,2004-12-31,RCAT,USD,2004-12-31,2004-12-31,Q4,896504.0,0.0,0.0,0.0,0.0,53652.0,0.0,0.0,0.0,0.0,-85417.0,9824.0,757435.0,0.8448763195702418,0.0,0.9289573721924275,0.0,832814.0,0.9289573721924275,-180084.0,833155.0,0.9293377385934698,0.0,0.0,0.0,0.0,,,1620597100,17:51:40,20210509
66,2004-09-30,RCAT,USD,2004-09-30,2004-09-30,Q3,-51154.0,0.0,0.0,0.0,0.0,57292.0,0.0,0.0,0.0,0.0,51154.0,-3036.0,-57292.0,1.1199906165695743,0.0,2.119990616569574,0.0,-108446.0,2.119990616569574,0.0,-108446.0,2.119990616569574,-1694.46875,-1694.46875,64.0,64.0,,,1620597100,17:51:40,20210509
67,2004-06-30,RCAT,USD,2004-06-30,2004-06-30,Q2,-51065.0,0.0,0.0,0.0,0.0,116076.0,0.0,0.0,0.0,0.0,46693.0,124.0,-120324.0,2.356291001664545,0.0,3.273102908058357,0.0,-167141.0,3.273102908058357,0.0,-167141.0,3.273102908058357,-2611.578125,-2611.578125,64.0,64.0,,,1620597100,17:51:40,20210509
68,2004-03-31,RCAT,USD,2004-03-31,2004-03-31,Q1,90688.0,0.0,0.0,0.0,0.0,133264.0,0.0,0.0,0.0,0.0,37750.0,124.0,-1824.0,-0.020112914608327453,0.0,-0.47084509527170076,0.0,-42700.0,-0.47084509527170076,0.0,-43041.0,-0.4746052399435427,-672.515625,-672.515625,64.0,64.0,,,1620597100,17:51:40,20210509
69,2003-12-31,RCAT,USD,2003-12-31,2003-12-31,Q2,0.0,0.0,0.0,0.0,0.0,90000.0,0.0,0.0,100000.0,100000.0,-120000.0,0.0,-190000.0,0.0,-100000.0,0.0,160000.0,-60000.0,0.0,0.0,-70000.0,0.0,-1470.39,-1470.39,64.0,64.0,,,1620597100,17:51:40,20210509
70,2003-09-30,RCAT,USD,2003-09-30,2003-09-30,Q1,0.0,0.0,0.0,0.0,0.0,210000.0,0.0,0.0,210000.0,210000.0,-80000.0,0.0,-380000.0,0.0,-210000.0,0.0,0.0,-290000.0,0.0,0.0,-300000.0,0.0,-16556.94,-16556.94,64.0,64.0,,,1620597100,17:51:40,20210509
71,2003-06-30,RCAT,USD,2003-06-30,2003-06-30,Q4,0.0,0.0,0.0,0.0,0.0,0.0,0.0,0.0,0.0,0.0,0.0,10000.0,10000.0,0.0,0.0,0.0,0.0,0.0,0.0,0.0,0.0,0.0,153.35,153.35,64.0,64.0,,,1620597100,17:51:40,20210509
72,2003-03-31,RCAT,USD,2003-03-31,2003-03-31,Q3,0.0,0.0,0.0,0.0,0.0,40000.0,0.0,0.0,40000.0,40000.0,-60000.0,0.0,-150000.0,0.0,-40000.0,0.0,0.0,-90000.0,0.0,0.0,-90000.0,0.0,-6903.47,-6903.47,64.0,64.0,,,1620597100,17:51:40,20210509
73,2002-12-31,RCAT,USD,2002-12-31,2002-12-31,Q2,0.0,0.0,0.0,0.0,0.0,430000.0,0.0,0.0,440000.0,440000.0,-220000.0,10000.000000000002,-430000.0,0.0,-440000.0,0.0,-470000.0,-1220000.0,0.0,0.0,-1260000.0,0.0,-37024.76,-37024.76,64.0,64.0,,,1620597100,17:51:40,20210509
74,2002-09-30,RCAT,USD,2002-09-30,2002-09-30,Q1,0.0,0.0,0.0,0.0,0.0,220000.0,0.0,0.0,230000.0,230000.0,-10000.0,9999.999999999998,-210000.0,0.0,-220000.0,0.0,0.0,-230000.0,0.0,0.0,-240000.0,0.0,-34443.1,-34443.1,64.0,64.0,,,1620597100,17:51:40,20210509
75,2002-06-30,RCAT,USD,2002-06-30,2002-06-30,Q4,0.0,0.0,0.0,0.0,0.0,120000.0,0.0,0.0,130000.0,130000.0,-60000.0,10000.0,-120000.0,0.0,-130000.0,0.0,1140000.0,990000.0,0.0,0.0,990000.0,0.0,366327.81,366327.81,64.0,64.0,,,1620597100,17:51:40,20210509
76,2002-03-31,RCAT,USD,2002-03-31,2002-03-31,Q3,10000.0,0.0,0.0,0.0,0.0,160000.0,0.0,0.0,170000.0,170000.0,-70000.0,10000.0,-160000.0,-16.0,-170000.0,-17.0,50000.0,-180000.0,-18.0,0.0,-160000.0,-16.0,-143644.33,-143644.33,64.0,64.0,,,1620597100,17:51:40,20210509
77,2001-12-31,RCAT,USD,2002-05-06,2002-05-06,Q2,-80000.0,0.0,0.0,0.0,0.0,2270000.0,0.0,0.0,2270000.0,2270000.0,-60000.0,0.0,-2610000.0,32.625,-2360000.0,29.5,0.0,-2460000.0,30.75,0.0,-2550000.0,31.875,-2257830.69,-2257830.69,64.0,64.0,https://www.sec.gov/Archives/edgar/data/748268/000089843002001779/0000898430-02-001779-index.htm,https://www.sec.gov/Archives/edgar/data/748268/000089843002001779/d10k.txt,1620597100,17:51:40,20210509
78,2001-09-30,RCAT,USD,2001-11-19,2001-11-19,Q1,30000.0,0.0,0.0,0.0,0.0,390000.0,0.0,0.0,410000.0,410000.0,-20000.0,20000.0,-360000.0,-12.0,-380000.0,-12.666666666666666,0.0,-400000.0,-13.333333333333334,0.0,-420000.0,-14.0,-462581.51,-462581.51,64.0,64.0,https://www.sec.gov/Archives/edgar/data/748268/000103221001501412/0001032210-01-501412-index.htm,https://www.sec.gov/Archives/edgar/data/748268/000103221001501412/d10q.txt,1620597100,17:51:40,20210509
79,2001-06-30,RCAT,USD,2001-06-30,2001-06-30,Q4,70000.0,0.0,0.0,0.0,0.0,20000.0,0.0,0.0,30000.0,30000.0,-50000.0,10000.0,50000.0,0.7142857142857143,40000.0,0.5714285714285714,-280000.0,-290000.0,-4.142857142857143,0.0,-290000.0,-4.142857142857143,-500077.87,-500077.87,64.0,64.0,,,1620597100,17:51:40,20210509
80,2001-03-31,RCAT,USD,2001-03-31,2001-03-31,Q3,0.0,0.0,0.0,0.0,0.0,340000.0,0.0,0.0,350000.0,350000.0,-20000.0,10000.0,-340000.0,0.0,-350000.0,0.0,-110000.0,-480000.0,0.0,0.0,-400000.0,0.0,-973560.16,-973560.16,64.0,64.0,,,1620597100,17:51:40,20210509
81,2000-12-31,RCAT,USD,2000-12-31,2000-12-31,Q2,90000.0,0.0,0.0,0.0,0.0,3030000.0,0.0,0.0,3040000.0,3040000.0,-330000.0,10000.000000000002,-2940000.0,-32.666666666666664,-2950000.0,-32.77777777777778,-620000.0,-5710000.0,-63.44444444444444,0.0,-5490000.0,-61.0,-12432742.21,-12432742.21,64.0,64.0,,,1620597100,17:51:40,20210509
82,2000-09-30,RCAT,USD,2000-09-30,2000-09-30,Q1,40000.0,0.0,0.0,0.0,0.0,620000.0,0.0,0.0,640000.0,640000.0,-10000.0,9999.999999999998,-590000.0,-14.75,-600000.0,-15.0,0.0,-610000.0,-15.25,0.0,-1590000.0,-39.75,-2123275.71,-2123275.71,64.0,64.0,,,1620597100,17:51:40,20210509
83,2000-06-30,RCAT,USD,2000-06-30,2000-06-30,Q4,130000.0,0.0,0.0,0.0,0.0,350000.0,0.0,0.0,350000.0,350000.0,-200000.0,10000.0,-220000.0,-1.6923076923076923,-230000.0,-1.7692307692307692,0.0,-430000.0,-3.3076923076923075,0.0,-1500000.0,-11.538461538461538,-1449915.11,-1449915.11,64.0,64.0,,,1620597100,17:51:40,20210509
84,2000-03-31,RCAT,USD,2000-03-31,2000-03-31,Q3,510000.0,0.0,0.0,0.0,0.0,360000.0,0.0,0.0,370000.0,370000.0,150000.0,10000.0,150000.0,0.29411764705882354,140000.0,0.27450980392156865,0.0,290000.0,0.5686274509803921,0.0,-50000.0,-0.09803921568627451,1266103.95,1266103.95,64.0,64.0,,,1620597100,17:51:40,20210509
85,1999-12-31,RCAT,USD,1999-12-31,1999-12-31,Q2,80000.0,0.0,0.0,0.0,0.0,650000.0,0.0,0.0,680000.0,680000.0,-120000.0,30000.0,-570000.0,-7.125,-600000.0,-7.5,-50000.0,-800000.0,-10.0,0.0,-800000.0,-10.0,-4167350.29,-4167350.29,64.0,64.0,,,1620597100,17:51:40,20210509
86,1999-09-30,RCAT,USD,1999-09-30,1999-09-30,Q1,20000.0,0.0,0.0,0.0,0.0,140000.0,0.0,0.0,140000.0,140000.0,-20000.0,0.0,-170000.0,-8.5,-130000.0,-6.5,0.0,-150000.0,-7.5,0.0,-150000.0,-7.5,-840573.17,-840573.17,64.0,64.0,,,1620597100,17:51:40,20210509
87,1999-06-30,RCAT,USD,1999-07-29,1999-07-29,Q4,410000.0,0.0,0.0,0.0,0.0,160000.0,0.0,0.0,160000.0,160000.0,-30000.0,0.0,160000.0,0.390244,250000.0,0.6097560975609756,-30000.0,190000.0,0.4634146341463415,0.0,190000.0,0.4634146341463415,1115589.04,1115589.04,64.0,64.0,https://www.sec.gov/Archives/edgar/data/748268/0000898430-99-003023-index.html,https://www.sec.gov/Archives/edgar/data/748268/000089843099003023/,1620597100,17:51:40,20210509
88,1999-03-31,RCAT,USD,1999-05-17,1999-05-17,Q3,200000.0,0.0,0.0,0.0,0.0,170000.0,0.0,0.0,170000.0,170000.0,-40000.0,0.0,30000.0,0.15,30000.0,0.15,70000.0,70000.0,0.35,0.0,70000.0,0.35,454069.16,454069.16,64.0,64.0,https://www.sec.gov/Archives/edgar/data/748268/0001047469-99-020726-index.html,https://www.sec.gov/Archives/edgar/data/748268/,1620597100,17:51:40,20210509
89,1998-12-31,RCAT,USD,1998-12-31,1998-12-31,Q2,140000.0,0.0,0.0,0.0,0.0,210000.0,0.0,40000.0,290000.0,290000.0,-60000.0,40000.0,-110000.0,-0.7857142857142857,-150000.0,-1.0714285714285714,-290000.0,-500000.0,-3.5714285714285716,0.0,-500000.0,-3.5714285714285716,-6349607.89,-6349607.89,64.0,64.0,,,1620597100,17:51:40,20210509
90,1998-09-30,RCAT,USD,1998-09-30,1998-09-30,Q1,150000.0,0.0,0.0,0.0,0.0,390000.0,0.0,140000.0,540000.0,540000.0,-20000.0,0.0,-440000.0,-2.933333,-390000.0,-2.6,0.0,-420000.0,-2.8,0.0,-420000.0,-2.8,-5426964.82,-5426964.82,64.0,64.0,,,1620597100,17:51:40,20210509
91,1998-06-30,RCAT,USD,1998-06-30,1998-06-30,Q4,80000.0,0.0,0.0,0.0,0.0,330000.0,0.0,80000.0,400000.0,400000.0,-20000.0,0.0,-370000.0,-4.625,-320000.0,-4.0,0.0,-350000.0,-4.375,0.0,-350000.0,-4.375,-2242384.96,-2242384.96,64.0,64.0,,,1620597100,17:51:40,20210509
92,1998-03-31,RCAT,USD,1998-05-20,1998-05-20,Q3,240000.0,0.0,0.0,0.0,0.0,160000.0,0.0,330000.0,490000.0,490000.0,-20000.0,0.0,-290000.0,-1.208333,-240000.0,-1.0,0.0,-270000.0,-1.125,0.0,-270000.0,-1.125,-3935625.46,-3935625.46,64.0,64.0,https://www.sec.gov/Archives/edgar/data/748268/0001047469-98-021312-index.html,https://www.sec.gov/Archives/edgar/data/748268/,1620597100,17:51:40,20210509
93,1997-12-31,RCAT,USD,1997-12-31,1997-12-31,Q2,190000.0,0.0,0.0,0.0,0.0,330000.0,0.0,190000.0,530000.0,530000.0,0.0,10000.0,-330000.0,-1.736842105263158,-340000.0,-1.7894736842105263,10000.0,-330000.0,-1.736842105263158,0.0,550000.0,2.8947368421052633,-4716981.13,-4716981.13,64.0,64.0,,,1620597100,17:51:40,20210509
94,1997-09-30,RCAT,USD,1997-09-30,1997-09-30,Q1,820000.0,0.0,0.0,0.0,0.0,120000.0,0.0,760000.0,890000.0,890000.0,-100000.0,0.0,-180000.0,-0.219512,-70000.0,-0.08536585365853659,0.0,-170000.0,-0.2073170731707317,0.0,-80000.0,-0.0975609756097561,-2789376.98,-2789376.98,64.0,64.0,,,1620597100,17:51:40,20210509
95,1997-06-30,RCAT,USD,1997-06-30,1997-06-30,Q4,350000.0,0.0,0.0,0.0,0.0,130000.0,0.0,340000.0,470000.0,470000.0,-80000.0,0.0,-90000.0,-0.257143,-120000.0,-0.34285714285714286,0.0,-200000.0,-0.5714285714285714,0.0,-10000.0,-0.02857142857142857,-3307165.53,-3307165.53,64.0,64.0,,,1620597100,17:51:40,20210509
96,1997-03-31,RCAT,USD,1997-03-31,1997-03-31,Q3,710000.0,0.0,0.0,0.0,0.0,190000.0,0.0,700000.0,880000.0,880000.0,-10000.0,0.0,-250000.0,-0.352113,-170000.0,-0.23943661971830985,0.0,-180000.0,-0.2535211267605634,0.0,-240000.0,-0.3380281690140845,-2993910.69,-2993910.69,64.0,64.0,,,1620597100,17:51:40,20210509
97,1996-12-31,RCAT,USD,1996-12-31,1996-12-31,Q2,1040000.0,0.0,0.0,0.0,0.0,130000.0,0.0,900000.0,1030000.0,1030000.0,-110000.0,380000.0,390000.0,0.375,10000.0,0.009615384615384616,0.0,-100000.0,-0.09615384615384616,0.0,0.0,0.0,-2283210.33,-2283210.33,64.0,64.0,,,1620597100,17:51:40,20210509
98,1996-09-30,RCAT,USD,1996-09-30,1996-09-30,Q1,1740000.0,0.0,0.0,0.0,0.0,170000.0,0.0,1670000.0,1840000.0,1840000.0,-20000.0,0.0,60000.0,0.034483,-100000.0,-0.05747126436781609,0.0,-120000.0,-0.06896551724137931,0.0,80000.0,0.04597701149425287,-2721402.21,-2721402.21,64.0,64.0,,,1620597100,17:51:40,20210509
99,1996-06-30,RCAT,USD,1996-06-30,1996-06-30,Q4,480000.0,0.0,0.0,0.0,0.0,190000.0,0.0,420000.0,620000.0,620000.0,-30000.0,10000.0,-130000.0,-0.2708333333333333,-140000.0,-0.2916666666666667,0.0,-160000.0,-0.3333333333333333,0.0,170000.0,0.3541666666666667,-3736162.36,-3736162.36,64.0,64.0,,,1620597100,17:51:40,20210509
100,1996-03-31,RCAT,USD,1996-03-31,1996-03-31,Q3,110000.0,0.0,0.0,0.0,0.0,150000.0,0.0,0.0,150000.0,150000.0,-10000.0,0.0,-130000.0,-1.181818,-50000.0,-0.45454545454545453,0.0,-60000.0,-0.5454545454545454,0.0,-120000.0,-1.0909090909090908,-1337638.38,-1337638.38,64.0,64.0,,,1620597100,17:51:40,20210509
