,date,symbol,reportedCurrency,fillingDate,acceptedDate,period,revenue,costOfRevenue,grossProfit,grossProfitRatio,researchAndDevelopmentExpenses,generalAndAdministrativeExpenses,sellingAndMarketingExpenses,otherExpenses,operatingExpenses,costAndExpenses,interestExpense,depreciationAndAmortization,ebitda,ebitdaratio,operatingIncome,operatingIncomeRatio,totalOtherIncomeExpensesNet,incomeBeforeTax,incomeBeforeTaxRatio,incomeTaxExpense,netIncome,netIncomeRatio,eps,epsdiluted,weightedAverageShsOut,weightedAverageShsOutDil,link,finalLink,timestamp,est_time,est_date
0,2020-12-31,GLOBOFFS.NS,INR,2020-12-31,2020-12-31,Q4,200925000.0,286042000.0,-85117000.0,-0.42362573099415207,0.0,0.0,0.0,387000.0,10600000.0,296642000.0,91148000.0,0.0,-95330000.0,-0.4744556426527311,-95717000.0,-0.47638173447803905,0.0,1124977000.0,5.598989672763469,393000.0,750588000.0,3.7356625606569613,30.35,30.35,24731071,24731071,https://www.nseindia.com/companies-listing/corporate-filings-annual-reports,https://www.nseindia.com/companies-listing/corporate-filings-annual-reports,1620592612,16:36:52,20210509
1,2020-09-30,GLOBOFFS.NS,INR,2020-09-30,2020-09-30,Q3,177032000.0,267633000.0,-90601000.0,-0.5117775317456731,0.0,0.0,0.0,7143000.0,22494000.0,290127000.0,92095000.0,76936500.0,-36158500.0,-0.20424838447286367,-113095000.0,-0.638839305888201,0.0,-76026000.0,-0.42944778345157936,524000.0,-46571000.0,-0.2630654344977179,-1.88,-1.88,24771809,24771809,https://www.nseindia.com/companies-listing/corporate-filings-annual-reports,https://www.nseindia.com/companies-listing/corporate-filings-annual-reports,1620592612,16:36:52,20210509
2,2020-06-30,GLOBOFFS.NS,INR,2020-06-30,2020-06-30,Q2,181618000.0,241163000.0,-59545000.0,-0.32785847217786784,0.0,0.0,0.0,495000.0,16813000.0,257976000.0,117164000.0,76936500.0,578500.0,0.0031852569679216816,-76358000.0,-0.4204318955169642,0.0,-206622000.0,-1.1376735786100496,313000.0,-158905000.0,-0.8749408098316246,-6.43,-6.43,24713064,24713064,https://www.nseindia.com/companies-listing/corporate-filings-annual-reports,https://www.nseindia.com/companies-listing/corporate-filings-annual-reports,1620592612,16:36:52,20210509
3,2020-03-31,GLOBOFFS.NS,INR,2020-03-31,2020-03-31,Q1,323407000.0,71052000.0,252355000.0,0.7803016013877251,0.0,0.0,0.0,0.0,275271000.0,346323000.0,212150000.0,76936500.0,54020500.0,0.16703565476319313,-22916000.0,-0.0708580828491653,0.0,897934000.0,2.7764828837965783,-20541000.0,443716000.0,1.3720049349581178,17.91213552470068,17.91213552470068,24771809,24771809,https://www.nseindia.com/companies-listing/corporate-filings-annual-reports,https://www.nseindia.com/companies-listing/corporate-filings-annual-reports,1620592612,16:36:52,20210509
4,2019-12-31,GLOBOFFS.NS,INR,2019-12-31,2019-12-31,Q4,298410000.0,274080000.0,24330000.0,0.08153212023725746,0.0,0.0,0.0,10668000.0,29831000.0,303911000.0,121560000.0,0.0,-32466000.0,-0.10879662209711471,-5501000.0,-0.018434368821420195,0.0,-154026000.0,-0.5161556248115009,1193000.0,-133665000.0,-0.4479239971850809,-5.41,-5.41,24707024,24707024,https://www.nseindia.com/companies-listing/corporate-filings-annual-reports,https://www.nseindia.com/companies-listing/corporate-filings-annual-reports,1620592612,16:36:52,20210509
5,2019-09-30,GLOBOFFS.NS,INR,2019-09-30,2019-09-30,Q3,313956000.0,325271000.0,-11315000.0,-0.03604008204971397,0.0,0.0,0.0,10213000.0,31117000.0,356388000.0,198819000.0,0.0,-32219000.0,-0.10262266050019749,-42432000.0,-0.13515269655620532,0.0,-330869000.0,-1.0538706060721885,526000.0,-285169000.0,-0.9083088076036132,-11.53,-11.53,24732784,24732784,https://www.nseindia.com/companies-listing/corporate-filings-annual-reports,https://www.nseindia.com/companies-listing/corporate-filings-annual-reports,1620592612,16:36:52,20210509
6,2019-06-30,GLOBOFFS.NS,INR,2019-06-30,2019-06-30,Q2,283666000.0,520347000.0,-236681000.0,-0.8343650631376337,0.0,0.0,0.0,30956000.0,291238000.0,811585000.0,197483000.0,148590000.0,-379329000.0,-1.3372381603717047,-527919000.0,-1.8610584278693958,0.0,-502885000.0,-1.7728067516022363,-295000.0,-373203000.0,-1.315642339934994,-15.09,-15.09,24731809,24731809,https://www.nseindia.com/companies-listing/corporate-filings-annual-reports,https://www.nseindia.com/companies-listing/corporate-filings-annual-reports,1620592612,16:36:52,20210509
7,2019-03-31,GLOBOFFS.NS,INR,2019-03-31,2019-03-31,Q1,347759000.0,861447000.0,-513688000.0,-1.4771379029730358,0.0,0.0,0.0,-90023000.0,135738000.0,997185000.0,220841000.0,148590000.0,-500836000.0,-1.4401812749634086,-649426000.0,-1.8674599363352207,0.0,-5586442000.0,-16.064119116974688,-193000.0,-3864412000.0,-11.112327790222539,-156.00039544952085,-156.00039544952085,24771809,24771809,https://www.nseindia.com/companies-listing/corporate-filings-annual-reports,https://www.nseindia.com/companies-listing/corporate-filings-annual-reports,1620592612,16:36:52,20210509
8,2018-12-31,GLOBOFFS.NS,INR,2018-12-31,2018-12-31,Q4,303182000.0,516858000.0,-213676000.0,-0.7047779881391375,0.0,0.0,0.0,51300000.0,32389000.0,549247000.0,199737000.0,0.0,-194765000.0,-0.6424029131017013,-246065000.0,-0.8116082089306094,0.0,-256826000.0,-0.8471017408685212,373000.0,-159246000.0,-0.5252488604204735,-6.44,-6.44,24727640,24727640,https://www.nseindia.com/companies-listing/corporate-filings-annual-reports,https://www.nseindia.com/companies-listing/corporate-filings-annual-reports,1620592612,16:36:52,20210509
9,2018-09-30,GLOBOFFS.NS,INR,2018-09-30,2018-09-30,Q3,311130000.0,518424000.0,-207294000.0,-0.6662616912544596,0.0,0.0,0.0,39355000.0,25591000.0,544015000.0,191670000.0,0.0,-193530000.0,-0.6220229486066917,-232885000.0,-0.748513483109954,0.0,-494110000.0,-1.5881142930607786,323000.0,-397722000.0,-1.278314530903481,-16.08,-16.08,24733955,24733955,https://www.nseindia.com/companies-listing/corporate-filings-annual-reports,https://www.nseindia.com/companies-listing/corporate-filings-annual-reports,1620592612,16:36:52,20210509
10,2018-06-30,GLOBOFFS.NS,INR,2018-06-30,2018-06-30,Q2,315811000.0,555887000.0,-240076000.0,-0.7601888471269208,0.0,0.0,0.0,17223000.0,25205000.0,581092000.0,187095000.0,152070250.0,-113210750.0,-0.3584762722007783,-265281000.0,-0.8399992400518032,0.0,-618293000.0,-1.9577943770166333,-197000.0,-516640000.0,-1.63591515178382,-20.89,-20.89,24731450,24731450,https://www.nseindia.com/companies-listing/corporate-filings-annual-reports,https://www.nseindia.com/companies-listing/corporate-filings-annual-reports,1620592612,16:36:52,20210509
11,2017-03-31,GLOBOFFS.NS,INR,2017-03-31,2017-03-31,Q1,400111000.0,560290000.0,-160179000.0,-0.4003364066471554,0.0,0.0,0.0,0.0,396505000.0,956795000.0,224624000.0,161578000.0,-395106000.0,-0.9874909712554766,-556684000.0,-1.3913239076156367,0.0,-811462000.0,-2.028092204413275,498000.0,-553489000.0,-1.3833386235319698,-22.38,-22.38,24731412,24731412,https://www.nseindia.com/companies-listing/corporate-filings-annual-reports,https://www.nseindia.com/companies-listing/corporate-filings-annual-reports,1620592612,16:36:52,20210509
12,2016-12-31,GLOBOFFS.NS,INR,2016-12-31,2016-12-31,Q4,275595000.0,217695000.0,57900000.0,0.21009089424699287,0.0,0.0,0.0,0.0,298326000.0,516021000.0,138598000.0,165587000.0,-74839000.0,-0.2715542734810138,-240426000.0,-0.8723888314374354,0.0,-379024000.0,-1.3752934559770678,804000.0,-287385000.0,-1.04278016654874,-11.62,-11.62,24731928,24731928,https://www.nseindia.com/companies-listing/corporate-filings-annual-reports,https://www.nseindia.com/companies-listing/corporate-filings-annual-reports,1620592612,16:36:52,20210509
13,2016-09-30,GLOBOFFS.NS,INR,2016-09-30,2016-09-30,Q3,396013000.0,251620000.0,144393000.0,0.3646168181347582,0.0,0.0,0.0,0.0,332771000.0,584391000.0,155661000.0,177038000.0,-11340000.0,-0.028635423584579295,-188378000.0,-0.47568640423420444,0.0,-344039000.0,-0.8687568337403065,371000.0,-273437000.0,-0.6904748076452035,-11.06,-11.06,24723056,24723056,https://www.nseindia.com/companies-listing/corporate-filings-annual-reports,https://www.nseindia.com/companies-listing/corporate-filings-annual-reports,1620592612,16:36:52,20210509
14,2016-06-30,GLOBOFFS.NS,INR,2016-06-30,2016-06-30,Q2,545866000.0,302857000.0,243009000.0,0.4451806853696695,0.0,0.0,0.0,0.0,343994000.0,646851000.0,110202000.0,177010000.0,76025000.0,0.13927410756486025,-100985000.0,-0.18499961529019943,0.0,-211187000.0,-0.3868843269227246,663000.0,-138964000.0,-0.2545752986996809,-5.62,-5.62,24726690,24726690,https://www.nseindia.com/companies-listing/corporate-filings-annual-reports,https://www.nseindia.com/companies-listing/corporate-filings-annual-reports,1620592612,16:36:52,20210509
15,2016-03-31,GLOBOFFS.NS,INR,2016-03-31,2016-03-31,Q1,877775000.0,413792000.0,463983000.0,0.5285899006009512,0.0,0.0,0.0,0.0,382921000.0,796713000.0,157963000.0,154979000.0,236041000.0,0.2689083193301245,81062000.0,0.09234940616900686,0.0,-76901000.0,-0.08760901142092221,-317000.0,-39315000.0,-0.04478938224488052,-1.59,-1.59,24726415,24726415,https://www.nseindia.com/companies-listing/corporate-filings-annual-reports,https://www.nseindia.com/companies-listing/corporate-filings-annual-reports,1620592612,16:36:52,20210509
16,2015-12-31,GLOBOFFS.NS,INR,2015-12-31,2015-12-31,Q4,846405000.0,477681000.0,368724000.0,0.43563542275860845,0.0,0.0,0.0,0.0,378115000.0,855796000.0,154422000.0,181963000.0,172572000.0,0.20388820954507594,-9391000.0,-0.011095161299850545,0.0,-163813000.0,-0.19353973570572008,1944000.0,-97016000.0,-0.11462125105593658,-3.92,-3.92,24748980,24748980,https://www.nseindia.com/companies-listing/corporate-filings-annual-reports,https://www.nseindia.com/companies-listing/corporate-filings-annual-reports,1620592612,16:36:52,20210509
17,2015-09-30,GLOBOFFS.NS,INR,2015-09-30,2015-09-30,Q3,935294000.0,475040000.0,460254000.0,0.4920955335969225,0.0,0.0,0.0,0.0,401371000.0,876411000.0,157105000.0,188246000.0,247129000.0,0.26422600807874314,58883000.0,0.06295667458574523,0.0,-98222000.0,-0.10501724591411898,469000.0,-51480000.0,-0.055041516357423444,-2.08,-2.08,24750000,24750000,https://www.nseindia.com/companies-listing/corporate-filings-annual-reports,https://www.nseindia.com/companies-listing/corporate-filings-annual-reports,1620592612,16:36:52,20210509
18,2015-06-30,GLOBOFFS.NS,INR,2015-06-30,2015-06-30,Q2,1069264000.0,435240000.0,634024000.0,0.5929536578431519,0.0,0.0,0.0,0.0,400446000.0,835686000.0,146053000.0,181120000.0,414698000.0,0.3878349967828338,233578000.0,0.218447455445989,0.0,87526000.0,0.08185630489757441,378000.0,75258000.0,0.07038299241347319,3.04,3.04,24755921,24755921,https://www.nseindia.com/companies-listing/corporate-filings-annual-reports,https://www.nseindia.com/companies-listing/corporate-filings-annual-reports,1620592612,16:36:52,20210509
19,2015-03-31,GLOBOFFS.NS,INR,2015-03-31,2015-03-31,Q1,972357000.0,402130000.0,570227000.0,0.5864379029512823,0.0,0.0,0.0,0.0,397595000.0,799725000.0,0.0,157539000.0,330171000.0,0.339557384787686,172632000.0,0.1775397307778933,0.0,104401000.0,0.10736900130301937,1350000.0,86544000.0,0.08900434716878677,3.493648768242965,3.493648768242965,24771809,24771809,https://www.nseindia.com/companies-listing/corporate-filings-annual-reports,https://www.nseindia.com/companies-listing/corporate-filings-annual-reports,1620592612,16:36:52,20210509
20,2014-12-31,GLOBOFFS.NS,INR,2014-12-31,2014-12-31,Q4,1002346000.0,394102000.0,608244000.0,0.606820399343141,0.0,0.0,0.0,0.0,365427000.0,759529000.0,0.0,171133000.0,413950000.0,0.41298114623094223,242817000.0,0.24224868458596133,0.0,108279000.0,0.10802557200806907,3798000.0,75605000.0,0.07542804580454254,4.23,4.23,17873522,17873522,https://www.nseindia.com/companies-listing/corporate-filings-annual-reports,https://www.nseindia.com/companies-listing/corporate-filings-annual-reports,1620592612,16:36:52,20210509
21,2014-09-30,GLOBOFFS.NS,INR,2014-09-30,2014-09-30,Q3,939618000.0,379414000.0,560204000.0,0.5962039892807502,0.0,0.0,0.0,0.0,319828000.0,699242000.0,0.0,133061000.0,373437000.0,0.39743491503994177,240376000.0,0.2558231110940829,0.0,117748000.0,0.12531475557088093,3405000.0,86937000.0,0.09252377029814243,4.62,4.62,18817532,18817532,https://www.nseindia.com/companies-listing/corporate-filings-annual-reports,https://www.nseindia.com/companies-listing/corporate-filings-annual-reports,1620592612,16:36:52,20210509
22,2014-06-30,GLOBOFFS.NS,INR,2014-06-30,2014-06-30,Q2,955215000.0,312278000.0,642937000.0,0.6730809294242658,0.0,0.0,0.0,0.0,266143000.0,578421000.0,0.0,196714000.0,573508000.0,0.6003967693137147,376794000.0,0.3944598859942526,0.0,241144000.0,0.2524499719958334,11190000.0,194800000.0,0.20393314594096618,7.88,7.88,24720812,24720812,https://www.nseindia.com/companies-listing/corporate-filings-annual-reports,https://www.nseindia.com/companies-listing/corporate-filings-annual-reports,1620592612,16:36:52,20210509
23,2014-03-31,GLOBOFFS.NS,INR,2014-03-31,2014-03-31,Q1,1109537000.0,312223000.0,797314000.0,0.718600641528854,0.0,0.0,0.0,0.0,558208000.0,870431000.0,0.0,184486000.0,423592000.0,0.38177365874234026,239106000.0,0.21550069984146542,0.0,119608000.0,0.10779992014687208,1339000.0,81018000.0,0.07301964693381113,3.27057260937221,3.27057260937221,24771809,24771809,https://www.nseindia.com/companies-listing/corporate-filings-annual-reports,https://www.nseindia.com/companies-listing/corporate-filings-annual-reports,1620592612,16:36:52,20210509
24,2013-12-31,GLOBOFFS.NS,INR,2013-12-31,2013-12-31,Q4,1034263000.0,320333000.0,713930000.0,0.6902789715961994,0.0,0.0,0.0,0.0,391479000.0,711812000.0,0.0,178532000.0,500983000.0,0.4843864664983665,322451000.0,0.31176886343222177,0.0,175743000.0,0.16992099688377135,1327000.0,143197000.0,0.13845317873693636,7.05,7.05,20311631,20311631,https://www.nseindia.com/companies-listing/corporate-filings-annual-reports,https://www.nseindia.com/companies-listing/corporate-filings-annual-reports,1620592612,16:36:52,20210509
25,2013-09-30,GLOBOFFS.NS,INR,2013-09-30,2013-09-30,Q3,815667000.0,283794000.0,531873000.0,0.6520712496643851,0.0,0.0,0.0,0.0,291993000.0,575787000.0,0.0,166416000.0,406296000.0,0.49811503959336345,239880000.0,0.2940906031505504,0.0,110449000.0,0.13540942566022654,2406000.0,92513000.0,0.11342005990189624,4.37,4.37,24976081,24976081,https://www.nseindia.com/companies-listing/corporate-filings-annual-reports,https://www.nseindia.com/companies-listing/corporate-filings-annual-reports,1620592612,16:36:52,20210509
26,2013-06-30,GLOBOFFS.NS,INR,2013-06-30,2013-06-30,Q2,646136000.0,245491000.0,400645000.0,0.6200629588817215,0.0,0.0,0.0,0.0,223258000.0,468749000.0,0.0,143973000.0,321360000.0,0.49735659365830104,177387000.0,0.27453508239751384,0.0,65380000.0,0.1011861279978209,2283000.0,64977000.0,0.10056242029541769,2.627585,2.627585,24728793,24728793,https://www.nseindia.com/companies-listing/corporate-filings-annual-reports,https://www.nseindia.com/companies-listing/corporate-filings-annual-reports,1620592612,16:36:52,20210509
27,2013-03-31,GLOBOFFS.NS,INR,2013-03-31,2013-03-31,Q1,954869000.0,0.0,0.0,0.0,0.0,0.0,0.0,0.0,276008000.0,993474000.0,0.0,125180000.0,86575000.0,0.09066688729029845,-38605000.0,-0.04042962961411461,0.0,-10473000.0,-0.010967996657133073,-361000.0,-13783000.0,-0.014434440745275006,-0.5563986061736549,-0.5563986061736549,24771809,24771809,https://www.nseindia.com/companies-listing/corporate-filings-annual-reports,https://www.nseindia.com/companies-listing/corporate-filings-annual-reports,1620592612,16:36:52,20210509
28,2012-12-31,GLOBOFFS.NS,INR,2012-12-31,2012-12-31,Q4,606131000.0,0.0,0.0,0.0,0.0,0.0,0.0,0.0,393321000.0,393321000.0,84294000.0,113188000.0,325998000.0,0.5378342305541212,212810000.0,0.35109572023209507,0.0,101354000.0,0.16721467801514853,1208000.0,96349000.0,0.1589573870994884,4.05,4.05,24710193,24710193,https://www.nseindia.com/companies-listing/corporate-filings-annual-reports,https://www.nseindia.com/companies-listing/corporate-filings-annual-reports,1620592612,16:36:52,20210509
29,2012-09-30,GLOBOFFS.NS,INR,2012-09-30,2012-09-30,Q3,528226000.0,0.0,0.0,0.0,0.0,26668000.0,0.0,0.0,398398000.0,398398000.0,87220000.0,107882000.0,237710000.0,0.4500157129713418,129828000.0,0.24578116185117735,0.0,42608000.0,0.08066244372673817,4563000.0,39822000.0,0.07538818611730586,1.54,1.54,24610093,24610093,https://www.nseindia.com/companies-listing/corporate-filings-annual-reports,https://www.nseindia.com/companies-listing/corporate-filings-annual-reports,1620592612,16:36:52,20210509
30,2012-06-30,GLOBOFFS.NS,INR,2012-06-30,2012-06-30,Q2,693733000.0,0.0,0.0,0.0,0.0,22484000.0,0.0,0.0,120979000.0,120979000.0,95492000.0,100717000.0,673471000.0,0.9707927978054958,572754000.0,0.8256115825540951,0.0,477262000.0,0.6879620833951967,79389000.0,397873000.0,0.5735246845688471,16.14,16.14,24647793,24647793,https://www.nseindia.com/companies-listing/corporate-filings-annual-reports,https://www.nseindia.com/companies-listing/corporate-filings-annual-reports,1620592612,16:36:52,20210509
31,2011-12-31,GLOBOFFS.NS,INR,2011-12-31,2011-12-31,Q4,0.0,0.0,0.0,0.0,0.0,0.0,0.0,0.0,0.0,0.0,0.0,0.0,0.0,0.0,0.0,0.0,0.0,0.0,0.0,0.0,0.0,0.0,4.45,4.45,24507416,24507416,https://www.nseindia.com/companies-listing/corporate-filings-annual-reports,https://www.nseindia.com/companies-listing/corporate-filings-annual-reports,1620592612,16:36:52,20210509
32,2011-09-30,GLOBOFFS.NS,INR,2011-09-30,2011-09-30,Q3,0.0,0.0,0.0,0.0,0.0,0.0,0.0,0.0,0.0,0.0,0.0,94922750.0,0.0,0.0,0.0,0.0,0.0,0.0,0.0,0.0,0.0,0.0,2.33,2.33,24396996,24396996,https://www.nseindia.com/companies-listing/corporate-filings-annual-reports,https://www.nseindia.com/companies-listing/corporate-filings-annual-reports,1620592612,16:36:52,20210509
33,2011-06-30,GLOBOFFS.NS,INR,2011-06-30,2011-06-30,Q2,0.0,0.0,0.0,0.0,0.0,0.0,0.0,0.0,0.0,0.0,0.0,94922750.0,0.0,0.0,0.0,0.0,0.0,0.0,0.0,0.0,0.0,0.0,-0.42,-0.42,23611905,23611905,https://www.nseindia.com/companies-listing/corporate-filings-annual-reports,https://www.nseindia.com/companies-listing/corporate-filings-annual-reports,1620592612,16:36:52,20210509
