,date,symbol,reportedCurrency,fillingDate,acceptedDate,period,revenue,costOfRevenue,grossProfit,grossProfitRatio,researchAndDevelopmentExpenses,generalAndAdministrativeExpenses,sellingAndMarketingExpenses,otherExpenses,operatingExpenses,costAndExpenses,interestExpense,depreciationAndAmortization,ebitda,ebitdaratio,operatingIncome,operatingIncomeRatio,totalOtherIncomeExpensesNet,incomeBeforeTax,incomeBeforeTaxRatio,incomeTaxExpense,netIncome,netIncomeRatio,eps,epsdiluted,weightedAverageShsOut,weightedAverageShsOutDil,link,finalLink,timestamp,est_time,est_date
0,2019-06-30,JNEO.L,GBP,2019-06-30,2019-06-30,Q2,2850500.0,1715750.0,1134750.0,0.39808805472724085,0.0,1382500.0,0.0,0.0,0.0,3044750.0,42750.0,162750.0,-31500.0,-0.011050692860901596,-194250.0,-0.06814593930889318,0.0,-237000.0,-0.08314330819154535,-3750.0,-233250.0,-0.08182774951762849,-0.0027,-0.0027,86433000.0,86433000.0,https://find-and-update.company-information.service.gov.uk/search/companies?q=Journeo+PLC,https://find-and-update.company-information.service.gov.uk/search/companies?q=Journeo+PLC,1620593960,16:59:20,20210509
1,2019-03-31,JNEO.L,GBP,2019-03-31,2019-03-31,Q1,2850500.0,1715750.0,1134750.0,0.39808805472724085,0.0,1382500.0,0.0,0.0,0.0,3044750.0,42750.0,162750.0,-31500.0,-0.011050692860901596,-194250.0,-0.06814593930889318,0.0,-237000.0,-0.08314330819154535,-3750.0,-233250.0,-0.08182774951762849,-0.0027,-0.0027,86433000.0,86433000.0,https://find-and-update.company-information.service.gov.uk/search/companies?q=Journeo+PLC,https://find-and-update.company-information.service.gov.uk/search/companies?q=Journeo+PLC,1620593960,16:59:20,20210509
2,2019-01-31,JNEO.L,GBP,2019-01-31,2019-01-31,Q1,2850500.0,1715750.0,1134750.0,0.39808805472724085,0.0,1382500.0,0.0,0.0,0.0,3044750.0,42750.0,162750.0,-31500.0,-0.011050692860901596,-194250.0,-0.06814593930889318,0.0,-237000.0,-0.08314330819154535,-3750.0,-233250.0,-0.08182774951762849,-0.0027,-0.0027,86433000.0,86433000.0,https://find-and-update.company-information.service.gov.uk/search/companies?q=Journeo+PLC,https://find-and-update.company-information.service.gov.uk/search/companies?q=Journeo+PLC,1620593960,16:59:20,20210509
3,2018-06-30,JNEO.L,GBP,2018-06-30,2018-06-30,Q2,3150250.0,1938000.0,1212250.0,0.38481072930719784,0.0,1339250.0,0.0,0.0,0.0,3085250.0,30250.0,98000.0,163000.0,0.05174192524402825,65000.0,0.020633283072772002,0.0,34750.0,0.011030870565828108,-750.0,35500.0,0.011268946908975478,0.006,0.006,5827500.0,5827500.0,https://find-and-update.company-information.service.gov.uk/search/companies?q=Journeo+PLC,https://find-and-update.company-information.service.gov.uk/search/companies?q=Journeo+PLC,1620593960,16:59:20,20210509
4,2018-03-31,JNEO.L,GBP,2018-03-31,2018-03-31,Q1,3150250.0,1938000.0,1212250.0,0.38481072930719784,0.0,1339250.0,0.0,0.0,0.0,3085250.0,30250.0,98000.0,163000.0,0.05174192524402825,65000.0,0.020633283072772002,0.0,34750.0,0.011030870565828108,-750.0,35500.0,0.011268946908975478,0.006,0.006,5827500.0,5827500.0,https://find-and-update.company-information.service.gov.uk/search/companies?q=Journeo+PLC,https://find-and-update.company-information.service.gov.uk/search/companies?q=Journeo+PLC,1620593960,16:59:20,20210509
5,2018-01-31,JNEO.L,GBP,2018-01-31,2018-01-31,Q1,3150250.0,1938000.0,1212250.0,0.38481072930719784,0.0,1339250.0,0.0,0.0,0.0,3085250.0,30250.0,98000.0,163000.0,0.05174192524402825,65000.0,0.020633283072772002,0.0,34750.0,0.011030870565828108,-750.0,35500.0,0.011268946908975478,0.006,0.006,5827500.0,5827500.0,https://find-and-update.company-information.service.gov.uk/search/companies?q=Journeo+PLC,https://find-and-update.company-information.service.gov.uk/search/companies?q=Journeo+PLC,1620593960,16:59:20,20210509
6,2017-06-30,JNEO.L,GBP,2017-06-30,2017-06-30,Q2,2940250.0,1691250.0,1249000.0,0.4247938100501658,0.0,1268500.0,0.0,0.0,0.0,2993500.0,15750.0,99250.0,46000.0,0.015644928152367996,-53250.0,-0.01811070487203469,0.0,-91000.0,-0.03094974917098886,-3250.0,-87750.0,-0.02984440098631069,-0.0152,-0.0152,5827500.0,5827500.0,https://find-and-update.company-information.service.gov.uk/search/companies?q=Journeo+PLC,https://find-and-update.company-information.service.gov.uk/search/companies?q=Journeo+PLC,1620593960,16:59:20,20210509
7,2017-03-31,JNEO.L,GBP,2017-03-31,2017-03-31,Q1,2940250.0,1691250.0,1249000.0,0.4247938100501658,0.0,1268500.0,0.0,0.0,0.0,2993500.0,15750.0,99250.0,46000.0,0.015644928152367996,-53250.0,-0.01811070487203469,0.0,-91000.0,-0.03094974917098886,-3250.0,-87750.0,-0.02984440098631069,-0.0152,-0.0152,5827500.0,5827500.0,https://find-and-update.company-information.service.gov.uk/search/companies?q=Journeo+PLC,https://find-and-update.company-information.service.gov.uk/search/companies?q=Journeo+PLC,1620593960,16:59:20,20210509
8,2017-01-31,JNEO.L,GBP,2017-01-31,2017-01-31,Q1,2940250.0,1691250.0,1249000.0,0.4247938100501658,0.0,1268500.0,0.0,0.0,0.0,2993500.0,15750.0,99250.0,46000.0,0.015644928152367996,-53250.0,-0.01811070487203469,0.0,-91000.0,-0.03094974917098886,-3250.0,-87750.0,-0.02984440098631069,-0.0152,-0.0152,5827500.0,5827500.0,https://find-and-update.company-information.service.gov.uk/search/companies?q=Journeo+PLC,https://find-and-update.company-information.service.gov.uk/search/companies?q=Journeo+PLC,1620593960,16:59:20,20210509
9,2016-06-30,JNEO.L,GBP,2016-06-30,2016-06-30,Q2,2888750.0,1717000.0,1171750.0,0.4056252704456945,0.0,1561750.0,0.0,0.0,0.0,3329750.0,3000.0,100500.0,-340500.0,-0.11787105149286023,-441000.0,-0.1526611856339247,0.0,-577250.0,-0.1998269147555171,-1500.0,-575750.0,-0.19930765902206837,-0.0988,-0.0988,5827500.0,5827500.0,https://find-and-update.company-information.service.gov.uk/search/companies?q=Journeo+PLC,https://find-and-update.company-information.service.gov.uk/search/companies?q=Journeo+PLC,1620593960,16:59:20,20210509
10,2016-03-31,JNEO.L,GBP,2016-03-31,2016-03-31,Q1,2888750.0,1717000.0,1171750.0,0.4056252704456945,0.0,1561750.0,0.0,0.0,0.0,3329750.0,3000.0,100500.0,-340500.0,-0.11787105149286023,-441000.0,-0.1526611856339247,0.0,-577250.0,-0.1998269147555171,-1500.0,-575750.0,-0.19930765902206837,-0.0988,-0.0988,5827500.0,5827500.0,https://find-and-update.company-information.service.gov.uk/search/companies?q=Journeo+PLC,https://find-and-update.company-information.service.gov.uk/search/companies?q=Journeo+PLC,1620593960,16:59:20,20210509
11,2016-01-31,JNEO.L,GBP,2016-01-31,2016-01-31,Q1,2888750.0,1717000.0,1171750.0,0.4056252704456945,0.0,1561750.0,0.0,0.0,0.0,3329750.0,3000.0,100500.0,-340500.0,-0.11787105149286023,-441000.0,-0.1526611856339247,0.0,-577250.0,-0.1998269147555171,-1500.0,-575750.0,-0.19930765902206837,-0.0988,-0.0988,5827500.0,5827500.0,https://find-and-update.company-information.service.gov.uk/search/companies?q=Journeo+PLC,https://find-and-update.company-information.service.gov.uk/search/companies?q=Journeo+PLC,1620593960,16:59:20,20210509
12,2015-09-30,JNEO.L,GBP,2015-09-30,2015-09-30,Q3,3058000.0,1691500.0,1366500.0,0.446860693263571,0.0,1353500.0,0.0,0.0,0.0,3125750.0,2750.0,64250.0,-3500.0,-0.001144538914323087,-67750.0,-0.022155003270111183,0.0,-1203750.0,-0.3936396337475474,2500.0,-1206250.0,-0.3944571615434925,-0.2068,-0.2068,5827500.0,5827500.0,https://find-and-update.company-information.service.gov.uk/search/companies?q=Journeo+PLC,https://find-and-update.company-information.service.gov.uk/search/companies?q=Journeo+PLC,1620593960,16:59:20,20210509
13,2015-06-30,JNEO.L,GBP,2015-06-30,2015-06-30,Q2,3058000.0,1691500.0,1366500.0,0.446860693263571,0.0,1353500.0,0.0,0.0,0.0,3125750.0,2750.0,64250.0,-3500.0,-0.001144538914323087,-67750.0,-0.022155003270111183,0.0,-1203750.0,-0.3936396337475474,2500.0,-1206250.0,-0.3944571615434925,-0.2068,-0.2068,5827500.0,5827500.0,https://find-and-update.company-information.service.gov.uk/search/companies?q=Journeo+PLC,https://find-and-update.company-information.service.gov.uk/search/companies?q=Journeo+PLC,1620593960,16:59:20,20210509
14,2015-03-31,JNEO.L,GBP,2015-03-31,2015-03-31,Q1,3058000.0,1691500.0,1366500.0,0.446860693263571,0.0,1353500.0,0.0,0.0,0.0,3125750.0,2750.0,64250.0,-3500.0,-0.001144538914323087,-67750.0,-0.022155003270111183,0.0,-1203750.0,-0.3936396337475474,2500.0,-1206250.0,-0.3944571615434925,-0.2068,-0.2068,5827500.0,5827500.0,https://find-and-update.company-information.service.gov.uk/search/companies?q=Journeo+PLC,https://find-and-update.company-information.service.gov.uk/search/companies?q=Journeo+PLC,1620593960,16:59:20,20210509
15,2015-01-31,JNEO.L,GBP,2015-01-31,2015-01-31,Q1,3058000.0,1691500.0,1366500.0,0.446860693263571,0.0,1353500.0,0.0,0.0,0.0,3125750.0,2750.0,64250.0,-3500.0,-0.001144538914323087,-67750.0,-0.022155003270111183,0.0,-1203750.0,-0.3936396337475474,2500.0,-1206250.0,-0.3944571615434925,-0.2068,-0.2068,5827500.0,5827500.0,https://find-and-update.company-information.service.gov.uk/search/companies?q=Journeo+PLC,https://find-and-update.company-information.service.gov.uk/search/companies?q=Journeo+PLC,1620593960,16:59:20,20210509
16,2014-09-30,JNEO.L,GBP,2014-09-30,2014-09-30,Q3,2256750.0,1435250.0,821500.0,0.3640190539492633,0.0,853750.0,0.0,0.0,0.0,2321250.0,0.0,22750.0,-41750.0,-0.018500055389387392,-64500.0,-0.028580923894981722,0.0,-104250.0,-0.046194749086075106,-8500.0,-95750.0,-0.04242827074332558,-0.0164,-0.0164,5827500.0,5827500.0,https://find-and-update.company-information.service.gov.uk/search/companies?q=Journeo+PLC,https://find-and-update.company-information.service.gov.uk/search/companies?q=Journeo+PLC,1620593960,16:59:20,20210509
17,2014-06-30,JNEO.L,GBP,2014-06-30,2014-06-30,Q2,2256750.0,1435250.0,821500.0,0.3640190539492633,0.0,853750.0,0.0,0.0,0.0,2321250.0,0.0,22750.0,-41750.0,-0.018500055389387392,-64500.0,-0.028580923894981722,0.0,-104250.0,-0.046194749086075106,-8500.0,-95750.0,-0.04242827074332558,-0.0164,-0.0164,5827500.0,5827500.0,https://find-and-update.company-information.service.gov.uk/search/companies?q=Journeo+PLC,https://find-and-update.company-information.service.gov.uk/search/companies?q=Journeo+PLC,1620593960,16:59:20,20210509
18,2014-03-31,JNEO.L,GBP,2014-03-31,2014-03-31,Q1,2256750.0,1435250.0,821500.0,0.3640190539492633,0.0,853750.0,0.0,0.0,0.0,2321250.0,0.0,22750.0,-41750.0,-0.018500055389387392,-64500.0,-0.028580923894981722,0.0,-104250.0,-0.046194749086075106,-8500.0,-95750.0,-0.04242827074332558,-0.0164,-0.0164,5827500.0,5827500.0,https://find-and-update.company-information.service.gov.uk/search/companies?q=Journeo+PLC,https://find-and-update.company-information.service.gov.uk/search/companies?q=Journeo+PLC,1620593960,16:59:20,20210509
19,2014-01-31,JNEO.L,GBP,2014-01-31,2014-01-31,Q1,2256750.0,1435250.0,821500.0,0.3640190539492633,0.0,853750.0,0.0,0.0,0.0,2321250.0,0.0,22750.0,-41750.0,-0.018500055389387392,-64500.0,-0.028580923894981722,0.0,-104250.0,-0.046194749086075106,-8500.0,-95750.0,-0.04242827074332558,-0.0164,-0.0164,5827500.0,5827500.0,https://find-and-update.company-information.service.gov.uk/search/companies?q=Journeo+PLC,https://find-and-update.company-information.service.gov.uk/search/companies?q=Journeo+PLC,1620593960,16:59:20,20210509
20,2013-09-30,JNEO.L,GBP,2013-09-30,2013-09-30,Q3,2706500.0,1689000.0,1017500.0,0.3759467947533715,0.0,1073250.0,0.0,0.0,0.0,2762250.0,0.0,49250.0,-6500.0,-0.002401625715869204,-55750.0,-0.02059855902457048,0.0,-54500.0,-0.02013670792536486,6500.0,-61000.0,-0.022538333641234067,-0.010467610467610468,-0.010395364689843218,5827500.0,5868000.0,https://find-and-update.company-information.service.gov.uk/search/companies?q=Journeo+PLC,https://find-and-update.company-information.service.gov.uk/search/companies?q=Journeo+PLC,1620593960,16:59:20,20210509
21,2013-06-30,JNEO.L,GBP,2013-06-30,2013-06-30,Q2,2706500.0,1689000.0,1017500.0,0.3759467947533715,0.0,1073250.0,0.0,0.0,0.0,2762250.0,0.0,49250.0,-6500.0,-0.002401625715869204,-55750.0,-0.02059855902457048,0.0,-54500.0,-0.02013670792536486,6500.0,-61000.0,-0.022538333641234067,-0.010467610467610468,-0.010395364689843218,5827500.0,5868000.0,https://find-and-update.company-information.service.gov.uk/search/companies?q=Journeo+PLC,https://find-and-update.company-information.service.gov.uk/search/companies?q=Journeo+PLC,1620593960,16:59:20,20210509
22,2013-03-31,JNEO.L,GBP,2013-03-31,2013-03-31,Q1,2706500.0,1689000.0,1017500.0,0.3759467947533715,0.0,1073250.0,0.0,0.0,0.0,2762250.0,0.0,49250.0,-6500.0,-0.002401625715869204,-55750.0,-0.02059855902457048,0.0,-54500.0,-0.02013670792536486,6500.0,-61000.0,-0.022538333641234067,-0.010467610467610468,-0.010395364689843218,5827500.0,5868000.0,https://find-and-update.company-information.service.gov.uk/search/companies?q=Journeo+PLC,https://find-and-update.company-information.service.gov.uk/search/companies?q=Journeo+PLC,1620593960,16:59:20,20210509
23,2013-01-31,JNEO.L,GBP,2013-01-31,2013-01-31,Q1,2706500.0,1689000.0,1017500.0,0.3759467947533715,0.0,1073250.0,0.0,0.0,0.0,2762250.0,0.0,49250.0,-6500.0,-0.002401625715869204,-55750.0,-0.02059855902457048,0.0,-54500.0,-0.02013670792536486,6500.0,-61000.0,-0.022538333641234067,-0.010467610467610468,-0.010395364689843218,5827500.0,5868000.0,https://find-and-update.company-information.service.gov.uk/search/companies?q=Journeo+PLC,https://find-and-update.company-information.service.gov.uk/search/companies?q=Journeo+PLC,1620593960,16:59:20,20210509
24,2012-09-30,JNEO.L,GBP,2012-09-30,2012-09-30,Q3,3506500.0,1624250.0,1882250.0,0.5367888207614431,0.0,0.0,0.0,0.0,0.0,3051500.0,0.0,46000.0,501000.0,0.1428775131897904,455000.0,0.1297590189647797,0.0,458500.0,0.13075716526450876,121500.0,337000.0,0.09610722943105661,0.05805965327877678,0.057803220342617014,5804375.0,5830125.0,https://find-and-update.company-information.service.gov.uk/search/companies?q=Journeo+PLC,https://find-and-update.company-information.service.gov.uk/search/companies?q=Journeo+PLC,1620593960,16:59:20,20210509
25,2012-06-30,JNEO.L,GBP,2012-06-30,2012-06-30,Q2,3506500.0,1624250.0,1882250.0,0.5367888207614431,0.0,0.0,0.0,0.0,0.0,3051500.0,0.0,46000.0,501000.0,0.1428775131897904,455000.0,0.1297590189647797,0.0,458500.0,0.13075716526450876,121500.0,337000.0,0.09610722943105661,0.05805965327877678,0.057803220342617014,5804375.0,5830125.0,https://find-and-update.company-information.service.gov.uk/search/companies?q=Journeo+PLC,https://find-and-update.company-information.service.gov.uk/search/companies?q=Journeo+PLC,1620593960,16:59:20,20210509
26,2012-03-31,JNEO.L,GBP,2012-03-31,2012-03-31,Q1,3506500.0,1624250.0,1882250.0,0.5367888207614431,0.0,0.0,0.0,0.0,0.0,3051500.0,0.0,46000.0,501000.0,0.1428775131897904,455000.0,0.1297590189647797,0.0,458500.0,0.13075716526450876,121500.0,337000.0,0.09610722943105661,0.05805965327877678,0.057803220342617014,5804375.0,5830125.0,https://find-and-update.company-information.service.gov.uk/search/companies?q=Journeo+PLC,https://find-and-update.company-information.service.gov.uk/search/companies?q=Journeo+PLC,1620593960,16:59:20,20210509
27,2012-01-31,JNEO.L,GBP,2012-01-31,2012-01-31,Q1,3506500.0,1624250.0,1882250.0,0.5367888207614431,0.0,0.0,0.0,0.0,0.0,3051500.0,0.0,46000.0,501000.0,0.1428775131897904,455000.0,0.1297590189647797,0.0,458500.0,0.13075716526450876,121500.0,337000.0,0.09610722943105661,0.05805965327877678,0.057803220342617014,5804375.0,5830125.0,https://find-and-update.company-information.service.gov.uk/search/companies?q=Journeo+PLC,https://find-and-update.company-information.service.gov.uk/search/companies?q=Journeo+PLC,1620593960,16:59:20,20210509
28,2011-09-30,JNEO.L,GBP,2011-09-30,2011-09-30,Q3,3501500.0,1553500.0,1948000.0,0.556333000142796,0.0,1574000.0,0.0,0.0,1478250.0,3127500.0,3750.0,39750.0,413750.0,0.11816364415250608,374000.0,0.10681136655718977,0.0,370250.0,0.10574039697272597,77750.0,301500.0,0.08610595459088961,0.0524,0.052,5764312.0,5781562.0,https://find-and-update.company-information.service.gov.uk/search/companies?q=Journeo+PLC,https://find-and-update.company-information.service.gov.uk/search/companies?q=Journeo+PLC,1620593960,16:59:20,20210509
29,2011-06-30,JNEO.L,GBP,2011-06-30,2011-06-30,Q2,3501500.0,1553500.0,1948000.0,0.556333000142796,0.0,1574000.0,0.0,0.0,1478250.0,3127500.0,3750.0,39750.0,413750.0,0.11816364415250608,374000.0,0.10681136655718977,0.0,370250.0,0.10574039697272597,77750.0,301500.0,0.08610595459088961,0.0524,0.052,5764312.0,5781562.0,https://find-and-update.company-information.service.gov.uk/search/companies?q=Journeo+PLC,https://find-and-update.company-information.service.gov.uk/search/companies?q=Journeo+PLC,1620593960,16:59:20,20210509
30,2011-03-31,JNEO.L,GBP,2011-03-31,2011-03-31,Q1,3501500.0,1553500.0,1948000.0,0.556333000142796,0.0,1574000.0,0.0,0.0,1478250.0,3127500.0,3750.0,39750.0,413750.0,0.11816364415250608,374000.0,0.10681136655718977,0.0,370250.0,0.10574039697272597,77750.0,301500.0,0.08610595459088961,0.0524,0.052,5764312.0,5781562.0,https://find-and-update.company-information.service.gov.uk/search/companies?q=Journeo+PLC,https://find-and-update.company-information.service.gov.uk/search/companies?q=Journeo+PLC,1620593960,16:59:20,20210509
31,2011-01-31,JNEO.L,GBP,2011-01-31,2011-01-31,Q1,3501500.0,1553500.0,1948000.0,0.556333000142796,0.0,1574000.0,0.0,0.0,1478250.0,3127500.0,3750.0,39750.0,413750.0,0.11816364415250608,374000.0,0.10681136655718977,0.0,370250.0,0.10574039697272597,77750.0,301500.0,0.08610595459088961,0.0524,0.052,5764312.0,5781562.0,https://find-and-update.company-information.service.gov.uk/search/companies?q=Journeo+PLC,https://find-and-update.company-information.service.gov.uk/search/companies?q=Journeo+PLC,1620593960,16:59:20,20210509
32,2010-09-30,JNEO.L,GBP,2010-09-30,2010-09-30,Q3,2710000.0,1137500.0,1572500.0,0.5802583025830258,0.0,1377000.0,0.0,0.0,1217500.0,2492500.0,2500.0,71500.0,289000.0,0.1066420664206642,217500.0,0.08025830258302583,0.0,215000.0,0.07933579335793357,60000.0,140750.0,0.051937269372693724,0.0244,0.0244,5764312.0,5764312.0,https://find-and-update.company-information.service.gov.uk/search/companies?q=Journeo+PLC,https://find-and-update.company-information.service.gov.uk/search/companies?q=Journeo+PLC,1620593960,16:59:20,20210509
33,2010-06-30,JNEO.L,GBP,2010-06-30,2010-06-30,Q2,2710000.0,1137500.0,1572500.0,0.5802583025830258,0.0,1377000.0,0.0,0.0,1217500.0,2492500.0,2500.0,71500.0,289000.0,0.1066420664206642,217500.0,0.08025830258302583,0.0,215000.0,0.07933579335793357,60000.0,140750.0,0.051937269372693724,0.0244,0.0244,5764312.0,5764312.0,https://find-and-update.company-information.service.gov.uk/search/companies?q=Journeo+PLC,https://find-and-update.company-information.service.gov.uk/search/companies?q=Journeo+PLC,1620593960,16:59:20,20210509
34,2010-03-31,JNEO.L,GBP,2010-03-31,2010-03-31,Q1,2710000.0,1137500.0,1572500.0,0.5802583025830258,0.0,1377000.0,0.0,0.0,1217500.0,2492500.0,2500.0,71500.0,289000.0,0.1066420664206642,217500.0,0.08025830258302583,0.0,215000.0,0.07933579335793357,60000.0,140750.0,0.051937269372693724,0.0244,0.0244,5764312.0,5764312.0,https://find-and-update.company-information.service.gov.uk/search/companies?q=Journeo+PLC,https://find-and-update.company-information.service.gov.uk/search/companies?q=Journeo+PLC,1620593960,16:59:20,20210509
35,2010-01-31,JNEO.L,GBP,2010-01-31,2010-01-31,Q1,2710000.0,1137500.0,1572500.0,0.5802583025830258,0.0,1377000.0,0.0,0.0,1217500.0,2492500.0,2500.0,71500.0,289000.0,0.1066420664206642,217500.0,0.08025830258302583,0.0,215000.0,0.07933579335793357,60000.0,140750.0,0.051937269372693724,0.0244,0.0244,5764312.0,5764312.0,https://find-and-update.company-information.service.gov.uk/search/companies?q=Journeo+PLC,https://find-and-update.company-information.service.gov.uk/search/companies?q=Journeo+PLC,1620593960,16:59:20,20210509
36,2009-09-30,JNEO.L,GBP,2009-09-30,2009-09-30,Q3,2617500.0,1035750.0,1581750.0,0.6042979942693409,0.0,1418750.0,0.0,0.0,1178500.0,2381500.0,13500.0,100250.0,336250.0,0.12846227316141356,236000.0,0.09016236867239732,0.0,172750.0,0.06599808978032473,48000.0,4500.0,0.0017191977077363897,0.0008,0.0008,5576625.0,5576625.0,https://find-and-update.company-information.service.gov.uk/search/companies?q=Journeo+PLC,https://find-and-update.company-information.service.gov.uk/search/companies?q=Journeo+PLC,1620593960,16:59:20,20210509
37,2009-06-30,JNEO.L,GBP,2009-06-30,2009-06-30,Q2,2617500.0,1035750.0,1581750.0,0.6042979942693409,0.0,1418750.0,0.0,0.0,1178500.0,2381500.0,13500.0,100250.0,336250.0,0.12846227316141356,236000.0,0.09016236867239732,0.0,172750.0,0.06599808978032473,48000.0,4500.0,0.0017191977077363897,0.0008,0.0008,5576625.0,5576625.0,https://find-and-update.company-information.service.gov.uk/search/companies?q=Journeo+PLC,https://find-and-update.company-information.service.gov.uk/search/companies?q=Journeo+PLC,1620593960,16:59:20,20210509
38,2009-03-31,JNEO.L,GBP,2009-03-31,2009-03-31,Q1,2617500.0,1035750.0,1581750.0,0.6042979942693409,0.0,1418750.0,0.0,0.0,1178500.0,2381500.0,13500.0,100250.0,336250.0,0.12846227316141356,236000.0,0.09016236867239732,0.0,172750.0,0.06599808978032473,48000.0,4500.0,0.0017191977077363897,0.0008,0.0008,5576625.0,5576625.0,https://find-and-update.company-information.service.gov.uk/search/companies?q=Journeo+PLC,https://find-and-update.company-information.service.gov.uk/search/companies?q=Journeo+PLC,1620593960,16:59:20,20210509
39,2009-01-31,JNEO.L,GBP,2009-01-31,2009-01-31,Q1,2617500.0,1035750.0,1581750.0,0.6042979942693409,0.0,1418750.0,0.0,0.0,1178500.0,2381500.0,13500.0,100250.0,336250.0,0.12846227316141356,236000.0,0.09016236867239732,0.0,172750.0,0.06599808978032473,48000.0,4500.0,0.0017191977077363897,0.0008,0.0008,5576625.0,5576625.0,https://find-and-update.company-information.service.gov.uk/search/companies?q=Journeo+PLC,https://find-and-update.company-information.service.gov.uk/search/companies?q=Journeo+PLC,1620593960,16:59:20,20210509
40,2008-09-30,JNEO.L,GBP,2008-09-30,2008-09-30,Q3,1933250.0,756250.0,1177000.0,0.6088193456614509,0.0,1102000.0,0.0,0.0,942750.0,1828000.0,11000.0,70000.0,175250.0,0.0906504590715117,105250.0,0.054442001810422865,0.0,-197750.0,-0.10228889176257597,-80000.0,-191000.0,-0.0987973619552567,-0.0372,-0.0372,5105562.0,5105562.0,https://find-and-update.company-information.service.gov.uk/search/companies?q=Journeo+PLC,https://find-and-update.company-information.service.gov.uk/search/companies?q=Journeo+PLC,1620593960,16:59:20,20210509
41,2008-06-30,JNEO.L,GBP,2008-06-30,2008-06-30,Q2,1933250.0,756250.0,1177000.0,0.6088193456614509,0.0,1102000.0,0.0,0.0,942750.0,1828000.0,11000.0,70000.0,175250.0,0.0906504590715117,105250.0,0.054442001810422865,0.0,-197750.0,-0.10228889176257597,-80000.0,-191000.0,-0.0987973619552567,-0.0372,-0.0372,5105562.0,5105562.0,https://find-and-update.company-information.service.gov.uk/search/companies?q=Journeo+PLC,https://find-and-update.company-information.service.gov.uk/search/companies?q=Journeo+PLC,1620593960,16:59:20,20210509
42,2008-03-31,JNEO.L,GBP,2008-03-31,2008-03-31,Q1,1933250.0,756250.0,1177000.0,0.6088193456614509,0.0,1102000.0,0.0,0.0,942750.0,1828000.0,11000.0,70000.0,175250.0,0.0906504590715117,105250.0,0.054442001810422865,0.0,-197750.0,-0.10228889176257597,-80000.0,-191000.0,-0.0987973619552567,-0.0372,-0.0372,5105562.0,5105562.0,https://find-and-update.company-information.service.gov.uk/search/companies?q=Journeo+PLC,https://find-and-update.company-information.service.gov.uk/search/companies?q=Journeo+PLC,1620593960,16:59:20,20210509
43,2008-01-31,JNEO.L,GBP,2008-01-31,2008-01-31,Q1,1933250.0,756250.0,1177000.0,0.6088193456614509,0.0,1102000.0,0.0,0.0,942750.0,1828000.0,11000.0,70000.0,175250.0,0.0906504590715117,105250.0,0.054442001810422865,0.0,-197750.0,-0.10228889176257597,-80000.0,-191000.0,-0.0987973619552567,-0.0372,-0.0372,5105562.0,5105562.0,https://find-and-update.company-information.service.gov.uk/search/companies?q=Journeo+PLC,https://find-and-update.company-information.service.gov.uk/search/companies?q=Journeo+PLC,1620593960,16:59:20,20210509
44,2007-09-30,JNEO.L,GBP,2007-09-30,2007-09-30,Q3,3863750.0,1755000.0,2108750.0,0.5457780653510191,0.0,1784250.0,0.0,0.0,1591000.0,3512250.0,67750.0,58500.0,410000.0,0.10611452604335167,351500.0,0.09097379488838564,0.0,272250.0,0.0704626334519573,25000.0,125750.0,0.03254610158524749,0.0248,0.0248,5105562.0,5105562.0,https://find-and-update.company-information.service.gov.uk/search/companies?q=Journeo+PLC,https://find-and-update.company-information.service.gov.uk/search/companies?q=Journeo+PLC,1620593960,16:59:20,20210509
45,2007-06-30,JNEO.L,GBP,2007-06-30,2007-06-30,Q2,3863750.0,1755000.0,2108750.0,0.5457780653510191,0.0,1784250.0,0.0,0.0,1591000.0,3512250.0,67750.0,58500.0,410000.0,0.10611452604335167,351500.0,0.09097379488838564,0.0,272250.0,0.0704626334519573,25000.0,125750.0,0.03254610158524749,0.0248,0.0248,5105562.0,5105562.0,https://find-and-update.company-information.service.gov.uk/search/companies?q=Journeo+PLC,https://find-and-update.company-information.service.gov.uk/search/companies?q=Journeo+PLC,1620593960,16:59:20,20210509
46,2007-03-31,JNEO.L,GBP,2007-03-31,2007-03-31,Q1,3863750.0,1755000.0,2108750.0,0.5457780653510191,0.0,1784250.0,0.0,0.0,1591000.0,3512250.0,67750.0,58500.0,410000.0,0.10611452604335167,351500.0,0.09097379488838564,0.0,272250.0,0.0704626334519573,25000.0,125750.0,0.03254610158524749,0.0248,0.0248,5105562.0,5105562.0,https://find-and-update.company-information.service.gov.uk/search/companies?q=Journeo+PLC,https://find-and-update.company-information.service.gov.uk/search/companies?q=Journeo+PLC,1620593960,16:59:20,20210509
47,2007-01-31,JNEO.L,GBP,2007-01-31,2007-01-31,Q1,3863750.0,1755000.0,2108750.0,0.5457780653510191,0.0,1784250.0,0.0,0.0,1591000.0,3512250.0,67750.0,58500.0,410000.0,0.10611452604335167,351500.0,0.09097379488838564,0.0,272250.0,0.0704626334519573,25000.0,125750.0,0.03254610158524749,0.0248,0.0248,5105562.0,5105562.0,https://find-and-update.company-information.service.gov.uk/search/companies?q=Journeo+PLC,https://find-and-update.company-information.service.gov.uk/search/companies?q=Journeo+PLC,1620593960,16:59:20,20210509
48,2006-09-30,JNEO.L,GBP,2006-09-30,2006-09-30,Q3,3811500.0,1683750.0,2127750.0,0.5582447855175128,0.0,1929500.0,0.0,-15000.0,1733750.0,3601000.0,82500.0,68500.0,279000.0,0.07319952774498228,210500.0,0.05522760068214614,0.0,120250.0,0.031549258821986094,-250.0,100000.0,0.02623638987275351,0.0196,0.0196,5105562.0,5105562.0,https://find-and-update.company-information.service.gov.uk/search/companies?q=Journeo+PLC,https://find-and-update.company-information.service.gov.uk/search/companies?q=Journeo+PLC,1620593960,16:59:20,20210509
49,2006-06-30,JNEO.L,GBP,2006-06-30,2006-06-30,Q2,3811500.0,1683750.0,2127750.0,0.5582447855175128,0.0,1929500.0,0.0,-15000.0,1733750.0,3601000.0,82500.0,68500.0,279000.0,0.07319952774498228,210500.0,0.05522760068214614,0.0,120250.0,0.031549258821986094,-250.0,100000.0,0.02623638987275351,0.0196,0.0196,5105562.0,5105562.0,https://find-and-update.company-information.service.gov.uk/search/companies?q=Journeo+PLC,https://find-and-update.company-information.service.gov.uk/search/companies?q=Journeo+PLC,1620593960,16:59:20,20210509
50,2006-03-31,JNEO.L,GBP,2006-03-31,2006-03-31,Q1,3811500.0,1683750.0,2127750.0,0.5582447855175128,0.0,1929500.0,0.0,-15000.0,1733750.0,3601000.0,82500.0,68500.0,279000.0,0.07319952774498228,210500.0,0.05522760068214614,0.0,120250.0,0.031549258821986094,-250.0,100000.0,0.02623638987275351,0.0196,0.0196,5105562.0,5105562.0,https://find-and-update.company-information.service.gov.uk/search/companies?q=Journeo+PLC,https://find-and-update.company-information.service.gov.uk/search/companies?q=Journeo+PLC,1620593960,16:59:20,20210509
51,2006-01-31,JNEO.L,GBP,2006-01-31,2006-01-31,Q1,3811500.0,1683750.0,2127750.0,0.5582447855175128,0.0,1929500.0,0.0,-15000.0,1733750.0,3601000.0,82500.0,68500.0,279000.0,0.07319952774498228,210500.0,0.05522760068214614,0.0,120250.0,0.031549258821986094,-250.0,100000.0,0.02623638987275351,0.0196,0.0196,5105562.0,5105562.0,https://find-and-update.company-information.service.gov.uk/search/companies?q=Journeo+PLC,https://find-and-update.company-information.service.gov.uk/search/companies?q=Journeo+PLC,1620593960,16:59:20,20210509
52,2005-09-30,JNEO.L,GBP,2005-09-30,2005-09-30,Q3,9079000.0,5352250.0,3726750.0,0.41048022910012116,0.0,0.0,0.0,68500.0,2840000.0,8474500.0,125000.0,120500.0,725000.0,0.07985460953849544,604500.0,0.06658222271175239,0.0,401500.0,0.044222932040973675,72250.0,296250.0,0.03263024562176451,0.058,0.058,5105562.0,5105562.0,https://find-and-update.company-information.service.gov.uk/search/companies?q=Journeo+PLC,https://find-and-update.company-information.service.gov.uk/search/companies?q=Journeo+PLC,1620593960,16:59:20,20210509
53,2005-06-30,JNEO.L,GBP,2005-06-30,2005-06-30,Q2,9079000.0,5352250.0,3726750.0,0.41048022910012116,0.0,0.0,0.0,68500.0,2840000.0,8474500.0,125000.0,120500.0,725000.0,0.07985460953849544,604500.0,0.06658222271175239,0.0,401500.0,0.044222932040973675,72250.0,296250.0,0.03263024562176451,0.058,0.058,5105562.0,5105562.0,https://find-and-update.company-information.service.gov.uk/search/companies?q=Journeo+PLC,https://find-and-update.company-information.service.gov.uk/search/companies?q=Journeo+PLC,1620593960,16:59:20,20210509
54,2005-03-31,JNEO.L,GBP,2005-03-31,2005-03-31,Q1,9079000.0,5352250.0,3726750.0,0.41048022910012116,0.0,0.0,0.0,68500.0,2840000.0,8474500.0,125000.0,120500.0,725000.0,0.07985460953849544,604500.0,0.06658222271175239,0.0,401500.0,0.044222932040973675,72250.0,296250.0,0.03263024562176451,0.058,0.058,5105562.0,5105562.0,https://find-and-update.company-information.service.gov.uk/search/companies?q=Journeo+PLC,https://find-and-update.company-information.service.gov.uk/search/companies?q=Journeo+PLC,1620593960,16:59:20,20210509
55,2005-01-31,JNEO.L,GBP,2005-01-31,2005-01-31,Q1,9079000.0,5352250.0,3726750.0,0.41048022910012116,0.0,0.0,0.0,68500.0,2840000.0,8474500.0,125000.0,120500.0,725000.0,0.07985460953849544,604500.0,0.06658222271175239,0.0,401500.0,0.044222932040973675,72250.0,296250.0,0.03263024562176451,0.058,0.058,5105562.0,5105562.0,https://find-and-update.company-information.service.gov.uk/search/companies?q=Journeo+PLC,https://find-and-update.company-information.service.gov.uk/search/companies?q=Journeo+PLC,1620593960,16:59:20,20210509
56,2004-09-30,JNEO.L,GBP,2004-09-30,2004-09-30,Q3,8643500.0,5095000.0,3548500.0,0.4105397119222537,42500.0,0.0,0.0,-1500.0,2692250.0,8164000.0,136750.0,161500.0,641000.0,0.07415977324000694,479500.0,0.055475212587493494,0.0,191750.0,0.02218430034129693,0.0,191500.0,0.022155376872794584,0.0388,0.0376,5090000.0,5093085.0,https://find-and-update.company-information.service.gov.uk/search/companies?q=Journeo+PLC,https://find-and-update.company-information.service.gov.uk/search/companies?q=Journeo+PLC,1620593960,16:59:20,20210509
57,2004-06-30,JNEO.L,GBP,2004-06-30,2004-06-30,Q2,8643500.0,5095000.0,3548500.0,0.4105397119222537,42500.0,0.0,0.0,-1500.0,2692250.0,8164000.0,136750.0,161500.0,641000.0,0.07415977324000694,479500.0,0.055475212587493494,0.0,191750.0,0.02218430034129693,0.0,191500.0,0.022155376872794584,0.0388,0.0376,5090000.0,5093085.0,https://find-and-update.company-information.service.gov.uk/search/companies?q=Journeo+PLC,https://find-and-update.company-information.service.gov.uk/search/companies?q=Journeo+PLC,1620593960,16:59:20,20210509
58,2004-03-31,JNEO.L,GBP,2004-03-31,2004-03-31,Q1,8643500.0,5095000.0,3548500.0,0.4105397119222537,42500.0,0.0,0.0,-1500.0,2692250.0,8164000.0,136750.0,161500.0,641000.0,0.07415977324000694,479500.0,0.055475212587493494,0.0,191750.0,0.02218430034129693,0.0,191500.0,0.022155376872794584,0.0388,0.0376,5090000.0,5093085.0,https://find-and-update.company-information.service.gov.uk/search/companies?q=Journeo+PLC,https://find-and-update.company-information.service.gov.uk/search/companies?q=Journeo+PLC,1620593960,16:59:20,20210509
59,2004-01-31,JNEO.L,GBP,2004-01-31,2004-01-31,Q1,8643500.0,5095000.0,3548500.0,0.4105397119222537,42500.0,0.0,0.0,-1500.0,2692250.0,8164000.0,136750.0,161500.0,641000.0,0.07415977324000694,479500.0,0.055475212587493494,0.0,191750.0,0.02218430034129693,0.0,191500.0,0.022155376872794584,0.0388,0.0376,5090000.0,5093085.0,https://find-and-update.company-information.service.gov.uk/search/companies?q=Journeo+PLC,https://find-and-update.company-information.service.gov.uk/search/companies?q=Journeo+PLC,1620593960,16:59:20,20210509
60,2003-09-30,JNEO.L,GBP,2003-09-30,2003-09-30,Q3,8308750.0,4977500.0,3331250.0,0.40093275161727093,0.0,0.0,0.0,146500.0,2556500.0,7843250.0,146500.0,126250.0,591750.0,0.07122009929291409,465500.0,0.056025274559951856,0.0,265000.0,0.03189408755829697,-50000.0,293500.0,0.035324206408906274,0.062,0.0592,4895437.0,4957770.0,https://find-and-update.company-information.service.gov.uk/search/companies?q=Journeo+PLC,https://find-and-update.company-information.service.gov.uk/search/companies?q=Journeo+PLC,1620593960,16:59:20,20210509
61,2003-06-30,JNEO.L,GBP,2003-06-30,2003-06-30,Q2,8308750.0,4977500.0,3331250.0,0.40093275161727093,0.0,0.0,0.0,146500.0,2556500.0,7843250.0,146500.0,126250.0,591750.0,0.07122009929291409,465500.0,0.056025274559951856,0.0,265000.0,0.03189408755829697,-50000.0,293500.0,0.035324206408906274,0.062,0.0592,4895437.0,4957770.0,https://find-and-update.company-information.service.gov.uk/search/companies?q=Journeo+PLC,https://find-and-update.company-information.service.gov.uk/search/companies?q=Journeo+PLC,1620593960,16:59:20,20210509
62,2003-03-31,JNEO.L,GBP,2003-03-31,2003-03-31,Q1,8308750.0,4977500.0,3331250.0,0.40093275161727093,0.0,0.0,0.0,146500.0,2556500.0,7843250.0,146500.0,126250.0,591750.0,0.07122009929291409,465500.0,0.056025274559951856,0.0,265000.0,0.03189408755829697,-50000.0,293500.0,0.035324206408906274,0.062,0.0592,4895437.0,4957770.0,https://find-and-update.company-information.service.gov.uk/search/companies?q=Journeo+PLC,https://find-and-update.company-information.service.gov.uk/search/companies?q=Journeo+PLC,1620593960,16:59:20,20210509
63,2003-01-31,JNEO.L,GBP,2003-01-31,2003-01-31,Q1,8308750.0,4977500.0,3331250.0,0.40093275161727093,0.0,0.0,0.0,146500.0,2556500.0,7843250.0,146500.0,126250.0,591750.0,0.07122009929291409,465500.0,0.056025274559951856,0.0,265000.0,0.03189408755829697,-50000.0,293500.0,0.035324206408906274,0.062,0.0592,4895437.0,4957770.0,https://find-and-update.company-information.service.gov.uk/search/companies?q=Journeo+PLC,https://find-and-update.company-information.service.gov.uk/search/companies?q=Journeo+PLC,1620593960,16:59:20,20210509
64,2002-09-30,JNEO.L,GBP,2002-09-30,2002-09-30,Q3,8534500.0,5111250.0,3423250.0,0.40110727049036266,0.0,1019750.0,0.0,191250.0,2743250.0,8200000.0,191250.0,134250.0,468750.0,0.05492413146640108,334500.0,0.03919386021442381,0.0,55000.0,0.00644443142539106,-2750.0,59750.0,0.007000995957583924,0.0128,0.0128,4664750.0,4664750.0,https://find-and-update.company-information.service.gov.uk/search/companies?q=Journeo+PLC,https://find-and-update.company-information.service.gov.uk/search/companies?q=Journeo+PLC,1620593960,16:59:20,20210509
65,2002-06-30,JNEO.L,GBP,2002-06-30,2002-06-30,Q2,8534500.0,5111250.0,3423250.0,0.40110727049036266,0.0,1019750.0,0.0,191250.0,2743250.0,8200000.0,191250.0,134250.0,468750.0,0.05492413146640108,334500.0,0.03919386021442381,0.0,55000.0,0.00644443142539106,-2750.0,59750.0,0.007000995957583924,0.0128,0.0128,4664750.0,4664750.0,https://find-and-update.company-information.service.gov.uk/search/companies?q=Journeo+PLC,https://find-and-update.company-information.service.gov.uk/search/companies?q=Journeo+PLC,1620593960,16:59:20,20210509
66,2002-03-31,JNEO.L,GBP,2002-03-31,2002-03-31,Q1,8534500.0,5111250.0,3423250.0,0.40110727049036266,0.0,1019750.0,0.0,191250.0,2743250.0,8200000.0,191250.0,134250.0,468750.0,0.05492413146640108,334500.0,0.03919386021442381,0.0,55000.0,0.00644443142539106,-2750.0,59750.0,0.007000995957583924,0.0128,0.0128,4664750.0,4664750.0,https://find-and-update.company-information.service.gov.uk/search/companies?q=Journeo+PLC,https://find-and-update.company-information.service.gov.uk/search/companies?q=Journeo+PLC,1620593960,16:59:20,20210509
67,2002-01-31,JNEO.L,GBP,2002-01-31,2002-01-31,Q1,8534500.0,5111250.0,3423250.0,0.40110727049036266,0.0,1019750.0,0.0,191250.0,2743250.0,8200000.0,191250.0,134250.0,468750.0,0.05492413146640108,334500.0,0.03919386021442381,0.0,55000.0,0.00644443142539106,-2750.0,59750.0,0.007000995957583924,0.0128,0.0128,4664750.0,4664750.0,https://find-and-update.company-information.service.gov.uk/search/companies?q=Journeo+PLC,https://find-and-update.company-information.service.gov.uk/search/companies?q=Journeo+PLC,1620593960,16:59:20,20210509
68,2001-09-30,JNEO.L,GBP,2001-09-30,2001-09-30,Q3,8577750.0,5141000.0,3436750.0,0.4006586808895107,0.0,0.0,0.0,0.0,2801750.0,8284500.0,205250.0,103750.0,397000.0,0.04628253329835913,293250.0,0.034187286875929,0.0,-267000.0,-0.03112704380519367,0.0,-258250.0,-0.030106962781615225,-0.056,-0.056,4506437.0,4506437.0,https://find-and-update.company-information.service.gov.uk/search/companies?q=Journeo+PLC,https://find-and-update.company-information.service.gov.uk/search/companies?q=Journeo+PLC,1620593960,16:59:20,20210509
69,2001-06-30,JNEO.L,GBP,2001-06-30,2001-06-30,Q2,8577750.0,5141000.0,3436750.0,0.4006586808895107,0.0,0.0,0.0,0.0,2801750.0,8284500.0,205250.0,103750.0,397000.0,0.04628253329835913,293250.0,0.034187286875929,0.0,-267000.0,-0.03112704380519367,0.0,-258250.0,-0.030106962781615225,-0.056,-0.056,4506437.0,4506437.0,https://find-and-update.company-information.service.gov.uk/search/companies?q=Journeo+PLC,https://find-and-update.company-information.service.gov.uk/search/companies?q=Journeo+PLC,1620593960,16:59:20,20210509
70,2001-03-31,JNEO.L,GBP,2001-03-31,2001-03-31,Q1,8577750.0,5141000.0,3436750.0,0.4006586808895107,0.0,0.0,0.0,0.0,2801750.0,8284500.0,205250.0,103750.0,397000.0,0.04628253329835913,293250.0,0.034187286875929,0.0,-267000.0,-0.03112704380519367,0.0,-258250.0,-0.030106962781615225,-0.056,-0.056,4506437.0,4506437.0,https://find-and-update.company-information.service.gov.uk/search/companies?q=Journeo+PLC,https://find-and-update.company-information.service.gov.uk/search/companies?q=Journeo+PLC,1620593960,16:59:20,20210509
71,2001-01-31,JNEO.L,GBP,2001-01-31,2001-01-31,Q1,8577750.0,5141000.0,3436750.0,0.4006586808895107,0.0,0.0,0.0,0.0,2801750.0,8284500.0,205250.0,103750.0,397000.0,0.04628253329835913,293250.0,0.034187286875929,0.0,-267000.0,-0.03112704380519367,0.0,-258250.0,-0.030106962781615225,-0.056,-0.056,4506437.0,4506437.0,https://find-and-update.company-information.service.gov.uk/search/companies?q=Journeo+PLC,https://find-and-update.company-information.service.gov.uk/search/companies?q=Journeo+PLC,1620593960,16:59:20,20210509
72,2000-09-30,JNEO.L,GBP,2000-09-30,2000-09-30,Q3,8389250.0,4723250.0,3666000.0,0.4369878117829365,0.0,0.0,0.0,0.0,2559000.0,7550000.0,176000.0,78750.0,918000.0,0.10942575319605448,839250.0,0.10003874005423607,0.0,642500.0,0.0765861072205501,35000.0,618250.0,0.07369550317370445,0.144,0.132,4321875.0,4734312.0,https://find-and-update.company-information.service.gov.uk/search/companies?q=Journeo+PLC,https://find-and-update.company-information.service.gov.uk/search/companies?q=Journeo+PLC,1620593960,16:59:20,20210509
73,2000-06-30,JNEO.L,GBP,2000-06-30,2000-06-30,Q2,8389250.0,4723250.0,3666000.0,0.4369878117829365,0.0,0.0,0.0,0.0,2559000.0,7550000.0,176000.0,78750.0,918000.0,0.10942575319605448,839250.0,0.10003874005423607,0.0,642500.0,0.0765861072205501,35000.0,618250.0,0.07369550317370445,0.144,0.132,4321875.0,4734312.0,https://find-and-update.company-information.service.gov.uk/search/companies?q=Journeo+PLC,https://find-and-update.company-information.service.gov.uk/search/companies?q=Journeo+PLC,1620593960,16:59:20,20210509
74,2000-03-31,JNEO.L,GBP,2000-03-31,2000-03-31,Q1,8389250.0,4723250.0,3666000.0,0.4369878117829365,0.0,0.0,0.0,0.0,2559000.0,7550000.0,176000.0,78750.0,918000.0,0.10942575319605448,839250.0,0.10003874005423607,0.0,642500.0,0.0765861072205501,35000.0,618250.0,0.07369550317370445,0.144,0.132,4321875.0,4734312.0,https://find-and-update.company-information.service.gov.uk/search/companies?q=Journeo+PLC,https://find-and-update.company-information.service.gov.uk/search/companies?q=Journeo+PLC,1620593960,16:59:20,20210509
75,2000-01-31,JNEO.L,GBP,2000-01-31,2000-01-31,Q1,8389250.0,4723250.0,3666000.0,0.4369878117829365,0.0,0.0,0.0,0.0,2559000.0,7550000.0,176000.0,78750.0,918000.0,0.10942575319605448,839250.0,0.10003874005423607,0.0,642500.0,0.0765861072205501,35000.0,618250.0,0.07369550317370445,0.144,0.132,4321875.0,4734312.0,https://find-and-update.company-information.service.gov.uk/search/companies?q=Journeo+PLC,https://find-and-update.company-information.service.gov.uk/search/companies?q=Journeo+PLC,1620593960,16:59:20,20210509
76,1999-09-30,JNEO.L,GBP,1999-09-30,1999-09-30,Q3,7984750.0,4602000.0,3382750.0,0.42365133535802624,0.0,0.0,0.0,0.0,2419000.0,7331250.0,182250.0,92250.0,745750.0,0.09339678762641285,653500.0,0.08184351419894173,0.0,458000.0,0.057359341244246846,-31250.0,489250.0,0.06127305175490779,0.12,0.104,4068875.0,4649375.0,https://find-and-update.company-information.service.gov.uk/search/companies?q=Journeo+PLC,https://find-and-update.company-information.service.gov.uk/search/companies?q=Journeo+PLC,1620593960,16:59:20,20210509
77,1999-06-30,JNEO.L,GBP,1999-06-30,1999-06-30,Q2,7984750.0,4602000.0,3382750.0,0.42365133535802624,0.0,0.0,0.0,0.0,2419000.0,7331250.0,182250.0,92250.0,745750.0,0.09339678762641285,653500.0,0.08184351419894173,0.0,458000.0,0.057359341244246846,-31250.0,489250.0,0.06127305175490779,0.12,0.104,4068875.0,4649375.0,https://find-and-update.company-information.service.gov.uk/search/companies?q=Journeo+PLC,https://find-and-update.company-information.service.gov.uk/search/companies?q=Journeo+PLC,1620593960,16:59:20,20210509
78,1999-03-31,JNEO.L,GBP,1999-03-31,1999-03-31,Q1,7984750.0,4602000.0,3382750.0,0.42365133535802624,0.0,0.0,0.0,0.0,2419000.0,7331250.0,182250.0,92250.0,745750.0,0.09339678762641285,653500.0,0.08184351419894173,0.0,458000.0,0.057359341244246846,-31250.0,489250.0,0.06127305175490779,0.12,0.104,4068875.0,4649375.0,https://find-and-update.company-information.service.gov.uk/search/companies?q=Journeo+PLC,https://find-and-update.company-information.service.gov.uk/search/companies?q=Journeo+PLC,1620593960,16:59:20,20210509
79,1999-01-31,JNEO.L,GBP,1999-01-31,1999-01-31,Q1,7984750.0,4602000.0,3382750.0,0.42365133535802624,0.0,0.0,0.0,0.0,2419000.0,7331250.0,182250.0,92250.0,745750.0,0.09339678762641285,653500.0,0.08184351419894173,0.0,458000.0,0.057359341244246846,-31250.0,489250.0,0.06127305175490779,0.12,0.104,4068875.0,4649375.0,https://find-and-update.company-information.service.gov.uk/search/companies?q=Journeo+PLC,https://find-and-update.company-information.service.gov.uk/search/companies?q=Journeo+PLC,1620593960,16:59:20,20210509
80,1998-09-30,JNEO.L,GBP,1998-09-30,1998-09-30,Q3,2398250.0,0.0,0.0,0.0,50000.0,0.0,0.0,0.0,2596000.0,2889750.0,24250.0,53750.0,-437750.0,-0.18252892734285417,-491500.0,-0.20494110288752215,0.0,-663000.0,-0.27645157927655584,-3000.0,-660000.0,-0.2752006671531325,-0.3434065,-0.3434065,1929840.0,1929840.0,https://find-and-update.company-information.service.gov.uk/search/companies?q=Journeo+PLC,https://find-and-update.company-information.service.gov.uk/search/companies?q=Journeo+PLC,1620593960,16:59:20,20210509
81,1998-06-30,JNEO.L,GBP,1998-06-30,1998-06-30,Q2,2398250.0,0.0,0.0,0.0,50000.0,0.0,0.0,0.0,2596000.0,2889750.0,24250.0,53750.0,-437750.0,-0.18252892734285417,-491500.0,-0.20494110288752215,0.0,-663000.0,-0.27645157927655584,-3000.0,-660000.0,-0.2752006671531325,-0.3434065,-0.3434065,1929840.0,1929840.0,https://find-and-update.company-information.service.gov.uk/search/companies?q=Journeo+PLC,https://find-and-update.company-information.service.gov.uk/search/companies?q=Journeo+PLC,1620593960,16:59:20,20210509
82,1998-03-31,JNEO.L,GBP,1998-03-31,1998-03-31,Q1,2398250.0,0.0,0.0,0.0,50000.0,0.0,0.0,0.0,2596000.0,2889750.0,24250.0,53750.0,-437750.0,-0.18252892734285417,-491500.0,-0.20494110288752215,0.0,-663000.0,-0.27645157927655584,-3000.0,-660000.0,-0.2752006671531325,-0.3434065,-0.3434065,1929840.0,1929840.0,https://find-and-update.company-information.service.gov.uk/search/companies?q=Journeo+PLC,https://find-and-update.company-information.service.gov.uk/search/companies?q=Journeo+PLC,1620593960,16:59:20,20210509
83,1998-01-31,JNEO.L,GBP,1998-01-31,1998-01-31,Q1,2398250.0,0.0,0.0,0.0,50000.0,0.0,0.0,0.0,2596000.0,2889750.0,24250.0,53750.0,-437750.0,-0.18252892734285417,-491500.0,-0.20494110288752215,0.0,-663000.0,-0.27645157927655584,-3000.0,-660000.0,-0.2752006671531325,-0.3434065,-0.3434065,1929840.0,1929840.0,https://find-and-update.company-information.service.gov.uk/search/companies?q=Journeo+PLC,https://find-and-update.company-information.service.gov.uk/search/companies?q=Journeo+PLC,1620593960,16:59:20,20210509
84,1997-09-30,JNEO.L,GBP,1997-09-30,1997-09-30,Q3,1202750.0,0.0,0.0,0.0,95500.0,0.0,0.0,0.0,1998000.0,2330250.0,32250.0,73250.0,-1054250.0,-0.8765329453336105,-1127500.0,-0.9374350446892538,0.0,-1302250.0,-1.0827270837663687,-26750.0,-1275500.0,-1.0604863853668676,-0.950694,-0.950694,1341012.0,1341012.0,https://find-and-update.company-information.service.gov.uk/search/companies?q=Journeo+PLC,https://find-and-update.company-information.service.gov.uk/search/companies?q=Journeo+PLC,1620593960,16:59:20,20210509
85,1997-06-30,JNEO.L,GBP,1997-06-30,1997-06-30,Q2,1202750.0,0.0,0.0,0.0,95500.0,0.0,0.0,0.0,1998000.0,2330250.0,32250.0,73250.0,-1054250.0,-0.8765329453336105,-1127500.0,-0.9374350446892538,0.0,-1302250.0,-1.0827270837663687,-26750.0,-1275500.0,-1.0604863853668676,-0.950694,-0.950694,1341012.0,1341012.0,https://find-and-update.company-information.service.gov.uk/search/companies?q=Journeo+PLC,https://find-and-update.company-information.service.gov.uk/search/companies?q=Journeo+PLC,1620593960,16:59:20,20210509
86,1997-03-31,JNEO.L,GBP,1997-03-31,1997-03-31,Q1,1202750.0,0.0,0.0,0.0,95500.0,0.0,0.0,0.0,1998000.0,2330250.0,32250.0,73250.0,-1054250.0,-0.8765329453336105,-1127500.0,-0.9374350446892538,0.0,-1302250.0,-1.0827270837663687,-26750.0,-1275500.0,-1.0604863853668676,-0.950694,-0.950694,1341012.0,1341012.0,https://find-and-update.company-information.service.gov.uk/search/companies?q=Journeo+PLC,https://find-and-update.company-information.service.gov.uk/search/companies?q=Journeo+PLC,1620593960,16:59:20,20210509
87,1997-01-31,JNEO.L,GBP,1997-01-31,1997-01-31,Q1,1202750.0,0.0,0.0,0.0,95500.0,0.0,0.0,0.0,1998000.0,2330250.0,32250.0,73250.0,-1054250.0,-0.8765329453336105,-1127500.0,-0.9374350446892538,0.0,-1302250.0,-1.0827270837663687,-26750.0,-1275500.0,-1.0604863853668676,-0.950694,-0.950694,1341012.0,1341012.0,https://find-and-update.company-information.service.gov.uk/search/companies?q=Journeo+PLC,https://find-and-update.company-information.service.gov.uk/search/companies?q=Journeo+PLC,1620593960,16:59:20,20210509
88,1996-09-30,JNEO.L,GBP,1996-09-30,1996-09-30,Q3,752000.0,0.0,0.0,0.0,70750.0,0.0,0.0,0.0,1174000.0,1308750.0,3000.0,24250.0,-532500.0,-0.7081117021276596,-556750.0,-0.7403590425531915,0.0,-576750.0,-0.7669547872340425,6500.0,-583250.0,-0.7755984042553191,-0.5945075,-0.5945075,979093.0,979093.0,https://find-and-update.company-information.service.gov.uk/search/companies?q=Journeo+PLC,https://find-and-update.company-information.service.gov.uk/search/companies?q=Journeo+PLC,1620593960,16:59:20,20210509
89,1996-06-30,JNEO.L,GBP,1996-06-30,1996-06-30,Q2,752000.0,0.0,0.0,0.0,70750.0,0.0,0.0,0.0,1174000.0,1308750.0,3000.0,24250.0,-532500.0,-0.7081117021276596,-556750.0,-0.7403590425531915,0.0,-576750.0,-0.7669547872340425,6500.0,-583250.0,-0.7755984042553191,-0.5945075,-0.5945075,979093.0,979093.0,https://find-and-update.company-information.service.gov.uk/search/companies?q=Journeo+PLC,https://find-and-update.company-information.service.gov.uk/search/companies?q=Journeo+PLC,1620593960,16:59:20,20210509
90,1996-03-31,JNEO.L,GBP,1996-03-31,1996-03-31,Q1,752000.0,0.0,0.0,0.0,70750.0,0.0,0.0,0.0,1174000.0,1308750.0,3000.0,24250.0,-532500.0,-0.7081117021276596,-556750.0,-0.7403590425531915,0.0,-576750.0,-0.7669547872340425,6500.0,-583250.0,-0.7755984042553191,-0.5945075,-0.5945075,979093.0,979093.0,https://find-and-update.company-information.service.gov.uk/search/companies?q=Journeo+PLC,https://find-and-update.company-information.service.gov.uk/search/companies?q=Journeo+PLC,1620593960,16:59:20,20210509
91,1996-01-31,JNEO.L,GBP,1996-01-31,1996-01-31,Q1,752000.0,0.0,0.0,0.0,70750.0,0.0,0.0,0.0,1174000.0,1308750.0,3000.0,24250.0,-532500.0,-0.7081117021276596,-556750.0,-0.7403590425531915,0.0,-576750.0,-0.7669547872340425,6500.0,-583250.0,-0.7755984042553191,-0.5945075,-0.5945075,979093.0,979093.0,https://find-and-update.company-information.service.gov.uk/search/companies?q=Journeo+PLC,https://find-and-update.company-information.service.gov.uk/search/companies?q=Journeo+PLC,1620593960,16:59:20,20210509
92,1995-09-30,JNEO.L,GBP,1995-09-30,1995-09-30,Q3,14750.0,0.0,0.0,0.0,45500.0,0.0,0.0,0.0,89750.0,138250.0,0.0,3000.0,-120500.0,-8.169491525423728,-123500.0,-8.372881355932204,0.0,-117000.0,-7.932203389830509,0.0,-117000.0,-7.932203389830509,-0.126543,-0.126543,928656.0,928656.0,https://find-and-update.company-information.service.gov.uk/search/companies?q=Journeo+PLC,https://find-and-update.company-information.service.gov.uk/search/companies?q=Journeo+PLC,1620593960,16:59:20,20210509
93,1995-06-30,JNEO.L,GBP,1995-06-30,1995-06-30,Q2,14750.0,0.0,0.0,0.0,45500.0,0.0,0.0,0.0,89750.0,138250.0,0.0,3000.0,-120500.0,-8.169491525423728,-123500.0,-8.372881355932204,0.0,-117000.0,-7.932203389830509,0.0,-117000.0,-7.932203389830509,-0.126543,-0.126543,928656.0,928656.0,https://find-and-update.company-information.service.gov.uk/search/companies?q=Journeo+PLC,https://find-and-update.company-information.service.gov.uk/search/companies?q=Journeo+PLC,1620593960,16:59:20,20210509
94,1995-03-31,JNEO.L,GBP,1995-03-31,1995-03-31,Q1,14750.0,0.0,0.0,0.0,45500.0,0.0,0.0,0.0,89750.0,138250.0,0.0,3000.0,-120500.0,-8.169491525423728,-123500.0,-8.372881355932204,0.0,-117000.0,-7.932203389830509,0.0,-117000.0,-7.932203389830509,-0.126543,-0.126543,928656.0,928656.0,https://find-and-update.company-information.service.gov.uk/search/companies?q=Journeo+PLC,https://find-and-update.company-information.service.gov.uk/search/companies?q=Journeo+PLC,1620593960,16:59:20,20210509
95,1995-01-31,JNEO.L,GBP,1995-01-31,1995-01-31,Q1,14750.0,0.0,0.0,0.0,45500.0,0.0,0.0,0.0,89750.0,138250.0,0.0,3000.0,-120500.0,-8.169491525423728,-123500.0,-8.372881355932204,0.0,-117000.0,-7.932203389830509,0.0,-117000.0,-7.932203389830509,-0.126543,-0.126543,928656.0,928656.0,https://find-and-update.company-information.service.gov.uk/search/companies?q=Journeo+PLC,https://find-and-update.company-information.service.gov.uk/search/companies?q=Journeo+PLC,1620593960,16:59:20,20210509
