,date,symbol,reportedCurrency,fillingDate,acceptedDate,period,revenue,costOfRevenue,grossProfit,grossProfitRatio,researchAndDevelopmentExpenses,generalAndAdministrativeExpenses,sellingAndMarketingExpenses,otherExpenses,operatingExpenses,costAndExpenses,interestExpense,depreciationAndAmortization,ebitda,ebitdaratio,operatingIncome,operatingIncomeRatio,totalOtherIncomeExpensesNet,incomeBeforeTax,incomeBeforeTaxRatio,incomeTaxExpense,netIncome,netIncomeRatio,eps,epsdiluted,weightedAverageShsOut,weightedAverageShsOutDil,link,finalLink,timestamp,est_time,est_date
0,2020-12-31,LXS.DE,EUR,2020-12-31,2020-12-31,Q4,1503000000,1126000000,377000000,0.25083166999334666,28000000,72000000,193000000,0.0,183000000,1309000000,39000000,135000000,329000000,0.21889554224883567,194000000.0,0.12907518296739853,0.0,24000000.0,0.015968063872255488,6000000.0,-3000000.0,-0.001996007984031936,-0.03474381526213114,-0.03474381526213114,86346303,86346303,https://www.bundesanzeiger.de/pub/de/suche;wwwsid=627BFD7A56A5CB624C47FDDEAB2FC509.web07-pub?0,https://www.bundesanzeiger.de/pub/de/suche;wwwsid=627BFD7A56A5CB624C47FDDEAB2FC509.web07-pub?0,1620594680,17:11:20,20210509
1,2020-09-30,LXS.DE,EUR,2020-09-30,2020-09-30,Q3,1461000000,1111000000,350000000,0.23956194387405885,26000000,57000000,184000000,0.0,297000000,1408000000,13000000,117000000,170000000,0.1163586584531143,53000000.0,0.03627652292950034,0.0,34000000.0,0.02327173169062286,9000000.0,26000000.0,0.01779603011635866,0.3,0.3,86346303,86346303,https://www.bundesanzeiger.de/pub/de/suche;wwwsid=627BFD7A56A5CB624C47FDDEAB2FC509.web07-pub?0,https://www.bundesanzeiger.de/pub/de/suche;wwwsid=627BFD7A56A5CB624C47FDDEAB2FC509.web07-pub?0,1620594680,17:11:20,20210509
2,2020-06-30,LXS.DE,EUR,2020-06-30,2020-06-30,Q2,1436000000,1042000000,394000000,0.2743732590529248,28000000,64000000,194000000,0.0,333000000,1375000000,18000000,137000000,198000000,0.13788300835654596,61000000.0,0.04247910863509749,0.0,928000000.0,0.6462395543175488,125000000.0,798000000.0,0.5557103064066853,9.24,9.24,86347813,86347813,https://www.bundesanzeiger.de/pub/de/suche;wwwsid=627BFD7A56A5CB624C47FDDEAB2FC509.web07-pub?0,https://www.bundesanzeiger.de/pub/de/suche;wwwsid=627BFD7A56A5CB624C47FDDEAB2FC509.web07-pub?0,1620594680,17:11:20,20210509
3,2020-03-31,LXS.DE,EUR,2020-03-31,2020-03-31,Q1,1704000000,1269000000,435000000,0.25528169014084506,26000000,74000000,202000000,0.0,331000000,1600000000,17000000,115000000,219000000,0.12852112676056338,104000000.0,0.06103286384976526,0.0,88000000.0,0.051643192488262914,25000000.0,64000000.0,0.03755868544600939,0.73,0.73,87316242,87316242,https://www.bundesanzeiger.de/pub/de/suche;wwwsid=627BFD7A56A5CB624C47FDDEAB2FC509.web07-pub?0,https://www.bundesanzeiger.de/pub/de/suche;wwwsid=627BFD7A56A5CB624C47FDDEAB2FC509.web07-pub?0,1620594680,17:11:20,20210509
4,2019-12-31,LXS.DE,EUR,2019-12-31,2019-12-31,Q4,1389000000,1064000000,325000000,0.2339812814974802,24000000,71000000,154000000,0.0,141000000,1205000000,56000000,147000000,331000000,0.238300935925126,184000000.0,0.13246940244780417,0.0,-8000000.0,-0.005759539236861051,-1000000.0,-48000000.0,-0.03455723542116631,-0.5559010441940982,-0.5559010441940982,86346303,86346303,https://www.bundesanzeiger.de/pub/de/suche;wwwsid=627BFD7A56A5CB624C47FDDEAB2FC509.web07-pub?0,https://www.bundesanzeiger.de/pub/de/suche;wwwsid=627BFD7A56A5CB624C47FDDEAB2FC509.web07-pub?0,1620594680,17:11:20,20210509
5,2019-09-30,LXS.DE,EUR,2019-09-30,2019-09-30,Q3,1781000000,1313000000,468000000,0.26277372262773724,31000000,68000000,214000000,0.0,351000000,1664000000,17000000,121000000,238000000,0.13363279056709715,117000000.0,0.06569343065693431,0.0,96000000.0,0.05390230207748456,29000000.0,69000000.0,0.03874227961819203,0.79,0.79,87447852,87447852,https://www.bundesanzeiger.de/pub/de/suche;wwwsid=627BFD7A56A5CB624C47FDDEAB2FC509.web07-pub?0,https://www.bundesanzeiger.de/pub/de/suche;wwwsid=627BFD7A56A5CB624C47FDDEAB2FC509.web07-pub?0,1620594680,17:11:20,20210509
6,2019-06-30,LXS.DE,EUR,2019-06-30,2019-06-30,Q2,1810000000,1315000000,495000000,0.27348066298342544,31000000,69000000,228000000,0.0,352000000,1667000000,16000000,121000000,264000000,0.14585635359116023,143000000.0,0.07900552486187845,0.0,140000000.0,0.07734806629834254,42000000.0,100000000.0,0.055248618784530384,1.14,1.14,88013640,88013640,https://www.bundesanzeiger.de/pub/de/suche;wwwsid=627BFD7A56A5CB624C47FDDEAB2FC509.web07-pub?0,https://www.bundesanzeiger.de/pub/de/suche;wwwsid=627BFD7A56A5CB624C47FDDEAB2FC509.web07-pub?0,1620594680,17:11:20,20210509
7,2019-03-31,LXS.DE,EUR,2019-03-31,2019-03-31,Q1,1822000000,1351000000,471000000,0.25850713501646544,28000000,66000000,216000000,0.0,332000000,1683000000,16000000,114000000,253000000,0.13885839736553238,139000000.0,0.07628979143798024,0.0,118000000.0,0.06476399560922064,35000000.0,84000000.0,0.04610318331503842,0.93,0.93,90472198,90472198,https://www.bundesanzeiger.de/pub/de/suche;wwwsid=627BFD7A56A5CB624C47FDDEAB2FC509.web07-pub?0,https://www.bundesanzeiger.de/pub/de/suche;wwwsid=627BFD7A56A5CB624C47FDDEAB2FC509.web07-pub?0,1620594680,17:11:20,20210509
8,2018-12-31,LXS.DE,EUR,2018-12-31,2018-12-31,Q4,1766000000,1381000000,385000000,0.21800679501698755,30000000,89000000,213000000,0.0,245000000,1626000000,52000000,121000000,261000000,0.1477916194790487,140000000.0,0.07927519818799547,0.0,14000000.0,0.007927519818799546,-1000000.0,99000000.0,0.05605889014722537,1.1465459036503276,1.1465459036503276,86346303,86346303,https://www.bundesanzeiger.de/pub/de/suche;wwwsid=627BFD7A56A5CB624C47FDDEAB2FC509.web07-pub?0,https://www.bundesanzeiger.de/pub/de/suche;wwwsid=627BFD7A56A5CB624C47FDDEAB2FC509.web07-pub?0,1620594680,17:11:20,20210509
9,2018-09-30,LXS.DE,EUR,2018-09-30,2018-09-30,Q3,1786000000,1308000000,478000000,0.26763717805151177,30000000,72000000,202000000,-28000000.0,332000000,1640000000,16000000,105000000,251000000,0.14053751399776035,146000000.0,0.08174692049272117,0.0,118000000.0,0.06606942889137737,38000000.0,110000000.0,0.06159014557670773,1.2,1.2,91522936,91522936,https://www.bundesanzeiger.de/pub/de/suche;wwwsid=627BFD7A56A5CB624C47FDDEAB2FC509.web07-pub?0,https://www.bundesanzeiger.de/pub/de/suche;wwwsid=627BFD7A56A5CB624C47FDDEAB2FC509.web07-pub?0,1620594680,17:11:20,20210509
10,2018-06-30,LXS.DE,EUR,2018-06-30,2018-06-30,Q2,1829000000,1332000000,497000000,0.2717331875341717,28000000,69000000,212000000,-29000000.0,338000000,1670000000,18000000,104000000,263000000,0.1437944231820667,159000000.0,0.08693275013668672,0.0,138000000.0,0.0754510661563696,-18000000.0,126000000.0,0.06889010388190268,1.38,1.38,91522936,91522936,https://www.bundesanzeiger.de/pub/de/suche;wwwsid=627BFD7A56A5CB624C47FDDEAB2FC509.web07-pub?0,https://www.bundesanzeiger.de/pub/de/suche;wwwsid=627BFD7A56A5CB624C47FDDEAB2FC509.web07-pub?0,1620594680,17:11:20,20210509
11,2018-03-31,LXS.DE,EUR,2018-03-31,2018-03-31,Q1,2565000000,1966000000,599000000,0.23352826510721247,39000000,98000000,248000000,-10000000.0,395000000,2361000000,21000000,154000000,358000000,0.13957115009746587,204000000.0,0.07953216374269007,0.0,163000000.0,0.0635477582846004,54000000.0,96000000.0,0.03742690058479532,1.05,1.05,91522936,91522936,https://www.bundesanzeiger.de/pub/de/suche;wwwsid=627BFD7A56A5CB624C47FDDEAB2FC509.web07-pub?0,https://www.bundesanzeiger.de/pub/de/suche;wwwsid=627BFD7A56A5CB624C47FDDEAB2FC509.web07-pub?0,1620594680,17:11:20,20210509
12,2017-12-31,LXS.DE,EUR,2017-12-31,2017-12-31,Q4,2337000000,1855000000,482000000,0.20624732563115106,33000000,123000000,256000000,-264000000.0,174000000,2029000000,60000000,165000000,473000000,0.20239623448866068,308000000.0,0.1317928968763372,0.0,11000000.0,0.004706889174154899,60000000.0,-49000000.0,-0.020967051775780916,-0.567482315948142,-0.567482315948142,86346303,86346303,https://www.bundesanzeiger.de/pub/de/suche;wwwsid=627BFD7A56A5CB624C47FDDEAB2FC509.web07-pub?0,https://www.bundesanzeiger.de/pub/de/suche;wwwsid=627BFD7A56A5CB624C47FDDEAB2FC509.web07-pub?0,1620594680,17:11:20,20210509
13,2017-09-30,LXS.DE,EUR,2017-09-30,2017-09-30,Q3,2404000000,1853000000,551000000,0.22920133111480864,40000000,92000000,241000000,-47000000.0,420000000,2273000000,22000000,184000000,315000000,0.13103161397670549,131000000.0,0.05449251247920133,0.0,91000000.0,0.037853577371048254,35000000.0,55000000.0,0.022878535773710483,0.6,0.6,91522936,91522936,https://www.bundesanzeiger.de/pub/de/suche;wwwsid=627BFD7A56A5CB624C47FDDEAB2FC509.web07-pub?0,https://www.bundesanzeiger.de/pub/de/suche;wwwsid=627BFD7A56A5CB624C47FDDEAB2FC509.web07-pub?0,1620594680,17:11:20,20210509
14,2017-06-30,LXS.DE,EUR,2017-06-30,2017-06-30,Q2,2522000000,1956000000,566000000,0.22442505947660588,38000000,95000000,238000000,-133000000.0,504000000,2460000000,27000000,165000000,227000000,0.09000793021411578,62000000.0,0.02458366375892149,0.0,61000000.0,0.024187153053132435,47000000.0,3000000.0,0.0011895321173671688,0.04,0.04,91522936,91522936,https://www.bundesanzeiger.de/pub/de/suche;wwwsid=627BFD7A56A5CB624C47FDDEAB2FC509.web07-pub?0,https://www.bundesanzeiger.de/pub/de/suche;wwwsid=627BFD7A56A5CB624C47FDDEAB2FC509.web07-pub?0,1620594680,17:11:20,20210509
15,2017-03-31,LXS.DE,EUR,2017-03-31,2017-03-31,Q1,2401000000,1855000000,546000000,0.22740524781341107,34000000,72000000,218000000,-30000000.0,354000000,2209000000,21000000,124000000,316000000,0.13161182840483132,192000000.0,0.07996668054977094,0.0,162000000.0,0.06747188671386922,59000000.0,78000000.0,0.03248646397334444,0.85,0.85,91522936,91522936,https://www.bundesanzeiger.de/pub/de/suche;wwwsid=627BFD7A56A5CB624C47FDDEAB2FC509.web07-pub?0,https://www.bundesanzeiger.de/pub/de/suche;wwwsid=627BFD7A56A5CB624C47FDDEAB2FC509.web07-pub?0,1620594680,17:11:20,20210509
16,2016-12-31,LXS.DE,EUR,2016-12-31,2016-12-31,Q4,1915000000,1545000000,370000000,0.19321148825065274,35000000,91000000,204000000,0.0,236000000,1781000000,58000000,127000000,261000000,0.13629242819843343,134000000.0,0.06997389033942558,0.0,-2000000.0,-0.0010443864229765013,-1000000.0,2000000.0,0.0010443864229765013,0.023162543508087427,0.023162543508087427,86346303,86346303,https://www.bundesanzeiger.de/pub/de/suche;wwwsid=627BFD7A56A5CB624C47FDDEAB2FC509.web07-pub?0,https://www.bundesanzeiger.de/pub/de/suche;wwwsid=627BFD7A56A5CB624C47FDDEAB2FC509.web07-pub?0,1620594680,17:11:20,20210509
17,2016-09-30,LXS.DE,EUR,2016-09-30,2016-09-30,Q3,1921000000,1475000000,446000000,0.23217074440395627,34000000,67000000,192000000,-31000000.0,324000000,1799000000,18000000,119000000,241000000,0.1254554919312858,122000000.0,0.06350858927641853,0.0,100000000.0,0.052056220718375845,40000000.0,62000000.0,0.032274856845393024,0.68,0.68,91522936,91522936,https://www.bundesanzeiger.de/pub/de/suche;wwwsid=627BFD7A56A5CB624C47FDDEAB2FC509.web07-pub?0,https://www.bundesanzeiger.de/pub/de/suche;wwwsid=627BFD7A56A5CB624C47FDDEAB2FC509.web07-pub?0,1620594680,17:11:20,20210509
18,2016-06-30,LXS.DE,EUR,2016-06-30,2016-06-30,Q2,1943000000,1466000000,477000000,0.24549665465774576,32000000,73000000,191000000,-5000000.0,301000000,1767000000,18000000,115000000,291000000,0.14976839938239836,176000000.0,0.0905815748841997,0.0,147000000.0,0.07565620174987134,64000000.0,75000000.0,0.03860010293360782,0.82,0.82,91522936,91522936,https://www.bundesanzeiger.de/pub/de/suche;wwwsid=627BFD7A56A5CB624C47FDDEAB2FC509.web07-pub?0,https://www.bundesanzeiger.de/pub/de/suche;wwwsid=627BFD7A56A5CB624C47FDDEAB2FC509.web07-pub?0,1620594680,17:11:20,20210509
19,2016-03-31,LXS.DE,EUR,2016-03-31,2016-03-31,Q1,1920000000,1459000000,461000000,0.24010416666666667,30000000,72000000,194000000,-34000000.0,330000000,1789000000,18000000,120000000,251000000,0.13072916666666667,131000000.0,0.06822916666666666,0.0,94000000.0,0.04895833333333333,41000000.0,53000000.0,0.027604166666666666,0.58,0.58,91379310,91379310,https://www.bundesanzeiger.de/pub/de/suche;wwwsid=627BFD7A56A5CB624C47FDDEAB2FC509.web07-pub?0,https://www.bundesanzeiger.de/pub/de/suche;wwwsid=627BFD7A56A5CB624C47FDDEAB2FC509.web07-pub?0,1620594680,17:11:20,20210509
20,2015-12-31,LXS.DE,EUR,2015-12-31,2015-12-31,Q4,1806000000,1441000000,365000000,0.20210409745293467,32000000,82000000,186000000,0.0,144000000,1585000000,64000000,70000000,291000000,0.1611295681063123,221000000.0,0.12236987818383167,0.0,42000000.0,0.023255813953488372,24000000.0,15000000.0,0.008305647840531562,0.1737190763106557,0.1737190763106557,86346303,86346303,https://www.bundesanzeiger.de/pub/de/suche;wwwsid=627BFD7A56A5CB624C47FDDEAB2FC509.web07-pub?0,https://www.bundesanzeiger.de/pub/de/suche;wwwsid=627BFD7A56A5CB624C47FDDEAB2FC509.web07-pub?0,1620594680,17:11:20,20210509
21,2015-09-30,LXS.DE,EUR,2015-09-30,2015-09-30,Q3,1953000000,1498000000,455000000,0.23297491039426524,32000000,70000000,190000000,-59000000.0,351000000,1849000000,18000000,114000000,218000000,0.11162314388120839,104000000.0,0.05325140809011777,0.0,68000000.0,0.03481822836661547,27000000.0,41000000.0,0.020993343573988736,0.45,0.45,91522936,91522936,https://www.bundesanzeiger.de/pub/de/suche;wwwsid=627BFD7A56A5CB624C47FDDEAB2FC509.web07-pub?0,https://www.bundesanzeiger.de/pub/de/suche;wwwsid=627BFD7A56A5CB624C47FDDEAB2FC509.web07-pub?0,1620594680,17:11:20,20210509
22,2015-06-30,LXS.DE,EUR,2015-06-30,2015-06-30,Q2,2105000000,1620000000,485000000,0.23040380047505937,34000000,68000000,200000000,-6000000.0,308000000,1928000000,18000000,119000000,296000000,0.14061757719714965,177000000.0,0.0840855106888361,0.0,144000000.0,0.0684085510688836,57000000.0,87000000.0,0.04133016627078385,0.95,0.95,91522936,91522936,https://www.bundesanzeiger.de/pub/de/suche;wwwsid=627BFD7A56A5CB624C47FDDEAB2FC509.web07-pub?0,https://www.bundesanzeiger.de/pub/de/suche;wwwsid=627BFD7A56A5CB624C47FDDEAB2FC509.web07-pub?0,1620594680,17:11:20,20210509
23,2015-03-31,LXS.DE,EUR,2015-03-31,2015-03-31,Q1,2038000000,1595000000,443000000,0.21736997055937193,32000000,64000000,183000000,-101000000.0,380000000,1975000000,16000000,115000000,178000000,0.0873405299313052,63000000.0,0.030912659470068694,0.0,34000000.0,0.016683022571148183,13000000.0,22000000.0,0.010794896957801767,0.24,0.24,91522936,91522936,https://www.bundesanzeiger.de/pub/de/suche;wwwsid=627BFD7A56A5CB624C47FDDEAB2FC509.web07-pub?0,https://www.bundesanzeiger.de/pub/de/suche;wwwsid=627BFD7A56A5CB624C47FDDEAB2FC509.web07-pub?0,1620594680,17:11:20,20210509
24,2014-12-31,LXS.DE,EUR,2014-12-31,2014-12-31,Q4,1904000000,1574000000,330000000,0.17331932773109243,36000000,71000000,182000000,0.0,203000000,1777000000,56000000,124000000,251000000,0.13182773109243698,127000000.0,0.0667016806722689,0.0,-107000000.0,-0.05619747899159664,-38000000.0,-68000000.0,-0.03571428571428571,-0.7875264792749725,-0.7875264792749725,86346303,86346303,https://www.bundesanzeiger.de/pub/de/suche;wwwsid=627BFD7A56A5CB624C47FDDEAB2FC509.web07-pub?0,https://www.bundesanzeiger.de/pub/de/suche;wwwsid=627BFD7A56A5CB624C47FDDEAB2FC509.web07-pub?0,1620594680,17:11:20,20210509
25,2014-09-30,LXS.DE,EUR,2014-09-30,2014-09-30,Q3,2040000000,1639000000,401000000,0.1965686274509804,39000000,62000000,186000000,0.0,318000000,1957000000,16000000,100000000,183000000,0.08970588235294118,83000000.0,0.04068627450980392,0.0,55000000.0,0.02696078431372549,20000000.0,35000000.0,0.01715686274509804,0.38,0.38,91522936,91522936,https://www.bundesanzeiger.de/pub/de/suche;wwwsid=627BFD7A56A5CB624C47FDDEAB2FC509.web07-pub?0,https://www.bundesanzeiger.de/pub/de/suche;wwwsid=627BFD7A56A5CB624C47FDDEAB2FC509.web07-pub?0,1620594680,17:11:20,20210509
26,2014-06-30,LXS.DE,EUR,2014-06-30,2014-06-30,Q2,2019000000,1579000000,440000000,0.21792966815255077,40000000,71000000,188000000,-19000000.0,318000000,1897000000,16000000,99000000,221000000,0.10946012877662209,122000000.0,0.06042595344229817,0.0,94000000.0,0.04655770183259039,40000000.0,55000000.0,0.027241208519068846,0.63,0.63,87640145,87640145,https://www.bundesanzeiger.de/pub/de/suche;wwwsid=627BFD7A56A5CB624C47FDDEAB2FC509.web07-pub?0,https://www.bundesanzeiger.de/pub/de/suche;wwwsid=627BFD7A56A5CB624C47FDDEAB2FC509.web07-pub?0,1620594680,17:11:20,20210509
27,2014-03-31,LXS.DE,EUR,2014-03-31,2014-03-31,Q1,2043000000,1626000000,417000000,0.20411160058737152,45000000,74000000,186000000,-37000000.0,342000000,1968000000,25000000,103000000,178000000,0.08712677435144396,75000000.0,0.03671071953010279,0.0,38000000.0,0.01860009789525208,14000000.0,25000000.0,0.012236906510034264,0.3,0.3,83202670,83202670,https://www.bundesanzeiger.de/pub/de/suche;wwwsid=627BFD7A56A5CB624C47FDDEAB2FC509.web07-pub?0,https://www.bundesanzeiger.de/pub/de/suche;wwwsid=627BFD7A56A5CB624C47FDDEAB2FC509.web07-pub?0,1620594680,17:11:20,20210509
28,2013-12-31,LXS.DE,EUR,2013-12-31,2013-12-31,Q4,2014000000,1654000000,360000000,0.17874875868917578,52000000,71000000,180000000,0.0,364000000,2018000000,59000000,385000000,381000000,0.18917576961271101,-4000000.0,-0.0019860973187686196,0.0,-301000000.0,-0.14945382323733863,-90000000.0,-204000000.0,-0.1012909632571996,-2.362579437824918,-2.362579437824918,86346303,86346303,https://www.bundesanzeiger.de/pub/de/suche;wwwsid=627BFD7A56A5CB624C47FDDEAB2FC509.web07-pub?0,https://www.bundesanzeiger.de/pub/de/suche;wwwsid=627BFD7A56A5CB624C47FDDEAB2FC509.web07-pub?0,1620594680,17:11:20,20210509
29,2013-09-30,LXS.DE,EUR,2013-09-30,2013-09-30,Q3,2050000000,1662000000,388000000,0.18926829268292683,43000000,76000000,186000000,-31000000.0,336000000,1998000000,28000000,114000000,166000000,0.08097560975609756,52000000.0,0.025365853658536587,0.0,20000000.0,0.00975609756097561,9000000.0,11000000.0,0.005365853658536586,0.13,0.13,83202670,83202670,https://www.bundesanzeiger.de/pub/de/suche;wwwsid=627BFD7A56A5CB624C47FDDEAB2FC509.web07-pub?0,https://www.bundesanzeiger.de/pub/de/suche;wwwsid=627BFD7A56A5CB624C47FDDEAB2FC509.web07-pub?0,1620594680,17:11:20,20210509
30,2013-06-30,LXS.DE,EUR,2013-06-30,2013-06-30,Q2,2141000000,1736000000,405000000,0.18916394208313872,43000000,75000000,200000000,-37000000.0,355000000,2091000000,28000000,116000000,166000000,0.07753386268099019,50000000.0,0.023353573096683792,0.0,11000000.0,0.005137786081270434,3000000.0,9000000.0,0.004203643157403083,0.11,0.11,83202670,83202670,https://www.bundesanzeiger.de/pub/de/suche;wwwsid=627BFD7A56A5CB624C47FDDEAB2FC509.web07-pub?0,https://www.bundesanzeiger.de/pub/de/suche;wwwsid=627BFD7A56A5CB624C47FDDEAB2FC509.web07-pub?0,1620594680,17:11:20,20210509
31,2013-03-31,LXS.DE,EUR,2013-03-31,2013-03-31,Q1,2095000000,1700000000,395000000,0.18854415274463007,48000000,79000000,189000000,-12000000.0,328000000,2028000000,26000000,102000000,169000000,0.08066825775656325,67000000.0,0.03198090692124105,0.0,31000000.0,0.014797136038186158,7000000.0,25000000.0,0.011933174224343675,0.3,0.3,83202670,83202670,https://www.bundesanzeiger.de/pub/de/suche;wwwsid=627BFD7A56A5CB624C47FDDEAB2FC509.web07-pub?0,https://www.bundesanzeiger.de/pub/de/suche;wwwsid=627BFD7A56A5CB624C47FDDEAB2FC509.web07-pub?0,1620594680,17:11:20,20210509
32,2012-12-31,LXS.DE,EUR,2012-12-31,2012-12-31,Q4,2123000000,1659000000,464000000,0.21855864342910974,45000000,103000000,199000000,0.0,291000000,1950000000,48000000,102000000,275000000,0.12953367875647667,173000000.0,0.0814884597268017,0.0,70000000.0,0.03297220913801225,19000000.0,51000000.0,0.024022609514837492,0.5906448594562295,0.5906448594562295,86346303,86346303,https://www.bundesanzeiger.de/pub/de/suche;wwwsid=627BFD7A56A5CB624C47FDDEAB2FC509.web07-pub?0,https://www.bundesanzeiger.de/pub/de/suche;wwwsid=627BFD7A56A5CB624C47FDDEAB2FC509.web07-pub?0,1620594680,17:11:20,20210509
33,2012-09-30,LXS.DE,EUR,2012-09-30,2012-09-30,Q3,2159000000,1698000000,461000000,0.21352477999073646,49000000,80000000,183000000,0.0,305000000,2003000000,25000000,95000000,251000000,0.11625752663270032,156000000.0,0.07225567392311255,0.0,122000000.0,0.05650764242704956,28000000.0,94000000.0,0.04353867531264474,1.13,1.13,83202670,83202670,https://www.bundesanzeiger.de/pub/de/suche;wwwsid=627BFD7A56A5CB624C47FDDEAB2FC509.web07-pub?0,https://www.bundesanzeiger.de/pub/de/suche;wwwsid=627BFD7A56A5CB624C47FDDEAB2FC509.web07-pub?0,1620594680,17:11:20,20210509
34,2012-06-30,LXS.DE,EUR,2012-06-30,2012-06-30,Q2,2424000000,1833000000,591000000,0.2438118811881188,53000000,84000000,195000000,0.0,340000000,2173000000,26000000,93000000,344000000,0.1419141914191419,251000000.0,0.10354785478547855,0.0,228000000.0,0.09405940594059406,51000000.0,177000000.0,0.07301980198019802,2.11,2.11,83202670,83202670,https://www.bundesanzeiger.de/pub/de/suche;wwwsid=627BFD7A56A5CB624C47FDDEAB2FC509.web07-pub?0,https://www.bundesanzeiger.de/pub/de/suche;wwwsid=627BFD7A56A5CB624C47FDDEAB2FC509.web07-pub?0,1620594680,17:11:20,20210509
35,2012-03-31,LXS.DE,EUR,2012-03-31,2012-03-31,Q1,2388000000,1796000000,592000000,0.24790619765494137,45000000,72000000,186000000,0.0,315000000,2111000000,25000000,88000000,365000000,0.15284757118927972,277000000.0,0.1159966499162479,0.0,249000000.0,0.10427135678391959,56000000.0,193000000.0,0.08082077051926298,2.32,2.32,83202670,83202670,https://www.bundesanzeiger.de/pub/de/suche;wwwsid=627BFD7A56A5CB624C47FDDEAB2FC509.web07-pub?0,https://www.bundesanzeiger.de/pub/de/suche;wwwsid=627BFD7A56A5CB624C47FDDEAB2FC509.web07-pub?0,1620594680,17:11:20,20210509
36,2011-12-31,LXS.DE,EUR,2011-12-31,2011-12-31,Q4,2123000000,1705000000,418000000,0.19689119170984457,39000000,104000000,192000000,0.0,366000000,2071000000,30000000,92000000,144000000,0.06782854451248234,52000000.0,0.024493641073951956,0.0,4000000.0,0.0018841262364578427,-1000000.0,5000000.0,0.0023551577955723034,0.05790635877021857,0.05790635877021857,86346303,86346303,https://www.bundesanzeiger.de/pub/de/suche;wwwsid=627BFD7A56A5CB624C47FDDEAB2FC509.web07-pub?0,https://www.bundesanzeiger.de/pub/de/suche;wwwsid=627BFD7A56A5CB624C47FDDEAB2FC509.web07-pub?0,1620594680,17:11:20,20210509
37,2011-09-30,LXS.DE,EUR,2011-09-30,2011-09-30,Q3,2336000000,1805000000,531000000,0.22731164383561644,40000000,77000000,183000000,0.0,308000000,2113000000,27000000,83000000,306000000,0.1309931506849315,223000000.0,0.0954623287671233,0.0,200000000.0,0.08561643835616438,46000000.0,154000000.0,0.06592465753424658,1.85,1.85,83192940,83192940,https://www.bundesanzeiger.de/pub/de/suche;wwwsid=627BFD7A56A5CB624C47FDDEAB2FC509.web07-pub?0,https://www.bundesanzeiger.de/pub/de/suche;wwwsid=627BFD7A56A5CB624C47FDDEAB2FC509.web07-pub?0,1620594680,17:11:20,20210509
38,2011-06-30,LXS.DE,EUR,2011-06-30,2011-06-30,Q2,2243000000,1704000000,539000000,0.2403031654034775,34000000,74000000,187000000,0.0,284000000,1988000000,25000000,84000000,339000000,0.15113687026304057,255000000.0,0.11368702630405707,0.0,232000000.0,0.10343290236290682,51000000.0,181000000.0,0.0806954971020954,2.17,2.17,83202670,83202670,https://www.bundesanzeiger.de/pub/de/suche;wwwsid=627BFD7A56A5CB624C47FDDEAB2FC509.web07-pub?0,https://www.bundesanzeiger.de/pub/de/suche;wwwsid=627BFD7A56A5CB624C47FDDEAB2FC509.web07-pub?0,1620594680,17:11:20,20210509
39,2011-03-31,LXS.DE,EUR,2011-03-31,2011-03-31,Q1,1613000000,1219000000,394000000,0.24426534407935524,24000000,60000000,142000000,0.0,230000000,1449000000,24000000,66000000,230000000,0.1425914445133292,164000000.0,0.10167389956602604,0.0,144000000.0,0.08927464352138871,39000000.0,105000000.0,0.06509609423434594,1.25,1.25,83202670,83202670,https://www.bundesanzeiger.de/pub/de/suche;wwwsid=627BFD7A56A5CB624C47FDDEAB2FC509.web07-pub?0,https://www.bundesanzeiger.de/pub/de/suche;wwwsid=627BFD7A56A5CB624C47FDDEAB2FC509.web07-pub?0,1620594680,17:11:20,20210509
40,2010-12-31,LXS.DE,EUR,2010-12-31,2010-12-31,Q4,1832000000,1421000000,411000000,0.22434497816593887,27000000,101000000,176000000,0.0,333000000,1754000000,20000000,79000000,157000000,0.08569868995633188,78000000.0,0.0425764192139738,0.0,32000000.0,0.017467248908296942,6000000.0,26000000.0,0.014192139737991267,0.30111306560513657,0.30111306560513657,86346303,86346303,https://www.bundesanzeiger.de/pub/de/suche;wwwsid=627BFD7A56A5CB624C47FDDEAB2FC509.web07-pub?0,https://www.bundesanzeiger.de/pub/de/suche;wwwsid=627BFD7A56A5CB624C47FDDEAB2FC509.web07-pub?0,1620594680,17:11:20,20210509
41,2010-09-30,LXS.DE,EUR,2010-09-30,2010-09-30,Q3,1847000000,1387000000,460000000,0.24905251759610178,34000000,70000000,166000000,0.0,291000000,1678000000,27000000,69000000,238000000,0.12885760693015702,169000000.0,0.09149972929074174,0.0,145000000.0,0.07850568489442339,26000000.0,119000000.0,0.06442880346507851,1.42,1.42,83192940,83192940,https://www.bundesanzeiger.de/pub/de/suche;wwwsid=627BFD7A56A5CB624C47FDDEAB2FC509.web07-pub?0,https://www.bundesanzeiger.de/pub/de/suche;wwwsid=627BFD7A56A5CB624C47FDDEAB2FC509.web07-pub?0,1620594680,17:11:20,20210509
42,2010-06-30,LXS.DE,EUR,2010-06-30,2010-06-30,Q2,1828000000,1354000000,474000000,0.2592997811816193,31000000,67000000,162000000,0.0,278000000,1632000000,22000000,69000000,265000000,0.1449671772428884,196000000.0,0.10722100656455143,0.0,172000000.0,0.09409190371991247,41000000.0,131000000.0,0.07166301969365427,1.57,1.57,83195416,83195416,https://www.bundesanzeiger.de/pub/de/suche;wwwsid=627BFD7A56A5CB624C47FDDEAB2FC509.web07-pub?0,https://www.bundesanzeiger.de/pub/de/suche;wwwsid=627BFD7A56A5CB624C47FDDEAB2FC509.web07-pub?0,1620594680,17:11:20,20210509
43,2010-03-31,LXS.DE,EUR,2010-03-31,2010-03-31,Q1,1613000000,1219000000,394000000,0.24426534407935524,24000000,60000000,142000000,0.0,230000000,1449000000,24000000,66000000,230000000,0.1425914445133292,164000000.0,0.10167389956602604,0.0,144000000.0,0.08927464352138871,39000000.0,105000000.0,0.06509609423434594,1.25,1.25,83202670,83202670,https://www.bundesanzeiger.de/pub/de/suche;wwwsid=627BFD7A56A5CB624C47FDDEAB2FC509.web07-pub?0,https://www.bundesanzeiger.de/pub/de/suche;wwwsid=627BFD7A56A5CB624C47FDDEAB2FC509.web07-pub?0,1620594680,17:11:20,20210509
44,2009-12-31,LXS.DE,EUR,2009-12-31,2009-12-31,Q4,1392000000,1072000000,320000000,0.22988505747126436,26000000,64000000,144000000,0.0,277000000,1349000000,27000000,79000000,122000000,0.08764367816091954,43000000.0,0.03089080459770115,0.0,-1000000.0,-0.0007183908045977011,-14000000.0,13000000.0,0.009339080459770116,0.15055653280256828,0.15055653280256828,86346303,86346303,https://www.bundesanzeiger.de/pub/de/suche;wwwsid=627BFD7A56A5CB624C47FDDEAB2FC509.web07-pub?0,https://www.bundesanzeiger.de/pub/de/suche;wwwsid=627BFD7A56A5CB624C47FDDEAB2FC509.web07-pub?0,1620594680,17:11:20,20210509
45,2009-09-30,LXS.DE,EUR,2009-09-30,2009-09-30,Q3,1373000000,1050000000,323000000,0.23525127458120904,26000000,57000000,135000000,0.0,259000000,1309000000,25000000,66000000,130000000,0.09468317552804079,64000000.0,0.04661325564457393,0.0,32000000.0,0.023306627822286964,9000000.0,23000000.0,0.016751638747268753,0.28,0.28,83202670,83202670,https://www.bundesanzeiger.de/pub/de/suche;wwwsid=627BFD7A56A5CB624C47FDDEAB2FC509.web07-pub?0,https://www.bundesanzeiger.de/pub/de/suche;wwwsid=627BFD7A56A5CB624C47FDDEAB2FC509.web07-pub?0,1620594680,17:11:20,20210509
46,2009-06-30,LXS.DE,EUR,2009-06-30,2009-06-30,Q2,1238000000,977000000,261000000,0.21082390953150243,25000000,54000000,137000000,0.0,218000000,1195000000,24000000,65000000,108000000,0.08723747980613894,43000000.0,0.034733441033925685,0.0,22000000.0,0.017770597738287562,5000000.0,17000000.0,0.013731825525040387,0.2,0.2,83202670,83202670,https://www.bundesanzeiger.de/pub/de/suche;wwwsid=627BFD7A56A5CB624C47FDDEAB2FC509.web07-pub?0,https://www.bundesanzeiger.de/pub/de/suche;wwwsid=627BFD7A56A5CB624C47FDDEAB2FC509.web07-pub?0,1620594680,17:11:20,20210509
47,2009-03-31,LXS.DE,EUR,2009-03-31,2009-03-31,Q1,1054000000,857000000,197000000,0.1869070208728653,24000000,60000000,114000000,0.0,198000000,1055000000,14000000,63000000,62000000,0.058823529411764705,-1000000.0,-0.0009487666034155598,0.0,-21000000.0,-0.019924098671726755,-7000000.0,-14000000.0,-0.013282732447817837,-0.17,-0.17,83202670,83202670,https://www.bundesanzeiger.de/pub/de/suche;wwwsid=627BFD7A56A5CB624C47FDDEAB2FC509.web07-pub?0,https://www.bundesanzeiger.de/pub/de/suche;wwwsid=627BFD7A56A5CB624C47FDDEAB2FC509.web07-pub?0,1620594680,17:11:20,20210509
