,date,symbol,reportedCurrency,fillingDate,acceptedDate,period,revenue,costOfRevenue,grossProfit,grossProfitRatio,researchAndDevelopmentExpenses,generalAndAdministrativeExpenses,sellingAndMarketingExpenses,otherExpenses,operatingExpenses,costAndExpenses,interestExpense,depreciationAndAmortization,ebitda,ebitdaratio,operatingIncome,operatingIncomeRatio,totalOtherIncomeExpensesNet,incomeBeforeTax,incomeBeforeTaxRatio,incomeTaxExpense,netIncome,netIncomeRatio,eps,epsdiluted,weightedAverageShsOut,weightedAverageShsOutDil,link,finalLink,timestamp,est_time,est_date
0,2020-06-30,GNCIQ,USD,2020-08-10,2020-08-10 17:18:47,Q2,343538000,255306000,88232000,0.2568333051947674,0.0,127115000,0.0,0.0,126550000,382421000,0.0,12127000,-46390000,-0.1350360076614523,-58517000.0,-0.17033632378368624,-1528000.0,-96004000.0,-0.2794567122123317,-11421000.0,-83669000.0,-0.24355093177465084,-0.99706,-0.99706,83916000,83916000,https://www.sec.gov/Archives/edgar/data/1502034/000162828020012374/0001628280-20-012374-index.htm,https://www.sec.gov/Archives/edgar/data/1502034/000162828020012374/gnc-20200630.htm,1620592669,16:37:49,20210509
1,2020-03-31,GNCIQ,USD,2020-03-31,2020-03-31,Q1,472581000,335865000,136716000,0.28929643807093386,0.0,144542000,0.0,0.0,143580000,480407000,0.0,24672000,-141362000,-0.29912755696906984,-166034000.0,-0.35133448022667013,0.0,-213478000.0,-0.45172785194495757,-53000000.0,-200086000.0,-0.42338985274482044,-2.3849,-2.3849,83897000,83897000,,,1620592669,16:37:49,20210509
2,2019-12-31,GNCIQ,USD,2019-12-31,2019-12-31,Q4,470351000,315432000,154919000,0.3293689181058401,4000000.0,138519000,0.0,0.0,141030000,457951000,97199000.0,12512000,26401000,0.056130421748864144,13889000.0,0.02952901131282808,0.0,-10444000.0,-0.022204693941333176,24200000.0,-33490000.0,-0.07120214478123785,-0.40002,-0.40002,83720000,83720000,,,1620592669,16:37:49,20210509
3,2019-09-30,GNCIQ,USD,2019-09-30,2019-09-30,Q3,499077000,336449000,162628000,0.32585753300592896,0.0,135795000,0.0,0.0,135974000,472244000,0.0,12593000,39247000,0.07863916790395069,26654000.0,0.05340658856248635,0.0,2198000.0,0.004404130024024349,5700000.0,-2418000.0,-0.004844943766192391,-0.0289,-0.0289,83667000,83667000,,,1620592669,16:37:49,20210509
4,2019-06-30,GNCIQ,USD,2019-06-30,2019-06-30,Q2,533996000,340252000,193744000,0.3628191971475442,0.0,143840000,0.0,0.0,143247000,484092000,0.0,12890000,61608000,0.11537165072397546,48718000.0,0.09123289313028562,0.0,26968000.0,0.050502250953190664,13000000.0,16058000.0,0.03007138630251912,0.19211,0.19211,83587000,83587000,,,1620592669,16:37:49,20210509
5,2019-03-31,GNCIQ,USD,2019-03-31,2019-03-31,Q1,564764000,361673000,203091000,0.3596033033266993,0.0,148303000,0.0,0.0,148095000,509976000,0.0,18178000,53660000,0.09501313823119037,35482000.0,0.06282624246587955,0.0,-14261000.0,-0.025251255391632612,2000000.0,-15262000.0,-0.027023677146560333,-0.18276,-0.18276,83510000,83510000,,,1620592669,16:37:49,20210509
6,2018-12-31,GNCIQ,USD,2018-12-31,2018-12-31,Q4,547861000,375427000,172434000,0.3147404177336952,10000000.0,151721000,0.0,0.0,151635000,537148000,116868000.0,19719000,16838000,0.030734073058677293,-2881000.0,-0.005258633120444785,0.0,49429000.0,0.09022178983355267,-9405000.0,58839000.0,0.10739767933837233,0.7058082625593781,0.6828167248842418,83364000,86171000,,,1620592669,16:37:49,20210509
7,2018-09-30,GNCIQ,USD,2018-09-30,2018-09-30,Q3,580185000,395483000,184702000,0.3183501814076545,0.0,149903000,0.0,0.0,150185000,545386000,0.0,17454000,37415000,0.06448805122504028,19961000.0,0.034404543378405164,0.0,-15771000.0,-0.027182708963520257,-7200000.0,-8590000.0,-0.014805622344596982,-0.10308907183832178,-0.10295933166329062,83326000,83431000,,,1620592669,16:37:49,20210509
8,2018-06-30,GNCIQ,USD,2018-06-30,2018-06-30,Q2,617944000,410209000,207735000,0.33617123881775696,0.0,158531000,0.0,0.0,158851000,568740000,0.0,17417000,66301000,0.10729289385445931,48884000.0,0.07910749194101731,0.0,15941000.0,0.0257968359592455,2614000.0,13341000.0,0.021589334955918336,0.16019067745731372,0.15998512993320463,83282000,83389000,,,1620592669,16:37:49,20210509
9,2018-03-31,GNCIQ,USD,2018-03-31,2018-03-31,Q1,607533000,400659000,206874000,0.34051483623111833,0.0,160730000,0.0,0.0,160485000,561389000,0.0,15714000,62103000,0.10222160771513646,46389000.0,0.07635634607502802,0.0,7876000.0,0.012963904841383102,1686000.0,6190000.0,0.01018874694872542,0.07437043444828911,0.0742491123692544,83232000,83368000,,,1620592669,16:37:49,20210509
10,2017-12-31,GNCIQ,USD,2017-12-31,2017-12-31,Q4,557737000,380190000,177547000,0.31833462725262984,8000000.0,137986000,0.0,0.0,137201000,526176000,48575000.0,16388000,-377843000,-0.6774572961808164,-394231000.0,-0.706840320796361,0.0,-399156000.0,-0.7156706476349964,-189331000.0,-209825000.0,-0.37620778252115245,-3.05027,-3.05027,68789000,68789000,,,1620592669,16:37:49,20210509
11,2017-09-30,GNCIQ,USD,2017-09-30,2017-09-30,Q3,609469000,412663000,196806000,0.32291388077162253,0.0,150961000,0.0,0.0,152500000,563624000,0.0,16125000,56570000,0.09281850266379423,40445000.0,0.06636104543463245,0.0,24106000.0,0.03955246288162318,2643000.0,21463000.0,0.035215901054852665,0.31426437858732575,0.3137360950724299,68296000,68411000,,,1620592669,16:37:49,20210509
12,2017-06-30,GNCIQ,USD,2017-06-30,2017-06-30,Q2,640994000,428271000,212723000,0.33186426081991405,0.0,154033000,0.0,0.0,153547000,582304000,0.0,17429000,57249000,0.08931284848220108,39820000.0,0.062122266355067284,0.0,23753000.0,0.037056509109289634,8092000.0,15661000.0,0.024432365981584853,0.22940805953095933,0.2291931919626524,68267000,68331000,,,1620592669,16:37:49,20210509
13,2017-03-31,GNCIQ,USD,2017-03-31,2017-03-31,Q1,644838000,431867000,212971000,0.33027054857188937,0.0,160581000,0.0,0.0,159418000,592448000,0.0,20027000,73580000,0.11410617860609952,53553000.0,0.08304876573651057,0.0,37659000.0,0.0584007145980851,13809000.0,23850000.0,0.036986033701487814,0.3494710312692319,0.349194729136164,68246000,68300000,,,1620592669,16:37:49,20210509
14,2016-12-31,GNCIQ,USD,2016-12-31,2016-12-31,Q4,569929000,399761000,170168000,0.298577542114895,6000000.0,144770000,0.0,0.0,144789000,550531000,45954000.0,19770000,-428359000,-0.7516006379742038,-448129000.0,-0.7862891693526738,0.0,-463494000.0,-0.8132486678165175,-30047000.0,-433447000.0,-0.7605280657766142,-6.24482,-6.24482,69409000,69409000,,,1620592669,16:37:49,20210509
15,2016-09-30,GNCIQ,USD,2016-09-30,2016-09-30,Q3,627964000,412556000,215408000,0.3430260333394908,0.0,148392000,0.0,0.0,147470000,560948000,0.0,18512000,83405000,0.13281812333191076,64893000.0,0.10333872642380773,0.0,49533000.0,0.07887872553203687,17179000.0,32354000.0,0.05152206177424184,0.46347123538849416,0.4626031255808633,69808000,69939000,,,1620592669,16:37:49,20210509
16,2016-06-30,GNCIQ,USD,2016-06-30,2016-06-30,Q2,673218000,434520000,238698000,0.3545627122269458,0.0,138984000,0.0,0.0,122474000,573504000,0.0,17310000,133534000,0.19835179689194288,116224000.0,0.1726394719095449,0.0,100949000.0,0.14994994192074484,36921000.0,64028000.0,0.09510737977891262,0.9065654777917793,0.9048615036743923,70627000,70760000,,,1620592669,16:37:49,20210509
17,2016-03-31,GNCIQ,USD,2016-03-31,2016-03-31,Q1,668905000,433060000,235845000,0.35258370022648955,0.0,143072000,0.0,0.0,141780000,576132000,0.0,17144000,111209000,0.16625529783751056,94065000.0,0.14062535038607873,0.0,79622000.0,0.11903334554234159,28807000.0,50815000.0,0.0759674393224748,0.6953529105886861,0.6925572076922029,73078000,73373000,,,1620592669,16:37:49,20210509
18,2015-12-31,GNCIQ,USD,2015-12-31,2015-12-31,Q4,618201000,389967000,228234000,0.36919060305628754,700000.0,146283000,0.0,0.0,144520000,536950000,45535000.0,17020000,100734000,0.16294700267388762,83714000.0,0.1354155040189194,0.0,69690000.0,0.11273032557372117,26768000.0,42922000.0,0.0694304926714774,0.5114206393651626,0.5098472430095266,83927000,84186000,,,1620592669,16:37:49,20210509
19,2015-09-30,GNCIQ,USD,2015-09-30,2015-09-30,Q3,672244000,421600000,250644000,0.3728467639726052,0.0,141155000,0.0,0.0,140161000,562755000,0.0,17085000,99235000,0.14761753172955058,82150000.0,0.12220265260827913,0.0,68397000.0,0.10174430712657904,22647000.0,45750000.0,0.06805564646170141,0.5340695516150497,0.5324101012451996,85663000,85930000,,,1620592669,16:37:49,20210509
20,2015-06-30,GNCIQ,USD,2015-06-30,2015-06-30,Q2,678520000,422188000,256332000,0.3777810528797972,0.0,140090000,0.0,0.0,138694000,562278000,0.0,14660000,132298000,0.19498025113482284,117638000.0,0.17337440311265695,0.0,105994000.0,0.15621352355125862,38637000.0,67357000.0,0.09927047102517243,0.7771034991981726,0.774806174799273,86677000,86934000,,,1620592669,16:37:49,20210509
21,2015-03-31,GNCIQ,USD,2015-03-31,2015-03-31,Q1,670247000,420814000,249433000,0.37215086378603707,0.0,139768000,0.0,0.0,139828000,560582000,0.0,14893000,124498000,0.1857494326718359,109605000.0,0.16352926607653595,0.0,98090000.0,0.1463490325208468,34820000.0,63270000.0,0.09439803535114667,0.7200819438911967,0.7181204244935021,87865000,88105000,,,1620592669,16:37:49,20210509
22,2014-12-31,GNCIQ,USD,2014-12-31,2014-12-31,Q4,607155000,386961000,220194000,0.3626652172838896,1200000.0,83193000,0.0,0.0,131525000,471354000,44427000.0,15305000,103786000,0.17093822829425764,88481000.0,0.1457304971547628,0.0,76760000.0,0.12642570677998205,24992000.0,51768000.0,0.08526323591175235,0.5720663476733007,0.5693921995644426,90493000,90918000,,,1620592669,16:37:49,20210509
23,2014-09-30,GNCIQ,USD,2014-09-30,2014-09-30,Q3,653507000,408033000,245474000,0.37562566277025344,0.0,82332000,0.0,0.0,135863000,490365000,0.0,14465000,123190000,0.18850601447268353,108725000.0,0.1663715920410952,0.0,96944000.0,0.1483442411481438,32630000.0,64314000.0,0.09841363596717403,0.7063125988402741,0.701849729906695,91056000,91635000,,,1620592669,16:37:49,20210509
24,2014-06-30,GNCIQ,USD,2014-06-30,2014-06-30,Q2,675216000,416636000,258580000,0.3829589346224023,0.0,81159000,0.0,0.0,137529000,497795000,0.0,14420000,135471000,0.20063357503376697,121051000.0,0.17927744603208454,0.0,109376000.0,0.1619866827800289,39489000.0,69887000.0,0.10350317528020662,0.7622345588796667,0.7574594916815693,91687000,92265000,,,1620592669,16:37:49,20210509
25,2014-03-31,GNCIQ,USD,2014-03-31,2014-03-31,Q1,677276000,421284000,255992000,0.3779729386542562,0.0,82405000,0.0,0.0,134602000,503689000,0.0,13876000,135131000,0.19952131774933704,121255000.0,0.17903336306025905,0.0,109724000.0,0.1620078077475062,39821000.0,69903000.0,0.10321198447900118,0.7518472707717129,0.7461572947354937,92975000,93684000,,,1620592669,16:37:49,20210509
26,2013-12-31,GNCIQ,USD,2013-12-31,2013-12-31,Q4,613747000,386595000,227152000,0.370106900726195,1400000.0,82015000,0.0,0.0,128497000,470010000,42020000.0,14512000,100845000,0.1643103754478637,86333000.0,0.14066545335455816,0.0,66657000.0,0.1086066408471243,19000000.0,47657000.0,0.07764925938538192,0.4939521771125921,0.4893769959849255,96481000,97383000,,,1620592669,16:37:49,20210509
27,2013-09-30,GNCIQ,USD,2013-09-30,2013-09-30,Q3,675595000,421649000,253946000,0.3758849606643033,0.0,79283000,0.0,0.0,127990000,500932000,0.0,13420000,139394000,0.20632775553401075,125974000.0,0.18646378377578282,0.0,114737000.0,0.1698310378259164,41704000.0,73033000.0,0.10810174734863343,0.7514533537746041,0.7445053824824661,97189000,98096000,,,1620592669,16:37:49,20210509
28,2013-06-30,GNCIQ,USD,2013-06-30,2013-06-30,Q2,676275000,420383000,255892000,0.3783845329193006,0.0,81104000,0.0,0.0,132303000,501487000,0.0,13211000,136882000,0.20240582603230933,123671000.0,0.1828708735351743,0.0,112570000.0,0.16645595356918413,40882000.0,71688000.0,0.10600421426194966,0.729960899315738,0.7233467196738845,98208000,99106000,,,1620592669,16:37:49,20210509
29,2013-03-31,GNCIQ,USD,2013-03-31,2013-03-31,Q1,664691000,408554000,256137000,0.3853474772488269,0.0,79545000,0.0,0.0,131650000,488099000,0.0,13178000,137698000,0.20716092139054088,124520000.0,0.18733516776968545,0.0,113505000.0,0.17076355780355082,40862000.0,72643000.0,0.10928837610257999,0.7337899128256412,0.7274411431890327,98997000,99861000,,,1620592669,16:37:49,20210509
30,2012-12-31,GNCIQ,USD,2012-12-31,2012-12-31,Q4,565022000,350645000,214377000,0.37941354495931134,1100000.0,77185000,0.0,0.0,124924000,428930000,168000.0,13409000,100942000,0.17865145073997118,87533000.0,0.15491963144797902,0.0,72935000.0,0.129083469316239,25496000.0,47439000.0,0.0839595626364991,0.4583345410277963,0.4521832791604312,103503000,104911000,,,1620592669,16:37:49,20210509
31,2012-09-30,GNCIQ,USD,2012-09-30,2012-09-30,Q3,621607000,386392000,235215000,0.37839824841097347,0.0,78707000,0.0,0.0,124045000,465099000,0.0,12792000,123970000,0.19943469105077646,111178000.0,0.17885577221620735,0.0,99098000.0,0.15942227162821526,36869000.0,62229000.0,0.1001098764975298,0.5929620947916071,0.5842275735811857,104946000,106515000,,,1620592669,16:37:49,20210509
32,2012-06-30,GNCIQ,USD,2012-06-30,2012-06-30,Q2,619082000,379645000,239437000,0.38676136602259475,0.0,78375000,0.0,0.0,122360000,458020000,0.0,12578000,129638000,0.20940360081540088,117060000.0,0.18908642150797472,0.0,106565000.0,0.17213390148639438,39894000.0,66671000.0,0.107693326570632,0.6280178219873588,0.617798863941733,106161000,107917000,,,1620592669,16:37:49,20210509
33,2012-03-31,GNCIQ,USD,2012-03-31,2012-03-31,Q1,624272000,383563000,240709000,0.38558352769305687,0.0,80044000,0.0,0.0,128733000,463607000,0.0,12917000,124986000,0.20021080554630033,112069000.0,0.17951950431863034,0.0,101686000.0,0.16288733116333906,37829000.0,63857000.0,0.10229034779711407,0.6035348045933557,0.5926623726170809,105805000,107746000,,,1620592669,16:37:49,20210509
34,2011-12-31,GNCIQ,USD,2011-12-31,2011-12-31,Q4,509608000,325438000,184170000,0.36139542550352427,0.0,72257000,0.0,0.0,114634000,397695000,0.0,10570000,80091000,0.15716197547919186,69521000.0,0.1364205428486209,0.0,59135000.0,0.11604017205381391,21392000.0,37743000.0,0.07406280906108224,0.3764474720978247,0.3664013202601689,100261000,103010000,,,1620592669,16:37:49,20210509
35,2011-09-30,GNCIQ,USD,2011-09-30,2011-09-30,Q3,538028000,343129000,194899000,0.36224694625558523,0.0,72375000,0.0,0.0,112074000,415504000,0.0,12012000,94612000,0.17584958403651854,82600000.0,0.15352360843673563,0.0,72182000.0,0.1341603039247028,23519000.0,53389000.0,0.09923089504635446,0.5435488633008562,0.5293481925082789,98223000,100858000,,,1620592669,16:37:49,20210509
36,2011-06-30,GNCIQ,USD,2011-06-30,2011-06-30,Q2,1024543000,649779000,374764000,0.3657865018842547,0.0,146636000,0.0,0.0,118172000,796415000,0.0,26964000,157350000,0.1535806696253842,130386000.0,0.127262594151734,0.0,76287000.0,0.07445953952152326,30360000.0,41201000.0,0.040214027132096944,0.43329337035167426,0.4205385212101417,95088000,97972000,,,1620592669,16:37:49,20210509
