,date,symbol,reportedCurrency,fillingDate,acceptedDate,period,revenue,costOfRevenue,grossProfit,grossProfitRatio,researchAndDevelopmentExpenses,generalAndAdministrativeExpenses,sellingAndMarketingExpenses,otherExpenses,operatingExpenses,costAndExpenses,interestExpense,depreciationAndAmortization,ebitda,ebitdaratio,operatingIncome,operatingIncomeRatio,totalOtherIncomeExpensesNet,incomeBeforeTax,incomeBeforeTaxRatio,incomeTaxExpense,netIncome,netIncomeRatio,eps,epsdiluted,weightedAverageShsOut,weightedAverageShsOutDil,link,finalLink,timestamp,est_time,est_date
0,2019-06-30,UNG.L,GBP,2019-06-30,2019-06-30,Q2,5610250.0,2706000.0,2904250.0,0.5176685530947819,0.0,2457500.0,0.0,0.0,0.0,5214000.0,69750.0,60500.0,456750.0,0.08141348424758255,396250.0,0.07062965108506751,0.0,-396250.0,-0.07062965108506751,-29750.0,-366500.0,-0.06532685709192995,-0.0014596941213955712,-0.0014444146672131664,251080000.0,253736000.0,https://find-and-update.company-information.service.gov.uk/search/companies?q=Universe+Group+PLC,https://find-and-update.company-information.service.gov.uk/search/companies?q=Universe+Group+PLC,1620599288,18:28:08,20210509
1,2019-03-31,UNG.L,GBP,2019-03-31,2019-03-31,Q1,5610250.0,2706000.0,2904250.0,0.5176685530947819,0.0,2457500.0,0.0,0.0,0.0,5214000.0,69750.0,60500.0,456750.0,0.08141348424758255,396250.0,0.07062965108506751,0.0,-396250.0,-0.07062965108506751,-29750.0,-366500.0,-0.06532685709192995,-0.0014596941213955712,-0.0014444146672131664,251080000.0,253736000.0,https://find-and-update.company-information.service.gov.uk/search/companies?q=Universe+Group+PLC,https://find-and-update.company-information.service.gov.uk/search/companies?q=Universe+Group+PLC,1620599288,18:28:08,20210509
2,2019-01-31,UNG.L,GBP,2019-01-31,2019-01-31,Q1,5610250.0,2706000.0,2904250.0,0.5176685530947819,0.0,2457500.0,0.0,0.0,0.0,5214000.0,69750.0,60500.0,456750.0,0.08141348424758255,396250.0,0.07062965108506751,0.0,-396250.0,-0.07062965108506751,-29750.0,-366500.0,-0.06532685709192995,-0.0014596941213955712,-0.0014444146672131664,251080000.0,253736000.0,https://find-and-update.company-information.service.gov.uk/search/companies?q=Universe+Group+PLC,https://find-and-update.company-information.service.gov.uk/search/companies?q=Universe+Group+PLC,1620599288,18:28:08,20210509
3,2018-06-30,UNG.L,GBP,2018-06-30,2018-06-30,Q2,4973000.0,2574500.0,2398500.0,0.482304443997587,0.0,2171000.0,0.0,0.0,0.0,4745500.0,22000.0,432000.0,659500.0,0.13261612708626583,227500.0,0.04574703398351096,0.0,209000.0,0.042026945505730946,7750.0,201250.0,0.04046853006233662,0.000875,0.000825,232314000.0,240915000.0,https://find-and-update.company-information.service.gov.uk/search/companies?q=Universe+Group+PLC,https://find-and-update.company-information.service.gov.uk/search/companies?q=Universe+Group+PLC,1620599288,18:28:08,20210509
4,2018-03-31,UNG.L,GBP,2018-03-31,2018-03-31,Q1,4973000.0,2574500.0,2398500.0,0.482304443997587,0.0,2171000.0,0.0,0.0,0.0,4745500.0,22000.0,432000.0,659500.0,0.13261612708626583,227500.0,0.04574703398351096,0.0,209000.0,0.042026945505730946,7750.0,201250.0,0.04046853006233662,0.000875,0.000825,232314000.0,240915000.0,https://find-and-update.company-information.service.gov.uk/search/companies?q=Universe+Group+PLC,https://find-and-update.company-information.service.gov.uk/search/companies?q=Universe+Group+PLC,1620599288,18:28:08,20210509
5,2018-01-31,UNG.L,GBP,2018-01-31,2018-01-31,Q1,4973000.0,2574500.0,2398500.0,0.482304443997587,0.0,2171000.0,0.0,0.0,0.0,4745500.0,22000.0,432000.0,659500.0,0.13261612708626583,227500.0,0.04574703398351096,0.0,209000.0,0.042026945505730946,7750.0,201250.0,0.04046853006233662,0.000875,0.000825,232314000.0,240915000.0,https://find-and-update.company-information.service.gov.uk/search/companies?q=Universe+Group+PLC,https://find-and-update.company-information.service.gov.uk/search/companies?q=Universe+Group+PLC,1620599288,18:28:08,20210509
6,2017-06-30,UNG.L,GBP,2017-06-30,2017-06-30,Q2,4905500.0,2572750.0,2332750.0,0.47553766180817447,0.0,2113750.0,0.0,0.0,0.0,4686500.0,27000.0,365750.0,584750.0,0.11920293548058301,219000.0,0.04464376720008154,0.0,194750.0,0.03970033635715014,36250.0,158500.0,0.03231067169503618,0.000675,0.00065,231860000.0,239719000.0,https://find-and-update.company-information.service.gov.uk/search/companies?q=Universe+Group+PLC,https://find-and-update.company-information.service.gov.uk/search/companies?q=Universe+Group+PLC,1620599288,18:28:08,20210509
7,2017-03-31,UNG.L,GBP,2017-03-31,2017-03-31,Q1,4905500.0,2572750.0,2332750.0,0.47553766180817447,0.0,2113750.0,0.0,0.0,0.0,4686500.0,27000.0,365750.0,584750.0,0.11920293548058301,219000.0,0.04464376720008154,0.0,194750.0,0.03970033635715014,36250.0,158500.0,0.03231067169503618,0.000675,0.00065,231860000.0,239719000.0,https://find-and-update.company-information.service.gov.uk/search/companies?q=Universe+Group+PLC,https://find-and-update.company-information.service.gov.uk/search/companies?q=Universe+Group+PLC,1620599288,18:28:08,20210509
8,2017-01-31,UNG.L,GBP,2017-01-31,2017-01-31,Q1,4905500.0,2572750.0,2332750.0,0.47553766180817447,0.0,2113750.0,0.0,0.0,0.0,4686500.0,27000.0,365750.0,584750.0,0.11920293548058301,219000.0,0.04464376720008154,0.0,194750.0,0.03970033635715014,36250.0,158500.0,0.03231067169503618,0.000675,0.00065,231860000.0,239719000.0,https://find-and-update.company-information.service.gov.uk/search/companies?q=Universe+Group+PLC,https://find-and-update.company-information.service.gov.uk/search/companies?q=Universe+Group+PLC,1620599288,18:28:08,20210509
9,2016-06-30,UNG.L,GBP,2016-06-30,2016-06-30,Q2,4928000.0,3210750.0,1717250.0,0.3484679383116883,0.0,1206750.0,0.0,0.0,0.0,4417500.0,32750.0,403250.0,913750.0,0.1854200487012987,510500.0,0.10359172077922078,0.0,502500.0,0.10196834415584416,43750.0,458750.0,0.09309050324675325,0.001975,0.0019,231348000.0,241553000.0,https://find-and-update.company-information.service.gov.uk/search/companies?q=Universe+Group+PLC,https://find-and-update.company-information.service.gov.uk/search/companies?q=Universe+Group+PLC,1620599288,18:28:08,20210509
10,2016-03-31,UNG.L,GBP,2016-03-31,2016-03-31,Q1,4928000.0,3210750.0,1717250.0,0.3484679383116883,0.0,1206750.0,0.0,0.0,0.0,4417500.0,32750.0,403250.0,913750.0,0.1854200487012987,510500.0,0.10359172077922078,0.0,502500.0,0.10196834415584416,43750.0,458750.0,0.09309050324675325,0.001975,0.0019,231348000.0,241553000.0,https://find-and-update.company-information.service.gov.uk/search/companies?q=Universe+Group+PLC,https://find-and-update.company-information.service.gov.uk/search/companies?q=Universe+Group+PLC,1620599288,18:28:08,20210509
11,2016-01-31,UNG.L,GBP,2016-01-31,2016-01-31,Q1,4928000.0,3210750.0,1717250.0,0.3484679383116883,0.0,1206750.0,0.0,0.0,0.0,4417500.0,32750.0,403250.0,913750.0,0.1854200487012987,510500.0,0.10359172077922078,0.0,502500.0,0.10196834415584416,43750.0,458750.0,0.09309050324675325,0.001975,0.0019,231348000.0,241553000.0,https://find-and-update.company-information.service.gov.uk/search/companies?q=Universe+Group+PLC,https://find-and-update.company-information.service.gov.uk/search/companies?q=Universe+Group+PLC,1620599288,18:28:08,20210509
12,2015-09-30,UNG.L,GBP,2015-09-30,2015-09-30,Q3,5081750.0,3397750.0,1684000.0,0.33138190583952376,0.0,1174500.0,0.0,0.0,0.0,4572250.0,45750.0,436750.0,946250.0,0.18620553943031437,509500.0,0.10026073695085354,0.0,418750.0,0.08240271559994096,43750.0,375000.0,0.07379347665666355,0.00165,0.001575,227996000.0,238023000.0,https://find-and-update.company-information.service.gov.uk/search/companies?q=Universe+Group+PLC,https://find-and-update.company-information.service.gov.uk/search/companies?q=Universe+Group+PLC,1620599288,18:28:08,20210509
13,2015-06-30,UNG.L,GBP,2015-06-30,2015-06-30,Q2,5081750.0,3397750.0,1684000.0,0.33138190583952376,0.0,1174500.0,0.0,0.0,0.0,4572250.0,45750.0,436750.0,946250.0,0.18620553943031437,509500.0,0.10026073695085354,0.0,418750.0,0.08240271559994096,43750.0,375000.0,0.07379347665666355,0.00165,0.001575,227996000.0,238023000.0,https://find-and-update.company-information.service.gov.uk/search/companies?q=Universe+Group+PLC,https://find-and-update.company-information.service.gov.uk/search/companies?q=Universe+Group+PLC,1620599288,18:28:08,20210509
14,2015-03-31,UNG.L,GBP,2015-03-31,2015-03-31,Q1,5081750.0,3397750.0,1684000.0,0.33138190583952376,0.0,1174500.0,0.0,0.0,0.0,4572250.0,45750.0,436750.0,946250.0,0.18620553943031437,509500.0,0.10026073695085354,0.0,418750.0,0.08240271559994096,43750.0,375000.0,0.07379347665666355,0.00165,0.001575,227996000.0,238023000.0,https://find-and-update.company-information.service.gov.uk/search/companies?q=Universe+Group+PLC,https://find-and-update.company-information.service.gov.uk/search/companies?q=Universe+Group+PLC,1620599288,18:28:08,20210509
15,2015-01-31,UNG.L,GBP,2015-01-31,2015-01-31,Q1,5081750.0,3397750.0,1684000.0,0.33138190583952376,0.0,1174500.0,0.0,0.0,0.0,4572250.0,45750.0,436750.0,946250.0,0.18620553943031437,509500.0,0.10026073695085354,0.0,418750.0,0.08240271559994096,43750.0,375000.0,0.07379347665666355,0.00165,0.001575,227996000.0,238023000.0,https://find-and-update.company-information.service.gov.uk/search/companies?q=Universe+Group+PLC,https://find-and-update.company-information.service.gov.uk/search/companies?q=Universe+Group+PLC,1620599288,18:28:08,20210509
16,2014-09-30,UNG.L,GBP,2014-09-30,2014-09-30,Q3,5187250.0,3565250.0,1622000.0,0.3126897681815991,0.0,1190000.0,0.0,0.0,0.0,4755250.0,48750.0,407500.0,839500.0,0.1618391247770977,432000.0,0.08328112198178225,0.0,438250.0,0.08448599932526869,86250.0,352000.0,0.06785869198515591,0.001625,0.0015,216914000.0,232814000.0,https://find-and-update.company-information.service.gov.uk/search/companies?q=Universe+Group+PLC,https://find-and-update.company-information.service.gov.uk/search/companies?q=Universe+Group+PLC,1620599288,18:28:08,20210509
17,2014-06-30,UNG.L,GBP,2014-06-30,2014-06-30,Q2,5187250.0,3565250.0,1622000.0,0.3126897681815991,0.0,1190000.0,0.0,0.0,0.0,4755250.0,48750.0,407500.0,839500.0,0.1618391247770977,432000.0,0.08328112198178225,0.0,438250.0,0.08448599932526869,86250.0,352000.0,0.06785869198515591,0.001625,0.0015,216914000.0,232814000.0,https://find-and-update.company-information.service.gov.uk/search/companies?q=Universe+Group+PLC,https://find-and-update.company-information.service.gov.uk/search/companies?q=Universe+Group+PLC,1620599288,18:28:08,20210509
18,2014-03-31,UNG.L,GBP,2014-03-31,2014-03-31,Q1,5187250.0,3565250.0,1622000.0,0.3126897681815991,0.0,1190000.0,0.0,0.0,0.0,4755250.0,48750.0,407500.0,839500.0,0.1618391247770977,432000.0,0.08328112198178225,0.0,438250.0,0.08448599932526869,86250.0,352000.0,0.06785869198515591,0.001625,0.0015,216914000.0,232814000.0,https://find-and-update.company-information.service.gov.uk/search/companies?q=Universe+Group+PLC,https://find-and-update.company-information.service.gov.uk/search/companies?q=Universe+Group+PLC,1620599288,18:28:08,20210509
19,2014-01-31,UNG.L,GBP,2014-01-31,2014-01-31,Q1,5187250.0,3565250.0,1622000.0,0.3126897681815991,0.0,1190000.0,0.0,0.0,0.0,4755250.0,48750.0,407500.0,839500.0,0.1618391247770977,432000.0,0.08328112198178225,0.0,438250.0,0.08448599932526869,86250.0,352000.0,0.06785869198515591,0.001625,0.0015,216914000.0,232814000.0,https://find-and-update.company-information.service.gov.uk/search/companies?q=Universe+Group+PLC,https://find-and-update.company-information.service.gov.uk/search/companies?q=Universe+Group+PLC,1620599288,18:28:08,20210509
20,2013-09-30,UNG.L,GBP,2013-09-30,2013-09-30,Q3,3968500.0,2597750.0,1370750.0,0.34540758472974675,0.0,1034250.0,0.0,0.0,0.0,3632000.0,38750.0,277500.0,614000.0,0.15471840745873755,336500.0,0.0847927428499433,0.0,300000.0,0.07559531309058838,-32750.0,332750.0,0.08384780143631095,0.00165,0.00155,201536000.0,214084000.0,https://find-and-update.company-information.service.gov.uk/search/companies?q=Universe+Group+PLC,https://find-and-update.company-information.service.gov.uk/search/companies?q=Universe+Group+PLC,1620599288,18:28:08,20210509
21,2013-06-30,UNG.L,GBP,2013-06-30,2013-06-30,Q2,3968500.0,2597750.0,1370750.0,0.34540758472974675,0.0,1034250.0,0.0,0.0,0.0,3632000.0,38750.0,277500.0,614000.0,0.15471840745873755,336500.0,0.0847927428499433,0.0,300000.0,0.07559531309058838,-32750.0,332750.0,0.08384780143631095,0.00165,0.00155,201536000.0,214084000.0,https://find-and-update.company-information.service.gov.uk/search/companies?q=Universe+Group+PLC,https://find-and-update.company-information.service.gov.uk/search/companies?q=Universe+Group+PLC,1620599288,18:28:08,20210509
22,2013-03-31,UNG.L,GBP,2013-03-31,2013-03-31,Q1,3968500.0,2597750.0,1370750.0,0.34540758472974675,0.0,1034250.0,0.0,0.0,0.0,3632000.0,38750.0,277500.0,614000.0,0.15471840745873755,336500.0,0.0847927428499433,0.0,300000.0,0.07559531309058838,-32750.0,332750.0,0.08384780143631095,0.00165,0.00155,201536000.0,214084000.0,https://find-and-update.company-information.service.gov.uk/search/companies?q=Universe+Group+PLC,https://find-and-update.company-information.service.gov.uk/search/companies?q=Universe+Group+PLC,1620599288,18:28:08,20210509
23,2013-01-31,UNG.L,GBP,2013-01-31,2013-01-31,Q1,3968500.0,2597750.0,1370750.0,0.34540758472974675,0.0,1034250.0,0.0,0.0,0.0,3632000.0,38750.0,277500.0,614000.0,0.15471840745873755,336500.0,0.0847927428499433,0.0,300000.0,0.07559531309058838,-32750.0,332750.0,0.08384780143631095,0.00165,0.00155,201536000.0,214084000.0,https://find-and-update.company-information.service.gov.uk/search/companies?q=Universe+Group+PLC,https://find-and-update.company-information.service.gov.uk/search/companies?q=Universe+Group+PLC,1620599288,18:28:08,20210509
24,2012-09-30,UNG.L,GBP,2012-09-30,2012-09-30,Q3,2962750.0,1871000.0,1091750.0,0.3684921103704329,0.0,785000.0,0.0,0.0,0.0,2656000.0,53750.0,222750.0,529500.0,0.17871909543498438,306750.0,0.10353556661885073,0.0,253000.0,0.08539363766770737,0.0,205000.0,0.0691924732090119,0.00145,0.00145,141965000.0,141965000.0,https://find-and-update.company-information.service.gov.uk/search/companies?q=Universe+Group+PLC,https://find-and-update.company-information.service.gov.uk/search/companies?q=Universe+Group+PLC,1620599288,18:28:08,20210509
25,2012-06-30,UNG.L,GBP,2012-06-30,2012-06-30,Q2,2962750.0,1871000.0,1091750.0,0.3684921103704329,0.0,785000.0,0.0,0.0,0.0,2656000.0,53750.0,222750.0,529500.0,0.17871909543498438,306750.0,0.10353556661885073,0.0,253000.0,0.08539363766770737,0.0,205000.0,0.0691924732090119,0.00145,0.00145,141965000.0,141965000.0,https://find-and-update.company-information.service.gov.uk/search/companies?q=Universe+Group+PLC,https://find-and-update.company-information.service.gov.uk/search/companies?q=Universe+Group+PLC,1620599288,18:28:08,20210509
26,2012-03-31,UNG.L,GBP,2012-03-31,2012-03-31,Q1,2962750.0,1871000.0,1091750.0,0.3684921103704329,0.0,785000.0,0.0,0.0,0.0,2656000.0,53750.0,222750.0,529500.0,0.17871909543498438,306750.0,0.10353556661885073,0.0,253000.0,0.08539363766770737,0.0,205000.0,0.0691924732090119,0.00145,0.00145,141965000.0,141965000.0,https://find-and-update.company-information.service.gov.uk/search/companies?q=Universe+Group+PLC,https://find-and-update.company-information.service.gov.uk/search/companies?q=Universe+Group+PLC,1620599288,18:28:08,20210509
27,2012-01-31,UNG.L,GBP,2012-01-31,2012-01-31,Q1,2962750.0,1871000.0,1091750.0,0.3684921103704329,0.0,785000.0,0.0,0.0,0.0,2656000.0,53750.0,222750.0,529500.0,0.17871909543498438,306750.0,0.10353556661885073,0.0,253000.0,0.08539363766770737,0.0,205000.0,0.0691924732090119,0.00145,0.00145,141965000.0,141965000.0,https://find-and-update.company-information.service.gov.uk/search/companies?q=Universe+Group+PLC,https://find-and-update.company-information.service.gov.uk/search/companies?q=Universe+Group+PLC,1620599288,18:28:08,20210509
28,2011-09-30,UNG.L,GBP,2011-09-30,2011-09-30,Q3,3020500.0,2028250.0,992250.0,0.328505214368482,397000.0,776500.0,0.0,0.0,-17500.0,2799250.0,72250.0,228750.0,450000.0,0.14898195662969707,221250.0,0.07324946200960106,0.0,-266750.0,-0.08831319317993709,-8250.0,-258500.0,-0.08558185730839266,-0.00225,-0.00225,114705000.0,114705000.0,https://find-and-update.company-information.service.gov.uk/search/companies?q=Universe+Group+PLC,https://find-and-update.company-information.service.gov.uk/search/companies?q=Universe+Group+PLC,1620599288,18:28:08,20210509
29,2011-06-30,UNG.L,GBP,2011-06-30,2011-06-30,Q2,3020500.0,2028250.0,992250.0,0.328505214368482,397000.0,776500.0,0.0,0.0,-17500.0,2799250.0,72250.0,228750.0,450000.0,0.14898195662969707,221250.0,0.07324946200960106,0.0,-266750.0,-0.08831319317993709,-8250.0,-258500.0,-0.08558185730839266,-0.00225,-0.00225,114705000.0,114705000.0,https://find-and-update.company-information.service.gov.uk/search/companies?q=Universe+Group+PLC,https://find-and-update.company-information.service.gov.uk/search/companies?q=Universe+Group+PLC,1620599288,18:28:08,20210509
30,2011-03-31,UNG.L,GBP,2011-03-31,2011-03-31,Q1,3020500.0,2028250.0,992250.0,0.328505214368482,397000.0,776500.0,0.0,0.0,-17500.0,2799250.0,72250.0,228750.0,450000.0,0.14898195662969707,221250.0,0.07324946200960106,0.0,-266750.0,-0.08831319317993709,-8250.0,-258500.0,-0.08558185730839266,-0.00225,-0.00225,114705000.0,114705000.0,https://find-and-update.company-information.service.gov.uk/search/companies?q=Universe+Group+PLC,https://find-and-update.company-information.service.gov.uk/search/companies?q=Universe+Group+PLC,1620599288,18:28:08,20210509
31,2011-01-31,UNG.L,GBP,2011-01-31,2011-01-31,Q1,3020500.0,2028250.0,992250.0,0.328505214368482,397000.0,776500.0,0.0,0.0,-17500.0,2799250.0,72250.0,228750.0,450000.0,0.14898195662969707,221250.0,0.07324946200960106,0.0,-266750.0,-0.08831319317993709,-8250.0,-258500.0,-0.08558185730839266,-0.00225,-0.00225,114705000.0,114705000.0,https://find-and-update.company-information.service.gov.uk/search/companies?q=Universe+Group+PLC,https://find-and-update.company-information.service.gov.uk/search/companies?q=Universe+Group+PLC,1620599288,18:28:08,20210509
32,2010-09-30,UNG.L,GBP,2010-09-30,2010-09-30,Q3,2823000.0,1679750.0,1143250.0,0.40497697484945094,267250.0,941250.0,0.0,0.0,219000.0,2608250.0,77750.0,262250.0,477000.0,0.1689691817215728,214750.0,0.07607155508324477,0.0,66750.0,0.023645058448459086,-20000.0,-223500.0,-0.07917109458023379,-0.00195,-0.00195,114705000.0,114705000.0,https://find-and-update.company-information.service.gov.uk/search/companies?q=Universe+Group+PLC,https://find-and-update.company-information.service.gov.uk/search/companies?q=Universe+Group+PLC,1620599288,18:28:08,20210509
33,2010-06-30,UNG.L,GBP,2010-06-30,2010-06-30,Q2,2823000.0,1679750.0,1143250.0,0.40497697484945094,267250.0,941250.0,0.0,0.0,219000.0,2608250.0,77750.0,262250.0,477000.0,0.1689691817215728,214750.0,0.07607155508324477,0.0,66750.0,0.023645058448459086,-20000.0,-223500.0,-0.07917109458023379,-0.00195,-0.00195,114705000.0,114705000.0,https://find-and-update.company-information.service.gov.uk/search/companies?q=Universe+Group+PLC,https://find-and-update.company-information.service.gov.uk/search/companies?q=Universe+Group+PLC,1620599288,18:28:08,20210509
34,2010-03-31,UNG.L,GBP,2010-03-31,2010-03-31,Q1,2823000.0,1679750.0,1143250.0,0.40497697484945094,267250.0,941250.0,0.0,0.0,219000.0,2608250.0,77750.0,262250.0,477000.0,0.1689691817215728,214750.0,0.07607155508324477,0.0,66750.0,0.023645058448459086,-20000.0,-223500.0,-0.07917109458023379,-0.00195,-0.00195,114705000.0,114705000.0,https://find-and-update.company-information.service.gov.uk/search/companies?q=Universe+Group+PLC,https://find-and-update.company-information.service.gov.uk/search/companies?q=Universe+Group+PLC,1620599288,18:28:08,20210509
35,2010-01-31,UNG.L,GBP,2010-01-31,2010-01-31,Q1,2823000.0,1679750.0,1143250.0,0.40497697484945094,267250.0,941250.0,0.0,0.0,219000.0,2608250.0,77750.0,262250.0,477000.0,0.1689691817215728,214750.0,0.07607155508324477,0.0,66750.0,0.023645058448459086,-20000.0,-223500.0,-0.07917109458023379,-0.00195,-0.00195,114705000.0,114705000.0,https://find-and-update.company-information.service.gov.uk/search/companies?q=Universe+Group+PLC,https://find-and-update.company-information.service.gov.uk/search/companies?q=Universe+Group+PLC,1620599288,18:28:08,20210509
36,2009-09-30,UNG.L,GBP,2009-09-30,2009-09-30,Q3,3140000.0,1967000.0,1173000.0,0.3735668789808917,234250.0,925250.0,0.0,0.0,250250.0,2863500.0,69000.0,224500.0,501000.0,0.15955414012738853,276500.0,0.08805732484076433,0.0,38500.0,0.012261146496815287,-24750.0,-125000.0,-0.03980891719745223,-0.0011,-0.0011,114705000.0,114705000.0,https://find-and-update.company-information.service.gov.uk/search/companies?q=Universe+Group+PLC,https://find-and-update.company-information.service.gov.uk/search/companies?q=Universe+Group+PLC,1620599288,18:28:08,20210509
37,2009-06-30,UNG.L,GBP,2009-06-30,2009-06-30,Q2,3140000.0,1967000.0,1173000.0,0.3735668789808917,234250.0,925250.0,0.0,0.0,250250.0,2863500.0,69000.0,224500.0,501000.0,0.15955414012738853,276500.0,0.08805732484076433,0.0,38500.0,0.012261146496815287,-24750.0,-125000.0,-0.03980891719745223,-0.0011,-0.0011,114705000.0,114705000.0,https://find-and-update.company-information.service.gov.uk/search/companies?q=Universe+Group+PLC,https://find-and-update.company-information.service.gov.uk/search/companies?q=Universe+Group+PLC,1620599288,18:28:08,20210509
38,2009-03-31,UNG.L,GBP,2009-03-31,2009-03-31,Q1,3140000.0,1967000.0,1173000.0,0.3735668789808917,234250.0,925250.0,0.0,0.0,250250.0,2863500.0,69000.0,224500.0,501000.0,0.15955414012738853,276500.0,0.08805732484076433,0.0,38500.0,0.012261146496815287,-24750.0,-125000.0,-0.03980891719745223,-0.0011,-0.0011,114705000.0,114705000.0,https://find-and-update.company-information.service.gov.uk/search/companies?q=Universe+Group+PLC,https://find-and-update.company-information.service.gov.uk/search/companies?q=Universe+Group+PLC,1620599288,18:28:08,20210509
39,2009-01-31,UNG.L,GBP,2009-01-31,2009-01-31,Q1,3140000.0,1967000.0,1173000.0,0.3735668789808917,234250.0,925250.0,0.0,0.0,250250.0,2863500.0,69000.0,224500.0,501000.0,0.15955414012738853,276500.0,0.08805732484076433,0.0,38500.0,0.012261146496815287,-24750.0,-125000.0,-0.03980891719745223,-0.0011,-0.0011,114705000.0,114705000.0,https://find-and-update.company-information.service.gov.uk/search/companies?q=Universe+Group+PLC,https://find-and-update.company-information.service.gov.uk/search/companies?q=Universe+Group+PLC,1620599288,18:28:08,20210509
40,2008-09-30,UNG.L,GBP,2008-09-30,2008-09-30,Q3,4139000.0,2789500.0,1349500.0,0.3260449383909157,241750.0,1220500.0,0.0,0.0,585500.0,4038000.0,88250.0,173000.0,274000.0,0.06619956511234598,101000.0,0.024402029475718772,0.0,-121000.0,-0.02923411452041556,-34750.0,-86250.0,-0.020838366755254894,-0.00075,-0.00075,114705000.0,114705000.0,https://find-and-update.company-information.service.gov.uk/search/companies?q=Universe+Group+PLC,https://find-and-update.company-information.service.gov.uk/search/companies?q=Universe+Group+PLC,1620599288,18:28:08,20210509
41,2008-06-30,UNG.L,GBP,2008-06-30,2008-06-30,Q2,4139000.0,2789500.0,1349500.0,0.3260449383909157,241750.0,1220500.0,0.0,0.0,585500.0,4038000.0,88250.0,173000.0,274000.0,0.06619956511234598,101000.0,0.024402029475718772,0.0,-121000.0,-0.02923411452041556,-34750.0,-86250.0,-0.020838366755254894,-0.00075,-0.00075,114705000.0,114705000.0,https://find-and-update.company-information.service.gov.uk/search/companies?q=Universe+Group+PLC,https://find-and-update.company-information.service.gov.uk/search/companies?q=Universe+Group+PLC,1620599288,18:28:08,20210509
42,2008-03-31,UNG.L,GBP,2008-03-31,2008-03-31,Q1,4139000.0,2789500.0,1349500.0,0.3260449383909157,241750.0,1220500.0,0.0,0.0,585500.0,4038000.0,88250.0,173000.0,274000.0,0.06619956511234598,101000.0,0.024402029475718772,0.0,-121000.0,-0.02923411452041556,-34750.0,-86250.0,-0.020838366755254894,-0.00075,-0.00075,114705000.0,114705000.0,https://find-and-update.company-information.service.gov.uk/search/companies?q=Universe+Group+PLC,https://find-and-update.company-information.service.gov.uk/search/companies?q=Universe+Group+PLC,1620599288,18:28:08,20210509
43,2008-01-31,UNG.L,GBP,2008-01-31,2008-01-31,Q1,4139000.0,2789500.0,1349500.0,0.3260449383909157,241750.0,1220500.0,0.0,0.0,585500.0,4038000.0,88250.0,173000.0,274000.0,0.06619956511234598,101000.0,0.024402029475718772,0.0,-121000.0,-0.02923411452041556,-34750.0,-86250.0,-0.020838366755254894,-0.00075,-0.00075,114705000.0,114705000.0,https://find-and-update.company-information.service.gov.uk/search/companies?q=Universe+Group+PLC,https://find-and-update.company-information.service.gov.uk/search/companies?q=Universe+Group+PLC,1620599288,18:28:08,20210509
44,2007-09-30,UNG.L,GBP,2007-09-30,2007-09-30,Q3,3296500.0,2061750.0,1234750.0,0.37456393144243894,203250.0,1024250.0,0.0,0.0,457750.0,3056000.0,47250.0,150250.0,390750.0,0.11853480964659488,240500.0,0.07295616563021386,0.0,-470500.0,-0.1427271348399818,0.0,-470500.0,-0.1427271348399818,-0.004625,-0.004625,101602000.0,101602000.0,https://find-and-update.company-information.service.gov.uk/search/companies?q=Universe+Group+PLC,https://find-and-update.company-information.service.gov.uk/search/companies?q=Universe+Group+PLC,1620599288,18:28:08,20210509
45,2007-06-30,UNG.L,GBP,2007-06-30,2007-06-30,Q2,3296500.0,2061750.0,1234750.0,0.37456393144243894,203250.0,1024250.0,0.0,0.0,457750.0,3056000.0,47250.0,150250.0,390750.0,0.11853480964659488,240500.0,0.07295616563021386,0.0,-470500.0,-0.1427271348399818,0.0,-470500.0,-0.1427271348399818,-0.004625,-0.004625,101602000.0,101602000.0,https://find-and-update.company-information.service.gov.uk/search/companies?q=Universe+Group+PLC,https://find-and-update.company-information.service.gov.uk/search/companies?q=Universe+Group+PLC,1620599288,18:28:08,20210509
46,2007-03-31,UNG.L,GBP,2007-03-31,2007-03-31,Q1,3296500.0,2061750.0,1234750.0,0.37456393144243894,203250.0,1024250.0,0.0,0.0,457750.0,3056000.0,47250.0,150250.0,390750.0,0.11853480964659488,240500.0,0.07295616563021386,0.0,-470500.0,-0.1427271348399818,0.0,-470500.0,-0.1427271348399818,-0.004625,-0.004625,101602000.0,101602000.0,https://find-and-update.company-information.service.gov.uk/search/companies?q=Universe+Group+PLC,https://find-and-update.company-information.service.gov.uk/search/companies?q=Universe+Group+PLC,1620599288,18:28:08,20210509
47,2007-01-31,UNG.L,GBP,2007-01-31,2007-01-31,Q1,3296500.0,2061750.0,1234750.0,0.37456393144243894,203250.0,1024250.0,0.0,0.0,457750.0,3056000.0,47250.0,150250.0,390750.0,0.11853480964659488,240500.0,0.07295616563021386,0.0,-470500.0,-0.1427271348399818,0.0,-470500.0,-0.1427271348399818,-0.004625,-0.004625,101602000.0,101602000.0,https://find-and-update.company-information.service.gov.uk/search/companies?q=Universe+Group+PLC,https://find-and-update.company-information.service.gov.uk/search/companies?q=Universe+Group+PLC,1620599288,18:28:08,20210509
48,2006-09-30,UNG.L,GBP,2006-09-30,2006-09-30,Q3,2836500.0,1977750.0,858750.0,0.30274986779481755,142000.0,694750.0,0.0,0.0,208750.0,2649500.0,81500.0,157250.0,344250.0,0.12136435748281332,187000.0,0.06592631764498502,0.0,-878000.0,-0.309536400493566,0.0,-1629750.0,-0.5745637228979376,-0.0251,-0.0251,64973000.0,64973000.0,https://find-and-update.company-information.service.gov.uk/search/companies?q=Universe+Group+PLC,https://find-and-update.company-information.service.gov.uk/search/companies?q=Universe+Group+PLC,1620599288,18:28:08,20210509
49,2006-06-30,UNG.L,GBP,2006-06-30,2006-06-30,Q2,2836500.0,1977750.0,858750.0,0.30274986779481755,142000.0,694750.0,0.0,0.0,208750.0,2649500.0,81500.0,157250.0,344250.0,0.12136435748281332,187000.0,0.06592631764498502,0.0,-878000.0,-0.309536400493566,0.0,-1629750.0,-0.5745637228979376,-0.0251,-0.0251,64973000.0,64973000.0,https://find-and-update.company-information.service.gov.uk/search/companies?q=Universe+Group+PLC,https://find-and-update.company-information.service.gov.uk/search/companies?q=Universe+Group+PLC,1620599288,18:28:08,20210509
50,2006-03-31,UNG.L,GBP,2006-03-31,2006-03-31,Q1,2836500.0,1977750.0,858750.0,0.30274986779481755,142000.0,694750.0,0.0,0.0,208750.0,2649500.0,81500.0,157250.0,344250.0,0.12136435748281332,187000.0,0.06592631764498502,0.0,-878000.0,-0.309536400493566,0.0,-1629750.0,-0.5745637228979376,-0.0251,-0.0251,64973000.0,64973000.0,https://find-and-update.company-information.service.gov.uk/search/companies?q=Universe+Group+PLC,https://find-and-update.company-information.service.gov.uk/search/companies?q=Universe+Group+PLC,1620599288,18:28:08,20210509
51,2006-01-31,UNG.L,GBP,2006-01-31,2006-01-31,Q1,2836500.0,1977750.0,858750.0,0.30274986779481755,142000.0,694750.0,0.0,0.0,208750.0,2649500.0,81500.0,157250.0,344250.0,0.12136435748281332,187000.0,0.06592631764498502,0.0,-878000.0,-0.309536400493566,0.0,-1629750.0,-0.5745637228979376,-0.0251,-0.0251,64973000.0,64973000.0,https://find-and-update.company-information.service.gov.uk/search/companies?q=Universe+Group+PLC,https://find-and-update.company-information.service.gov.uk/search/companies?q=Universe+Group+PLC,1620599288,18:28:08,20210509
52,2005-09-30,UNG.L,GBP,2005-09-30,2005-09-30,Q3,3917250.0,2629250.0,1288000.0,0.3288020933052524,153250.0,906500.0,0.0,0.0,168750.0,3522000.0,116250.0,233250.0,628500.0,0.1604441891633161,395250.0,0.10089986597740762,0.0,245000.0,0.06254387644393389,6000.0,59500.0,0.015189227136383944,0.000975,0.000975,61506000.0,61506000.0,https://find-and-update.company-information.service.gov.uk/search/companies?q=Universe+Group+PLC,https://find-and-update.company-information.service.gov.uk/search/companies?q=Universe+Group+PLC,1620599288,18:28:08,20210509
53,2005-06-30,UNG.L,GBP,2005-06-30,2005-06-30,Q2,3917250.0,2629250.0,1288000.0,0.3288020933052524,153250.0,906500.0,0.0,0.0,168750.0,3522000.0,116250.0,233250.0,628500.0,0.1604441891633161,395250.0,0.10089986597740762,0.0,245000.0,0.06254387644393389,6000.0,59500.0,0.015189227136383944,0.000975,0.000975,61506000.0,61506000.0,https://find-and-update.company-information.service.gov.uk/search/companies?q=Universe+Group+PLC,https://find-and-update.company-information.service.gov.uk/search/companies?q=Universe+Group+PLC,1620599288,18:28:08,20210509
54,2005-03-31,UNG.L,GBP,2005-03-31,2005-03-31,Q1,3917250.0,2629250.0,1288000.0,0.3288020933052524,153250.0,906500.0,0.0,0.0,168750.0,3522000.0,116250.0,233250.0,628500.0,0.1604441891633161,395250.0,0.10089986597740762,0.0,245000.0,0.06254387644393389,6000.0,59500.0,0.015189227136383944,0.000975,0.000975,61506000.0,61506000.0,https://find-and-update.company-information.service.gov.uk/search/companies?q=Universe+Group+PLC,https://find-and-update.company-information.service.gov.uk/search/companies?q=Universe+Group+PLC,1620599288,18:28:08,20210509
55,2005-01-31,UNG.L,GBP,2005-01-31,2005-01-31,Q1,3917250.0,2629250.0,1288000.0,0.3288020933052524,153250.0,906500.0,0.0,0.0,168750.0,3522000.0,116250.0,233250.0,628500.0,0.1604441891633161,395250.0,0.10089986597740762,0.0,245000.0,0.06254387644393389,6000.0,59500.0,0.015189227136383944,0.000975,0.000975,61506000.0,61506000.0,https://find-and-update.company-information.service.gov.uk/search/companies?q=Universe+Group+PLC,https://find-and-update.company-information.service.gov.uk/search/companies?q=Universe+Group+PLC,1620599288,18:28:08,20210509
56,2004-09-30,UNG.L,GBP,2004-09-30,2004-09-30,Q3,10998000.0,0.0,0.0,0.0,154000.0,0.0,0.0,0.0,9580000.0,10459750.0,132750.0,361000.0,899250.0,0.08176486633933443,538250.0,0.048940716493907986,0.0,-18500.0,-0.0016821240225495544,3250.0,-21750.0,-0.001977632296781233,-0.00025,-0.00025,59866000.0,59866000.0,https://find-and-update.company-information.service.gov.uk/search/companies?q=Universe+Group+PLC,https://find-and-update.company-information.service.gov.uk/search/companies?q=Universe+Group+PLC,1620599288,18:28:08,20210509
57,2004-06-30,UNG.L,GBP,2004-06-30,2004-06-30,Q2,10998000.0,0.0,0.0,0.0,154000.0,0.0,0.0,0.0,9580000.0,10459750.0,132750.0,361000.0,899250.0,0.08176486633933443,538250.0,0.048940716493907986,0.0,-18500.0,-0.0016821240225495544,3250.0,-21750.0,-0.001977632296781233,-0.00025,-0.00025,59866000.0,59866000.0,https://find-and-update.company-information.service.gov.uk/search/companies?q=Universe+Group+PLC,https://find-and-update.company-information.service.gov.uk/search/companies?q=Universe+Group+PLC,1620599288,18:28:08,20210509
58,2004-03-31,UNG.L,GBP,2004-03-31,2004-03-31,Q1,10998000.0,0.0,0.0,0.0,154000.0,0.0,0.0,0.0,9580000.0,10459750.0,132750.0,361000.0,899250.0,0.08176486633933443,538250.0,0.048940716493907986,0.0,-18500.0,-0.0016821240225495544,3250.0,-21750.0,-0.001977632296781233,-0.00025,-0.00025,59866000.0,59866000.0,https://find-and-update.company-information.service.gov.uk/search/companies?q=Universe+Group+PLC,https://find-and-update.company-information.service.gov.uk/search/companies?q=Universe+Group+PLC,1620599288,18:28:08,20210509
59,2004-01-31,UNG.L,GBP,2004-01-31,2004-01-31,Q1,10998000.0,0.0,0.0,0.0,154000.0,0.0,0.0,0.0,9580000.0,10459750.0,132750.0,361000.0,899250.0,0.08176486633933443,538250.0,0.048940716493907986,0.0,-18500.0,-0.0016821240225495544,3250.0,-21750.0,-0.001977632296781233,-0.00025,-0.00025,59866000.0,59866000.0,https://find-and-update.company-information.service.gov.uk/search/companies?q=Universe+Group+PLC,https://find-and-update.company-information.service.gov.uk/search/companies?q=Universe+Group+PLC,1620599288,18:28:08,20210509
60,2003-09-30,UNG.L,GBP,2003-09-30,2003-09-30,Q3,10532250.0,0.0,0.0,0.0,191000.0,0.0,0.0,173000.0,9188250.0,10013000.0,134000.0,235250.0,754500.0,0.0716371145766574,519250.0,0.049300956585724795,0.0,-682500.0,-0.06480096845403403,15250.0,-697750.0,-0.06624890218139524,-0.0175,-0.0175,58613000.0,58613000.0,https://find-and-update.company-information.service.gov.uk/search/companies?q=Universe+Group+PLC,https://find-and-update.company-information.service.gov.uk/search/companies?q=Universe+Group+PLC,1620599288,18:28:08,20210509
61,2003-06-30,UNG.L,GBP,2003-06-30,2003-06-30,Q2,10532250.0,0.0,0.0,0.0,191000.0,0.0,0.0,173000.0,9188250.0,10013000.0,134000.0,235250.0,754500.0,0.0716371145766574,519250.0,0.049300956585724795,0.0,-682500.0,-0.06480096845403403,15250.0,-697750.0,-0.06624890218139524,-0.0175,-0.0175,58613000.0,58613000.0,https://find-and-update.company-information.service.gov.uk/search/companies?q=Universe+Group+PLC,https://find-and-update.company-information.service.gov.uk/search/companies?q=Universe+Group+PLC,1620599288,18:28:08,20210509
62,2003-03-31,UNG.L,GBP,2003-03-31,2003-03-31,Q1,10532250.0,0.0,0.0,0.0,191000.0,0.0,0.0,173000.0,9188250.0,10013000.0,134000.0,235250.0,754500.0,0.0716371145766574,519250.0,0.049300956585724795,0.0,-682500.0,-0.06480096845403403,15250.0,-697750.0,-0.06624890218139524,-0.0175,-0.0175,58613000.0,58613000.0,https://find-and-update.company-information.service.gov.uk/search/companies?q=Universe+Group+PLC,https://find-and-update.company-information.service.gov.uk/search/companies?q=Universe+Group+PLC,1620599288,18:28:08,20210509
63,2003-01-31,UNG.L,GBP,2003-01-31,2003-01-31,Q1,10532250.0,0.0,0.0,0.0,191000.0,0.0,0.0,173000.0,9188250.0,10013000.0,134000.0,235250.0,754500.0,0.0716371145766574,519250.0,0.049300956585724795,0.0,-682500.0,-0.06480096845403403,15250.0,-697750.0,-0.06624890218139524,-0.0175,-0.0175,58613000.0,58613000.0,https://find-and-update.company-information.service.gov.uk/search/companies?q=Universe+Group+PLC,https://find-and-update.company-information.service.gov.uk/search/companies?q=Universe+Group+PLC,1620599288,18:28:08,20210509
64,2002-09-30,UNG.L,GBP,2002-09-30,2002-09-30,Q3,8621750.0,0.0,0.0,0.0,67500.0,0.0,0.0,109500.0,7618750.0,8230500.0,109500.0,162000.0,553250.0,0.06416910719981442,391250.0,0.04537941833154522,0.0,222250.0,0.02577782932699278,19250.0,203000.0,0.02354510395221388,0.0055495,0.0055495,36069768.0,36069768.0,https://find-and-update.company-information.service.gov.uk/search/companies?q=Universe+Group+PLC,https://find-and-update.company-information.service.gov.uk/search/companies?q=Universe+Group+PLC,1620599288,18:28:08,20210509
65,2002-06-30,UNG.L,GBP,2002-06-30,2002-06-30,Q2,8621750.0,0.0,0.0,0.0,67500.0,0.0,0.0,109500.0,7618750.0,8230500.0,109500.0,162000.0,553250.0,0.06416910719981442,391250.0,0.04537941833154522,0.0,222250.0,0.02577782932699278,19250.0,203000.0,0.02354510395221388,0.0055495,0.0055495,36069768.0,36069768.0,https://find-and-update.company-information.service.gov.uk/search/companies?q=Universe+Group+PLC,https://find-and-update.company-information.service.gov.uk/search/companies?q=Universe+Group+PLC,1620599288,18:28:08,20210509
66,2002-03-31,UNG.L,GBP,2002-03-31,2002-03-31,Q1,8621750.0,0.0,0.0,0.0,67500.0,0.0,0.0,109500.0,7618750.0,8230500.0,109500.0,162000.0,553250.0,0.06416910719981442,391250.0,0.04537941833154522,0.0,222250.0,0.02577782932699278,19250.0,203000.0,0.02354510395221388,0.0055495,0.0055495,36069768.0,36069768.0,https://find-and-update.company-information.service.gov.uk/search/companies?q=Universe+Group+PLC,https://find-and-update.company-information.service.gov.uk/search/companies?q=Universe+Group+PLC,1620599288,18:28:08,20210509
67,2002-01-31,UNG.L,GBP,2002-01-31,2002-01-31,Q1,8621750.0,0.0,0.0,0.0,67500.0,0.0,0.0,109500.0,7618750.0,8230500.0,109500.0,162000.0,553250.0,0.06416910719981442,391250.0,0.04537941833154522,0.0,222250.0,0.02577782932699278,19250.0,203000.0,0.02354510395221388,0.0055495,0.0055495,36069768.0,36069768.0,https://find-and-update.company-information.service.gov.uk/search/companies?q=Universe+Group+PLC,https://find-and-update.company-information.service.gov.uk/search/companies?q=Universe+Group+PLC,1620599288,18:28:08,20210509
68,2001-09-30,UNG.L,GBP,2001-09-30,2001-09-30,Q3,14747500.0,0.0,0.0,0.0,263250.0,0.0,0.0,0.0,13417250.0,13957000.0,138750.0,137250.0,927750.0,0.06290896762163078,790500.0,0.05360230547550432,0.0,214500.0,0.014544838108153924,188250.0,26250.0,0.0017799627055433125,0.0008745,0.0008745,33006324.0,33006324.0,https://find-and-update.company-information.service.gov.uk/search/companies?q=Universe+Group+PLC,https://find-and-update.company-information.service.gov.uk/search/companies?q=Universe+Group+PLC,1620599288,18:28:08,20210509
69,2001-06-30,UNG.L,GBP,2001-06-30,2001-06-30,Q2,14747500.0,0.0,0.0,0.0,263250.0,0.0,0.0,0.0,13417250.0,13957000.0,138750.0,137250.0,927750.0,0.06290896762163078,790500.0,0.05360230547550432,0.0,214500.0,0.014544838108153924,188250.0,26250.0,0.0017799627055433125,0.0008745,0.0008745,33006324.0,33006324.0,https://find-and-update.company-information.service.gov.uk/search/companies?q=Universe+Group+PLC,https://find-and-update.company-information.service.gov.uk/search/companies?q=Universe+Group+PLC,1620599288,18:28:08,20210509
70,2001-03-31,UNG.L,GBP,2001-03-31,2001-03-31,Q1,14747500.0,0.0,0.0,0.0,263250.0,0.0,0.0,0.0,13417250.0,13957000.0,138750.0,137250.0,927750.0,0.06290896762163078,790500.0,0.05360230547550432,0.0,214500.0,0.014544838108153924,188250.0,26250.0,0.0017799627055433125,0.0008745,0.0008745,33006324.0,33006324.0,https://find-and-update.company-information.service.gov.uk/search/companies?q=Universe+Group+PLC,https://find-and-update.company-information.service.gov.uk/search/companies?q=Universe+Group+PLC,1620599288,18:28:08,20210509
71,2001-01-31,UNG.L,GBP,2001-01-31,2001-01-31,Q1,14747500.0,0.0,0.0,0.0,263250.0,0.0,0.0,0.0,13417250.0,13957000.0,138750.0,137250.0,927750.0,0.06290896762163078,790500.0,0.05360230547550432,0.0,214500.0,0.014544838108153924,188250.0,26250.0,0.0017799627055433125,0.0008745,0.0008745,33006324.0,33006324.0,https://find-and-update.company-information.service.gov.uk/search/companies?q=Universe+Group+PLC,https://find-and-update.company-information.service.gov.uk/search/companies?q=Universe+Group+PLC,1620599288,18:28:08,20210509
72,2000-09-30,UNG.L,GBP,2000-09-30,2000-09-30,Q3,12119250.0,0.0,0.0,0.0,261000.0,0.0,0.0,0.0,10861250.0,11480500.0,159250.0,146000.0,784750.0,0.06475235678775501,638750.0,0.052705406687707575,0.0,144250.0,0.011902551725560576,169250.0,-33000.0,-0.002722940776038121,-0.0008745,-0.0008745,32171532.0,32171532.0,https://find-and-update.company-information.service.gov.uk/search/companies?q=Universe+Group+PLC,https://find-and-update.company-information.service.gov.uk/search/companies?q=Universe+Group+PLC,1620599288,18:28:08,20210509
73,2000-06-30,UNG.L,GBP,2000-06-30,2000-06-30,Q2,12119250.0,0.0,0.0,0.0,261000.0,0.0,0.0,0.0,10861250.0,11480500.0,159250.0,146000.0,784750.0,0.06475235678775501,638750.0,0.052705406687707575,0.0,144250.0,0.011902551725560576,169250.0,-33000.0,-0.002722940776038121,-0.0008745,-0.0008745,32171532.0,32171532.0,https://find-and-update.company-information.service.gov.uk/search/companies?q=Universe+Group+PLC,https://find-and-update.company-information.service.gov.uk/search/companies?q=Universe+Group+PLC,1620599288,18:28:08,20210509
74,2000-03-31,UNG.L,GBP,2000-03-31,2000-03-31,Q1,12119250.0,0.0,0.0,0.0,261000.0,0.0,0.0,0.0,10861250.0,11480500.0,159250.0,146000.0,784750.0,0.06475235678775501,638750.0,0.052705406687707575,0.0,144250.0,0.011902551725560576,169250.0,-33000.0,-0.002722940776038121,-0.0008745,-0.0008745,32171532.0,32171532.0,https://find-and-update.company-information.service.gov.uk/search/companies?q=Universe+Group+PLC,https://find-and-update.company-information.service.gov.uk/search/companies?q=Universe+Group+PLC,1620599288,18:28:08,20210509
75,2000-01-31,UNG.L,GBP,2000-01-31,2000-01-31,Q1,12119250.0,0.0,0.0,0.0,261000.0,0.0,0.0,0.0,10861250.0,11480500.0,159250.0,146000.0,784750.0,0.06475235678775501,638750.0,0.052705406687707575,0.0,144250.0,0.011902551725560576,169250.0,-33000.0,-0.002722940776038121,-0.0008745,-0.0008745,32171532.0,32171532.0,https://find-and-update.company-information.service.gov.uk/search/companies?q=Universe+Group+PLC,https://find-and-update.company-information.service.gov.uk/search/companies?q=Universe+Group+PLC,1620599288,18:28:08,20210509
76,1999-09-30,UNG.L,GBP,1999-09-30,1999-09-30,Q3,11862500.0,0.0,0.0,0.0,335250.0,0.0,0.0,0.0,10259250.0,11280500.0,282250.0,440750.0,1022750.0,0.08621707060063225,582000.0,0.049062170706006325,0.0,435000.0,0.03667017913593256,246750.0,188250.0,0.015869336143308745,0.0065585,0.0054655,30679654.0,32248149.0,https://find-and-update.company-information.service.gov.uk/search/companies?q=Universe+Group+PLC,https://find-and-update.company-information.service.gov.uk/search/companies?q=Universe+Group+PLC,1620599288,18:28:08,20210509
77,1999-06-30,UNG.L,GBP,1999-06-30,1999-06-30,Q2,11862500.0,0.0,0.0,0.0,335250.0,0.0,0.0,0.0,10259250.0,11280500.0,282250.0,440750.0,1022750.0,0.08621707060063225,582000.0,0.049062170706006325,0.0,435000.0,0.03667017913593256,246750.0,188250.0,0.015869336143308745,0.0065585,0.0054655,30679654.0,32248149.0,https://find-and-update.company-information.service.gov.uk/search/companies?q=Universe+Group+PLC,https://find-and-update.company-information.service.gov.uk/search/companies?q=Universe+Group+PLC,1620599288,18:28:08,20210509
78,1999-03-31,UNG.L,GBP,1999-03-31,1999-03-31,Q1,11862500.0,0.0,0.0,0.0,335250.0,0.0,0.0,0.0,10259250.0,11280500.0,282250.0,440750.0,1022750.0,0.08621707060063225,582000.0,0.049062170706006325,0.0,435000.0,0.03667017913593256,246750.0,188250.0,0.015869336143308745,0.0065585,0.0054655,30679654.0,32248149.0,https://find-and-update.company-information.service.gov.uk/search/companies?q=Universe+Group+PLC,https://find-and-update.company-information.service.gov.uk/search/companies?q=Universe+Group+PLC,1620599288,18:28:08,20210509
79,1999-01-31,UNG.L,GBP,1999-01-31,1999-01-31,Q1,11862500.0,0.0,0.0,0.0,335250.0,0.0,0.0,0.0,10259250.0,11280500.0,282250.0,440750.0,1022750.0,0.08621707060063225,582000.0,0.049062170706006325,0.0,435000.0,0.03667017913593256,246750.0,188250.0,0.015869336143308745,0.0065585,0.0054655,30679654.0,32248149.0,https://find-and-update.company-information.service.gov.uk/search/companies?q=Universe+Group+PLC,https://find-and-update.company-information.service.gov.uk/search/companies?q=Universe+Group+PLC,1620599288,18:28:08,20210509
80,1998-09-30,UNG.L,GBP,1998-09-30,1998-09-30,Q3,7396250.0,0.0,0.0,0.0,395500.0,0.0,0.0,0.0,5485500.0,6591500.0,307250.0,451000.0,1255750.0,0.16978198411357107,804750.0,0.10880513773871894,0.0,526750.0,0.0712185229001183,258250.0,298250.0,0.04032448876119655,0.01093075,0.00983775,28435549.0,30145616.0,https://find-and-update.company-information.service.gov.uk/search/companies?q=Universe+Group+PLC,https://find-and-update.company-information.service.gov.uk/search/companies?q=Universe+Group+PLC,1620599288,18:28:08,20210509
81,1998-06-30,UNG.L,GBP,1998-06-30,1998-06-30,Q2,7396250.0,0.0,0.0,0.0,395500.0,0.0,0.0,0.0,5485500.0,6591500.0,307250.0,451000.0,1255750.0,0.16978198411357107,804750.0,0.10880513773871894,0.0,526750.0,0.0712185229001183,258250.0,298250.0,0.04032448876119655,0.01093075,0.00983775,28435549.0,30145616.0,https://find-and-update.company-information.service.gov.uk/search/companies?q=Universe+Group+PLC,https://find-and-update.company-information.service.gov.uk/search/companies?q=Universe+Group+PLC,1620599288,18:28:08,20210509
82,1998-03-31,UNG.L,GBP,1998-03-31,1998-03-31,Q1,7396250.0,0.0,0.0,0.0,395500.0,0.0,0.0,0.0,5485500.0,6591500.0,307250.0,451000.0,1255750.0,0.16978198411357107,804750.0,0.10880513773871894,0.0,526750.0,0.0712185229001183,258250.0,298250.0,0.04032448876119655,0.01093075,0.00983775,28435549.0,30145616.0,https://find-and-update.company-information.service.gov.uk/search/companies?q=Universe+Group+PLC,https://find-and-update.company-information.service.gov.uk/search/companies?q=Universe+Group+PLC,1620599288,18:28:08,20210509
83,1998-01-31,UNG.L,GBP,1998-01-31,1998-01-31,Q1,7396250.0,0.0,0.0,0.0,395500.0,0.0,0.0,0.0,5485500.0,6591500.0,307250.0,451000.0,1255750.0,0.16978198411357107,804750.0,0.10880513773871894,0.0,526750.0,0.0712185229001183,258250.0,298250.0,0.04032448876119655,0.01093075,0.00983775,28435549.0,30145616.0,https://find-and-update.company-information.service.gov.uk/search/companies?q=Universe+Group+PLC,https://find-and-update.company-information.service.gov.uk/search/companies?q=Universe+Group+PLC,1620599288,18:28:08,20210509
84,1997-09-30,UNG.L,GBP,1997-09-30,1997-09-30,Q3,1787500.0,0.0,0.0,0.0,22500.0,0.0,0.0,0.0,888000.0,1329000.0,7750.0,398500.0,857000.0,0.47944055944055947,458500.0,0.2565034965034965,0.0,483500.0,0.2704895104895105,18750.0,471000.0,0.2634965034965035,0.02186175,0.02076875,21617009.0,24455075.0,https://find-and-update.company-information.service.gov.uk/search/companies?q=Universe+Group+PLC,https://find-and-update.company-information.service.gov.uk/search/companies?q=Universe+Group+PLC,1620599288,18:28:08,20210509
85,1997-06-30,UNG.L,GBP,1997-06-30,1997-06-30,Q2,1787500.0,0.0,0.0,0.0,22500.0,0.0,0.0,0.0,888000.0,1329000.0,7750.0,398500.0,857000.0,0.47944055944055947,458500.0,0.2565034965034965,0.0,483500.0,0.2704895104895105,18750.0,471000.0,0.2634965034965035,0.02186175,0.02076875,21617009.0,24455075.0,https://find-and-update.company-information.service.gov.uk/search/companies?q=Universe+Group+PLC,https://find-and-update.company-information.service.gov.uk/search/companies?q=Universe+Group+PLC,1620599288,18:28:08,20210509
86,1997-03-31,UNG.L,GBP,1997-03-31,1997-03-31,Q1,1787500.0,0.0,0.0,0.0,22500.0,0.0,0.0,0.0,888000.0,1329000.0,7750.0,398500.0,857000.0,0.47944055944055947,458500.0,0.2565034965034965,0.0,483500.0,0.2704895104895105,18750.0,471000.0,0.2634965034965035,0.02186175,0.02076875,21617009.0,24455075.0,https://find-and-update.company-information.service.gov.uk/search/companies?q=Universe+Group+PLC,https://find-and-update.company-information.service.gov.uk/search/companies?q=Universe+Group+PLC,1620599288,18:28:08,20210509
87,1997-01-31,UNG.L,GBP,1997-01-31,1997-01-31,Q1,1787500.0,0.0,0.0,0.0,22500.0,0.0,0.0,0.0,888000.0,1329000.0,7750.0,398500.0,857000.0,0.47944055944055947,458500.0,0.2565034965034965,0.0,483500.0,0.2704895104895105,18750.0,471000.0,0.2634965034965035,0.02186175,0.02076875,21617009.0,24455075.0,https://find-and-update.company-information.service.gov.uk/search/companies?q=Universe+Group+PLC,https://find-and-update.company-information.service.gov.uk/search/companies?q=Universe+Group+PLC,1620599288,18:28:08,20210509
88,1996-09-30,UNG.L,GBP,1996-09-30,1996-09-30,Q3,1438000.0,0.0,0.0,0.0,41250.0,0.0,0.0,0.0,624250.0,989250.0,41250.0,300000.0,748750.0,0.5206884561891516,448750.0,0.3120653685674548,0.0,269750.0,0.18758692628650905,5000.0,264750.0,0.18410987482614743,0.013117,0.012024,19699731.0,22444483.0,https://find-and-update.company-information.service.gov.uk/search/companies?q=Universe+Group+PLC,https://find-and-update.company-information.service.gov.uk/search/companies?q=Universe+Group+PLC,1620599288,18:28:08,20210509
89,1996-06-30,UNG.L,GBP,1996-06-30,1996-06-30,Q2,1438000.0,0.0,0.0,0.0,41250.0,0.0,0.0,0.0,624250.0,989250.0,41250.0,300000.0,748750.0,0.5206884561891516,448750.0,0.3120653685674548,0.0,269750.0,0.18758692628650905,5000.0,264750.0,0.18410987482614743,0.013117,0.012024,19699731.0,22444483.0,https://find-and-update.company-information.service.gov.uk/search/companies?q=Universe+Group+PLC,https://find-and-update.company-information.service.gov.uk/search/companies?q=Universe+Group+PLC,1620599288,18:28:08,20210509
90,1996-03-31,UNG.L,GBP,1996-03-31,1996-03-31,Q1,1438000.0,0.0,0.0,0.0,41250.0,0.0,0.0,0.0,624250.0,989250.0,41250.0,300000.0,748750.0,0.5206884561891516,448750.0,0.3120653685674548,0.0,269750.0,0.18758692628650905,5000.0,264750.0,0.18410987482614743,0.013117,0.012024,19699731.0,22444483.0,https://find-and-update.company-information.service.gov.uk/search/companies?q=Universe+Group+PLC,https://find-and-update.company-information.service.gov.uk/search/companies?q=Universe+Group+PLC,1620599288,18:28:08,20210509
91,1996-01-31,UNG.L,GBP,1996-01-31,1996-01-31,Q1,1438000.0,0.0,0.0,0.0,41250.0,0.0,0.0,0.0,624250.0,989250.0,41250.0,300000.0,748750.0,0.5206884561891516,448750.0,0.3120653685674548,0.0,269750.0,0.18758692628650905,5000.0,264750.0,0.18410987482614743,0.013117,0.012024,19699731.0,22444483.0,https://find-and-update.company-information.service.gov.uk/search/companies?q=Universe+Group+PLC,https://find-and-update.company-information.service.gov.uk/search/companies?q=Universe+Group+PLC,1620599288,18:28:08,20210509
92,1995-09-30,UNG.L,GBP,1995-09-30,1995-09-30,Q3,194750.0,0.0,0.0,0.0,0.0,0.0,0.0,0.0,236250.0,288000.0,6250.0,47000.0,-46250.0,-0.2374839537869063,-93250.0,-0.47881899871630296,0.0,-93000.0,-0.47753530166880614,0.0,-93000.0,-0.47753530166880614,0.0114775,0.0114775,8211614.0,8211614.0,https://find-and-update.company-information.service.gov.uk/search/companies?q=Universe+Group+PLC,https://find-and-update.company-information.service.gov.uk/search/companies?q=Universe+Group+PLC,1620599288,18:28:08,20210509
93,1995-06-30,UNG.L,GBP,1995-06-30,1995-06-30,Q2,194750.0,0.0,0.0,0.0,0.0,0.0,0.0,0.0,236250.0,288000.0,6250.0,47000.0,-46250.0,-0.2374839537869063,-93250.0,-0.47881899871630296,0.0,-93000.0,-0.47753530166880614,0.0,-93000.0,-0.47753530166880614,0.0114775,0.0114775,8211614.0,8211614.0,https://find-and-update.company-information.service.gov.uk/search/companies?q=Universe+Group+PLC,https://find-and-update.company-information.service.gov.uk/search/companies?q=Universe+Group+PLC,1620599288,18:28:08,20210509
94,1995-03-31,UNG.L,GBP,1995-03-31,1995-03-31,Q1,194750.0,0.0,0.0,0.0,0.0,0.0,0.0,0.0,236250.0,288000.0,6250.0,47000.0,-46250.0,-0.2374839537869063,-93250.0,-0.47881899871630296,0.0,-93000.0,-0.47753530166880614,0.0,-93000.0,-0.47753530166880614,0.0114775,0.0114775,8211614.0,8211614.0,https://find-and-update.company-information.service.gov.uk/search/companies?q=Universe+Group+PLC,https://find-and-update.company-information.service.gov.uk/search/companies?q=Universe+Group+PLC,1620599288,18:28:08,20210509
95,1995-01-31,UNG.L,GBP,1995-01-31,1995-01-31,Q1,194750.0,0.0,0.0,0.0,0.0,0.0,0.0,0.0,236250.0,288000.0,6250.0,47000.0,-46250.0,-0.2374839537869063,-93250.0,-0.47881899871630296,0.0,-93000.0,-0.47753530166880614,0.0,-93000.0,-0.47753530166880614,0.0114775,0.0114775,8211614.0,8211614.0,https://find-and-update.company-information.service.gov.uk/search/companies?q=Universe+Group+PLC,https://find-and-update.company-information.service.gov.uk/search/companies?q=Universe+Group+PLC,1620599288,18:28:08,20210509
96,1994-09-30,UNG.L,GBP,1994-09-30,1994-09-30,Q3,29500.0,0.0,0.0,0.0,0.0,0.0,0.0,0.0,115750.0,144500.0,6000.0,27250.0,-87750.0,-2.9745762711864407,-115000.0,-3.8983050847457625,0.0,-180250.0,-6.110169491525424,0.0,-180250.0,-6.110169491525424,-0.02186175,-0.02186175,8211614.0,8211614.0,https://find-and-update.company-information.service.gov.uk/search/companies?q=Universe+Group+PLC,https://find-and-update.company-information.service.gov.uk/search/companies?q=Universe+Group+PLC,1620599288,18:28:08,20210509
97,1994-06-30,UNG.L,GBP,1994-06-30,1994-06-30,Q2,29500.0,0.0,0.0,0.0,0.0,0.0,0.0,0.0,115750.0,144500.0,6000.0,27250.0,-87750.0,-2.9745762711864407,-115000.0,-3.8983050847457625,0.0,-180250.0,-6.110169491525424,0.0,-180250.0,-6.110169491525424,-0.02186175,-0.02186175,8211614.0,8211614.0,https://find-and-update.company-information.service.gov.uk/search/companies?q=Universe+Group+PLC,https://find-and-update.company-information.service.gov.uk/search/companies?q=Universe+Group+PLC,1620599288,18:28:08,20210509
98,1994-03-31,UNG.L,GBP,1994-03-31,1994-03-31,Q1,29500.0,0.0,0.0,0.0,0.0,0.0,0.0,0.0,115750.0,144500.0,6000.0,27250.0,-87750.0,-2.9745762711864407,-115000.0,-3.8983050847457625,0.0,-180250.0,-6.110169491525424,0.0,-180250.0,-6.110169491525424,-0.02186175,-0.02186175,8211614.0,8211614.0,https://find-and-update.company-information.service.gov.uk/search/companies?q=Universe+Group+PLC,https://find-and-update.company-information.service.gov.uk/search/companies?q=Universe+Group+PLC,1620599288,18:28:08,20210509
99,1994-01-31,UNG.L,GBP,1994-01-31,1994-01-31,Q1,29500.0,0.0,0.0,0.0,0.0,0.0,0.0,0.0,115750.0,144500.0,6000.0,27250.0,-87750.0,-2.9745762711864407,-115000.0,-3.8983050847457625,0.0,-180250.0,-6.110169491525424,0.0,-180250.0,-6.110169491525424,-0.02186175,-0.02186175,8211614.0,8211614.0,https://find-and-update.company-information.service.gov.uk/search/companies?q=Universe+Group+PLC,https://find-and-update.company-information.service.gov.uk/search/companies?q=Universe+Group+PLC,1620599288,18:28:08,20210509
100,1993-09-30,UNG.L,GBP,1993-09-30,1993-09-30,Q3,0.0,0.0,0.0,0.0,0.0,0.0,0.0,0.0,65000.0,67000.0,2250.0,2000.0,-65000.0,0.0,-67000.0,0.0,0.0,-68250.0,0.0,0.0,-68250.0,0.0,-0.00819825,-0.00819825,8211614.0,8211614.0,https://find-and-update.company-information.service.gov.uk/search/companies?q=Universe+Group+PLC,https://find-and-update.company-information.service.gov.uk/search/companies?q=Universe+Group+PLC,1620599288,18:28:08,20210509
101,1993-06-30,UNG.L,GBP,1993-06-30,1993-06-30,Q2,0.0,0.0,0.0,0.0,0.0,0.0,0.0,0.0,65000.0,67000.0,2250.0,2000.0,-65000.0,0.0,-67000.0,0.0,0.0,-68250.0,0.0,0.0,-68250.0,0.0,-0.00819825,-0.00819825,8211614.0,8211614.0,https://find-and-update.company-information.service.gov.uk/search/companies?q=Universe+Group+PLC,https://find-and-update.company-information.service.gov.uk/search/companies?q=Universe+Group+PLC,1620599288,18:28:08,20210509
102,1993-03-31,UNG.L,GBP,1993-03-31,1993-03-31,Q1,0.0,0.0,0.0,0.0,0.0,0.0,0.0,0.0,65000.0,67000.0,2250.0,2000.0,-65000.0,0.0,-67000.0,0.0,0.0,-68250.0,0.0,0.0,-68250.0,0.0,-0.00819825,-0.00819825,8211614.0,8211614.0,https://find-and-update.company-information.service.gov.uk/search/companies?q=Universe+Group+PLC,https://find-and-update.company-information.service.gov.uk/search/companies?q=Universe+Group+PLC,1620599288,18:28:08,20210509
103,1993-01-31,UNG.L,GBP,1993-01-31,1993-01-31,Q1,0.0,0.0,0.0,0.0,0.0,0.0,0.0,0.0,65000.0,67000.0,2250.0,2000.0,-65000.0,0.0,-67000.0,0.0,0.0,-68250.0,0.0,0.0,-68250.0,0.0,-0.00819825,-0.00819825,8211614.0,8211614.0,https://find-and-update.company-information.service.gov.uk/search/companies?q=Universe+Group+PLC,https://find-and-update.company-information.service.gov.uk/search/companies?q=Universe+Group+PLC,1620599288,18:28:08,20210509
