,date,symbol,reportedCurrency,fillingDate,acceptedDate,period,revenue,costOfRevenue,grossProfit,grossProfitRatio,researchAndDevelopmentExpenses,generalAndAdministrativeExpenses,sellingAndMarketingExpenses,otherExpenses,operatingExpenses,costAndExpenses,interestExpense,depreciationAndAmortization,ebitda,ebitdaratio,operatingIncome,operatingIncomeRatio,totalOtherIncomeExpensesNet,incomeBeforeTax,incomeBeforeTaxRatio,incomeTaxExpense,netIncome,netIncomeRatio,eps,epsdiluted,weightedAverageShsOut,weightedAverageShsOutDil,link,finalLink,timestamp,est_time,est_date
0,2020-03-31,DPL,USD,2020-05-07 00:00:00,2020-05-06 17:41:19,Q1,174700000.0,4000000.0,170700000.0,0.9771036061820263,0.0,0.0,0.0,130900000.0,130900000.0,154500000.0,18900000.0,17800000.0,38000000,0.21751574127074985,20200000.0,0.11562678878076703,20000000.0,400000.0,0.0022896393817973667,-500000.0,1900000.0,0.010875787063537493,0.0015307051394633509,0.0015307051394633509,1241258000,1241258000,https://www.sec.gov/Archives/edgar/data/27430/000078725020000025/0000787250-20-000025-index.html,https://www.sec.gov/Archives/edgar/data/27430/000078725020000025/dpl10q20200331q1.htm,1620591242,16:14:02,20210509
1,2019-12-31,DPL,USD,2020-02-28 00:00:00,2020-02-27 18:17:15,Q4,171100000.0,3000000.0,168100000.0,0.9824663939216832,0.0,0.0,0.0,126500000.0,126500000.0,152000000.0,18500000.0,20200000.0,39300000,0.22969023962594973,19100000.0,0.11163062536528345,20000000.0,1100000.0,0.006428988895382817,-9200000.0,44000000.0,0.2571595558153127,0.035447908492835495,0.035447908492835495,1241258000,1241258000,https://www.sec.gov/Archives/edgar/data/27430/000078725020000005/0000787250-20-000005-index.html,https://www.sec.gov/Archives/edgar/data/27430/000078725020000005/dpl10k12312019q4.htm,1620591242,16:14:02,20210509
2,2019-09-30,DPL,USD,2019-11-06 00:00:00,2019-11-05 17:47:22,Q3,199000000.0,6000000.0,193000000.0,0.9698492462311558,0.0,0.0,0.0,129000000.0,129000000.0,154500000.0,18300000.0,24600000.0,69100000,0.34723618090452263,44500000.0,0.2236180904522613,21000000.0,26500000.0,0.13316582914572864,-9400000.0,35400000.0,0.17788944723618091,0.028519453651054013,0.028519453651054013,1241258000,1241258000,https://www.sec.gov/Archives/edgar/data/787250/000078725019000044/0000787250-19-000044-index.html,https://www.sec.gov/Archives/edgar/data/27430/000078725019000044/dpl10q20190930q3.htm,1620591242,16:14:02,20210509
3,2019-06-30,DPL,USD,2019-08-06 00:00:00,2019-08-05 18:37:11,Q2,184200000.0,70000000.0,114200000.0,0.6199782844733985,0.0,0.0,0.0,181300000.0,181300000.0,141800000.0,21700000.0,17000000.0,59400000,0.32247557003257327,42400000.0,0.2301845819761129,36000000.0,-22000000.0,-0.11943539630836048,-5900000.0,-22000000.0,-0.11943539630836048,-0.017723954246417747,-0.017723954246417747,1241258000,1241258000,https://www.sec.gov/Archives/edgar/data/787250/000078725019000038/0000787250-19-000038-index.html,https://www.sec.gov/Archives/edgar/data/27430/000078725019000038/dpl10q20190630q2.htm,1620591242,16:14:02,20210509
4,2019-03-31,DPL,USD,2019-05-07 00:00:00,2019-05-06 18:09:07,Q1,209000000.0,77700000.0,131300000.0,0.6282296650717704,0.0,0.0,0.0,89800000.0,89800000.0,167500000.0,23700000.0,-3100000.0,38400000,0.18373205741626794,41500000.0,0.19856459330143542,1000000.0,19200000.0,0.09186602870813397,2700000.0,42100000.0,0.2014354066985646,0.033917203353372144,0.033917203353372144,1241258000,1241258000,https://www.sec.gov/Archives/edgar/data/27430/000078725019000021/0000787250-19-000021-index.html,https://www.sec.gov/Archives/edgar/data/27430/000078725019000021/dpl10q20190331q1.htm,1620591242,16:14:02,20210509
5,2018-12-31,DPL,USD,2019-02-27 00:00:00,2019-02-26 18:45:20,Q4,184400000.0,70900000.0,113500000.0,0.6155097613882863,0.0,0.0,0.0,71700000.0,71700000.0,142600000.0,23600000.0,-6700000.0,35100000,0.1903470715835141,41800000.0,0.22668112798264642,-23600000.0,18200000.0,0.09869848156182212,-800000.0,28700000.0,0.15563991323210413,0.02312170394873588,0.02312170394873588,1241258000,1241258000,https://www.sec.gov/Archives/edgar/data/27430/000078725019000013/0000787250-19-000013-index.html,https://www.sec.gov/Archives/edgar/data/27430/000078725019000013/dpl10k12312018q4.htm,1620591242,16:14:02,20210509
6,2018-09-30,DPL,USD,2018-11-06 00:00:00,2018-11-05 17:47:58,Q3,207700000.0,88200000.0,119500000.0,0.5753490611458835,0.0,0.0,0.0,77600000.0,77600000.0,165800000.0,22600000.0,20800000.0,62700000,0.3018777082330284,41900000.0,0.20173326913818007,-22100000.0,19800000.0,0.0953298025999037,3100000.0,21000000.0,0.10110736639383726,0.01691831996248967,0.01691831996248967,1241258000,1241258000,https://www.sec.gov/Archives/edgar/data/787250/000078725018000030/0000787250-18-000030-index.html,https://www.sec.gov/Archives/edgar/data/27430/000078725018000030/dpl10q20180930q3.htm,1620591242,16:14:02,20210509
7,2018-06-30,DPL,USD,2018-08-07 00:00:00,2018-08-06 18:05:45,Q2,90600000.0,31800000.0,58800000.0,0.6490066225165563,0.0,0.0,0.0,56100000.0,56100000.0,87900000.0,51000000.0,21500000.0,24200000,0.2671081677704194,2700000.0,0.029801324503311258,-29300000.0,-26000000.0,-0.2869757174392936,-5200000.0,3500000.0,0.03863134657836645,0.002819719993748278,0.002819719993748278,1241258000,1241258000,https://www.sec.gov/Archives/edgar/data/787250/000078725018000022/0000787250-18-000022-index.html,https://www.sec.gov/Archives/edgar/data/27430/000078725018000022/dpl10q20180630q2.htm,1620591242,16:14:02,20210509
8,2018-03-31,DPL,USD,2018-05-08 00:00:00,2018-05-08 07:29:20,Q1,293200000.0,131600000.0,161600000.0,0.5511596180081856,0.0,0.0,0.0,112500000.0,112500000.0,244100000.0,800000.0,20100000.0,69200000,0.23601637107776263,49100000.0,0.167462482946794,-28600000.0,20500000.0,0.06991814461118691,3600000.0,16900000.0,0.057639836289222375,0.013615219398384542,0.013615219398384542,1241258000,1241258000,https://www.sec.gov/Archives/edgar/data/27430/000078725018000015/0000787250-18-000015-index.html,https://www.sec.gov/Archives/edgar/data/27430/000078725018000015/dpl10q20180331q1.htm,1620591242,16:14:02,20210509
9,2017-12-31,DPL,USD,2018-02-27 00:00:00,2018-02-26 18:59:23,Q4,4200000.0,121000000.0,-116800000.0,-27.80952380952381,0.0,0.0,0.0,216800000.0,216800000.0,338000000.0,28600000.0,28800000.0,-130200000,-31.0,-159000000.0,-37.857142857142854,-27000000.0,-73000000.0,-17.38095238095238,-8200000.0,-73000000.0,-17.38095238095238,-0.058811302726749795,-0.058811302726749795,1241258000,1241258000,https://www.sec.gov/Archives/edgar/data/27430/000078725018000008/0000787250-18-000008-index.html,https://www.sec.gov/Archives/edgar/data/27430/000078725018000008/dpl10k12312017q4.htm,1620591242,16:14:02,20210509
10,2017-09-30,DPL,USD,2017-11-02 00:00:00,2017-11-01 18:52:52,Q3,323000000.0,141000000.0,182000000.0,0.5634674922600619,0.0,0.0,0.0,123800000.0,123800000.0,123800000.0,27200000.0,27300000.0,86100000,0.26656346749226006,58800000.0,0.18204334365325078,-30800000.0,28000000.0,0.08668730650154799,6100000.0,29300000.0,0.09071207430340557,0.023605084519092726,0.023605084519092726,1241258000,1241258000,https://www.sec.gov/Archives/edgar/data/787250/000078725017000036/0000787250-17-000036-index.html,https://www.sec.gov/Archives/edgar/data/27430/000078725017000036/dpl10q20170930q3.htm,1620591242,16:14:02,20210509
11,2017-06-30,DPL,USD,2017-08-08 00:00:00,2017-08-07 17:40:29,Q2,299000000.0,166800000.0,132200000.0,0.44214046822742475,0.0,0.0,0.0,129700000.0,129700000.0,296500000.0,27400000.0,26500000.0,63500000,0.21237458193979933,37000000.0,0.12374581939799331,-28200000.0,8800000.0,0.0294314381270903,8300000.0,16100000.0,0.05384615384615385,0.01297071197124208,0.01297071197124208,1241258000,1241258000,https://www.sec.gov/Archives/edgar/data/787250/000078725017000026/0000787250-17-000026-index.html,https://www.sec.gov/Archives/edgar/data/27430/000078725017000026/dpl10q20170630q2.htm,1620591242,16:14:02,20210509
12,2017-03-31,DPL,USD,2017-05-08 00:00:00,2017-05-05 17:50:14,Q1,1000000.0,156000000.0,-155000000.0,-155.0,0.0,0.0,0.0,223100000.0,223100000.0,56300000.0,26900000.0,28000000.0,-27000000,-27.0,-55000000.0,-55.0,-27900000.0,-83000000.0,-83.0,-31500000.0,-83000000.0,-83.0,-0.06686764556603059,-0.06686764556603059,1241258000,1241258000,https://www.sec.gov/Archives/edgar/data/27430/000078725017000023/0000787250-17-000023-index.html,https://www.sec.gov/Archives/edgar/data/27430/000078725017000023/dpl10q20170331q1.htm,1620591242,16:14:02,20210509
13,2016-12-31,DPL,USD,2017-02-27 00:00:00,2017-02-24 17:53:33,Q4,1200000.0,150000000.0,-148800000.0,-124.0,0.0,0.0,0.0,768400000.0,768400000.0,573600000.0,26800000.0,37600000.0,-534400000,-445.3333333333333,-572000000.0,-476.6666666666667,-26400000.0,-599000000.0,-499.1666666666667,75000000.0,-674000000.0,-561.6666666666666,-0.5429975073675255,-0.5429975073675255,1241258000,1241258000,https://www.sec.gov/Archives/edgar/data/27430/000078725017000009/0000787250-17-000009-index.html,https://www.sec.gov/Archives/edgar/data/27430/000078725017000009/dpl10k12312016q4.htm,1620591242,16:14:02,20210509
14,2016-09-30,DPL,USD,2016-11-04 00:00:00,2016-11-03 17:49:04,Q3,1100000.0,191000000.0,-189900000.0,-172.63636363636363,0.0,0.0,0.0,143300000.0,143300000.0,334000000.0,27000000.0,30900000.0,86300000,78.45454545454545,55400000.0,50.36363636363637,-27600000.0,27800000.0,25.272727272727273,12700000.0,29800000.0,27.09090909090909,0.024007901661056767,0.024007901661056767,1241258000,1241258000,https://www.sec.gov/Archives/edgar/data/787250/000078725016000062/0000787250-16-000062-index.html,https://www.sec.gov/Archives/edgar/data/27430/000078725016000062/dpl10q20160930q3.htm,1620591242,16:14:02,20210509
15,2016-06-30,DPL,USD,2016-08-05 00:00:00,2016-08-04 17:39:03,Q2,1100000.0,157000000.0,-155900000.0,-141.72727272727272,0.0,0.0,0.0,370300000.0,370300000.0,200200000.0,26000000.0,33700000.0,-164300000,-149.36363636363637,-198000000.0,-180.0,-26000000.0,-224000000.0,-203.63636363636363,-105000000.0,-166000000.0,-150.9090909090909,-0.13373529113206117,-0.13373529113206117,1241258000,1241258000,https://www.sec.gov/Archives/edgar/data/787250/000078725016000053/0000787250-16-000053-index.html,https://www.sec.gov/Archives/edgar/data/27430/000078725016000053/dpl10q20160630q2.htm,1620591242,16:14:02,20210509
16,2016-03-31,DPL,USD,2016-05-09 00:00:00,2016-05-06 17:55:32,Q1,1200000.0,188000000.0,-186800000.0,-155.66666666666666,0.0,0.0,0.0,143000000.0,143000000.0,331000000.0,26300000.0,35800000.0,68000000,56.666666666666664,32200000.0,26.833333333333332,-29400000.0,2800000.0,2.3333333333333335,600000.0,33500000.0,27.916666666666668,0.026988748511590662,0.026988748511590662,1241258000,1241258000,https://www.sec.gov/Archives/edgar/data/27430/000078725016000046/0000787250-16-000046-index.html,https://www.sec.gov/Archives/edgar/data/27430/000078725016000046/dpl10q20160331q1.htm,1620591242,16:14:02,20210509
17,2015-12-31,DPL,USD,2016-02-24 00:00:00,2016-02-23 18:28:38,Q4,1100000.0,160000000.0,-158900000.0,-144.45454545454547,0.0,0.0,0.0,447200000.0,447200000.0,277000000.0,28000000.0,40600000.0,-234400000,-213.0909090909091,-275000000.0,-250.0,-28000000.0,-303000000.0,-275.45454545454544,6500000.0,-298000000.0,-270.90909090909093,-0.24007901661056766,-0.24007901661056766,1241258000,1241258000,https://www.sec.gov/Archives/edgar/data/27430/000078725016000035/0000787250-16-000035-index.html,https://www.sec.gov/Archives/edgar/data/27430/000078725016000035/dpl10k12312015q4.htm,1620591242,16:14:02,20210509
18,2015-09-30,DPL,USD,2015-11-05 00:00:00,2015-11-04 17:45:06,Q3,1200000.0,217000000.0,-215800000.0,-179.83333333333334,0.0,0.0,0.0,157000000.0,157000000.0,374000000.0,28900000.0,33700000.0,74000000,61.666666666666664,40300000.0,33.583333333333336,-31400000.0,8900000.0,7.416666666666667,300000.0,15200000.0,12.666666666666666,0.012245641115706807,0.012245641115706807,1241258000,1241258000,https://www.sec.gov/Archives/edgar/data/27430/000078725015000023/0000787250-15-000023-index.html,https://www.sec.gov/Archives/edgar/data/27430/000078725015000023/dpl10q20150930q3.htm,1620591242,16:14:02,20210509
19,2015-06-30,DPL,USD,2015-08-10 00:00:00,2015-08-07 17:40:42,Q2,175000000.0,175000000.0,198000000.0,1.1314285714285715,0.0,0.0,0.0,144800000.0,144800000.0,320000000.0,30900000.0,34300000.0,87400000,0.49942857142857144,53100000.0,0.30342857142857144,-30900000.0,22200000.0,0.12685714285714286,500000.0,23700000.0,0.13542857142857143,0.019093532529095483,0.019093532529095483,1241258000,1241258000,https://www.sec.gov/Archives/edgar/data/27430/000078725015000019/0000787250-15-000019-index.html,https://www.sec.gov/Archives/edgar/data/27430/000078725015000019/dpl10q20150630q2.htm,1620591242,16:14:02,20210509
20,2015-03-31,DPL,USD,2015-05-11 00:00:00,2015-05-08 17:53:40,Q1,110700000.0,270000000.0,-159300000.0,-1.4390243902439024,0.0,0.0,0.0,151300000.0,151300000.0,38100000.0,30500000.0,35000000.0,107600000,0.971996386630533,72600000.0,0.6558265582655827,-31200000.0,41400000.0,0.37398373983739835,12700000.0,36300000.0,0.32791327913279134,0.029244524506589282,0.029244524506589282,1241258000,1241258000,https://www.sec.gov/Archives/edgar/data/27430/000078725015000010/0000787250-15-000010-index.html,https://www.sec.gov/Archives/edgar/data/27430/000078725015000010/c250-20150331x10q.htm,1620591242,16:14:02,20210509
21,2014-12-31,DPL,USD,2015-02-26,2015-02-25 19:18:41,Q4,110500000.0,195000000.0,-84500000.0,-0.7647058823529411,0.0,0.0,0.0,147000000.0,147000000.0,342000000.0,-61900000.0,5200000.0,183400000,1.6597285067873304,178200000.0,1.6126696832579186,63600000.0,241800000.0,2.1882352941176473,10000000.0,38300000.0,0.34660633484162895,0.030855793074445442,0.030855793074445442,1241258000,1241258000,https://www.sec.gov/Archives/edgar/data/787250/000078725015000005/0000787250-15-000005-index.htm,https://www.sec.gov/Archives/edgar/data/787250/000078725015000005/c250-20141231x10k.htm,1620591242,16:14:02,20210509
22,2014-09-30,DPL,USD,2014-11-06 00:00:00,2014-11-05 17:40:55,Q3,185900000.0,240000000.0,-54100000.0,-0.29101667563206024,0.0,0.0,0.0,149700000.0,149700000.0,95500000.0,33100000.0,34900000.0,125300000,0.6740182894029048,90400000.0,0.48628294782140935,-2000000.0,57400000.0,0.3087681549220011,-41000000.0,52900000.0,0.28456159225389993,0.0426180536197954,0.0426180536197954,1241258000,1241258000,https://www.sec.gov/Archives/edgar/data/27430/000078725014000037/0000787250-14-000037-index.html,https://www.sec.gov/Archives/edgar/data/27430/000078725014000037/c250-20140930x10q.htm,1620591242,16:14:02,20210509
23,2014-06-30,DPL,USD,2014-08-07 00:00:00,2014-08-06 18:11:13,Q2,159700000.0,199000000.0,-39300000.0,-0.24608641202254228,0.0,0.0,0.0,151400000.0,151400000.0,120500000.0,31900000.0,34200000.0,73400000,0.4596117720726362,39200000.0,0.24546023794614902,-33500000.0,5700000.0,0.035691922354414526,-28000000.0,13700000.0,0.08578584846587352,0.011037189689814687,0.011037189689814687,1241258000,1241258000,https://www.sec.gov/Archives/edgar/data/27430/000078725014000023/0000787250-14-000023-index.html,https://www.sec.gov/Archives/edgar/data/27430/000078725014000023/c250-20140630x10q.htm,1620591242,16:14:02,20210509
24,2014-03-31,DPL,USD,2014-05-08 00:00:00,2014-05-07 17:42:45,Q1,31000000.0,264000000.0,-233000000.0,-7.516129032258065,0.0,0.0,0.0,314900000.0,314900000.0,150000000.0,30800000.0,35600000.0,-83400000,-2.6903225806451614,-119000000.0,-3.838709677419355,-31200000.0,-150000000.0,-4.838709677419355,98800000.0,9200000.0,0.2967741935483871,0.007411835412138331,0.007411835412138331,1241258000,1241258000,https://www.sec.gov/Archives/edgar/data/27430/000078725014000017/0000787250-14-000017-index.html,https://www.sec.gov/Archives/edgar/data/27430/000078725014000017/c250-20140331x10q.htm,1620591242,16:14:02,20210509
25,2013-12-31,DPL,USD,2014-03-05,2014-03-04 17:39:15,Q4,25700000.0,201000000.0,-175300000.0,-6.821011673151751,0.0,0.0,0.0,207500000.0,207500000.0,74900000.0,-53900000.0,5300000.0,-253700000,-9.8715953307393,-259000000.0,-10.077821011673151,54600000.0,5400000.0,0.21011673151750973,-20000000.0,-275000000.0,-10.700389105058365,-0.22154942808022185,-0.22154942808022185,1241258000,1241258000,https://www.sec.gov/Archives/edgar/data/787250/000078725014000011/0000787250-14-000011-index.htm,https://www.sec.gov/Archives/edgar/data/787250/000078725014000011/c250-20131231x10k.htm,1620591242,16:14:02,20210509
26,2013-09-30,DPL,USD,2013-11-07 00:00:00,2013-11-06 17:39:40,Q3,30000000.0,214000000.0,-184000000.0,-6.133333333333334,0.0,0.0,0.0,150600000.0,150600000.0,365000000.0,31000000.0,30900000.0,106900000,3.5633333333333335,76000000.0,2.533333333333333,-31000000.0,44500000.0,1.4833333333333334,11300000.0,40700000.0,1.3566666666666667,0.03278931535587283,0.03278931535587283,1241258000,1241258000,https://www.sec.gov/Archives/edgar/data/27430/000078725013000044/0000787250-13-000044-index.html,https://www.sec.gov/Archives/edgar/data/27430/000078725013000044/c250-20130930x10q.htm,1620591242,16:14:02,20210509
27,2013-06-30,DPL,USD,2013-08-08 00:00:00,2013-08-07 17:36:58,Q2,26800000.0,162000000.0,-135200000.0,-5.044776119402985,0.0,0.0,0.0,154600000.0,154600000.0,316000000.0,29600000.0,30300000.0,89000000,3.3208955223880596,58700000.0,2.1902985074626864,-32000000.0,26400000.0,0.9850746268656716,3500000.0,30100000.0,1.123134328358209,0.024249591946235192,0.024249591946235192,1241258000,1241258000,https://www.sec.gov/Archives/edgar/data/27430/000078725013000031/0000787250-13-000031-index.html,https://www.sec.gov/Archives/edgar/data/27430/000078725013000031/c250-20130630x10q.htm,1620591242,16:14:02,20210509
28,2013-03-31,DPL,USD,2013-05-09 00:00:00,2013-05-08 18:10:32,Q1,25600000.0,185000000.0,-159400000.0,-6.2265625,0.0,0.0,0.0,152000000.0,152000000.0,337000000.0,30500000.0,28800000.0,85700000,3.34765625,56900000.0,2.22265625,-31000000.0,25900000.0,1.01171875,6000000.0,30000000.0,1.171875,0.024169028517842382,0.024169028517842382,1241258000,1241258000,https://www.sec.gov/Archives/edgar/data/27430/000078725013000019/0000787250-13-000019-index.html,https://www.sec.gov/Archives/edgar/data/27430/000078725013000019/c250-20130331x10q.htm,1620591242,16:14:02,20210509
29,2012-12-31,DPL,USD,2013-02-27 00:00:00,2013-02-26 19:23:18,Q4,19900000.0,886000000.0,-866100000.0,-43.52261306532663,0.0,0.0,0.0,141400000.0,141400000.0,998000000.0,10100000.0,-150100000.0,-90700000,-4.557788944723618,59400000.0,2.9849246231155777,92000000.0,48600000.0,2.442211055276382,15700000.0,32600000.0,1.6381909547738693,0.02626367765605539,0.02626367765605539,1241258000,1241258000,https://www.sec.gov/Archives/edgar/data/27430/000078725013000009/0000787250-13-000009-index.html,https://www.sec.gov/Archives/edgar/data/27430/000078725013000009/c250-20121231x10k.htm,1620591242,16:14:02,20210509
30,2012-09-30,DPL,USD,2012-11-07 00:00:00,2012-11-06 17:49:29,Q3,216000000.0,216000000.0,256000000.0,1.1851851851851851,0.0,0.0,0.0,235200000.0,235200000.0,2223000000.0,10000000.0,46600000.0,50200000,0.2324074074074074,3600000.0,0.016666666666666666,-91000000.0,-1780000000.0,-8.24074074074074,6500000.0,-1803000000.0,-8.347222222222221,-1.4525586139223272,-1.4525586139223272,1241258000,1241258000,https://www.sec.gov/Archives/edgar/data/27430/000078725012000006/0000787250-12-000006-index.html,https://www.sec.gov/Archives/edgar/data/27430/000078725012000006/c250-20120930x10q.htm,1620591242,16:14:02,20210509
31,2012-06-30,DPL,USD,2012-08-06 00:00:00,2012-08-06 10:31:32,Q2,169700000.0,180000000.0,-10300000.0,-0.06069534472598703,0.0,0.0,0.0,151700000.0,151700000.0,335000000.0,9400000.0,59900000.0,116900000,0.6888626988803771,57000000.0,0.33588685916322925,28000000.0,46900000.0,0.27637006482027104,15600000.0,31100000.0,0.18326458456098998,0.02505522623016327,0.02505522623016327,1241258000,1241258000,https://www.sec.gov/Archives/edgar/data/27430/000110465912054220/0001104659-12-054220-index.html,https://www.sec.gov/Archives/edgar/data/27430/000110465912054220/a12-13822_110q.htm,1620591242,16:14:02,20210509
32,2012-03-31,DPL,USD,2012-05-04,2012-05-04 09:24:22,Q1,220000000.0,220000000.0,214000000.0,0.9727272727272728,0.0,0.0,0.0,154100000.0,154100000.0,154100000.0,9600000.0,57800000.0,122800000,0.5581818181818182,65000000.0,0.29545454545454547,-29000000.0,55400000.0,0.25181818181818183,17300000.0,37900000.0,0.17227272727272727,0.03053353936087421,0.03053353936087421,1241258000,1241258000,https://www.sec.gov/Archives/edgar/data/787250/000110465912032703/0001104659-12-032703-index.htm,https://www.sec.gov/Archives/edgar/data/787250/000110465912032703/a12-8642_110q.htm,1620591242,16:14:02,20210509
33,2011-12-31,DPL,USD,2012-03-28 00:00:00,2012-03-28 09:59:03,Q4,84000000.0,84000000.0,72000000.0,0.8571428571428571,0.0,0.0,0.0,67300000.0,67300000.0,67300000.0,-13100000.0,28900000.0,69300000,0.825,40400000.0,0.48095238095238096,45000000.0,85400000.0,1.0166666666666666,34500000.0,50000000.0,0.5952380952380952,0.04028171419640397,0.04049297770780591,1241258000,1234782000,https://www.sec.gov/Archives/edgar/data/27430/000110465912021437/0001104659-12-021437-index.html,https://www.sec.gov/Archives/edgar/data/27430/000110465912021437/a12-1080_110k.htm,1620591242,16:14:02,20210509
34,2011-09-30,DPL,USD,2011-10-27 00:00:00,2011-10-27 17:31:39,Q3,237000000.0,237000000.0,274000000.0,1.1561181434599157,0.0,0.0,0.0,161600000.0,161600000.0,161600000.0,16800000.0,35800000.0,148700000,0.6274261603375527,112900000.0,0.47637130801687766,-17000000.0,95700000.0,0.40379746835443037,28600000.0,67100000.0,0.2831223628691983,0.5865384615384616,0.5834782608695652,114400000,115000000,https://www.sec.gov/Archives/edgar/data/27430/000110465911058530/0001104659-11-058530-index.html,https://www.sec.gov/Archives/edgar/data/27430/000110465911058530/a11-25639_110q.htm,1620591242,16:14:02,20210509
35,2011-06-30,DPL,USD,2011-07-28 00:00:00,2011-07-28 17:09:00,Q2,206000000.0,206000000.0,239000000.0,1.1601941747572815,0.0,0.0,0.0,174200000.0,174200000.0,174200000.0,17600000.0,35100000.0,100100000,0.48592233009708735,65000000.0,0.3155339805825243,-17000000.0,48000000.0,0.23300970873786409,16300000.0,22700000.0,0.11019417475728155,0.19894829097283084,0.1979075850043592,114100000,114700000,https://www.sec.gov/Archives/edgar/data/27430/000110465911041546/0001104659-11-041546-index.html,https://www.sec.gov/Archives/edgar/data/27430/000110465911041546/a11-13817_110q.htm,1620591242,16:14:02,20210509
36,2011-03-31,DPL,USD,2011-04-29 00:00:00,2011-04-28 17:37:27,Q1,220000000.0,220000000.0,274000000.0,1.2454545454545454,0.0,0.0,0.0,172500000.0,172500000.0,172500000.0,16900000.0,35100000.0,136700000,0.6213636363636363,101600000.0,0.4618181818181818,-33000000.0,68300000.0,0.3104545454545454,24800000.0,52500000.0,0.23863636363636365,0.4605263157894737,0.4585152838427948,114000000,114500000,https://www.sec.gov/Archives/edgar/data/27430/000110465911023758/0001104659-11-023758-index.html,https://www.sec.gov/Archives/edgar/data/27430/000110465911023758/a11-8376_110q.htm,1620591242,16:14:02,20210509
37,2010-12-31,DPL,USD,2011-02-18,2011-02-17 17:36:30,Q4,192000000.0,192000000.0,278000000.0,1.4479166666666667,0.0,0.0,0.0,153500000.0,153500000.0,153500000.0,17600000.0,34100000.0,158600000,0.8260416666666667,124500000.0,0.6484375,-1000000.0,107600000.0,0.5604166666666667,36100000.0,62700000.0,0.3265625,0.5423875432525952,0.5400516795865633,115600000,116100000,https://www.sec.gov/Archives/edgar/data/787250/000110465911008106/0001104659-11-008106-index.htm,https://www.sec.gov/Archives/edgar/data/787250/000110465911008106/a11-1286_110k.htm,1620591242,16:14:02,20210509
38,2010-09-30,DPL,USD,2010-10-29 00:00:00,2010-10-28 17:42:39,Q3,223000000.0,223000000.0,293000000.0,1.3139013452914798,0.0,0.0,0.0,149000000.0,149000000.0,149000000.0,17600000.0,32200000.0,176800000,0.7928251121076233,144600000.0,0.6484304932735426,-17800000.0,126800000.0,0.568609865470852,40400000.0,83000000.0,0.3721973094170404,0.7173725151253241,0.7142857142857143,115700000,116200000,https://www.sec.gov/Archives/edgar/data/27430/000110465910054408/0001104659-10-054408-index.html,https://www.sec.gov/Archives/edgar/data/27430/000110465910054408/a10-17259_110q.htm,1620591242,16:14:02,20210509
39,2010-06-30,DPL,USD,2010-07-30 00:00:00,2010-07-29 17:40:51,Q2,182000000.0,182000000.0,264000000.0,1.4505494505494505,0.0,-238677000.0,0.0,304900000.0,66223000.0,336000000.0,3356000.0,11481000.0,567245000,3.1167307692307693,555764000.0,3.0536483516483517,17000000.0,550977000.0,3.0273461538461537,67534000.0,482143000.0,2.6491373626373624,4.170787197231834,4.149251290877797,115600000,116200000,https://www.sec.gov/Archives/edgar/data/27430/000110465910040563/0001104659-10-040563-index.html,https://www.sec.gov/Archives/edgar/data/27430/000110465910040563/a10-12432_110q.htm,1620591242,16:14:02,20210509
40,2010-03-31,DPL,USD,2010-04-30 00:00:00,2010-04-29 17:53:16,Q1,174000000.0,174000000.0,276000000.0,1.5862068965517242,0.0,0.0,0.0,150000000.0,150000000.0,324000000.0,17000000.0,37000000.0,163000000,0.9367816091954023,126000000.0,0.7241379310344828,-18000000.0,107000000.0,0.6149425287356322,36000000.0,71000000.0,0.40804597701149425,0.11560016021205302,0.11620009328739883,614186000,611015000,https://www.sec.gov/Archives/edgar/data/27430/000110465910023464/0001104659-10-023464-index.html,https://www.sec.gov/Archives/edgar/data/27430/000110465910023464/a10-6123_110q.htm,1620591242,16:14:02,20210509
41,2009-12-31,DPL,USD,2010-02-12 00:00:00,2010-02-11 17:47:50,Q4,161000000.0,161000000.0,245000000.0,1.5217391304347827,0.0,0.0,0.0,142000000.0,142000000.0,303000000.0,23000000.0,38000000.0,141000000,0.8757763975155279,103000000.0,0.639751552795031,-1000000.0,78000000.0,0.484472049689441,28000000.0,50000000.0,0.3105590062111801,0.024650663127488794,0.02493450951076996,2028343000,2005253000,https://www.sec.gov/Archives/edgar/data/27430/000110465910006541/0001104659-10-006541-index.html,https://www.sec.gov/Archives/edgar/data/27430/000110465910006541/a09-35760_110k.htm,1620591242,16:14:02,20210509
42,2009-09-30,DPL,USD,2009-10-29 00:00:00,2009-10-28 17:39:36,Q3,149000000.0,149000000.0,258000000.0,1.7315436241610738,0.0,0.0,0.0,141000000.0,141000000.0,290000000.0,19000000.0,36000000.0,153000000,1.0268456375838926,117000000.0,0.785234899328859,-1000000.0,96000000.0,0.6442953020134228,28000000.0,68000000.0,0.4563758389261745,0.042623474878789494,0.04307933629947234,1595365000,1578483000,https://www.sec.gov/Archives/edgar/data/27430/000110465909060942/0001104659-09-060942-index.html,https://www.sec.gov/Archives/edgar/data/27430/000110465909060942/a09-31198_110q.htm,1620591242,16:14:02,20210509
43,2009-06-30,DPL,USD,2009-07-30 00:00:00,2009-07-29 17:34:17,Q2,139000000.0,139000000.0,222000000.0,1.5971223021582734,0.0,0.0,0.0,141000000.0,141000000.0,280000000.0,20000000.0,36000000.0,117000000,0.841726618705036,81000000.0,0.5827338129496403,20000000.0,62000000.0,0.4460431654676259,20000000.0,42000000.0,0.302158273381295,0.04245408893525145,0.042718960098457034,989304000,983170000,https://www.sec.gov/Archives/edgar/data/27430/000110465909045629/0001104659-09-045629-index.html,https://www.sec.gov/Archives/edgar/data/27430/000110465909045629/a09-18878_110q.htm,1620591242,16:14:02,20210509
44,2009-03-31,DPL,USD,2009-04-30 00:00:00,2009-04-29 17:40:23,Q1,141000000.0,141000000.0,273000000.0,1.9361702127659575,0.0,0.0,0.0,146000000.0,146000000.0,287000000.0,21000000.0,35000000.0,162000000,1.148936170212766,127000000.0,0.900709219858156,-21000000.0,105000000.0,0.7446808510638298,36000000.0,69000000.0,0.48936170212765956,0.11210015580297017,0.11270016529357577,615521000,612244000,https://www.sec.gov/Archives/edgar/data/27430/000110465909027142/0001104659-09-027142-index.html,https://www.sec.gov/Archives/edgar/data/27430/000110465909027142/a09-11634_110q.htm,1620591242,16:14:02,20210509
45,2008-12-31,DPL,USD,2009-02-27 00:00:00,2009-02-26 19:40:49,Q4,139000000.0,139000000.0,253000000.0,1.8201438848920863,0.0,0.0,0.0,142000000.0,142000000.0,281000000.0,23000000.0,35000000.0,146000000,1.0503597122302157,111000000.0,0.7985611510791367,64000000.0,89000000.0,0.6402877697841727,17000000.0,72000000.0,0.5179856115107914,0.0325180339596668,0.03405247107431763,2214156000,2114384000,https://www.sec.gov/Archives/edgar/data/27430/000110465909012626/0001104659-09-012626-index.html,https://www.sec.gov/Archives/edgar/data/27430/000110465909012626/a09-1247_110k.htm,1620591242,16:14:02,20210509
46,2008-09-30,DPL,USD,2008-10-30 00:00:00,2008-10-29 17:56:04,Q3,182000000.0,182000000.0,233000000.0,1.2802197802197801,0.0,0.0,0.0,136000000.0,136000000.0,318000000.0,21000000.0,35000000.0,131000000,0.7197802197802198,96000000.0,0.5274725274725275,-22000000.0,74000000.0,0.4065934065934066,26000000.0,48000000.0,0.26373626373626374,0.030586047791974092,0.032427918816705245,1569343000,1480206000,https://www.sec.gov/Archives/edgar/data/27430/000110465908066651/0001104659-08-066651-index.html,https://www.sec.gov/Archives/edgar/data/27430/000110465908066651/a08-26874_110q.htm,1620591242,16:14:02,20210509
47,2008-06-30,DPL,USD,2008-07-24 00:00:00,2008-07-23 18:31:08,Q2,155000000.0,155000000.0,224000000.0,1.4451612903225806,0.0,0.0,0.0,139000000.0,139000000.0,294000000.0,25000000.0,34000000.0,120000000,0.7741935483870968,86000000.0,0.5548387096774193,-43000000.0,62000000.0,0.4,14000000.0,47000000.0,0.3032258064516129,0.04146613672355762,0.04427100258749881,1133455000,1061643000,https://www.sec.gov/Archives/edgar/data/27430/000110465908047221/0001104659-08-047221-index.html,https://www.sec.gov/Archives/edgar/data/27430/000110465908047221/a08-19688_110q.htm,1620591242,16:14:02,20210509
48,2008-03-31,DPL,USD,2008-04-24 00:00:00,2008-04-23 20:16:27,Q1,144000000.0,144000000.0,271000000.0,1.8819444444444444,0.0,0.0,0.0,128000000.0,128000000.0,272000000.0,21000000.0,33000000.0,175000000,1.2152777777777777,142000000.0,0.9861111111111112,0.0,122000000.0,0.8472222222222222,45000000.0,77000000.0,0.5347222222222222,0.10930001149779342,0.1164000048374028,704483000,661512000,https://www.sec.gov/Archives/edgar/data/27430/000110465908026212/0001104659-08-026212-index.html,https://www.sec.gov/Archives/edgar/data/27430/000110465908026212/a08-11220_110q.htm,1620591242,16:14:02,20210509
49,2007-12-31,DPL,USD,2008-02-22,2008-02-22 06:01:20,Q4,147000000.0,147000000.0,223000000.0,1.5170068027210883,0.0,0.0,0.0,137000000.0,137000000.0,284000000.0,22000000.0,22000000.0,109000000,0.7414965986394558,87000000.0,0.5918367346938775,0.0,67000000.0,0.4557823129251701,21000000.0,46000000.0,0.3129251700680272,0.022458831984501455,0.024519458589033087,2048192000,1876061000,https://www.sec.gov/Archives/edgar/data/787250/000110465908012185/0001104659-08-012185-index.htm,https://www.sec.gov/Archives/edgar/data/787250/000110465908012185/a08-2400_110k.htm,1620591242,16:14:02,20210509
50,2007-09-30,DPL,USD,2007-10-31 00:00:00,2007-10-31 14:47:31,Q3,179000000.0,179000000.0,244000000.0,1.3631284916201116,0.0,0.0,0.0,133000000.0,133000000.0,312000000.0,17000000.0,33000000.0,144000000,0.8044692737430168,111000000.0,0.6201117318435754,4000000.0,97000000.0,0.5418994413407822,36000000.0,61000000.0,0.3407821229050279,0.03757601442918954,0.041166288184263,1623376000,1481795000,https://www.sec.gov/Archives/edgar/data/27430/000110465907078425/0001104659-07-078425-index.html,https://www.sec.gov/Archives/edgar/data/27430/000110465907078425/a07-25442_110q.htm,1620591242,16:14:02,20210509
51,2007-06-30,DPL,USD,2007-07-26 00:00:00,2007-07-26 17:11:44,Q2,147000000.0,147000000.0,196000000.0,1.3333333333333333,0.0,0.0,0.0,127000000.0,127000000.0,274000000.0,19000000.0,36000000.0,105000000,0.7142857142857143,69000000.0,0.46938775510204084,-2000000.0,86000000.0,0.5850340136054422,32000000.0,58000000.0,0.3945578231292517,0.05479477938015768,0.06074742373318056,1058495000,954773000,https://www.sec.gov/Archives/edgar/data/27430/000110465907056580/0001104659-07-056580-index.html,https://www.sec.gov/Archives/edgar/data/27430/000110465907056580/a07-18742_110q.htm,1620591242,16:14:02,20210509
52,2007-03-31,DPL,USD,2007-05-01 00:00:00,2007-05-01 06:20:27,Q1,142000000.0,142000000.0,237000000.0,1.6690140845070423,0.0,0.0,0.0,133000000.0,133000000.0,275000000.0,23000000.0,33000000.0,136000000,0.9577464788732394,103000000.0,0.7253521126760564,0.0,84000000.0,0.5915492957746479,33000000.0,56000000.0,0.39436619718309857,0.10750004799109285,0.11940018464385696,520930000,469011000,https://www.sec.gov/Archives/edgar/data/27430/000110465907033770/0001104659-07-033770-index.html,https://www.sec.gov/Archives/edgar/data/27430/000110465907033770/a07-10680_110q.htm,1620591242,16:14:02,20210509
53,2006-12-31,DPL,USD,2007-02-22,2007-02-21 21:33:22,Q4,123000000.0,123000000.0,229000000.0,1.8617886178861789,0.0,0.0,0.0,205000000.0,205000000.0,328000000.0,25000000.0,16000000.0,40000000,0.3252032520325203,24000000.0,0.1951219512195122,-1000000.0,1000000.0,0.008130081300813009,-4000000.0,7000000.0,0.056910569105691054,0.005655395732276798,0.006138853858445046,1237756000,1140278000,https://www.sec.gov/Archives/edgar/data/787250/000110465907012836/0001104659-07-012836-index.htm,https://www.sec.gov/Archives/edgar/data/787250/000110465907012836/a07-4760_110k.htm,1620591242,16:14:02,20210509
54,2006-09-30,DPL,USD,2006-11-01,2006-10-31 19:04:16,Q3,160000000.0,160000000.0,231000000.0,1.44375,0.0,0.0,0.0,134000000.0,134000000.0,294000000.0,25000000.0,39000000.0,137000000,0.85625,98000000.0,0.6125,0.0,76000000.0,0.475,29000000.0,51000000.0,0.31875,0.04400683055040465,0.04763866353932852,1158911000,1070559000,https://www.sec.gov/Archives/edgar/data/787250/000110465906070009/0001104659-06-070009-index.htm,https://www.sec.gov/Archives/edgar/data/787250/000110465906070009/a06-21527_110q.htm,1620591242,16:14:02,20210509
55,2006-06-30,DPL,USD,2006-08-02,2006-08-02 08:09:29,Q2,116000000.0,116000000.0,194000000.0,1.6724137931034482,0.0,0.0,0.0,137000000.0,137000000.0,253000000.0,26000000.0,39000000.0,95000000,0.8189655172413793,56000000.0,0.4827586206896552,0.0,35000000.0,0.3017241379310345,13000000.0,23000000.0,0.19827586206896552,0.0332506404362484,0.035862972260770586,691716000,641330000,https://www.sec.gov/Archives/edgar/data/787250/000110465906050444/0001104659-06-050444-index.htm,https://www.sec.gov/Archives/edgar/data/787250/000110465906050444/a06-15173_110q.htm,1620591242,16:14:02,20210509
56,2006-03-31,DPL,USD,2006-05-04,2006-05-03 19:00:39,Q1,109000000.0,109000000.0,231000000.0,2.1192660550458715,0.0,0.0,0.0,128000000.0,128000000.0,237000000.0,26000000.0,36000000.0,139000000,1.275229357798165,103000000.0,0.944954128440367,0.0,83000000.0,0.7614678899082569,31000000.0,58000000.0,0.5321100917431193,0.12020002942828306,0.12930006308951353,482529000,448569000,https://www.sec.gov/Archives/edgar/data/787250/000110465906030834/0001104659-06-030834-index.htm,https://www.sec.gov/Archives/edgar/data/787250/000110465906030834/a06-9231_110q.htm,1620591242,16:14:02,20210509
57,2005-12-31,DPL,USD,2006-03-01,2006-02-28 19:23:56,Q4,327000000.0,329000000.0,-2000000.0,-0.0061162079510703364,0.0,0.0,0.0,231000000.0,231000000.0,560000000.0,27000000.0,37000000.0,133000000,0.40672782874617736,96000000.0,0.29357798165137616,3000000.0,76000000.0,0.2324159021406728,30000000.0,53000000.0,0.1620795107033639,0.03685633539543371,0.039323575151061885,1438016000,1347792000,https://www.sec.gov/Archives/edgar/data/787250/000110465906012780/0001104659-06-012780-index.htm,https://www.sec.gov/Archives/edgar/data/787250/000110465906012780/a06-2328_110k.htm,1620591242,16:14:02,20210509
58,2005-09-30,DPL,USD,2005-10-28,2005-10-28 09:03:42,Q3,357000000.0,2000000.0,355000000.0,0.9943977591036415,0.0,0.0,0.0,258000000.0,258000000.0,260000000.0,32000000.0,38000000.0,137000000,0.38375350140056025,99000000.0,0.2773109243697479,1000000.0,41000000.0,0.11484593837535013,15000000.0,26000000.0,0.07282913165266107,0.02595704109698449,0.02774052367707043,1001655000,937257000,https://www.sec.gov/Archives/edgar/data/787250/000110465905050774/0001104659-05-050774-index.htm,https://www.sec.gov/Archives/edgar/data/787250/000110465905050774/a05-17925_110q.htm,1620591242,16:14:02,20210509
59,2005-06-30,DPL,USD,2005-07-29,2005-07-28 20:56:40,Q2,293000000.0,3000000.0,290000000.0,0.9897610921501706,0.0,0.0,0.0,231000000.0,231000000.0,234000000.0,39000000.0,37000000.0,100000000,0.3412969283276451,63000000.0,0.2150170648464164,0.0,27000000.0,0.09215017064846416,10000000.0,22000000.0,0.07508532423208192,0.027905289447614796,0.02971158157449774,788381000,740452000,https://www.sec.gov/Archives/edgar/data/787250/000110465905034869/0001104659-05-034869-index.htm,https://www.sec.gov/Archives/edgar/data/787250/000110465905034869/a05-12536_110q.htm,1620591242,16:14:02,20210509
60,2005-03-31,DPL,USD,2005-05-04,2005-05-04 09:16:29,Q1,307000000.0,2000000.0,305000000.0,0.993485342019544,0.0,0.0,0.0,225000000.0,225000000.0,227000000.0,39000000.0,35000000.0,116000000,0.3778501628664495,81000000.0,0.26384364820846906,11000000.0,60000000.0,0.19543973941368079,24000000.0,73000000.0,0.23778501628664495,0.1204000580559184,0.12780000175068496,606312000,571205000,https://www.sec.gov/Archives/edgar/data/787250/000110465905020177/0001104659-05-020177-index.htm,https://www.sec.gov/Archives/edgar/data/787250/000110465905020177/a05-7574_110q.htm,1620591242,16:14:02,20210509
61,2004-12-31,DPL,USD,2005-03-11,2005-03-11 17:26:17,Q4,874000000.0,8000000.0,866000000.0,0.9908466819221968,0.0,0.0,0.0,652000000.0,652000000.0,660000000.0,114000000.0,39000000.0,262000000,0.2997711670480549,223000000.0,0.2551487414187643,-15000000.0,224000000.0,0.2562929061784897,81000000.0,144000000.0,0.16475972540045766,0.07969772424255338,0.08109126314846965,1806827000,1775777000,https://www.sec.gov/Archives/edgar/data/787250/000110465905010666/0001104659-05-010666-index.htm,https://www.sec.gov/Archives/edgar/data/787250/000110465905010666/a05-4474_110k.htm,1620591242,16:14:02,20210509
62,2004-09-30,DPL,USD,2004-11-15,2004-11-15 17:08:07,Q3,325000000.0,2000000.0,323000000.0,0.9938461538461538,0.0,0.0,0.0,211000000.0,211000000.0,213000000.0,46000000.0,36000000.0,149000000,0.4584615384615385,113000000.0,0.3476923076923077,-3000000.0,118000000.0,0.3630769230769231,44000000.0,73000000.0,0.2246153846153846,0.1194,0.1194,611390000,611390000,https://www.sec.gov/Archives/edgar/data/787250/000110465904036166/0001104659-04-036166-index.htm,https://www.sec.gov/Archives/edgar/data/787250/000110465904036166/a04-13190_310q.htm,1620591242,16:14:02,20210509
63,2004-06-30,DPL,USD,2004-11-05,2004-11-05 07:10:19,Q2,285000000.0,3000000.0,282000000.0,0.9894736842105263,0.0,0.0,0.0,204000000.0,204000000.0,207000000.0,37000000.0,35000000.0,117000000,0.4105263157894737,82000000.0,0.28771929824561404,-9000000.0,93000000.0,0.3263157894736842,36000000.0,57000000.0,0.2,0.06458213658102169,0.06528117863450099,882597000,873146000,https://www.sec.gov/Archives/edgar/data/787250/000110465904033736/0001104659-04-033736-index.htm,https://www.sec.gov/Archives/edgar/data/787250/000110465904033736/a04-11518_210q.htm,1620591242,16:14:02,20210509
64,2004-03-31,DPL,USD,2004-11-05,2004-11-05 07:04:49,Q1,302000000.0,2000000.0,300000000.0,0.9933774834437086,0.0,0.0,0.0,203000000.0,203000000.0,205000000.0,44000000.0,34000000.0,132000000,0.4370860927152318,98000000.0,0.32450331125827814,-2000000.0,80000000.0,0.26490066225165565,31000000.0,49000000.0,0.16225165562913907,0.12000009795926364,0.12130003936062501,408333000,403957000,https://www.sec.gov/Archives/edgar/data/787250/000110465904033734/0001104659-04-033734-index.htm,https://www.sec.gov/Archives/edgar/data/787250/000110465904033734/a04-11518_110q.htm,1620591242,16:14:02,20210509
65,2003-12-31,DPL,USD,2004-11-05,2004-11-05 06:11:31,Q4,1184000000.0,10000000.0,1174000000.0,0.9915540540540541,0.0,0.0,0.0,759000000.0,759000000.0,769000000.0,139000000.0,103000000.0,416000000,0.35135135135135137,313000000.0,0.2643581081081081,-1000000.0,19000000.0,0.016047297297297296,6000000.0,14000000.0,0.011824324324324325,0.11747,0.11747,119178082,119178082,https://www.sec.gov/Archives/edgar/data/787250/000120677404001595/0001206774-04-001595-index.htm,https://www.sec.gov/Archives/edgar/data/787250/000120677404001595/dpl908040.htm,1620591242,16:14:02,20210509
66,2003-09-30,DPL,USD,2003-11-06,2003-11-06 17:14:26,Q3,2000000.0,2000000.0,0.0,0.0,0.0,0.0,0.0,0.0,0.0,2000000.0,40000000.0,-34000000.0,79000000,39.5,113000000.0,56.5,-3000000.0,118000000.0,59.0,44000000.0,73000000.0,36.5,0.1194,0.1194,611390000,611390000,https://www.sec.gov/Archives/edgar/data/787250/000104746903036329/0001047469-03-036329-index.htm,https://www.sec.gov/Archives/edgar/data/787250/000104746903036329/a2121092z10-q.htm,1620591242,16:14:02,20210509
67,2003-06-30,DPL,USD,2003-08-05,2003-08-04 20:27:40,Q2,2000000.0,2000000.0,0.0,0.0,0.0,0.0,0.0,0.0,0.0,2000000.0,38000000.0,35000000.0,108000000,54.0,73000000.0,36.5,32000000.0,51000000.0,25.5,17000000.0,34000000.0,17.0,0.12,0.12,283333000,283333000,https://www.sec.gov/Archives/edgar/data/787250/000104746903026156/0001047469-03-026156-index.htm,https://www.sec.gov/Archives/edgar/data/787250/000104746903026156/a2115778z10-q.htm,1620591242,16:14:02,20210509
68,2003-03-31,DPL,USD,2003-05-01,2003-04-30 18:12:46,Q1,2000000.0,2000000.0,0.0,0.0,0.0,0.0,0.0,0.0,0.0,2000000.0,39000000.0,34000000.0,140000000,70.0,106000000.0,53.0,0.0,58000000.0,29.0,0.0,53000000.0,26.5,0.1198,0.1198,442404000,442404000,https://www.sec.gov/Archives/edgar/data/787250/000110465903007750/0001104659-03-007750-index.htm,https://www.sec.gov/Archives/edgar/data/787250/000110465903007750/j0084_10q.htm,1620591242,16:14:02,20210509
69,2002-12-31,DPL,USD,2003-02-20,2003-02-20 16:26:25,Q4,12000000.0,12000000.0,0.0,0.0,0.0,0.0,0.0,759000000.0,759000000.0,771000000.0,154000000.0,99000000.0,525000000,43.75,426000000.0,35.5,-4000000.0,87000000.0,7.25,0.0,87000000.0,7.25,0.73,0.73,119178082,119178082,https://www.sec.gov/Archives/edgar/data/787250/000120677403000067/0001206774-03-000067-index.htm,https://www.sec.gov/Archives/edgar/data/787250/000120677403000067/d11872.htm,1620591242,16:14:02,20210509
70,2002-09-30,DPL,USD,2002-10-31,2002-10-30 17:41:33,Q3,349000000.0,6000000.0,343000000.0,0.9828080229226361,0.0,0.0,0.0,198000000.0,198000000.0,192000000.0,-75000000.0,-31000000.0,-94000000,-0.2693409742120344,-63000000.0,-0.18051575931232092,5000000.0,136000000.0,0.38968481375358166,0.0,85000000.0,0.24355300859598855,0.71687,0.71687,118571428,118571428,https://www.sec.gov/Archives/edgar/data/787250/000091205702040358/0000912057-02-040358-index.htm,https://www.sec.gov/Archives/edgar/data/787250/000091205702040358/a2092294z10-q.htm,1620591242,16:14:02,20210509
