,date,symbol,reportedCurrency,fillingDate,acceptedDate,period,revenue,costOfRevenue,grossProfit,grossProfitRatio,researchAndDevelopmentExpenses,generalAndAdministrativeExpenses,sellingAndMarketingExpenses,otherExpenses,operatingExpenses,costAndExpenses,interestExpense,depreciationAndAmortization,ebitda,ebitdaratio,operatingIncome,operatingIncomeRatio,totalOtherIncomeExpensesNet,incomeBeforeTax,incomeBeforeTaxRatio,incomeTaxExpense,netIncome,netIncomeRatio,eps,epsdiluted,weightedAverageShsOut,weightedAverageShsOutDil,link,finalLink,timestamp,est_time,est_date
0,2020-12-31,V6C.DE,EUR,2020-12-31,2020-12-31,Q4,19855000.0,7729000.0,12126000.0,0.6107277763787459,0.0,0.0,0.0,247000.0,11283000.0,19012000.0,144000.0,1333000.0,2176000.0,0.10959456056408964,843000.0,0.04255854948375724,0.0,845000.0,0.04255854948375724,-1922000.0,2767000.0,0.13936036262906068,0.30897020799155295,0.30897020799155295,8955556.0,8955556.0,https://www.bundesanzeiger.de/pub/de/suche;wwwsid=627BFD7A56A5CB624C47FDDEAB2FC509.web07-pub?0,https://www.bundesanzeiger.de/pub/de/suche;wwwsid=627BFD7A56A5CB624C47FDDEAB2FC509.web07-pub?0,1620599405,18:30:05,20210509
1,2020-09-30,V6C.DE,EUR,2020-09-30,2020-09-30,Q3,12095000.0,5177000.0,6918000.0,0.5719718892104175,0.0,0.0,0.0,0.0,10009000.0,15186000.0,58000.0,1283000.0,-1808000.0,-0.14948325754443986,-3091000.0,-0.2555601488218272,0.0,-3149000.0,-0.26035551880942537,75000.0,-3224000.0,-0.2665564282761472,-0.36,-0.36,8955556.0,8955556.0,https://www.bundesanzeiger.de/pub/de/suche;wwwsid=627BFD7A56A5CB624C47FDDEAB2FC509.web07-pub?0,https://www.bundesanzeiger.de/pub/de/suche;wwwsid=627BFD7A56A5CB624C47FDDEAB2FC509.web07-pub?0,1620599405,18:30:05,20210509
2,2020-06-30,V6C.DE,EUR,2020-06-30,2020-06-30,Q2,13852000.0,6222000.0,7630000.0,0.5508229858504187,0.0,0.0,0.0,0.0,9039000.0,15261000.0,63000.0,1290000.0,-119000.0,-0.008590817210511118,-1409000.0,-0.10171816344210223,0.0,-1472000.0,-0.10626624314178458,-93000.0,-1379000.0,-0.09955241120415824,-0.16,-0.16,8618750.0,8618750.0,https://www.bundesanzeiger.de/pub/de/suche;wwwsid=627BFD7A56A5CB624C47FDDEAB2FC509.web07-pub?0,https://www.bundesanzeiger.de/pub/de/suche;wwwsid=627BFD7A56A5CB624C47FDDEAB2FC509.web07-pub?0,1620599405,18:30:05,20210509
3,2020-03-31,V6C.DE,EUR,2020-03-31,2020-03-31,Q1,15562000.0,6219000.0,9343000.0,0.6003727027374374,0.0,0.0,0.0,54000.0,11861000.0,18080000.0,60000.0,1300000.0,-1218000.0,-0.07826757486184295,-2518000.0,-0.16180439532193805,0.0,-2523000.0,-0.1621256907852461,55000.0,-2578000.0,-0.16565994088163474,-0.29,-0.29,8885060.0,8885060.0,https://www.bundesanzeiger.de/pub/de/suche;wwwsid=627BFD7A56A5CB624C47FDDEAB2FC509.web07-pub?0,https://www.bundesanzeiger.de/pub/de/suche;wwwsid=627BFD7A56A5CB624C47FDDEAB2FC509.web07-pub?0,1620599405,18:30:05,20210509
4,2019-12-31,V6C.DE,EUR,2019-12-31,2019-12-31,Q4,27811000.0,10798000.0,17013000.0,0.6117363633094819,0.0,0.0,0.0,36000.0,13716000.0,24514000.0,86000.0,1257000.0,4554000.0,0.16374815720398403,3297000.0,0.11855021394412282,0.0,3235000.0,0.11632088022724821,812000.0,2423000.0,0.08712379993527741,0.27055829922787594,0.27055829922787594,8955556.0,8955556.0,https://www.bundesanzeiger.de/pub/de/suche;wwwsid=627BFD7A56A5CB624C47FDDEAB2FC509.web07-pub?0,https://www.bundesanzeiger.de/pub/de/suche;wwwsid=627BFD7A56A5CB624C47FDDEAB2FC509.web07-pub?0,1620599405,18:30:05,20210509
5,2019-09-30,V6C.DE,EUR,2019-09-30,2019-09-30,Q3,18314000.0,6331000.0,11983000.0,0.6543081795347822,0.0,0.0,0.0,0.0,12895000.0,19226000.0,82000.0,1266000.0,354000.0,0.019329474718794364,-912000.0,-0.049797968767063445,0.0,-993000.0,-0.05422081467729606,-349000.0,-644000.0,-0.035164355138145684,-0.07,-0.07,9200000.0,9200000.0,https://www.bundesanzeiger.de/pub/de/suche;wwwsid=627BFD7A56A5CB624C47FDDEAB2FC509.web07-pub?0,https://www.bundesanzeiger.de/pub/de/suche;wwwsid=627BFD7A56A5CB624C47FDDEAB2FC509.web07-pub?0,1620599405,18:30:05,20210509
6,2019-06-30,V6C.DE,EUR,2019-06-30,2019-06-30,Q2,22680000.0,8549000.0,14131000.0,0.6230599647266314,0.0,0.0,0.0,0.0,12868000.0,21417000.0,75000.0,1246000.0,2509000.0,0.11062610229276897,1263000.0,0.05568783068783069,0.0,1345000.0,0.05930335097001763,164000.0,1181000.0,0.05207231040564374,0.13,0.13,8885060.0,8885060.0,https://www.bundesanzeiger.de/pub/de/suche;wwwsid=627BFD7A56A5CB624C47FDDEAB2FC509.web07-pub?0,https://www.bundesanzeiger.de/pub/de/suche;wwwsid=627BFD7A56A5CB624C47FDDEAB2FC509.web07-pub?0,1620599405,18:30:05,20210509
7,2019-03-31,V6C.DE,EUR,2019-03-31,2019-03-31,Q1,19516000.0,7112000.0,12404000.0,0.6355810616929699,0.0,0.0,0.0,199000.0,12255000.0,19367000.0,66000.0,1234000.0,1383000.0,0.07086493133838902,149000.0,0.007634761221561795,0.0,480000.0,0.02459520393523263,339000.0,141000.0,0.007224841155974585,0.02,0.02,8885060.0,8885060.0,https://www.bundesanzeiger.de/pub/de/suche;wwwsid=627BFD7A56A5CB624C47FDDEAB2FC509.web07-pub?0,https://www.bundesanzeiger.de/pub/de/suche;wwwsid=627BFD7A56A5CB624C47FDDEAB2FC509.web07-pub?0,1620599405,18:30:05,20210509
8,2018-12-31,V6C.DE,EUR,2018-12-31,2018-12-31,Q4,27753000.0,10679000.0,17074000.0,0.6152127697906533,0.0,0.0,0.0,0.0,14367000.0,25046000.0,34000.0,595000.0,3302000.0,0.11897812849061362,2707000.0,0.0975390047922747,0.0,4154000.0,0.14967751234100818,1596000.0,2558000.0,0.0921702158325226,0.28563274016710966,0.28563274016710966,8955556.0,8955556.0,https://www.bundesanzeiger.de/pub/de/suche;wwwsid=627BFD7A56A5CB624C47FDDEAB2FC509.web07-pub?0,https://www.bundesanzeiger.de/pub/de/suche;wwwsid=627BFD7A56A5CB624C47FDDEAB2FC509.web07-pub?0,1620599405,18:30:05,20210509
9,2018-09-30,V6C.DE,EUR,2018-09-30,2018-09-30,Q3,22140000.0,7778000.0,14362000.0,0.6486901535682024,0.0,0.0,0.0,0.0,12121000.0,19899000.0,38000.0,502000.0,2743000.0,0.12389340560072268,2241000.0,0.10121951219512196,0.0,2204000.0,0.0995483288166215,526000.0,1678000.0,0.07579042457091238,0.19,0.19,8831579.0,8831579.0,https://www.bundesanzeiger.de/pub/de/suche;wwwsid=627BFD7A56A5CB624C47FDDEAB2FC509.web07-pub?0,https://www.bundesanzeiger.de/pub/de/suche;wwwsid=627BFD7A56A5CB624C47FDDEAB2FC509.web07-pub?0,1620599405,18:30:05,20210509
10,2018-06-30,V6C.DE,EUR,2018-06-30,2018-06-30,Q2,26114000.0,9450000.0,16664000.0,0.6381251436011335,0.0,0.0,0.0,0.0,12315000.0,21765000.0,10000.0,455000.0,4804000.0,0.1839626254116566,4349000.0,0.16653902121467412,0.0,4345000.0,0.16638584667228307,1162000.0,3183000.0,0.1218886421076817,0.36,0.36,8885060.0,8885060.0,https://www.bundesanzeiger.de/pub/de/suche;wwwsid=627BFD7A56A5CB624C47FDDEAB2FC509.web07-pub?0,https://www.bundesanzeiger.de/pub/de/suche;wwwsid=627BFD7A56A5CB624C47FDDEAB2FC509.web07-pub?0,1620599405,18:30:05,20210509
11,2018-03-31,V6C.DE,EUR,2018-03-31,2018-03-31,Q1,16778000.0,4743000.0,12035000.0,0.7173083800214567,0.0,0.0,0.0,0.0,11782000.0,16525000.0,16000.0,424000.0,677000.0,0.04035045893431875,253000.0,0.015079270473238765,0.0,244000.0,0.014542853737036596,-151000.0,395000.0,0.023542734533317438,0.04,0.04,8885060.0,8885060.0,https://www.bundesanzeiger.de/pub/de/suche;wwwsid=627BFD7A56A5CB624C47FDDEAB2FC509.web07-pub?0,https://www.bundesanzeiger.de/pub/de/suche;wwwsid=627BFD7A56A5CB624C47FDDEAB2FC509.web07-pub?0,1620599405,18:30:05,20210509
12,2017-12-31,V6C.DE,EUR,2017-12-31,2017-12-31,Q4,24023000.0,7262000.0,16761000.0,0.6977063647337968,0.0,0.0,0.0,0.0,11792000.0,19054000.0,0.0,664000.0,5633000.0,0.23448361986429672,4969000.0,0.20684344170170255,0.0,4205000.0,0.17504058610498271,2146000.0,2059000.0,0.08570952836864672,0.22991313995468288,0.22991313995468288,8955556.0,8955556.0,https://www.bundesanzeiger.de/pub/de/suche;wwwsid=627BFD7A56A5CB624C47FDDEAB2FC509.web07-pub?0,https://www.bundesanzeiger.de/pub/de/suche;wwwsid=627BFD7A56A5CB624C47FDDEAB2FC509.web07-pub?0,1620599405,18:30:05,20210509
13,2017-09-30,V6C.DE,EUR,2017-09-30,2017-09-30,Q3,24624000.0,9294000.0,15330000.0,0.6225633528265108,0.0,0.0,0.0,0.0,11405000.0,20699000.0,1000.0,470000.0,4395000.0,0.17848440545808966,3925000.0,0.15939733593242364,0.0,3925000.0,0.15939733593242364,1033000.0,2892000.0,0.11744639376218323,0.3229280236760286,0.3229280236760286,8955556.0,8955556.0,https://www.bundesanzeiger.de/pub/de/suche;wwwsid=627BFD7A56A5CB624C47FDDEAB2FC509.web07-pub?0,https://www.bundesanzeiger.de/pub/de/suche;wwwsid=627BFD7A56A5CB624C47FDDEAB2FC509.web07-pub?0,1620599405,18:30:05,20210509
14,2017-06-30,V6C.DE,EUR,2017-06-30,2017-06-30,Q2,20353000.0,6476000.0,13877000.0,0.6818159485088193,0.0,0.0,0.0,0.0,10834000.0,17310000.0,0.0,483000.0,3526000.0,0.1732422738662605,3043000.0,0.14951112858055324,0.0,3043000.0,0.14951112858055324,801000.0,2242000.0,0.11015575099493932,0.2503473821167552,0.2503473821167552,8955556.0,8955556.0,https://www.bundesanzeiger.de/pub/de/suche;wwwsid=627BFD7A56A5CB624C47FDDEAB2FC509.web07-pub?0,https://www.bundesanzeiger.de/pub/de/suche;wwwsid=627BFD7A56A5CB624C47FDDEAB2FC509.web07-pub?0,1620599405,18:30:05,20210509
15,2017-03-31,V6C.DE,EUR,2017-03-31,2017-03-31,Q1,19542000.0,6598000.0,12944000.0,0.6623682325248184,0.0,0.0,0.0,0.0,10286000.0,16884000.0,0.0,451000.0,3109000.0,0.15909323508341008,2658000.0,0.13601473748848633,0.0,2658000.0,0.13601473748848633,778000.0,1880000.0,0.09620304984136731,0.21,0.21,8885060.0,8885060.0,https://www.bundesanzeiger.de/pub/de/suche;wwwsid=627BFD7A56A5CB624C47FDDEAB2FC509.web07-pub?0,https://www.bundesanzeiger.de/pub/de/suche;wwwsid=627BFD7A56A5CB624C47FDDEAB2FC509.web07-pub?0,1620599405,18:30:05,20210509
16,2016-12-31,V6C.DE,EUR,2016-12-31,2016-12-31,Q4,26470000.0,7726000.0,18744000.0,0.7081224027200604,0.0,0.0,0.0,0.0,12442000.0,20168000.0,59000.0,489000.0,6791000.0,0.25655459010200227,6302000.0,0.23808084624102757,0.0,6334000.0,0.239289761994711,1895000.0,4439000.0,0.16769928220627126,0.49566995058709923,0.49566995058709923,8955556.0,8955556.0,https://www.bundesanzeiger.de/pub/de/suche;wwwsid=627BFD7A56A5CB624C47FDDEAB2FC509.web07-pub?0,https://www.bundesanzeiger.de/pub/de/suche;wwwsid=627BFD7A56A5CB624C47FDDEAB2FC509.web07-pub?0,1620599405,18:30:05,20210509
17,2016-09-30,V6C.DE,EUR,2016-09-30,2016-09-30,Q3,19566000.0,7216000.0,12350000.0,0.6311969743432485,0.0,0.0,0.0,0.0,10241000.0,17457000.0,2000.0,437000.0,2546000.0,0.13012368394153123,2109000.0,0.10778902177246244,0.0,2132000.0,0.10896453030767658,123000.0,2009000.0,0.10267811509761832,0.22433001368089261,0.22433001368089261,8955556.0,8955556.0,https://www.bundesanzeiger.de/pub/de/suche;wwwsid=627BFD7A56A5CB624C47FDDEAB2FC509.web07-pub?0,https://www.bundesanzeiger.de/pub/de/suche;wwwsid=627BFD7A56A5CB624C47FDDEAB2FC509.web07-pub?0,1620599405,18:30:05,20210509
18,2016-06-30,V6C.DE,EUR,2016-06-30,2016-06-30,Q2,20085000.0,6782000.0,13303000.0,0.6623350759273089,0.0,0.0,0.0,0.0,10081000.0,16863000.0,0.0,432000.0,3654000.0,0.18192681105302463,3222000.0,0.1604182225541449,0.0,3222000.0,0.1604182225541449,1215000.0,2007000.0,0.09992531740104556,0.22410668862994101,0.22410668862994101,8955556.0,8955556.0,https://www.bundesanzeiger.de/pub/de/suche;wwwsid=627BFD7A56A5CB624C47FDDEAB2FC509.web07-pub?0,https://www.bundesanzeiger.de/pub/de/suche;wwwsid=627BFD7A56A5CB624C47FDDEAB2FC509.web07-pub?0,1620599405,18:30:05,20210509
19,2016-03-31,V6C.DE,EUR,2016-03-31,2016-03-31,Q1,11124000.0,3309000.0,7815000.0,0.7025350593311759,0.0,0.0,0.0,0.0,9036000.0,12345000.0,0.0,420000.0,-801000.0,-0.07200647249190939,-1221000.0,-0.10976267529665588,0.0,-1221000.0,-0.10976267529665588,105000.0,-1326000.0,-0.1192017259978425,-0.15,-0.15,8885060.0,8885060.0,https://www.bundesanzeiger.de/pub/de/suche;wwwsid=627BFD7A56A5CB624C47FDDEAB2FC509.web07-pub?0,https://www.bundesanzeiger.de/pub/de/suche;wwwsid=627BFD7A56A5CB624C47FDDEAB2FC509.web07-pub?0,1620599405,18:30:05,20210509
20,2015-12-31,V6C.DE,EUR,2015-12-31,2015-12-31,Q4,21913000.0,6623000.0,15290000.0,0.6977593209510337,0.0,0.0,0.0,0.0,11030000.0,17653000.0,765000.0,621000.0,4881000.0,0.22274448957239995,4260000.0,0.19440514762926117,0.0,4105000.0,0.18733172089627162,3777000.0,328000.0,0.014968283667229498,0.036625308356064104,0.036625308356064104,8955556.0,8955556.0,https://www.bundesanzeiger.de/pub/de/suche;wwwsid=627BFD7A56A5CB624C47FDDEAB2FC509.web07-pub?0,https://www.bundesanzeiger.de/pub/de/suche;wwwsid=627BFD7A56A5CB624C47FDDEAB2FC509.web07-pub?0,1620599405,18:30:05,20210509
21,2015-09-30,V6C.DE,EUR,2015-09-30,2015-09-30,Q3,17415000.0,5685000.0,11730000.0,0.673557278208441,0.0,0.0,0.0,0.0,9496000.0,15181000.0,0.0,396000.0,2630000.0,0.1510192362905541,2234000.0,0.12828021820269883,0.0,2235000.0,0.12833763996554695,647000.0,1588000.0,0.09118575940281366,0.17732009045557864,0.17732009045557864,8955556.0,8955556.0,https://www.bundesanzeiger.de/pub/de/suche;wwwsid=627BFD7A56A5CB624C47FDDEAB2FC509.web07-pub?0,https://www.bundesanzeiger.de/pub/de/suche;wwwsid=627BFD7A56A5CB624C47FDDEAB2FC509.web07-pub?0,1620599405,18:30:05,20210509
22,2015-06-30,V6C.DE,EUR,2015-06-30,2015-06-30,Q2,12866000.0,3842000.0,9024000.0,0.70138349137261,0.0,0.0,0.0,0.0,8484000.0,12326000.0,57000.0,410000.0,950000.0,0.07383802269547644,540000.0,0.04197108658479714,0.0,489000.0,0.0380071506295663,658000.0,-169000.0,-0.01313539561635318,-0.018870966805411078,-0.018870966805411078,8955556.0,8955556.0,https://www.bundesanzeiger.de/pub/de/suche;wwwsid=627BFD7A56A5CB624C47FDDEAB2FC509.web07-pub?0,https://www.bundesanzeiger.de/pub/de/suche;wwwsid=627BFD7A56A5CB624C47FDDEAB2FC509.web07-pub?0,1620599405,18:30:05,20210509
23,2015-03-31,V6C.DE,EUR,2015-03-31,2015-03-31,Q1,17195000.0,6052000.0,11143000.0,0.6480372201221285,0.0,0.0,0.0,0.0,8629000.0,14681000.0,1000.0,349000.0,2863000.0,0.16650189008432684,2514000.0,0.14620529223611514,0.0,2523000.0,0.14672870020354753,741000.0,1782000.0,0.10363477755161384,0.2,0.2,8885060.0,8885060.0,https://www.bundesanzeiger.de/pub/de/suche;wwwsid=627BFD7A56A5CB624C47FDDEAB2FC509.web07-pub?0,https://www.bundesanzeiger.de/pub/de/suche;wwwsid=627BFD7A56A5CB624C47FDDEAB2FC509.web07-pub?0,1620599405,18:30:05,20210509
24,2014-12-31,V6C.DE,EUR,2014-12-31,2014-12-31,Q4,20487000.0,0.0,0.0,0.0,0.0,0.0,0.0,0.0,0.0,0.0,0.0,0.0,-32150000.0,-1.569287841069947,-33017000.0,-1.6116073607653634,0.0,0.0,0.0,0.0,2740000.0,0.133743349441109,0.3059553198037062,0.3059553198037062,8955556.0,8955556.0,https://www.bundesanzeiger.de/pub/de/suche;wwwsid=627BFD7A56A5CB624C47FDDEAB2FC509.web07-pub?0,https://www.bundesanzeiger.de/pub/de/suche;wwwsid=627BFD7A56A5CB624C47FDDEAB2FC509.web07-pub?0,1620599405,18:30:05,20210509
25,2014-09-30,V6C.DE,EUR,2014-09-30,2014-09-30,Q3,15454000.0,0.0,0.0,0.0,0.0,0.0,0.0,0.0,0.0,0.0,0.0,0.0,39215000.0,2.537530736378931,39348000.0,2.546136922479617,0.0,0.0,0.0,0.0,2243000.0,0.14514041672059014,0.250459044642231,0.250459044642231,8955556.0,8955556.0,https://www.bundesanzeiger.de/pub/de/suche;wwwsid=627BFD7A56A5CB624C47FDDEAB2FC509.web07-pub?0,https://www.bundesanzeiger.de/pub/de/suche;wwwsid=627BFD7A56A5CB624C47FDDEAB2FC509.web07-pub?0,1620599405,18:30:05,20210509
26,2014-06-30,V6C.DE,EUR,2014-06-30,2014-06-30,Q2,15382000.0,0.0,0.0,0.0,0.0,0.0,0.0,0.0,0.0,0.0,0.0,0.0,-8379000.0,-0.5447276036926277,-8512000.0,-0.5533740735925107,0.0,0.0,0.0,0.0,1039000.0,0.06754648290209335,0.11601736396936159,0.11601736396936159,8955556.0,8955556.0,https://www.bundesanzeiger.de/pub/de/suche;wwwsid=627BFD7A56A5CB624C47FDDEAB2FC509.web07-pub?0,https://www.bundesanzeiger.de/pub/de/suche;wwwsid=627BFD7A56A5CB624C47FDDEAB2FC509.web07-pub?0,1620599405,18:30:05,20210509
27,2014-03-31,V6C.DE,EUR,2014-03-31,2014-03-31,Q1,10931000.0,0.0,0.0,0.0,0.0,0.0,0.0,0.0,0.0,0.0,0.0,0.0,10931000.0,1.0,10931000.0,1.0,0.0,0.0,0.0,0.0,663000.0,0.060653188180404355,0.07,0.07,9471429.0,9471429.0,https://www.bundesanzeiger.de/pub/de/suche;wwwsid=627BFD7A56A5CB624C47FDDEAB2FC509.web07-pub?0,https://www.bundesanzeiger.de/pub/de/suche;wwwsid=627BFD7A56A5CB624C47FDDEAB2FC509.web07-pub?0,1620599405,18:30:05,20210509
28,2013-12-31,V6C.DE,EUR,2013-12-31,2013-12-31,Q4,14002000.0,0.0,0.0,0.0,0.0,0.0,0.0,0.0,0.0,0.0,0.0,0.0,-28643000.0,-2.0456363376660476,-28947000.0,-2.0673475217826023,0.0,0.0,0.0,0.0,1032000.0,0.07370375660619911,0.11523572629103096,0.11523572629103096,8955556.0,8955556.0,https://www.bundesanzeiger.de/pub/de/suche;wwwsid=627BFD7A56A5CB624C47FDDEAB2FC509.web07-pub?0,https://www.bundesanzeiger.de/pub/de/suche;wwwsid=627BFD7A56A5CB624C47FDDEAB2FC509.web07-pub?0,1620599405,18:30:05,20210509
29,2013-09-30,V6C.DE,EUR,2013-09-30,2013-09-30,Q3,11641000.0,0.0,0.0,0.0,0.0,0.0,0.0,0.0,0.0,0.0,0.0,0.0,32484000.0,2.7904819173610513,32772000.0,2.8152220599604845,0.0,0.0,0.0,0.0,1298000.0,0.11150244824327807,0.14493795806759513,0.14493795806759513,8955556.0,8955556.0,https://www.bundesanzeiger.de/pub/de/suche;wwwsid=627BFD7A56A5CB624C47FDDEAB2FC509.web07-pub?0,https://www.bundesanzeiger.de/pub/de/suche;wwwsid=627BFD7A56A5CB624C47FDDEAB2FC509.web07-pub?0,1620599405,18:30:05,20210509
30,2013-06-30,V6C.DE,EUR,2013-06-30,2013-06-30,Q2,13617000.0,0.0,0.0,0.0,0.0,0.0,0.0,0.0,0.0,0.0,0.0,0.0,-7226000.0,-0.530660204156569,-7514000.0,-0.5518102372034956,0.0,0.0,0.0,0.0,1596000.0,0.11720643313505177,0.17821339065938507,0.17821339065938507,8955556.0,8955556.0,https://www.bundesanzeiger.de/pub/de/suche;wwwsid=627BFD7A56A5CB624C47FDDEAB2FC509.web07-pub?0,https://www.bundesanzeiger.de/pub/de/suche;wwwsid=627BFD7A56A5CB624C47FDDEAB2FC509.web07-pub?0,1620599405,18:30:05,20210509
31,2013-03-31,V6C.DE,EUR,2013-03-31,2013-03-31,Q1,10560000.0,0.0,0.0,0.0,0.0,0.0,0.0,0.0,0.0,0.0,0.0,0.0,10560000.0,1.0,10560000.0,1.0,0.0,0.0,0.0,0.0,797000.0,0.07547348484848485,0.09,0.09,8855556.0,8855556.0,https://www.bundesanzeiger.de/pub/de/suche;wwwsid=627BFD7A56A5CB624C47FDDEAB2FC509.web07-pub?0,https://www.bundesanzeiger.de/pub/de/suche;wwwsid=627BFD7A56A5CB624C47FDDEAB2FC509.web07-pub?0,1620599405,18:30:05,20210509
32,2012-12-31,V6C.DE,EUR,2012-12-31,2012-12-31,Q4,14098000.0,13359000.0,739000.0,0.05241878280607178,0.0,0.0,0.0,0.0,0.0,41147000.0,0.0,0.0,-26256000.0,-1.8623918286281742,-27049000.0,-1.9186409419775854,0.0,3493000.0,0.2477656405163853,1098000.0,2395000.0,0.16988225280181585,0.2674317485145534,0.2674317485145534,8955556.0,8955556.0,https://www.bundesanzeiger.de/pub/de/suche;wwwsid=627BFD7A56A5CB624C47FDDEAB2FC509.web07-pub?0,https://www.bundesanzeiger.de/pub/de/suche;wwwsid=627BFD7A56A5CB624C47FDDEAB2FC509.web07-pub?0,1620599405,18:30:05,20210509
33,2012-09-30,V6C.DE,EUR,2012-09-30,2012-09-30,Q3,11540000.0,-6729000.0,18269000.0,1.5831022530329288,0.0,0.0,0.0,0.0,0.0,-20371000.0,0.0,0.0,31727000.0,2.7493067590987867,31911000.0,2.76525129982669,0.0,1978000.0,0.17140381282495668,640000.0,1338000.0,0.11594454072790294,0.14940445908662733,0.14940445908662733,8955556.0,8955556.0,https://www.bundesanzeiger.de/pub/de/suche;wwwsid=627BFD7A56A5CB624C47FDDEAB2FC509.web07-pub?0,https://www.bundesanzeiger.de/pub/de/suche;wwwsid=627BFD7A56A5CB624C47FDDEAB2FC509.web07-pub?0,1620599405,18:30:05,20210509
34,2012-06-30,V6C.DE,EUR,2012-06-30,2012-06-30,Q2,10658000.0,6729000.0,3929000.0,0.36864327265903546,0.0,0.0,0.0,0.0,0.0,20371000.0,0.0,0.0,-9529000.0,-0.8940701820228936,-9713000.0,-0.911334209044849,0.0,1580000.0,0.14824544942765996,428000.0,1152000.0,0.10808782135485082,0.12863522934812757,0.12863522934812757,8955556.0,8955556.0,https://www.bundesanzeiger.de/pub/de/suche;wwwsid=627BFD7A56A5CB624C47FDDEAB2FC509.web07-pub?0,https://www.bundesanzeiger.de/pub/de/suche;wwwsid=627BFD7A56A5CB624C47FDDEAB2FC509.web07-pub?0,1620599405,18:30:05,20210509
35,2012-03-31,V6C.DE,EUR,2012-03-31,2012-03-31,Q1,13741000.0,0.0,13741000.0,1.0,0.0,0.0,0.0,0.0,0.0,0.0,0.0,0.0,13741000.0,1.0,13741000.0,1.0,0.0,2615000.0,0.19030638235936248,862000.0,1753000.0,0.12757441234262426,0.2,0.2,8765000.0,8765000.0,https://www.bundesanzeiger.de/pub/de/suche;wwwsid=627BFD7A56A5CB624C47FDDEAB2FC509.web07-pub?0,https://www.bundesanzeiger.de/pub/de/suche;wwwsid=627BFD7A56A5CB624C47FDDEAB2FC509.web07-pub?0,1620599405,18:30:05,20210509
36,2011-12-31,V6C.DE,EUR,2011-12-31,2011-12-31,Q4,14148000.0,0.0,0.0,0.0,0.0,0.0,0.0,0.0,-3780000.0,10826000.0,0.0,0.0,3944000.0,0.27876731693525586,3322000.0,0.2348035057958722,0.0,3530000.0,0.24950523042126097,1434000.0,2096000.0,0.14814814814814814,0.23404465339728767,0.23404465339728767,8955556.0,8955556.0,https://www.bundesanzeiger.de/pub/de/suche;wwwsid=627BFD7A56A5CB624C47FDDEAB2FC509.web07-pub?0,https://www.bundesanzeiger.de/pub/de/suche;wwwsid=627BFD7A56A5CB624C47FDDEAB2FC509.web07-pub?0,1620599405,18:30:05,20210509
37,2011-09-30,V6C.DE,EUR,2011-09-30,2011-09-30,Q3,12498000.0,0.0,0.0,0.0,0.0,0.0,0.0,0.0,16804000.0,9432000.0,0.0,0.0,2810000.0,0.22483597375580092,3066000.0,0.24531925108017283,0.0,3226000.0,0.2581212994079053,1241000.0,1985000.0,0.15882541206593054,0.2216501130694733,0.2216501130694733,8955556.0,8955556.0,https://www.bundesanzeiger.de/pub/de/suche;wwwsid=627BFD7A56A5CB624C47FDDEAB2FC509.web07-pub?0,https://www.bundesanzeiger.de/pub/de/suche;wwwsid=627BFD7A56A5CB624C47FDDEAB2FC509.web07-pub?0,1620599405,18:30:05,20210509
38,2011-06-30,V6C.DE,EUR,2011-06-30,2011-06-30,Q2,13678000.0,0.0,0.0,0.0,0.0,0.0,0.0,0.0,3595000.0,10967000.0,0.0,0.0,2967000.0,0.2169176780231028,2711000.0,0.19820149144611784,0.0,2727000.0,0.1993712531071794,340000.0,2387000.0,0.1745138178096213,0.26653844831074697,0.26653844831074697,8955556.0,8955556.0,https://www.bundesanzeiger.de/pub/de/suche;wwwsid=627BFD7A56A5CB624C47FDDEAB2FC509.web07-pub?0,https://www.bundesanzeiger.de/pub/de/suche;wwwsid=627BFD7A56A5CB624C47FDDEAB2FC509.web07-pub?0,1620599405,18:30:05,20210509
39,2011-03-31,V6C.DE,EUR,2011-03-31,2011-03-31,Q1,13175000.0,0.0,0.0,0.0,0.0,0.0,0.0,0.0,10260000.0,10260000.0,0.0,0.0,2915000.0,0.22125237191650854,2915000.0,0.22125237191650854,0.0,3141000.0,0.23840607210626186,1113000.0,2028000.0,0.15392789373814042,0.22,0.22,9218182.0,9218182.0,https://www.bundesanzeiger.de/pub/de/suche;wwwsid=627BFD7A56A5CB624C47FDDEAB2FC509.web07-pub?0,https://www.bundesanzeiger.de/pub/de/suche;wwwsid=627BFD7A56A5CB624C47FDDEAB2FC509.web07-pub?0,1620599405,18:30:05,20210509
40,2010-12-31,V6C.DE,EUR,2010-12-31,2010-12-31,Q4,17049000.0,0.0,0.0,0.0,0.0,0.0,0.0,0.0,3267000.0,12670000.0,0.0,0.0,4772000.0,0.27989911431755526,4379000.0,0.2568479089682679,0.0,4426000.0,0.2596046688955364,-3125000.0,7551000.0,0.44289987682562026,0.843163729867805,0.843163729867805,8955556.0,8955556.0,https://www.bundesanzeiger.de/pub/de/suche;wwwsid=627BFD7A56A5CB624C47FDDEAB2FC509.web07-pub?0,https://www.bundesanzeiger.de/pub/de/suche;wwwsid=627BFD7A56A5CB624C47FDDEAB2FC509.web07-pub?0,1620599405,18:30:05,20210509
41,2010-09-30,V6C.DE,EUR,2010-09-30,2010-09-30,Q3,10131000.0,0.0,0.0,0.0,0.0,0.0,0.0,0.0,9935000.0,8293000.0,0.0,0.0,1643000.0,0.16217550093771593,1838000.0,0.18142335406179055,0.0,1946000.0,0.19208370348435494,86000.0,1860000.0,0.18359490672194256,0.20769229738499764,0.20769229738499764,8955556.0,8955556.0,https://www.bundesanzeiger.de/pub/de/suche;wwwsid=627BFD7A56A5CB624C47FDDEAB2FC509.web07-pub?0,https://www.bundesanzeiger.de/pub/de/suche;wwwsid=627BFD7A56A5CB624C47FDDEAB2FC509.web07-pub?0,1620599405,18:30:05,20210509
42,2010-06-30,V6C.DE,EUR,2010-06-30,2010-06-30,Q2,7742000.0,0.0,0.0,0.0,0.0,0.0,0.0,0.0,3616000.0,5258000.0,0.0,0.0,2679000.0,0.3460346163781968,2484000.0,0.3208473262722811,0.0,2585000.0,0.33389305089124255,105000.0,2480000.0,0.3203306639111341,0.2769230631799969,0.2769230631799969,8955556.0,8955556.0,https://www.bundesanzeiger.de/pub/de/suche;wwwsid=627BFD7A56A5CB624C47FDDEAB2FC509.web07-pub?0,https://www.bundesanzeiger.de/pub/de/suche;wwwsid=627BFD7A56A5CB624C47FDDEAB2FC509.web07-pub?0,1620599405,18:30:05,20210509
43,2010-03-31,V6C.DE,EUR,2010-03-31,2010-03-31,Q1,5102000.0,0.0,0.0,0.0,0.0,0.0,0.0,0.0,6671000.0,6671000.0,0.0,0.0,-1569000.0,-0.3075264602116817,-1569000.0,-0.3075264602116817,0.0,-1482000.0,-0.29047432379459037,-114000.0,-1368000.0,-0.26813014504116034,-0.15,-0.15,9120000.0,9120000.0,https://www.bundesanzeiger.de/pub/de/suche;wwwsid=627BFD7A56A5CB624C47FDDEAB2FC509.web07-pub?0,https://www.bundesanzeiger.de/pub/de/suche;wwwsid=627BFD7A56A5CB624C47FDDEAB2FC509.web07-pub?0,1620599405,18:30:05,20210509
44,2009-12-31,V6C.DE,EUR,2009-12-31,2009-12-31,Q4,7274000.0,0.0,0.0,0.0,0.0,0.0,0.0,0.0,865000.0,12180000.0,0.0,0.0,-4149000.0,-0.5703876821556227,-4906000.0,-0.6744569700302447,0.0,-4668000.0,-0.6417376959032169,555000.0,-5223000.0,-0.7180368435523783,-0.5832133705601305,-0.5832133705601305,8955556.0,8955556.0,https://www.bundesanzeiger.de/pub/de/suche;wwwsid=627BFD7A56A5CB624C47FDDEAB2FC509.web07-pub?0,https://www.bundesanzeiger.de/pub/de/suche;wwwsid=627BFD7A56A5CB624C47FDDEAB2FC509.web07-pub?0,1620599405,18:30:05,20210509
45,2009-09-30,V6C.DE,EUR,2009-09-30,2009-09-30,Q3,3844000.0,0.0,0.0,0.0,0.0,0.0,0.0,0.0,11049000.0,6032000.0,0.0,0.0,-2496000.0,-0.6493236212278877,-2188000.0,-0.5691987513007284,0.0,-2116000.0,-0.5504682622268471,188000.0,-2304000.0,-0.5993756503642039,-0.25727045869625514,-0.25727045869625514,8955556.0,8955556.0,https://www.bundesanzeiger.de/pub/de/suche;wwwsid=627BFD7A56A5CB624C47FDDEAB2FC509.web07-pub?0,https://www.bundesanzeiger.de/pub/de/suche;wwwsid=627BFD7A56A5CB624C47FDDEAB2FC509.web07-pub?0,1620599405,18:30:05,20210509
