,date,symbol,reportedCurrency,fillingDate,acceptedDate,period,revenue,costOfRevenue,grossProfit,grossProfitRatio,researchAndDevelopmentExpenses,generalAndAdministrativeExpenses,sellingAndMarketingExpenses,otherExpenses,operatingExpenses,costAndExpenses,interestExpense,depreciationAndAmortization,ebitda,ebitdaratio,operatingIncome,operatingIncomeRatio,totalOtherIncomeExpensesNet,incomeBeforeTax,incomeBeforeTaxRatio,incomeTaxExpense,netIncome,netIncomeRatio,eps,epsdiluted,weightedAverageShsOut,weightedAverageShsOutDil,link,finalLink,timestamp,est_time,est_date
0,2020-12-31,BANT,USD,2021-02-17,2021-02-17 15:25:11,Q1,747008.0,280200.0,466808.0,0.6249036154900617,0.0,788306.0,0.0,0.0,790764.0,1070964.0,401021.0,2458.0,-321498.0,-0.4303809330020562,-323956.0,-0.4336713930774503,745523.0,20546.0,0.02750439084989719,0.0,20546.0,0.02750439084989719,3e-05,7e-06,695513142.0,3057948912.0,https://www.sec.gov/Archives/edgar/data/1704795/000121390021010061/0001213900-21-010061-index.htm,https://www.sec.gov/Archives/edgar/data/1704795/000121390021010061/f10q1220_bantecinc.htm,1620589125,15:38:45,20210509
1,2020-09-30,BANT,USD,2021-01-12,2021-01-12 15:24:55,Q4,831863.0,551520.0,280343.0,0.33700621376356443,0.0,766220.0,0.0,-25.0,768993.0,1320512.0,-1169732.0,2772.0,8349.149000000001,0.010036687531480546,5577.149,0.006704408057576789,1318.092,8064.973,0.009695073587838382,0.0,-591.663,-0.0007112505304359011,-0.011501305859880375,-0.011501305859880375,51443115.0,51443115.0,https://www.sec.gov/Archives/edgar/data/1704795/000121390021001662/0001213900-21-001662-index.htm,https://www.sec.gov/Archives/edgar/data/1704795/000121390021001662/f10k2020_bantecinc.htm,1620589125,15:38:45,20210509
2,2020-06-30,BANT,USD,2020-08-14,2020-08-14 14:10:33,Q3,1144893.0,831922.0,312971.0,0.273362663585156,0.0,615596.0,0.0,2.772,618368.0,1450290.0,434615.0,2772.0,-302625.0,-0.2643260112517065,-305397.0,-0.26674719820978904,-1475580.0,-2215592.0,-1.9351956907763432,0.0,-2215592.0,-1.9351956907763432,-0.043,-0.043,51443115.0,51443115.0,https://www.sec.gov/Archives/edgar/data/1704795/000121390020022186/0001213900-20-022186-index.htm,https://www.sec.gov/Archives/edgar/data/1704795/000121390020022186/f10q0620_bantecinc.htm,1620589125,15:38:45,20210509
3,2020-03-31,BANT,USD,2020-06-26 00:00:00,2020-06-26 15:09:44,Q2,1056347.0,778464.0,277883.0,0.2630603390741868,0.0,736870.0,0.0,0.0,739642.0,1518106.0,392461.0,2772.0,-458987.0,-0.43450400294600167,-461759.0,-0.43712814065832534,0.0,-854220.0,-0.808654731825811,0.0,-854220.0,-0.808654731825811,-0.22,-0.22,3940276.0,3940276.0,https://www.sec.gov/Archives/edgar/data/1704795/000121390020015931/0001213900-20-015931-index.html,https://www.sec.gov/Archives/edgar/data/1704795/000121390020015931/f10q0320_bantecinc.htm,1620589125,15:38:45,20210509
4,2019-12-31,BANT,USD,2020-02-06 00:00:00,2020-02-06 15:34:54,Q1,1422083.0,1189532.0,232551.0,0.16352842977519597,0.0,711454.0,0.0,11113.0,714226.0,1903758.0,342656.0,2772.0,-478903.0,-0.33676163768218875,-481675.0,-0.33871089099581386,157488.0,-666843.0,-0.46891988723583644,0.0,-666843.0,-0.46891988723583644,-0.2,-0.2,3390082.0,3390082.0,https://www.sec.gov/Archives/edgar/data/1704795/000121390020002774/0001213900-20-002774-index.html,https://www.sec.gov/Archives/edgar/data/1704795/000121390020002774/f10k2019_bantecinc.htm,1620589125,15:38:45,20210509
5,2019-09-30,BANT,USD,2020-02-06,2020-02-06,Q4,1698066.0,1446204.0,251862.0,0.14832285670874984,0.0,680768.0,0.0,0.0,749953.0,2196157.0,346808.0,69185.0,-428906.0,-0.2525849996407678,-498091.0,-0.29332841008535593,-2537701.0,-3382600.0,-1.9920309340155211,0.0,-3382600.0,-1.9920309340155211,-0.9977929737392783,-0.9977929737392783,3390082.0,3390082.0,https://www.sec.gov/Archives/edgar/data/1704795/000121390020002774/0001213900-20-002774-index.htm,https://www.sec.gov/Archives/edgar/data/1704795/000121390020002774/f10k2019_bantecinc.htm,1620589125,15:38:45,20210509
6,2019-06-30,BANT,USD,2019-08-14 00:00:00,2019-08-14 17:22:53,Q3,2176773.0,1995511.0,181262.0,0.0832709703767917,0.0,657883.0,0.0,0.0,727283.0,2722794.0,277746.0,69401.0,-476620.0,-0.21895714436002284,-546021.0,-0.2508396603596241,-826380.0,-1650147.0,-0.7580703178512412,0.0,-1650147.0,-0.7580703178512412,-0.7,-0.7,2269954.0,2269954.0,https://www.sec.gov/Archives/edgar/data/1704795/000121390019015888/0001213900-19-015888-index.html,https://www.sec.gov/Archives/edgar/data/1704795/000121390019015888/f10q0619_bantekinc.htm,1620589125,15:38:45,20210509
7,2019-03-31,BANT,USD,2019-05-15 00:00:00,2019-05-15 13:45:28,Q2,2659917.0,2372555.0,287362.0,0.10803419805956352,0.0,811703.0,0.0,0.0,881080.0,3253635.0,437668.0,69375.0,-524343.0,-0.19712757954477528,-593718.0,-0.22320922043808133,14516.0,-1016870.0,-0.3822938836061426,0.0,-1016870.0,-0.3822938836061426,-0.7,-0.7,1408994.0,1408994.0,https://www.sec.gov/Archives/edgar/data/1704795/000121390019008747/0001213900-19-008747-index.html,https://www.sec.gov/Archives/edgar/data/1704795/000121390019008747/f10q0319_bantekinc.htm,1620589125,15:38:45,20210509
8,2018-12-31,BANT,USD,2019-02-14 00:00:00,2019-02-14 17:23:02,Q1,3752458.0,3377539.0,374919.0,0.09991291041765157,0.0,868938.0,0.0,12.0,937252.0,4314791.0,465052.0,68315.0,-494018.0,-0.13165183994064691,-562333.0,-0.14985724024093008,-38157.0,-1065542.0,-0.28395840806212885,0.0,-1065542.0,-0.28395840806212885,-1.13,-1.13,945641.0,945641.0,https://www.sec.gov/Archives/edgar/data/1704795/000121390019002627/0001213900-19-002627-index.html,https://www.sec.gov/Archives/edgar/data/1704795/000121390019002627/f10q1218_bantekinc.htm,1620589125,15:38:45,20210509
9,2018-09-30,BANT,USD,2018-12-31 00:00:00,2018-12-31 17:10:53,Q4,5402911.0,4911810.0,491101.0,0.09089563015196808,0.0,1375365.0,0.0,-14206.0,1451273.0,6363083.0,630390.0,75908.0,-884264.0,-0.16366436537636841,-960172.0,-0.17771382871196656,-392002.0,-1982564.0,-0.36694367166144326,0.0,-1982564.0,-0.36694367166144326,-2.096529232552311,-2.096529232552311,945641.0,945641.0,https://www.sec.gov/Archives/edgar/data/1704795/000121390018018073/0001213900-18-018073-index.html,https://www.sec.gov/Archives/edgar/data/1704795/000121390018018073/f10k2018_bantekinc.htm,1620589125,15:38:45,20210509
10,2018-06-30,BANT,USD,2018-08-14 00:00:00,2018-08-14 10:28:32,Q3,3951254.0,3772882.0,178372.0,0.04514313683706489,0.0,557317.0,0.0,10452.0,623566.0,4396448.0,493531.0,66249.0,-378945.0,-0.09590499623663779,-445194.0,-0.11267157211356192,168428.0,-770495.0,-0.19500011894957905,0.0,-770495.0,-0.19500011894957905,-10.0,-10.0,60685.0,60685.0,https://www.sec.gov/Archives/edgar/data/1704795/000121390018010903/0001213900-18-010903-index.html,https://www.sec.gov/Archives/edgar/data/1704795/000121390018010903/f10q0618_droneusainc.htm,1620589125,15:38:45,20210509
11,2018-03-31,BANT,USD,2018-05-15 00:00:00,2018-05-15 15:25:37,Q2,4602343.0,3946076.0,656267.0,0.14259410913093615,0.0,650032.0,0.0,0.0,716280.0,4662356.0,1690086.0,297560.0,237547.0,0.05161436251057342,-60013.0,-0.013039662624015637,28864.0,-1721235.0,-0.3739910302209114,0.0,-1721235.0,-0.3739910302209114,-40.0,-40.0,43945.0,43945.0,https://www.sec.gov/Archives/edgar/data/1704795/000121390018006299/0001213900-18-006299-index.html,https://www.sec.gov/Archives/edgar/data/1704795/000121390018006299/f10q0318_droneusainc.htm,1620589125,15:38:45,20210509
12,2017-12-31,BANT,USD,2018-02-14 00:00:00,2018-02-14 17:19:07,Q1,4433060.0,4141893.0,291167.0,0.06568081641123738,0.0,820762.0,0.0,66250.0,887012.0,5028905.0,720076.0,280672.0,-315173.0,-0.0710960375000564,-595845.0,-0.1344094147157945,-704728.0,-1300573.0,-0.29338041894312283,0.0,-1300573.0,-0.29338041894312283,-0.03016,-0.03016,43121105.0,43121105.0,https://www.sec.gov/Archives/edgar/data/1704795/000121390018001888/0001213900-18-001888-index.html,https://www.sec.gov/Archives/edgar/data/1704795/000121390018001888/f10q1217_droneusainc.htm,1620589125,15:38:45,20210509
13,2017-09-30,BANT,USD,2017-12-29 00:00:00,2017-12-29 17:29:37,Q4,6279987.0,5701905.0,578082.0,0.09205146443774485,0.0,1350567.0,0.0,66249.0,1416816.0,7118721.0,0.0,250659.0,-588075.0,-0.0936427097699406,-838734.0,-0.1335566458975154,0.0,-1272860.0,-0.20268513294693125,0.0,-1272860.0,-0.20268513294693125,-0.02989,-0.02989,42590735.0,42590735.0,https://www.sec.gov/Archives/edgar/data/1704795/000114420417065943/0001144204-17-065943-index.html,https://www.sec.gov/Archives/edgar/data/1704795/000114420417065943/tv482181_10k.htm,1620589125,15:38:45,20210509
14,2017-06-30,BANT,USD,2017-08-14 00:00:00,2017-08-14 16:37:28,Q3,18309774.0,17261326.0,1048448.0,0.05726165707998362,0.0,5595992.0,0.0,198748.0,5794740.0,23056066.0,0.0,751978.0,-3994314.0,-0.21815200995927092,-4746292.0,-0.2592217686575487,0.0,-6554023.0,-0.35795215167593003,50.0,-6554073.0,-0.35795488245786106,-0.15447,-0.15447,42429216.0,42429216.0,https://www.sec.gov/Archives/edgar/data/1704795/000114420417043209/0001144204-17-043209-index.html,https://www.sec.gov/Archives/edgar/data/1704795/000114420417043209/v473182_10q.htm,1620589125,15:38:45,20210509
