,date,symbol,reportedCurrency,fillingDate,acceptedDate,period,revenue,costOfRevenue,grossProfit,grossProfitRatio,researchAndDevelopmentExpenses,generalAndAdministrativeExpenses,sellingAndMarketingExpenses,otherExpenses,operatingExpenses,costAndExpenses,interestExpense,depreciationAndAmortization,ebitda,ebitdaratio,operatingIncome,operatingIncomeRatio,totalOtherIncomeExpensesNet,incomeBeforeTax,incomeBeforeTaxRatio,incomeTaxExpense,netIncome,netIncomeRatio,eps,epsdiluted,weightedAverageShsOut,weightedAverageShsOutDil,link,finalLink,timestamp,est_time,est_date
0,2020-12-31,SDPI,USD,2021-03-16,2021-03-16 17:28:16,Q4,1541205.0,1502959.0,38246.0,0.024815647496601687,0.0,1483338.0,0.0,0.0,1483338.0,2986297.0,125096.0,681998.0,-763094.0,-0.49512816270385834,-1445092.0,-0.9376377574689935,923600.0,-646560.0,-0.41951589827440217,8582.0,-655142.0,-0.42508426847823616,-0.025636381088802902,-0.025636381088802902,25555167,25555167,https://www.sec.gov/Archives/edgar/data/1600422/000149315221006143/0001493152-21-006143-index.htm,https://www.sec.gov/Archives/edgar/data/1600422/000149315221006143/form10-k.htm,1620597716,18:01:56,20210509
1,2020-09-30,SDPI,USD,2020-11-09,2020-11-06 17:50:40,Q3,1547442.0,1563914.0,-16472.0,-0.010644663903396702,0.0,1529887.0,0.0,41403.0,1529887.0,3093801.0,126482.0,693259.0,-853100.0,-0.5512969145208674,-1546359.0,-0.999300135320096,41403.0,-1631293.0,-1.054186845128929,99979.0,-1731272.0,-1.1187960518067883,-0.07,-0.07,25555167,25555167,https://www.sec.gov/Archives/edgar/data/1600422/000149315220020721/0001493152-20-020721-index.htm,https://www.sec.gov/Archives/edgar/data/1600422/000149315220020721/form10q.htm,1620597716,18:01:56,20210509
2,2020-06-30,SDPI,USD,2020-08-11,2020-08-11 16:41:05,Q2,2024388.0,1779928.0,244460.0,0.12075748324925854,0.0,1340213.0,0.0,0.0,1340213.0,3120141.0,146470.0,680375.0,-415378.0,-0.20518695032770398,-1095753.0,-0.5412761782820289,0.0,-1241281.0,-0.6131635832656586,225.0,-1241506.0,-0.6132747279671683,-0.05,-0.05,25434593,25434593,https://www.sec.gov/Archives/edgar/data/1600422/000149315220015259/0001493152-20-015259-index.htm,https://www.sec.gov/Archives/edgar/data/1600422/000149315220015259/form10-q.htm,1620597716,18:01:56,20210509
3,2020-03-31,SDPI,USD,2020-05-11 00:00:00,2020-05-08 18:13:04,Q1,5357763.0,3075272.0,2282491.0,0.426015671092581,0.0,2017899.0,0.0,0.0,2017899.0,5093171.0,177258.0,760764.0,1025356.0,0.19137763279189468,264592.0,0.04938478988338976,112234.0,204256.0,0.03812337350494974,6210.0,198046.0,0.036964307678409816,0.01,0.01,25418126,25418126,https://www.sec.gov/Archives/edgar/data/1600422/000149315220008123/0001493152-20-008123-index.html,https://www.sec.gov/Archives/edgar/data/1600422/000149315220008123/form10q.htm,1620597716,18:01:56,20210509
4,2019-12-31,SDPI,USD,2020-03-18 00:00:00,2020-03-18 16:55:01,Q4,4341011.0,2811450.0,1529561.0,0.3523513301394537,0.0,1900627.0,0.0,678148.0,1900627.0,4712077.0,173949.0,748333.0,377267.0,0.08690763511080714,-371066.0,-0.08547916602837449,679648.0,143185.0,0.032984251825208456,18550.0,124635.0,0.028711053715367228,0.00494,0.00494,25231845,25231845,https://www.sec.gov/Archives/edgar/data/1600422/000149315220004258/0001493152-20-004258-index.html,https://www.sec.gov/Archives/edgar/data/1600422/000149315220004258/form10-k.htm,1620597716,18:01:56,20210509
5,2019-09-30,SDPI,USD,2019-11-07 00:00:00,2019-11-07 17:26:49,Q3,5076215.0,2801358.0,2274857.0,0.4481403959446162,0.0,2501970.0,0.0,0.0,2501970.0,5303328.0,196582.0,738555.0,511442.0,0.10075262769602943,-227113.0,-0.044740618748417865,-6143.0,-417758.0,-0.08229714462448892,0.0,-417758.0,-0.08229714462448892,-0.02,-0.02,25074466,25074466,https://www.sec.gov/Archives/edgar/data/1600422/000149315219016656/0001493152-19-016656-index.html,https://www.sec.gov/Archives/edgar/data/1600422/000149315219016656/form10-q.htm,1620597716,18:01:56,20210509
6,2019-06-30,SDPI,USD,2019-08-19 00:00:00,2019-08-19 17:30:16,Q2,4543442.0,2944008.0,1599434.0,0.3520313453984886,0.0,1816195.0,0.0,0.0,1816195.0,4760203.0,216241.0,930410.0,713649.0,0.15707232534276877,-216761.0,-0.04770854343469114,14147.0,-397424.0,-0.08747200910675211,0.0,-397424.0,-0.08747200910675211,-0.02,-0.02,25034580,25034580,https://www.sec.gov/Archives/edgar/data/1600422/000149315219013082/0001493152-19-013082-index.html,https://www.sec.gov/Archives/edgar/data/1600422/000149315219013082/form10-q.htm,1620597716,18:01:56,20210509
7,2019-03-31,SDPI,USD,2019-05-09 00:00:00,2019-05-09 17:01:44,Q1,5036346.0,3054133.0,1982213.0,0.3935815768019115,0.0,2069040.0,0.0,0.0,2069040.0,5123173.0,177982.0,1011105.0,924278.0,0.18352154518375027,-86827.0,-0.017240078421935267,0.0,-141423.0,-0.0280804773937295,0.0,-141423.0,-0.0280804773937295,-0.01,-0.01,25018098,25018098,https://www.sec.gov/Archives/edgar/data/1600422/000149315219006706/0001493152-19-006706-index.html,https://www.sec.gov/Archives/edgar/data/1600422/000149315219006706/form10-q.htm,1620597716,18:01:56,20210509
8,2018-12-31,SDPI,USD,2019-03-13 00:00:00,2019-03-13 15:17:14,Q4,3480635.0,2610003.0,870632.0,0.2501359665693185,0.0,2115951.0,0.0,0.0,2115951.0,4725954.0,220988.0,940048.0,-305271.0,-0.08770554798190561,-1245319.0,-0.35778500187465795,-14013.0,-1353261.0,-0.38879715913906515,3640.0,-1356901.0,-0.3898429453246319,-0.05,-0.05,24820600,24820600,https://www.sec.gov/Archives/edgar/data/1600422/000149315219003250/0001493152-19-003250-index.html,https://www.sec.gov/Archives/edgar/data/1600422/000149315219003250/form10-k.htm,1620597716,18:01:56,20210509
9,2018-09-30,SDPI,USD,2018-11-09 00:00:00,2018-11-09 15:31:21,Q3,4765361.0,2608247.0,2157114.0,0.4526653909326072,0.0,1866833.0,0.0,0.0,1866833.0,4475080.0,178642.0,942472.0,1232753.0,0.258690369942592,290281.0,0.060914797430876695,0.0,225194.0,0.04725644080270099,0.0,225194.0,0.04725644080270099,0.009175655782481617,0.008949607242062526,24542551,25162445,https://www.sec.gov/Archives/edgar/data/1600422/000149315218015560/0001493152-18-015560-index.html,https://www.sec.gov/Archives/edgar/data/1600422/000149315218015560/form10-q.htm,1620597716,18:01:56,20210509
10,2018-06-30,SDPI,USD,2018-08-02 00:00:00,2018-08-02 06:31:26,Q2,5398923.0,2884354.0,2514569.0,0.46575381793739234,0.0,1426985.0,0.0,0.0,1426985.0,4311339.0,182497.0,941684.0,2029268.0,0.37586533462322025,1087584.0,0.20144462145505687,0.0,1004798.0,0.186110822473297,0.0,1004798.0,0.186110822473297,0.04095339931620567,0.03996735621498201,24535155,25140467,https://www.sec.gov/Archives/edgar/data/1600422/000149315218010819/0001493152-18-010819-index.html,https://www.sec.gov/Archives/edgar/data/1600422/000149315218010819/form10q.htm,1620597716,18:01:56,20210509
11,2018-03-31,SDPI,USD,2018-05-11 00:00:00,2018-05-11 15:28:37,Q1,4600293.0,2734971.0,1865322.0,0.4054789553621911,0.0,1697663.0,0.0,0.0,1697663.0,4432634.0,191553.0,936027.0,1103686.0,0.23991645749520737,167659.0,0.03644528728930962,0.0,68534.0,0.014897746730479994,0.0,68534.0,0.014897746730479994,0.002793,0.002726,24535155,25140646,https://www.sec.gov/Archives/edgar/data/1600422/000149315218006641/0001493152-18-006641-index.html,https://www.sec.gov/Archives/edgar/data/1600422/000149315218006641/form10-q.htm,1620597716,18:01:56,20210509
12,2017-12-31,SDPI,USD,2018-03-23 00:00:00,2018-03-22 20:16:40,Q4,3730011.0,2502729.0,1227282.0,0.3290290564826753,0.0,1897097.0,0.0,0.0,1897097.0,4399826.0,207352.0,931366.0,261551.0,0.07012070473786806,-669815.0,-0.1795745374477448,0.0,-785568.0,-0.21060742180116895,0.0,-785568.0,-0.21060742180116895,-0.03,-0.03,24416577,24416577,https://www.sec.gov/Archives/edgar/data/1600422/000149315218003774/0001493152-18-003774-index.html,https://www.sec.gov/Archives/edgar/data/1600422/000149315218003774/form10-k.htm,1620597716,18:01:56,20210509
13,2017-09-30,SDPI,USD,2017-11-09 00:00:00,2017-11-09 12:11:24,Q3,4446540.0,2624577.0,1821963.0,0.4097484785923437,0.0,1102373.0,0.0,0.0,1102373.0,3726950.0,224510.0,907837.0,1627427.0,0.365998506704089,719590.0,0.161831446472988,0.0,586039.0,0.1317966328875935,0.0,586039.0,0.1317966328875935,0.02,0.02,24261272,24261272,https://www.sec.gov/Archives/edgar/data/1600422/000149315217012656/0001493152-17-012656-index.html,https://www.sec.gov/Archives/edgar/data/1600422/000149315217012656/form10-q.htm,1620597716,18:01:56,20210509
14,2017-06-30,SDPI,USD,2017-08-11 00:00:00,2017-08-11 15:12:24,Q2,4049497.0,2390756.0,1658741.0,0.409616552376752,0.0,1237335.0,0.0,0.0,1237335.0,3628091.0,215103.0,899373.0,1320779.0,0.3261587797200492,421406.0,0.1040637886631352,17995.0,306807.0,0.07576422454443107,0.0,306807.0,0.07576422454443107,0.01,0.01,24197148,24197148,https://www.sec.gov/Archives/edgar/data/1600422/000149315217008955/0001493152-17-008955-index.html,https://www.sec.gov/Archives/edgar/data/1600422/000149315217008955/form10-q.htm,1620597716,18:01:56,20210509
15,2017-03-31,SDPI,USD,2017-05-15 00:00:00,2017-05-15 12:32:48,Q1,3369612.0,2118755.0,1250857.0,0.37121692349148805,0.0,1497517.0,0.0,43669.0,1497517.0,3616272.0,259025.0,938022.0,691362.0,0.20517555136911905,-246660.0,-0.07320130626315434,37841.0,-385985.0,-0.11454879671606108,0.0,-385985.0,-0.11454879671606108,-0.02,-0.02,24196299,24196299,https://www.sec.gov/Archives/edgar/data/1600422/000149315217005278/0001493152-17-005278-index.html,https://www.sec.gov/Archives/edgar/data/1600422/000149315217005278/form10-q.htm,1620597716,18:01:56,20210509
16,2016-12-31,SDPI,USD,2017-03-31 00:00:00,2017-03-31 16:39:58,Q4,2332658.0,2078729.0,253929.0,0.10885822096509647,0.0,1626624.0,0.0,78277.0,1626624.0,3705353.0,511802.0,912034.0,-460661.0,-0.19748330016659107,-1372695.0,-0.5884681766465552,-808246.0,-2614165.0,-1.1206807856102352,0.0,-2614165.0,-1.1206807856102352,-0.10997164012937469,-0.10882711630715534,23771265,24021265,https://www.sec.gov/Archives/edgar/data/1600422/000149315217003236/0001493152-17-003236-index.html,https://www.sec.gov/Archives/edgar/data/1600422/000149315217003236/form10-k.htm,1620597716,18:01:56,20210509
17,2016-09-30,SDPI,USD,2016-11-15 00:00:00,2016-11-14 20:23:10,Q3,2261310.0,1904650.0,356660.0,0.15772273593624933,0.0,1319686.0,0.0,49975.0,1319686.0,3224336.0,373335.0,932248.0,-30778.0,-0.013610694685823705,-963026.0,-0.42587084477581577,82279.0,-1175432.0,-0.5198013540823682,-2000.0,-1173432.0,-0.5189169109940698,-0.07,-0.07,17891786,17891786,https://www.sec.gov/Archives/edgar/data/1600422/000114420416134499/0001144204-16-134499-index.html,https://www.sec.gov/Archives/edgar/data/1600422/000114420416134499/v452105_10q.htm,1620597716,18:01:56,20210509
18,2016-06-30,SDPI,USD,2016-06-30,2016-06-30,Q2,1114469.0,2532070.0,-1417601.0,-1.2719967984753278,0.0,1538824.0,0.0,52225.0,1538824.0,4070894.0,377063.0,1200087.0,-1756338.0,-1.5759415470506581,-2956425.0,-2.6527655771492973,156824.0,-3098712.0,-2.7804380382047413,0.0,-3098712.0,-2.7804380382047413,-0.18,-0.18,17464443,17464443,,,1620597716,18:01:56,20210509
19,2016-03-31,SDPI,USD,2016-05-16 00:00:00,2016-05-16 15:50:54,Q1,1444626.0,2255038.0,-810412.0,-0.5609839501711862,0.0,1290606.0,0.0,56726.0,1290606.0,3545644.0,363468.0,1246880.0,-854138.0,-0.5912519918650225,-2101018.0,-1.454368120191662,143578.0,-2242540.0,-1.5523325760439035,0.0,-2242540.0,-1.5523325760439035,-0.13,-0.13,17459605,17459605,https://www.sec.gov/Archives/edgar/data/1600422/000114420416102513/0001144204-16-102513-index.html,https://www.sec.gov/Archives/edgar/data/1600422/000114420416102513/v439349_10q.htm,1620597716,18:01:56,20210509
20,2015-12-31,SDPI,USD,2016-03-30 00:00:00,2016-03-30 17:23:31,Q4,2732663.0,2884829.0,-152166.0,-0.05568414400165699,0.0,1307222.0,0.0,54475.0,1307222.0,4192051.0,359612.0,1292520.0,-166868.0,-0.061064243926162866,-1459388.0,-0.53405341236735,-7747718.0,-9492672.0,-3.473780704023877,-256189.0,-9236483.0,-3.380030029315726,-0.53,-0.53,17434922,17434922,https://www.sec.gov/Archives/edgar/data/1600422/000114420416091624/0001144204-16-091624-index.html,https://www.sec.gov/Archives/edgar/data/1600422/000114420416091624/v433488_10k.htm,1620597716,18:01:56,20210509
21,2015-09-30,SDPI,USD,2015-11-13 00:00:00,2015-11-13 14:32:59,Q3,3017720.0,2742520.0,275200.0,0.09119467677584402,0.0,1866791.0,0.0,56726.0,1866791.0,4609311.0,421341.0,1207327.0,-384264.0,-0.12733586946436382,-1591591.0,-0.5274150683297324,46524.0,-1893090.0,-0.6273246026801691,47223.0,-1940313.0,-0.6429731717985764,-0.11,-0.11,17432274,17432274,https://www.sec.gov/Archives/edgar/data/1600422/000114420415065225/0001144204-15-065225-index.html,https://www.sec.gov/Archives/edgar/data/1600422/000114420415065225/v423882_10q.htm,1620597716,18:01:56,20210509
22,2015-06-30,SDPI,USD,2015-08-14 00:00:00,2015-08-14 09:51:28,Q2,2881372.0,2755222.0,126150.0,0.04378122644351372,0.0,1780649.0,0.0,57026.0,1780649.0,4535871.0,467252.0,1170205.0,-484294.0,-0.1680775686027351,-1654499.0,-0.5742052744317637,29360.0,-2019098.0,-0.7007418688041669,216599.0,-2235697.0,-0.7759140437263915,-0.13,-0.13,17291646,17291646,https://www.sec.gov/Archives/edgar/data/1600422/000114420415049363/0001144204-15-049363-index.html,https://www.sec.gov/Archives/edgar/data/1600422/000114420415049363/v417358_10q.htm,1620597716,18:01:56,20210509
23,2015-03-31,SDPI,USD,2015-05-15 00:00:00,2015-05-15 08:05:30,Q1,4074617.0,3069926.0,1004691.0,0.24657311349753855,0.0,2057380.0,0.0,72060.0,2057380.0,5127306.0,560426.0,1148496.0,95807.0,0.023513130191132076,-1052689.0,-0.2583528709569513,16840.0,-1523000.0,-0.37377746178352467,-479912.0,-1043088.0,-0.25599657587449326,-0.06,-0.06,17291646,17291646,https://www.sec.gov/Archives/edgar/data/1600422/000114420415031004/0001144204-15-031004-index.html,https://www.sec.gov/Archives/edgar/data/1600422/000114420415031004/v409570_10q.htm,1620597716,18:01:56,20210509
24,2014-12-31,SDPI,USD,2014-12-31,2014-12-31,Q4,6087012.0,3721345.0,2365667.0,0.3886417506651868,0.0,2377988.0,0.0,94722.0,2377988.0,6099333.0,616133.0,1107040.0,1094719.0,0.17984505369793916,-12321.0,-0.002024145837070799,325611.0,-227842.0,-0.037430844558873876,-77944.0,-149898.0,-0.02462587555273425,-0.01,-0.01,17291646,17291646,,,1620597716,18:01:56,20210509
25,2014-09-30,SDPI,USD,2014-11-14 00:00:00,2014-11-14 09:48:33,Q3,5750739.0,2971554.0,2779185.0,0.4832744104714194,0.0,3145149.0,0.0,101348.0,3145149.0,6116703.0,696686.0,1089789.0,723825.0,0.1258664321228976,-365964.0,-0.06363773421120311,-196122.0,-1183530.0,-0.20580485395007495,-525822.0,-657708.0,-0.11436930105852483,-0.04,-0.04,17291646,17291646,https://www.sec.gov/Archives/edgar/data/1600422/000114420414068231/0001144204-14-068231-index.html,https://www.sec.gov/Archives/edgar/data/1600422/000114420414068231/v393210_10q.htm,1620597716,18:01:56,20210509
