,date,symbol,reportedCurrency,fillingDate,acceptedDate,period,revenue,costOfRevenue,grossProfit,grossProfitRatio,researchAndDevelopmentExpenses,generalAndAdministrativeExpenses,sellingAndMarketingExpenses,otherExpenses,operatingExpenses,costAndExpenses,interestExpense,depreciationAndAmortization,ebitda,ebitdaratio,operatingIncome,operatingIncomeRatio,totalOtherIncomeExpensesNet,incomeBeforeTax,incomeBeforeTaxRatio,incomeTaxExpense,netIncome,netIncomeRatio,eps,epsdiluted,weightedAverageShsOut,weightedAverageShsOutDil,link,finalLink,timestamp,est_time,est_date
0,2020-12-31,NAII,USD,2021-02-09,2021-02-09 16:15:49,Q2,48083000.0,38409000.0,9674000.0,0.2011937691075848,0.0,0.0,0.0,-806000.0,4282000.0,42691000.0,49000.0,2148000.0,7540000.0,0.15681217894058191,5392000.0,0.11213942557660711,-806.0,4586000.0,0.09537674437951044,954.0,3632000.0,0.07553605224299649,0.5659001824996926,0.5612752817271207,6418093.0,6470978.0,https://www.sec.gov/Archives/edgar/data/787253/000143774921002328/0001437749-21-002328-index.htm,https://www.sec.gov/Archives/edgar/data/787253/000143774921002328/naii20201231_10q.htm,1620595497,17:24:57,20210509
1,2020-09-30,NAII,USD,2020-11-10,2020-11-10 16:17:07,Q1,39726000.0,33721000.0,6005000.0,0.15116044907617177,0.0,0.0,0.0,-10000.0,3920000.0,37641000.0,46000.0,963000.0,3048000.0,0.07672557015556562,2085000.0,0.05248451895484066,-275000.0,1764000.0,0.044404168554599006,-494000.0,2258000.0,0.056839349544379,0.3518178998029477,0.3489426173292507,6418093.0,6470978.0,https://www.sec.gov/Archives/edgar/data/787253/000143774920023378/0001437749-20-023378-index.htm,https://www.sec.gov/Archives/edgar/data/787253/000143774920023378/naii20200930_10q.htm,1620595497,17:24:57,20210509
2,2020-06-30,NAII,USD,2020-09-21,2020-09-21 16:28:16,Q4,35096000.0,28564000.0,6532000.0,0.18611807613403236,0.0,0.0,0.0,-8000.0,4461000.0,33025000.0,0.0,984000.0,3055000.0,0.08704695691816731,2071000.0,0.05900957374059722,-184000.0,1837000.0,0.052342147253248233,39000.0,1798000.0,0.051230909505356734,0.280145519860806,0.280145519860806,6418093.0,6418093.0,https://www.sec.gov/Archives/edgar/data/787253/000143774920019951/0001437749-20-019951-index.htm,https://www.sec.gov/Archives/edgar/data/787253/000143774920019951/naii20200630_10k.htm,1620595497,17:24:57,20210509
3,2020-03-31,NAII,USD,2020-05-14,2020-05-14 16:17:17,Q3,25482000.0,22588000.0,2894000.0,0.11357036339376815,0.0,0.0,0.0,1000.0,7117000.0,29705000.0,0.0,1009000.0,-3214000.0,-0.12612824739031472,-4223000.0,-0.16572482536692568,-90000.0,-4271000.0,-0.16760850796640767,-256000.0,-4015000.0,-0.1575622007691704,-0.61,-0.61,6564765.0,6564765.0,https://www.sec.gov/Archives/edgar/data/787253/000143774920010761/0001437749-20-010761-index.htm,https://www.sec.gov/Archives/edgar/data/787253/000143774920010761/naii20200331_10q.htm,1620595497,17:24:57,20210509
4,2019-12-31,NAII,USD,2020-02-11 00:00:00,2020-02-11 16:16:25,Q2,29103000.0,24042000.0,5061000.0,0.17389959797958973,0.0,0.0,0.0,-5000.0,4363000.0,28405000.0,7000.0,994000.0,1692000.0,0.058138336253994435,698000.0,0.023983781740714017,-167000.0,574000.0,0.019723052606260522,98000.0,476000.0,0.016355702161289214,0.07004873537751044,0.06912642497009121,6795269.0,6885934.0,https://www.sec.gov/Archives/edgar/data/787253/000143774920002308/0001437749-20-002308-index.html,https://www.sec.gov/Archives/edgar/data/787253/000143774920002308/naii20191231_10q.htm,1620595497,17:24:57,20210509
5,2019-09-30,NAII,USD,2019-11-14 00:00:00,2019-11-14 16:21:43,Q1,29195000.0,24811000.0,4384000.0,0.15016269909231034,0.0,0.0,0.0,-7000.0,4439000.0,29250000.0,4000.0,972000.0,917000.0,0.03140948792601473,-55000.0,-0.001883884226751156,102000.0,122000.0,0.0041787977393389275,26000.0,96000.0,0.003288234286692927,0.014032541756678356,0.013743291913532933,6841241.0,6985226.0,https://www.sec.gov/Archives/edgar/data/787253/000143774919022926/0001437749-19-022926-index.html,https://www.sec.gov/Archives/edgar/data/787253/000143774919022926/naii20190930_10q.htm,1620595497,17:24:57,20210509
6,2019-06-30,NAII,USD,2019-09-24 00:00:00,2019-09-24 16:16:30,Q4,30260000.0,26611000.0,3649000.0,0.12058823529411765,0.0,0.0,0.0,6000.0,4454000.0,31065000.0,6000.0,936000.0,131000.0,0.004329147389292796,-805000.0,-0.02660277594183741,-37000.0,-475000.0,-0.01569729015201586,-282000.0,-193000.0,-0.006378056840713814,-0.028211255823322113,-0.028211255823322113,6841241.0,6841241.0,https://www.sec.gov/Archives/edgar/data/787253/000143774919018974/0001437749-19-018974-index.html,https://www.sec.gov/Archives/edgar/data/787253/000143774919018974/naii20190630_10k.htm,1620595497,17:24:57,20210509
7,2019-03-31,NAII,USD,2019-05-09 00:00:00,2019-05-09 16:16:23,Q3,35455000.0,29128000.0,6327000.0,0.17845155831335496,0.0,0.0,0.0,-10000.0,4492000.0,33620000.0,11000.0,932000.0,2767000.0,0.0780425891975744,1835000.0,0.05175574672119588,222000.0,2457000.0,0.06929911154985192,463000.0,1994000.0,0.05624030461147934,0.29,0.27,6800375.0,7394600.0,https://www.sec.gov/Archives/edgar/data/787253/000143774919009308/0001437749-19-009308-index.html,https://www.sec.gov/Archives/edgar/data/787253/000143774919009308/naii20190331_10q.htm,1620595497,17:24:57,20210509
8,2018-12-31,NAII,USD,2019-02-12 00:00:00,2019-02-12 16:15:51,Q2,36043000.0,29607000.0,6436000.0,0.1785644924118414,0.0,0.0,0.0,-14000.0,4229000.0,33836000.0,9000.0,805000.0,3012000.0,0.08356685070610105,2207000.0,0.06123241683544655,23000.0,2750000.0,0.0762977554587576,569000.0,2181000.0,0.06051105623838193,0.32,0.31,6807979.0,6999223.0,https://www.sec.gov/Archives/edgar/data/787253/000143774919002336/0001437749-19-002336-index.html,https://www.sec.gov/Archives/edgar/data/787253/000143774919002336/naii20181231_10q.htm,1620595497,17:24:57,20210509
9,2018-09-30,NAII,USD,2018-11-13 00:00:00,2018-11-13 16:17:53,Q1,36532000.0,29369000.0,7163000.0,0.19607467425818462,0.0,0.0,0.0,23000.0,4439000.0,33808000.0,3000.0,792000.0,3516000.0,0.09624438848133143,2724000.0,0.07456476513741378,-55000.0,3221000.0,0.08816927625095806,662000.0,2559000.0,0.07004817694076426,0.38,0.37,6764962.0,6964942.0,https://www.sec.gov/Archives/edgar/data/787253/000143774918020576/0001437749-18-020576-index.html,https://www.sec.gov/Archives/edgar/data/787253/000143774918020576/naii20180930_10q.htm,1620595497,17:24:57,20210509
10,2018-06-30,NAII,USD,2018-09-19 00:00:00,2018-09-19 16:16:31,Q4,39213000.0,32595000.0,6618000.0,0.16877056078341365,0.0,0.0,0.0,4000.0,3772000.0,36367000.0,3000.0,686000.0,3532000.0,0.09007216994364114,2846000.0,0.07257797159105399,435000.0,3540000.0,0.09027618391859843,656000.0,2884000.0,0.07354703797210109,0.426314294152724,0.426314294152724,6764962.0,6764962.0,https://www.sec.gov/Archives/edgar/data/787253/000143774918017202/0001437749-18-017202-index.html,https://www.sec.gov/Archives/edgar/data/787253/000143774918017202/naii20180630_10k.htm,1620595497,17:24:57,20210509
11,2018-03-31,NAII,USD,2018-05-14 00:00:00,2018-05-14 16:29:03,Q3,31815000.0,25105000.0,6710000.0,0.21090680496621092,0.0,0.0,0.0,-5000.0,4187000.0,29292000.0,6000.0,743000.0,3266000.0,0.10265597988370266,2523000.0,0.0793022159358793,-187000.0,2599000.0,0.08169102624548169,548000.0,2051000.0,0.06446644664466447,0.31,0.3,6639098.0,6909475.0,https://www.sec.gov/Archives/edgar/data/787253/000143774918009776/0001437749-18-009776-index.html,https://www.sec.gov/Archives/edgar/data/787253/000143774918009776/naii20180331_10q.htm,1620595497,17:24:57,20210509
12,2017-12-31,NAII,USD,2018-02-13 00:00:00,2018-02-13 16:16:25,Q2,33335000.0,26713000.0,6622000.0,0.19865006749662517,0.0,0.0,0.0,-14000.0,4341000.0,31054000.0,0.0,762000.0,3043000.0,0.09128543572821358,2281000.0,0.06842657867106644,-102000.0,2483000.0,0.07448627568621569,3801000.0,-1318000.0,-0.039538023098845056,-0.2,-0.2,6615355.0,6615355.0,https://www.sec.gov/Archives/edgar/data/787253/000143774918002367/0001437749-18-002367-index.html,https://www.sec.gov/Archives/edgar/data/787253/000143774918002367/naii20171231_10q.htm,1620595497,17:24:57,20210509
13,2017-09-30,NAII,USD,2017-11-13 00:00:00,2017-11-13 16:17:28,Q1,28074000.0,21704000.0,6370000.0,0.2269003348293795,0.0,0.0,0.0,1000.0,4487000.0,26191000.0,0.0,717000.0,2600000.0,0.09261238156301203,1883000.0,0.06707273633967371,-142000.0,1991000.0,0.07091971218921422,557000.0,1434000.0,0.05107929044667664,0.22,0.21,6606518.0,6831230.0,https://www.sec.gov/Archives/edgar/data/787253/000143774917019132/0001437749-17-019132-index.html,https://www.sec.gov/Archives/edgar/data/787253/000143774917019132/naii20170930_10q.htm,1620595497,17:24:57,20210509
14,2017-06-30,NAII,USD,2017-09-18 00:00:00,2017-09-18 16:35:32,Q4,32185000.0,25263000.0,6922000.0,0.2150691315830356,0.0,0.0,0.0,2000.0,4862000.0,30125000.0,2000.0,673000.0,2733000.0,0.08491533322976542,2060000.0,0.06400497125990368,-184000.0,1975000.0,0.061363989436072706,441000.0,1534000.0,0.047661954326549634,0.23219493233803343,0.23219493233803343,6606518.0,6606518.0,https://www.sec.gov/Archives/edgar/data/787253/000143774917016018/0001437749-17-016018-index.html,https://www.sec.gov/Archives/edgar/data/787253/000143774917016018/naii20170630_10k.htm,1620595497,17:24:57,20210509
15,2017-03-31,NAII,USD,2017-05-15 00:00:00,2017-05-15 08:31:48,Q3,25135000.0,20017000.0,5118000.0,0.20362044957230954,0.0,0.0,0.0,-6000.0,4125000.0,24142000.0,1000.0,652000.0,1645000.0,0.0654465884225184,993000.0,0.03950666401432266,-51000.0,1050000.0,0.041774418142033025,305000.0,745000.0,0.029639944300775812,0.11319380968124623,0.11264062123192553,6581632.0,6613955.0,https://www.sec.gov/Archives/edgar/data/787253/000143774917009068/0001437749-17-009068-index.html,https://www.sec.gov/Archives/edgar/data/787253/000143774917009068/naii20170331_10q.htm,1620595497,17:24:57,20210509
16,2016-12-31,NAII,USD,2017-02-14 00:00:00,2017-02-14 16:15:42,Q2,30559000.0,24064000.0,6495000.0,0.21253967734546286,0.0,0.0,0.0,-8000.0,3382000.0,27446000.0,0.0,601000.0,3714000.0,0.12153539055597369,3113000.0,0.10186851663994241,254000.0,3500000.0,0.11453254360417553,1034000.0,2466000.0,0.0806963578651134,0.38,0.37,6567468.0,6683356.0,https://www.sec.gov/Archives/edgar/data/787253/000143774917002425/0001437749-17-002425-index.html,https://www.sec.gov/Archives/edgar/data/787253/000143774917002425/naii20161231_10q.htm,1620595497,17:24:57,20210509
17,2016-09-30,NAII,USD,2016-11-07 00:00:00,2016-11-07 16:18:03,Q1,34067000.0,26398000.0,7669000.0,0.22511521413684799,0.0,0.0,0.0,-7000.0,4133000.0,30531000.0,0.0,458000.0,3994000.0,0.11723955734288315,3536000.0,0.1037954618839346,-66000.0,3586000.0,0.10526315789473684,1096000.0,2490000.0,0.07309126133795169,0.38,0.37,6558395.0,6646963.0,https://www.sec.gov/Archives/edgar/data/787253/000143774916041271/0001437749-16-041271-index.html,https://www.sec.gov/Archives/edgar/data/787253/000143774916041271/naii20160930_10q.htm,1620595497,17:24:57,20210509
18,2016-06-30,NAII,USD,2016-09-19,2016-09-19 16:19:32,Q4,35699000.0,27300000.0,8399000.0,0.23527269671419368,0.0,0.0,0.0,5000.0,3709000.0,31009000.0,1000.0,408000.0,5098000.0,0.1428051205916132,4690000.0,0.13137622902602314,-179000.0,4563000.0,0.1278187064063419,1121000.0,3442000.0,0.09641726659010057,0.5248235277076175,0.5248235277076175,6558395.0,6558395.0,https://www.sec.gov/Archives/edgar/data/787253/000143774916038893/naii20160531_10k.htm,https://www.sec.gov/Archives/edgar/data/787253/000143774916038893/naii20160531_10k.htm,1620595497,17:24:57,20210509
19,2016-03-31,NAII,USD,2016-05-10 00:00:00,2016-05-10 16:19:51,Q3,30006000.0,23549000.0,6457000.0,0.21519029527427846,0.0,0.0,0.0,1611000.0,3352000.0,26901000.0,2000.0,420000.0,3525000.0,0.1174765046990602,3105000.0,0.10347930413917217,1474000.0,4607000.0,0.15353595947477172,1584000.0,3023000.0,0.10074651736319402,0.4642981878701292,0.46064221417897266,6510902.0,6562577.0,https://www.sec.gov/Archives/edgar/data/787253/000143774916031438/0001437749-16-031438-index.html,https://www.sec.gov/Archives/edgar/data/787253/000143774916031438/naii20160217_10q.htm,1620595497,17:24:57,20210509
20,2015-12-31,NAII,USD,2016-02-09 00:00:00,2016-02-09 16:18:12,Q2,26911000.0,21242000.0,5669000.0,0.21065735201218833,0.0,0.0,0.0,-2000.0,2934000.0,24176000.0,2000.0,466000.0,3201000.0,0.11894764222808517,2735000.0,0.10163130318457136,-98000.0,2660000.0,0.0988443387462376,792000.0,1868000.0,0.06941399427743301,0.29,0.28,6509893.0,6628752.0,https://www.sec.gov/Archives/edgar/data/787253/000143774916025033/0001437749-16-025033-index.html,https://www.sec.gov/Archives/edgar/data/787253/000143774916025033/naii20151119_10q.htm,1620595497,17:24:57,20210509
21,2015-09-30,NAII,USD,2015-11-12 00:00:00,2015-11-12 16:17:21,Q1,21585000.0,16852000.0,4733000.0,0.21927264303914756,0.0,0.0,0.0,-8000.0,3005000.0,19857000.0,1000.0,478000.0,2206000.0,0.10220060227009498,1728000.0,0.08005559416261293,-16000.0,1742000.0,0.0807041927264304,529000.0,1213000.0,0.056196432707899,0.19,0.18,6520667.0,6695319.0,https://www.sec.gov/Archives/edgar/data/787253/000143774915020636/0001437749-15-020636-index.html,https://www.sec.gov/Archives/edgar/data/787253/000143774915020636/naii20150930_10q.htm,1620595497,17:24:57,20210509
22,2015-06-30,NAII,USD,2015-09-18 00:00:00,2015-09-18 15:11:43,Q4,22582000.0,18689000.0,3893000.0,0.17239394207776104,0.0,0.0,0.0,20000.0,2723000.0,21412000.0,3000.0,593000.0,1763000.0,0.07807103002391286,1170000.0,0.051811177043663094,-5000.0,1176000.0,0.052076875387476754,186000.0,990000.0,0.04384022672925339,0.15182495901109502,0.15182495901109502,6520667.0,6520667.0,https://www.sec.gov/Archives/edgar/data/787253/000143774915017483/0001437749-15-017483-index.html,https://www.sec.gov/Archives/edgar/data/787253/000143774915017483/naii20150630_10k.htm,1620595497,17:24:57,20210509
23,2015-03-31,NAII,USD,2015-05-12 00:00:00,2015-05-12 16:17:46,Q3,19613000.0,15941000.0,3672000.0,0.18722276041401112,0.0,0.0,0.0,1000.0,2633000.0,18574000.0,3000.0,621000.0,1660000.0,0.08463774027430786,1039000.0,0.05297506755723245,31000.0,1074000.0,0.05475959822566665,286000.0,788000.0,0.04017743333503289,0.11677797128803138,0.11655971917982783,6747848.0,6760483.0,https://www.sec.gov/Archives/edgar/data/787253/000143774915009817/0001437749-15-009817-index.html,https://www.sec.gov/Archives/edgar/data/787253/000143774915009817/naii20150331_10q.htm,1620595497,17:24:57,20210509
24,2014-12-31,NAII,USD,2015-02-12,2015-02-12 16:16:58,Q2,18618000.0,14641000.0,3977000.0,0.21361048447738748,0.0,0.0,0.0,-15000.0,2596000.0,17237000.0,3000.0,618000.0,1999000.0,0.10736921258996669,1381000.0,0.07417552905790095,11000.0,1396000.0,0.0749812009882909,315000.0,1081000.0,0.05806209045010205,0.15877844296952995,0.15752577571972595,6808229.0,6862369.0,https://www.sec.gov/Archives/edgar/data/787253/000143774915002531/naii20141231_10q.htm,https://www.sec.gov/Archives/edgar/data/787253/000143774915002531/naii20141231_10q.htm,1620595497,17:24:57,20210509
25,2014-09-30,NAII,USD,2014-11-12 00:00:00,2014-11-12 16:16:43,Q1,18695000.0,15898000.0,2797000.0,0.1496121957742712,0.0,0.0,0.0,-9000.0,2228000.0,18126000.0,3000.0,599000.0,1168000.0,0.062476598020861196,569000.0,0.03043594543995721,87000.0,661000.0,0.03535704733886066,174000.0,487000.0,0.02604974592136935,0.07124371186468201,0.07084717362692868,6835691.0,6873951.0,https://www.sec.gov/Archives/edgar/data/787253/000143774914020500/0001437749-14-020500-index.html,https://www.sec.gov/Archives/edgar/data/787253/000143774914020500/naii20140930_10q.htm,1620595497,17:24:57,20210509
26,2014-06-30,NAII,USD,2014-09-25 00:00:00,2014-09-25 16:52:35,Q4,21185000.0,17148000.0,4037000.0,0.19055935803634647,0.0,0.0,0.0,-16000.0,2782000.0,19930000.0,3000.0,580000.0,1835000.0,0.08661789001652112,1255000.0,0.05924002832192589,-30000.0,1228000.0,0.05796554165683267,138000.0,1090000.0,0.05145149870191173,0.1594571785061671,0.1594571785061671,6835691.0,6835691.0,https://www.sec.gov/Archives/edgar/data/787253/000143774914017442/0001437749-14-017442-index.html,https://www.sec.gov/Archives/edgar/data/787253/000143774914017442/naii20140630_10k.htm,1620595497,17:24:57,20210509
27,2014-03-31,NAII,USD,2014-05-13 00:00:00,2014-05-13 16:16:24,Q3,19127000.0,15685000.0,3442000.0,0.17995503738171173,0.0,0.0,0.0,-94000.0,2274000.0,17959000.0,3000.0,788000.0,1956000.0,0.10226381554870079,1168000.0,0.061065509489203744,-119000.0,1053000.0,0.05505306634600303,431000.0,622000.0,0.03251947508757254,0.09121477104432554,0.09089645680642752,6819071.0,6842951.0,https://www.sec.gov/Archives/edgar/data/787253/000143774914008891/0001437749-14-008891-index.html,https://www.sec.gov/Archives/edgar/data/787253/000143774914008891/naii20140331_10q.htm,1620595497,17:24:57,20210509
28,2013-12-31,NAII,USD,2014-02-12,2014-02-12 16:18:40,Q2,16475000.0,13950000.0,2525000.0,0.15326251896813353,0.0,0.0,0.0,1000.0,2261000.0,16211000.0,2000.0,772000.0,1036000.0,0.06288315629742033,264000.0,0.016024279210925644,-6000.0,265000.0,0.016084977238239758,71000.0,194000.0,0.011775417298937784,0.02845675079939267,0.028319696085867655,6817363.0,6850356.0,https://www.sec.gov/Archives/edgar/data/787253/000143774914001988/naii20131231_10q.htm,https://www.sec.gov/Archives/edgar/data/787253/000143774914001988/naii20131231_10q.htm,1620595497,17:24:57,20210509
29,2013-09-30,NAII,USD,2013-11-13 00:00:00,2013-11-13 16:15:27,Q1,17155000.0,14421000.0,2734000.0,0.15937044593413,0.0,0.0,0.0,6000.0,2644000.0,17065000.0,3000.0,765000.0,855000.0,0.04983969688137569,90000.0,0.0052462838822500725,23000.0,122000.0,0.007111629262605655,34000.0,88000.0,0.005129699795977849,0.012909862460085787,0.012858002214206427,6816494.0,6843987.0,https://www.sec.gov/Archives/edgar/data/787253/000119312513440212/0001193125-13-440212-index.html,https://www.sec.gov/Archives/edgar/data/787253/000119312513440212/d604132d10q.htm,1620595497,17:24:57,20210509
30,2013-06-30,NAII,USD,2013-09-19 00:00:00,2013-09-19 16:16:26,Q4,16816000.0,13347000.0,3469000.0,0.20629162702188392,0.0,0.0,0.0,0.0,2641000.0,15988000.0,3000.0,761000.0,1589000.0,0.09449333967649858,828000.0,0.04923882017126546,-14000.0,821000.0,0.04882254995242626,228000.0,593000.0,0.03526403425309229,0.08699486862307808,0.08699486862307808,6816494.0,6816494.0,https://www.sec.gov/Archives/edgar/data/787253/000119312513371742/0001193125-13-371742-index.html,https://www.sec.gov/Archives/edgar/data/787253/000119312513371742/d559767d10k.htm,1620595497,17:24:57,20210509
31,2013-03-31,NAII,USD,2013-05-14 00:00:00,2013-05-14 16:18:21,Q3,15835000.0,13057000.0,2778000.0,0.1754341648247553,0.0,0.0,0.0,0.0,2209000.0,15266000.0,5000.0,767000.0,1336000.0,0.0843700663088096,569000.0,0.03593305967792864,-57000.0,521000.0,0.03290179981054626,343000.0,178000.0,0.011240922008209663,0.026018967827546282,0.026008573770178015,6841163.0,6843897.0,https://www.sec.gov/Archives/edgar/data/787253/000119312513219592/0001193125-13-219592-index.html,https://www.sec.gov/Archives/edgar/data/787253/000119312513219592/d501478d10q.htm,1620595497,17:24:57,20210509
32,2012-12-31,NAII,USD,2013-02-12 00:00:00,2013-02-12 16:16:19,Q2,13686000.0,11767000.0,1919000.0,0.14021627940961567,0.0,0.0,0.0,0.0,2192000.0,13959000.0,5000.0,752000.0,479000.0,0.03499926932631887,-273000.0,-0.01994739149495835,0.0,-266000.0,-0.019435919918164547,-368000.0,102000.0,0.007452871547566856,0.01480203797941733,0.01478224663772728,6890943.0,6900169.0,https://www.sec.gov/Archives/edgar/data/787253/000119312513051708/0001193125-13-051708-index.html,https://www.sec.gov/Archives/edgar/data/787253/000119312513051708/d451455d10q.htm,1620595497,17:24:57,20210509
33,2012-09-30,NAII,USD,2012-11-14 00:00:00,2012-11-14 16:16:14,Q1,16460000.0,12876000.0,3584000.0,0.21773997569866343,0.0,0.0,0.0,0.0,2555000.0,15431000.0,6000.0,756000.0,1785000.0,0.10844471445929527,1029000.0,0.06251518833535845,-15000.0,1017000.0,0.0617861482381531,320000.0,697000.0,0.042345078979343864,0.1007544732022735,0.1005916724238682,6917807.0,6929003.0,https://www.sec.gov/Archives/edgar/data/787253/000119312512470659/0001193125-12-470659-index.html,https://www.sec.gov/Archives/edgar/data/787253/000119312512470659/d409731d10q.htm,1620595497,17:24:57,20210509
34,2012-06-30,NAII,USD,2012-09-21 00:00:00,2012-09-21 16:16:34,Q4,20898000.0,17606000.0,3292000.0,0.15752703608000765,0.0,0.0,0.0,0.0,2295000.0,19901000.0,12000.0,735000.0,1732000.0,0.08287874437745239,997000.0,0.047707914632979236,13000.0,1002000.0,0.04794717197817973,225000.0,777000.0,0.037180591444157335,0.11231883167599212,0.11231883167599212,6917807.0,6917807.0,https://www.sec.gov/Archives/edgar/data/787253/000119312512399915/0001193125-12-399915-index.html,https://www.sec.gov/Archives/edgar/data/787253/000119312512399915/d365295d10k.htm,1620595497,17:24:57,20210509
35,2012-03-31,NAII,USD,2012-05-14,2012-05-14 16:16:08,Q3,17422000.0,13299000.0,4123000.0,0.23665480427046262,0.0,0.0,0.0,0.0,2493000.0,15792000.0,27000.0,740000.0,2370000.0,0.13603489840431637,1630000.0,0.09355986683503616,3000.0,1611000.0,0.09246929170014924,543000.0,1068000.0,0.06130180231890713,0.15325699087934355,0.15301957919902273,6968687.0,6979499.0,https://www.sec.gov/Archives/edgar/data/787253/000119312512231348/d338298d10q.htm,https://www.sec.gov/Archives/edgar/data/787253/000119312512231348/d338298d10q.htm,1620595497,17:24:57,20210509
36,2011-12-31,NAII,USD,2012-02-13 00:00:00,2012-02-13 16:30:47,Q2,16161000.0,12808000.0,3353000.0,0.20747478497617722,0.0,0.0,0.0,0.0,2127000.0,14935000.0,31000.0,749000.0,1975000.0,0.12220778417177156,1226000.0,0.07586164222510983,-1000.0,1199000.0,0.07419095353010334,414000.0,785000.0,0.048573726873337046,0.11260153143820413,0.11237819313330588,6971486.0,6985341.0,https://www.sec.gov/Archives/edgar/data/787253/000119312512056297/0001193125-12-056297-index.html,https://www.sec.gov/Archives/edgar/data/787253/000119312512056297/d278915d10q.htm,1620595497,17:24:57,20210509
37,2011-09-30,NAII,USD,2011-11-14 00:00:00,2011-11-14 09:00:39,Q1,18341000.0,13658000.0,4683000.0,0.25532958944441414,0.0,0.0,0.0,0.0,2336000.0,15994000.0,35000.0,794000.0,3141000.0,0.17125565672536938,2347000.0,0.1279646693201025,113000.0,2430000.0,0.13249004961561528,902000.0,1528000.0,0.0833106155607655,0.21787309377084,0.21785411416354,7013257.0,7013868.0,https://www.sec.gov/Archives/edgar/data/787253/000119312511309252/0001193125-11-309252-index.html,https://www.sec.gov/Archives/edgar/data/787253/000119312511309252/d242228d10q.htm,1620595497,17:24:57,20210509
38,2011-06-30,NAII,USD,2011-09-22 00:00:00,2011-09-22 16:16:26,Q4,14398000.0,11677000.0,2721000.0,0.1889845811918322,0.0,0.0,0.0,0.0,2703000.0,14380000.0,17000.0,795000.0,813000.0,0.056466175857758025,18000.0,0.0012501736352271149,-7000.0,-23000.0,-0.001597444089456869,-3091000.0,3139000.0,0.21801639116543964,0.4475809171116929,0.4475809171116929,7013257.0,7013257.0,https://www.sec.gov/Archives/edgar/data/787253/000119312511254365/0001193125-11-254365-index.html,https://www.sec.gov/Archives/edgar/data/787253/000119312511254365/d160163d10k.htm,1620595497,17:24:57,20210509
39,2011-03-31,NAII,USD,2011-05-16 00:00:00,2011-05-16 16:17:09,Q3,13375000.0,10991000.0,2384000.0,0.1782429906542056,0.0,0.0,0.0,0.0,2126000.0,13117000.0,12000.0,801000.0,1059000.0,0.07917757009345794,258000.0,0.019289719626168225,0.0,251000.0,0.018766355140186916,70000.0,181000.0,0.013532710280373832,0.02542903774132824,0.025414113145035815,7117847.0,7122027.0,https://www.sec.gov/Archives/edgar/data/787253/000119312511141499/0001193125-11-141499-index.html,https://www.sec.gov/Archives/edgar/data/787253/000119312511141499/d10q.htm,1620595497,17:24:57,20210509
40,2010-12-31,NAII,USD,2011-02-10,2011-02-10 16:31:05,Q2,14754000.0,11905000.0,2849000.0,0.19310017622339704,0.0,0.0,0.0,0.0,1735000.0,13640000.0,17000.0,797000.0,1911000.0,0.12952419682797886,1114000.0,0.07550494781076318,-34000.0,1068000.0,0.07238714924766165,214000.0,854000.0,0.05788260810627626,0.12011697762054738,0.11993949094814976,7109736.0,7120257.0,https://www.sec.gov/Archives/edgar/data/787253/000119312511030704/d10q.htm,https://www.sec.gov/Archives/edgar/data/787253/000119312511030704/d10q.htm,1620595497,17:24:57,20210509
41,2010-09-30,NAII,USD,2010-11-12 00:00:00,2010-11-12 16:16:43,Q1,13355000.0,10680000.0,2675000.0,0.2002995132909023,0.0,0.0,0.0,0.0,1740000.0,12420000.0,12000.0,831000.0,1766000.0,0.1322351179333583,935000.0,0.07001123174840884,57000.0,983000.0,0.07360539123923625,71000.0,912000.0,0.0682890303257207,0.12827480514044404,0.12807472373706316,7109736.0,7120843.0,https://www.sec.gov/Archives/edgar/data/787253/000119312510258872/0001193125-10-258872-index.html,https://www.sec.gov/Archives/edgar/data/787253/000119312510258872/d10q.htm,1620595497,17:24:57,20210509
42,2010-06-30,NAII,USD,2010-09-17 00:00:00,2010-09-17 16:47:54,Q4,14368000.0,12077000.0,2291000.0,0.15945155902004454,0.0,0.0,0.0,0.0,1999000.0,14076000.0,17000.0,908000.0,1200000.0,0.08351893095768374,292000.0,0.02032293986636971,-64000.0,215000.0,0.01496380846325167,-3000.0,218000.0,0.015172605790645879,0.03066217929892193,0.03066217929892193,7109736.0,7109736.0,https://www.sec.gov/Archives/edgar/data/787253/000119312510212298/0001193125-10-212298-index.html,https://www.sec.gov/Archives/edgar/data/787253/000119312510212298/d10k.htm,1620595497,17:24:57,20210509
43,2010-03-31,NAII,USD,2010-05-13 00:00:00,2010-05-13 16:16:54,Q3,16975000.0,14040000.0,2935000.0,0.17290132547864506,0.0,0.0,0.0,0.0,2098000.0,16138000.0,26000.0,833000.0,1670000.0,0.098379970544919,837000.0,0.04930780559646539,-129000.0,686000.0,0.04041237113402062,-1206000.0,1894000.0,0.1115758468335788,0.2673638265494821,0.26652572043562744,7083980.0,7106256.0,https://www.sec.gov/Archives/edgar/data/787253/000119312510118983/0001193125-10-118983-index.html,https://www.sec.gov/Archives/edgar/data/787253/000119312510118983/d10q.htm,1620595497,17:24:57,20210509
44,2009-12-31,NAII,USD,2010-02-16 00:00:00,2010-02-16 17:15:26,Q2,17249000.0,14779000.0,2470000.0,0.1431967070554815,0.0,0.0,0.0,0.0,1734000.0,16513000.0,24000.0,804000.0,1540000.0,0.08928053800220302,736000.0,0.04266914024001391,-6000.0,708000.0,0.04104585773088295,94000.0,674000.0,0.03907472896979535,0.09531788372802102,0.09497207412387204,7071076.0,7096823.0,https://www.sec.gov/Archives/edgar/data/787253/000119312510032460/0001193125-10-032460-index.html,https://www.sec.gov/Archives/edgar/data/787253/000119312510032460/d10q.htm,1620595497,17:24:57,20210509
45,2009-09-30,NAII,USD,2009-11-12 00:00:00,2009-11-10 21:26:55,Q1,16961000.0,13806000.0,3155000.0,0.18601497553210306,0.0,0.0,0.0,0.0,1748000.0,15554000.0,42000.0,801000.0,2208000.0,0.13018100347856848,1407000.0,0.08295501444490301,48000.0,1418000.0,0.08360356111078356,172000.0,1341000.0,0.07906373444961971,0.18970706880226937,0.18858611044311407,7068793.0,7110810.0,https://www.sec.gov/Archives/edgar/data/787253/000119312509231050/0001193125-09-231050-index.html,https://www.sec.gov/Archives/edgar/data/787253/000119312509231050/d10q.htm,1620595497,17:24:57,20210509
46,2009-06-30,NAII,USD,2009-09-28 00:00:00,2009-09-25 19:00:29,Q4,19429000.0,16303000.0,3126000.0,0.16089350970199187,0.0,0.0,0.0,0.0,1828000.0,18131000.0,31000.0,803000.0,2101000.0,0.10813732050028309,1298000.0,0.06680734983787122,69000.0,1336000.0,0.06876318904730043,96000.0,1125000.0,0.057903134489680375,0.15915022550525953,0.15915022550525953,7068793.0,7068793.0,https://www.sec.gov/Archives/edgar/data/787253/000119312509198370/0001193125-09-198370-index.html,https://www.sec.gov/Archives/edgar/data/787253/000119312509198370/d10k.htm,1620595497,17:24:57,20210509
47,2009-03-31,NAII,USD,2009-05-13 00:00:00,2009-05-13 17:02:23,Q3,17348000.0,14241000.0,3107000.0,0.1790984551533318,0.0,0.0,0.0,0.0,1724000.0,15965000.0,57000.0,793000.0,2176000.0,0.12543232649296748,1383000.0,0.07972100530320499,-81000.0,1254000.0,0.07228498962416417,-183000.0,-504000.0,-0.029052340327415264,-0.07,-0.07,7066526.0,7066526.0,https://www.sec.gov/Archives/edgar/data/787253/000119312509109927/0001193125-09-109927-index.html,https://www.sec.gov/Archives/edgar/data/787253/000119312509109927/d10q.htm,1620595497,17:24:57,20210509
48,2008-12-31,NAII,USD,2009-02-17 00:00:00,2009-02-17 08:31:01,Q2,17616000.0,16844000.0,772000.0,0.04382379654859219,0.0,0.0,0.0,0.0,2838000.0,19682000.0,79000.0,758000.0,-1308000.0,-0.07425068119891008,-2066000.0,-0.11727974568574023,-41000.0,-2186000.0,-0.12409173478655768,362000.0,-3304000.0,-0.18755676657584014,-0.47,-0.47,7057614.0,7057614.0,https://www.sec.gov/Archives/edgar/data/787253/000119312509030268/0001193125-09-030268-index.html,https://www.sec.gov/Archives/edgar/data/787253/000119312509030268/d10q.htm,1620595497,17:24:57,20210509
49,2008-09-30,NAII,USD,2008-11-13 00:00:00,2008-11-13 07:30:44,Q1,19526000.0,17126000.0,2400000.0,0.12291303902488988,0.0,0.0,0.0,0.0,2618000.0,19744000.0,0.0,789000.0,571000.0,0.02924306053467172,-218000.0,-0.011164601044760832,-275000.0,-531000.0,-0.02719450988425689,-182000.0,-1397000.0,-0.07154563146573799,-0.2,-0.2,7033213.0,7033213.0,https://www.sec.gov/Archives/edgar/data/787253/000119312508234436/0001193125-08-234436-index.html,https://www.sec.gov/Archives/edgar/data/787253/000119312508234436/d10q.htm,1620595497,17:24:57,20210509
50,2008-06-30,NAII,USD,2008-09-22 00:00:00,2008-09-22 16:35:04,Q4,13897000.0,14604000.0,-707000.0,-0.05087428941498165,0.0,0.0,0.0,0.0,-2330000.0,12274000.0,0.0,333000.0,1956000.0,0.1407498021155645,1623000.0,0.11678779592717853,7000.0,1627000.0,0.11707562783334532,512000.0,-168000.0,-0.012088940059005541,-0.023886664601228486,-0.023886664601228486,7033213.0,7033213.0,https://www.sec.gov/Archives/edgar/data/787253/000119312508199297/0001193125-08-199297-index.html,https://www.sec.gov/Archives/edgar/data/787253/000119312508199297/d10k.htm,1620595497,17:24:57,20210509
51,2008-03-31,NAII,USD,2008-05-13 00:00:00,2008-05-13 16:46:33,Q3,21929000.0,17856000.0,4073000.0,0.1857357836654658,0.0,0.0,0.0,0.0,5019000.0,22875000.0,0.0,872000.0,-74000.0,-0.003374526882210771,-946000.0,-0.04313922203474851,216000.0,-793000.0,-0.03616215969720461,-347000.0,-446000.0,-0.020338364722513567,-0.06,-0.06,7013664.0,7013664.0,https://www.sec.gov/Archives/edgar/data/787253/000119312508113199/0001193125-08-113199-index.html,https://www.sec.gov/Archives/edgar/data/787253/000119312508113199/d10q.htm,1620595497,17:24:57,20210509
52,2007-12-31,NAII,USD,2008-02-08,2008-02-07 21:30:26,Q2,20410000.0,16158000.0,4252000.0,0.20832925036746694,0.0,0.0,0.0,0.0,4524000.0,20682000.0,0.0,871000.0,599000.0,0.029348358647721704,-272000.0,-0.013326800587947085,42000.0,-299000.0,-0.01464968152866242,-119000.0,-180000.0,-0.008819206271435572,-0.03,-0.03,6980195.0,6980195.0,https://www.sec.gov/Archives/edgar/data/787253/000119312508023313/d10q.htm,https://www.sec.gov/Archives/edgar/data/787253/000119312508023313/d10q.htm,1620595497,17:24:57,20210509
53,2007-09-30,NAII,USD,2007-10-15 00:00:00,2007-10-15 14:29:45,Q1,25521000.0,20226000.0,5295000.0,0.20747619607382156,0.0,0.0,0.0,0.0,4625000.0,24851000.0,0.0,884000.0,1554000.0,0.06089103091571647,670000.0,0.026252889777046352,102000.0,641000.0,0.0251165706672936,218000.0,423000.0,0.016574585635359115,0.06117920531828084,0.06024189899555534,6914114.0,7021691.0,https://www.sec.gov/Archives/edgar/data/787253/000119312507218421/0001193125-07-218421-index.html,https://www.sec.gov/Archives/edgar/data/787253/000119312507218421/d10k.htm,1620595497,17:24:57,20210509
54,2007-06-30,NAII,USD,2007-10-15,2007-10-15 14:29:45,Q4,24127000.0,19455000.0,4672000.0,0.1936419778671198,0.0,0.0,0.0,0.0,11784000.0,31239000.0,0.0,876000.0,-6236000.0,-0.25846561943051355,-7112000.0,-0.2947734902805985,-6895000.0,-7093000.0,-0.29398599079869026,-498000.0,-6595000.0,-0.2733452149044639,-0.953846002539154,-0.953846002539154,6914114.0,6914114.0,https://www.sec.gov/Archives/edgar/data/787253/000119312507218421/d10k.htm,https://www.sec.gov/Archives/edgar/data/787253/000119312507218421/d10k.htm,1620595497,17:24:57,20210509
55,2007-03-31,NAII,USD,2007-05-14 00:00:00,2007-05-14 17:04:48,Q3,23791000.0,18394000.0,5397000.0,0.2268504896809718,0.0,0.0,0.0,0.0,4801000.0,23195000.0,0.0,893000.0,1489000.0,0.06258669244672355,596000.0,0.02505149005926611,17000.0,479000.0,0.020133663990584676,110000.0,369000.0,0.015510066831995292,0.05359096499900007,0.051232538243215435,6885489.0,7202454.0,https://www.sec.gov/Archives/edgar/data/787253/000119312507113768/0001193125-07-113768-index.html,https://www.sec.gov/Archives/edgar/data/787253/000119312507113768/d10q.htm,1620595497,17:24:57,20210509
56,2006-12-31,NAII,USD,2007-01-30,2007-01-30 17:04:54,Q2,24049000.0,18347000.0,5702000.0,0.23709925568630713,0.0,0.0,0.0,0.0,4737000.0,23084000.0,0.0,921000.0,1886000.0,0.07842321926067612,965000.0,0.040126408582477444,44000.0,846000.0,0.03517817788681442,292000.0,554000.0,0.023036300885691714,0.08099043406486896,0.07710604586557104,6840314.0,7184910.0,https://www.sec.gov/Archives/edgar/data/787253/000119312507016401/d10q.htm,https://www.sec.gov/Archives/edgar/data/787253/000119312507016401/d10q.htm,1620595497,17:24:57,20210509
57,2006-09-30,NAII,USD,2006-11-01,2006-11-01 16:41:51,Q1,25161000.0,19646000.0,5515000.0,0.21918842653312667,0.0,0.0,0.0,0.0,4683000.0,24329000.0,0.0,892000.0,1724000.0,0.068518739318787,832000.0,0.033067048209530624,-1000.0,602000.0,0.023925917093915186,215000.0,387000.0,0.015380946703231192,0.06,0.05,6720167.0,7200944.0,https://www.sec.gov/Archives/edgar/data/787253/000119312506220669/d10q.htm,https://www.sec.gov/Archives/edgar/data/787253/000119312506220669/d10q.htm,1620595497,17:24:57,20210509
58,2006-06-30,NAII,USD,2006-09-18,2006-09-15 20:42:33,Q4,34246000.0,26114000.0,8132000.0,0.23745838930094026,0.0,0.0,0.0,0.0,6182000.0,32296000.0,0.0,817000.0,2767000.0,0.08079775740232435,1950000.0,0.05694095660807102,47000.0,1733000.0,0.0506044501547626,557000.0,1176000.0,0.03433977690825206,0.17499565114974078,0.17499565114974078,6720167.0,6720167.0,https://www.sec.gov/Archives/edgar/data/787253/000119312506191942/d10k.htm,https://www.sec.gov/Archives/edgar/data/787253/000119312506191942/d10k.htm,1620595497,17:24:57,20210509
59,2006-03-31,NAII,USD,2006-05-09,2006-05-09 17:04:16,Q3,23284000.0,17285000.0,5999000.0,0.257644734581687,0.0,0.0,0.0,0.0,4852000.0,22137000.0,0.0,831000.0,1978000.0,0.08495103934031953,1147000.0,0.04926129531008418,-12000.0,977000.0,0.04196014430510222,356000.0,621000.0,0.026670675141728224,0.09449287605882235,0.0886388920052858,6571924.0,7005954.0,https://www.sec.gov/Archives/edgar/data/787253/000119312506105595/d10q.htm,https://www.sec.gov/Archives/edgar/data/787253/000119312506105595/d10q.htm,1620595497,17:24:57,20210509
60,2005-12-31,NAII,USD,2006-02-14,2006-02-14 15:29:58,Q2,19868000.0,15678000.0,4190000.0,0.21089188645057377,0.0,0.0,0.0,0.0,3347000.0,19025000.0,0.0,766000.0,1609000.0,0.08098449768471915,843000.0,0.04243003825246628,-26000.0,750000.0,0.037749144352728005,289000.0,461000.0,0.023203140728810148,0.07452533344024459,0.0710861266249001,6185816.0,6485091.0,https://www.sec.gov/Archives/edgar/data/787253/000119312506031291/d10q.htm,https://www.sec.gov/Archives/edgar/data/787253/000119312506031291/d10q.htm,1620595497,17:24:57,20210509
61,2005-09-30,NAII,USD,2005-11-04,2005-11-04 17:15:59,Q1,21733000.0,17677000.0,4056000.0,0.1866286292734551,0.0,0.0,0.0,0.0,3378000.0,21055000.0,0.0,724000.0,1402000.0,0.0645101918741085,678000.0,0.031196797496894125,21000.0,651000.0,0.029954447154097456,239000.0,412000.0,0.018957345971563982,0.07,0.06,6013390.0,6469104.0,https://www.sec.gov/Archives/edgar/data/787253/000119312505217055/d10q.htm,https://www.sec.gov/Archives/edgar/data/787253/000119312505217055/d10q.htm,1620595497,17:24:57,20210509
62,2005-06-30,NAII,USD,2005-09-08 00:00:00,2005-09-08 16:20:39,Q4,24730000.0,20456000.0,4274000.0,0.17282652648604932,0.0,0.0,0.0,0.0,3433000.0,23889000.0,0.0,806000.0,1647000.0,0.0665992721391023,841000.0,0.034007278608976954,-118000.0,640000.0,0.02587949858471492,355000.0,285000.0,0.011524464213505864,0.04739423187253779,0.04739423187253779,6013390.0,6013390.0,https://www.sec.gov/Archives/edgar/data/787253/000119312505182282/0001193125-05-182282-index.html,https://www.sec.gov/Archives/edgar/data/787253/000119312505182282/d10k.htm,1620595497,17:24:57,20210509
63,2005-03-31,NAII,USD,2005-05-13,2005-05-13 17:21:09,Q3,22490000.0,18277000.0,4213000.0,0.18732770120053358,0.0,0.0,0.0,0.0,3538000.0,21815000.0,0.0,575000.0,1250000.0,0.05558025789239662,675000.0,0.030013339261894176,-196000.0,398000.0,0.017696754112939084,121000.0,277000.0,0.012316585148955091,0.05,0.04,5957923.0,6420671.0,https://www.sec.gov/Archives/edgar/data/787253/000119312505107419/d10q.htm,https://www.sec.gov/Archives/edgar/data/787253/000119312505107419/d10q.htm,1620595497,17:24:57,20210509
64,2004-12-31,NAII,USD,2005-02-14,2005-02-14 16:12:45,Q2,21545000.0,16953000.0,4592000.0,0.21313529821304247,0.0,0.0,0.0,0.0,3710000.0,20663000.0,0.0,515000.0,1397000.0,0.06484103040148527,882000.0,0.04093757252262706,193000.0,1027000.0,0.04766767231376189,242000.0,785000.0,0.03643536783476445,0.13,0.12,5928766.0,6571995.0,https://www.sec.gov/Archives/edgar/data/787253/000119312505029203/d10q.htm,https://www.sec.gov/Archives/edgar/data/787253/000119312505029203/d10q.htm,1620595497,17:24:57,20210509
65,2004-09-30,NAII,USD,2004-11-12,2004-11-12 17:15:50,Q1,22727000.0,17409000.0,5318000.0,0.23399480793769525,0.0,0.0,0.0,0.0,3924000.0,21333000.0,0.0,663000.0,2057000.0,0.09050908610903331,1394000.0,0.06133673604083249,-3000.0,1344000.0,0.059136709640515685,492000.0,852000.0,0.037488449861398335,0.14,0.13,5923766.0,6447677.0,https://www.sec.gov/Archives/edgar/data/787253/000119312504195537/d10q.htm,https://www.sec.gov/Archives/edgar/data/787253/000119312504195537/d10q.htm,1620595497,17:24:57,20210509
66,2004-06-30,NAII,USD,2004-09-14,2004-09-14 15:33:46,Q4,23350000.0,17874000.0,5476000.0,0.23451820128479658,0.0,0.0,0.0,0.0,4279000.0,22153000.0,0.0,647000.0,1844000.0,0.07897216274089935,1197000.0,0.05126338329764454,-134000.0,955000.0,0.040899357601713066,-47000.0,1002000.0,0.042912205567451824,0.16914915275181364,0.16914915275181364,5923766.0,5923766.0,https://www.sec.gov/Archives/edgar/data/787253/000119312504156242/d10k.htm,https://www.sec.gov/Archives/edgar/data/787253/000119312504156242/d10k.htm,1620595497,17:24:57,20210509
67,2004-03-31,NAII,USD,2004-05-17,2004-05-17 16:00:24,Q3,21268000.0,16215000.0,5053000.0,0.23758698514199736,0.0,0.0,0.0,0.0,4047000.0,20262000.0,0.0,691000.0,1697000.0,0.07979123565920632,1006000.0,0.04730110964829791,-72000.0,868000.0,0.040812488245251084,13000.0,855000.0,0.0402012413014858,0.15,0.13,5848841.0,6335462.0,https://www.sec.gov/Archives/edgar/data/787253/000119312504090004/d10q.htm,https://www.sec.gov/Archives/edgar/data/787253/000119312504090004/d10q.htm,1620595497,17:24:57,20210509
68,2003-12-31,NAII,USD,2004-02-06,2004-02-06 17:17:13,Q2,17195000.0,13300000.0,3895000.0,0.2265193370165746,0.0,0.0,0.0,0.0,3346000.0,16646000.0,0.0,668000.0,1217000.0,0.07077638848502471,549000.0,0.03192788601337598,104000.0,612000.0,0.03559174178540273,36000.0,576000.0,0.03349810991567316,0.1,0.09,5821973.0,6161851.0,https://www.sec.gov/Archives/edgar/data/787253/000119312504016483/d10q.htm,https://www.sec.gov/Archives/edgar/data/787253/000119312504016483/d10q.htm,1620595497,17:24:57,20210509
69,2003-09-30,NAII,USD,2003-11-05,2003-11-05 16:54:59,Q1,16721000.0,12575000.0,4146000.0,0.24795167753124814,0.0,0.0,0.0,0.0,3516000.0,16091000.0,0.0,670000.0,1300000.0,0.07774654625919503,630000.0,0.03767717241791759,-7000.0,589000.0,0.03522516595897374,22000.0,567000.0,0.03390945517612583,0.1,0.09,5820709.0,6106834.0,https://www.sec.gov/Archives/edgar/data/787253/000119312503073501/d10q.htm,https://www.sec.gov/Archives/edgar/data/787253/000119312503073501/d10q.htm,1620595497,17:24:57,20210509
70,2003-06-30,NAII,USD,2003-09-17,2003-09-17 16:38:15,Q4,16061000.0,12414000.0,3647000.0,0.22707178880518025,0.0,0.0,0.0,0.0,3347000.0,15761000.0,0.0,647000.0,947000.0,0.05896270468837557,300000.0,0.018678787124089408,13000.0,273000.0,0.016997696282921363,26000.0,247000.0,0.015378868065500281,0.04243469309322971,0.04243469309322971,5820709.0,5820709.0,https://www.sec.gov/Archives/edgar/data/787253/000119312503050762/d10k.htm,https://www.sec.gov/Archives/edgar/data/787253/000119312503050762/d10k.htm,1620595497,17:24:57,20210509
71,2003-03-31,NAII,USD,2003-05-14,2003-05-14 17:28:29,Q3,13755000.0,10468000.0,3287000.0,0.23896764812795346,0.0,0.0,0.0,0.0,3076000.0,13544000.0,0.0,608000.0,819000.0,0.059541984732824425,211000.0,0.0153398764085787,-2000.0,178000.0,0.012940748818611413,6000.0,172000.0,0.012504543802253725,0.029582450589567922,0.02837632484028831,5814258.0,6061391.0,https://www.sec.gov/Archives/edgar/data/787253/000089843003002985/d10q.htm,https://www.sec.gov/Archives/edgar/data/787253/000089843003002985/d10q.htm,1620595497,17:24:57,20210509
72,2002-12-31,NAII,USD,2003-02-06,2003-02-06 17:19:34,Q2,13010000.0,9958000.0,3052000.0,0.23458877786318216,0.0,0.0,0.0,0.0,2797000.0,12755000.0,0.0,607000.0,862000.0,0.06625672559569562,255000.0,0.01960030745580323,-50000.0,156000.0,0.011990776325903152,7000.0,149000.0,0.011452728670253652,0.03,0.02,5804267.0,6021919.0,https://www.sec.gov/Archives/edgar/data/787253/000102140803001993/d10q.htm,https://www.sec.gov/Archives/edgar/data/787253/000102140803001993/d10q.htm,1620595497,17:24:57,20210509
73,2002-09-30,NAII,USD,2002-11-14,2002-11-13 20:05:54,Q1,13136000.0,9941000.0,3195000.0,0.24322472594397077,0.0,2792000.0,0.0,0.0,2792000.0,12733000.0,0.0,615000.0,1018000.0,0.07749695493300852,403000.0,0.03067904993909866,217000.0,545000.0,0.04148903775883069,8000.0,537000.0,0.04088002436053593,0.09251814225637793,0.09057353795419172,5804267.0,5928884.0,https://www.sec.gov/Archives/edgar/data/787253/000089843002004135/d10q.htm,https://www.sec.gov/Archives/edgar/data/787253/000089843002004135/d10q.htm,1620595497,17:24:57,20210509
74,2002-06-30,NAII,USD,2002-09-23 00:00:00,2002-09-20 18:07:40,Q4,14652000.0,11300000.0,3352000.0,0.22877422877422876,0.0,2823000.0,0.0,0.0,2823000.0,14123000.0,0.0,612000.0,1141000.0,0.07787332787332787,529000.0,0.03610428610428611,2628000.0,3009000.0,0.20536445536445536,-705000.0,3714000.0,0.2534807534807535,0.6398740788457871,0.6398740788457871,5804267.0,5804267.0,https://www.sec.gov/Archives/edgar/data/787253/000089843002003502/0000898430-02-003502-index.html,https://www.sec.gov/Archives/edgar/data/787253/000089843002003502/d10k.htm,1620595497,17:24:57,20210509
75,2002-03-31,NAII,USD,2002-05-03,2002-05-03 17:17:02,Q3,12843000.0,9956000.0,2887000.0,0.22479171533130887,0.0,2946000.0,0.0,0.0,2946000.0,12902000.0,0.0,607000.0,548000.0,0.04266915829634821,-59000.0,-0.004593942225336759,996000.0,780000.0,0.06073347348750292,21000.0,759000.0,0.05909834150899323,0.1309837257466547,0.13095615418870765,5794613.0,5795833.0,https://www.sec.gov/Archives/edgar/data/787253/000102140802006155/d10q.htm,https://www.sec.gov/Archives/edgar/data/787253/000102140802006155/d10q.htm,1620595497,17:24:57,20210509
76,2001-12-31,NAII,USD,2002-02-14,2002-02-14 00:00:00,Q2,12655000.0,9949000.0,2706000.0,0.21382852627419993,0.0,2461000.0,0.0,0.0,2461000.0,12410000.0,0.0,595000.0,840000.0,0.06637692611615963,245000.0,0.01935993678387989,36000.0,92000.0,0.007269853812722244,28000.0,64000.0,0.005057289608850257,0.01,0.01,5785606.0,5785606.0,https://www.sec.gov/Archives/edgar/data/787253/000093639202000133/a79249e10-q.htm,https://www.sec.gov/Archives/edgar/data/787253/000093639202000133/a79249e10-q.htm,1620595497,17:24:57,20210509
77,2001-09-30,NAII,USD,2001-11-13 00:00:00,2001-11-13 00:00:00,Q1,9887000.0,7863000.0,2024000.0,0.20471325983614846,0.0,2454000.0,0.0,0.0,2454000.0,10317000.0,0.0,593000.0,163000.0,0.01648629513502579,-430000.0,-0.04349145342368767,-59000.0,-644000.0,-0.06513603722059269,14000.0,-658000.0,-0.06655203802973601,-0.11,-0.11,5785606.0,5785606.0,https://www.sec.gov/Archives/edgar/data/787253/000093639201500233/0000936392-01-500233-index.html,https://www.sec.gov/Archives/edgar/data/787253/000093639201500233/a76905e10-q.htm,1620595497,17:24:57,20210509
78,2001-06-30,NAII,USD,2001-06-30,2001-06-30,Q4,10354000.0,11181000.0,-827000.0,-0.07987251303843924,0.0,2077000.0,0.0,0.0,3621000.0,14802000.0,0.0,618000.0,-3830000.0,-0.3699053505891443,-4448000.0,-0.42959242804713155,-1432000.0,-2633000.0,-0.25429785590110104,2670000.0,-5303000.0,-0.5121692099671624,-0.916585056085741,-0.916585056085741,5785606.0,5785606.0,,,1620595497,17:24:57,20210509
79,2001-03-31,NAII,USD,2001-05-15 00:00:00,2001-05-15 00:00:00,Q3,10341000.0,8051000.0,2290000.0,0.22144860264964703,0.0,2864000.0,0.0,0.0,2864000.0,10915000.0,0.0,610000.0,36000.0,0.0034812880765883376,-574000.0,-0.055507204332269605,235000.0,-521000.0,-0.050381974663958995,-287000.0,-234000.0,-0.022628372497824196,-0.04,-0.04,5777289.0,5777289.0,https://www.sec.gov/Archives/edgar/data/787253/000093639201500083/0000936392-01-500083-index.html,https://www.sec.gov/Archives/edgar/data/787253/000093639201500083/a72773e10-q.txt,1620595497,17:24:57,20210509
80,2000-12-31,NAII,USD,2001-02-14 00:00:00,2001-02-14 00:00:00,Q2,11240000.0,7770000.0,3470000.0,0.3087188612099644,0.0,2171000.0,0.0,0.0,2796000.0,10566000.0,0.0,625000.0,1299000.0,0.11556939501779359,674000.0,0.0599644128113879,-12000.0,500000.0,0.04448398576512456,57000.0,443000.0,0.03941281138790036,0.07688462793393823,0.07633931117816027,5761880.0,5803039.0,https://www.sec.gov/Archives/edgar/data/787253/000109581101001327/0001095811-01-001327-index.html,https://www.sec.gov/Archives/edgar/data/787253/000109581101001327/a69688e10-q.txt,1620595497,17:24:57,20210509
81,2000-09-30,NAII,USD,2000-11-14 00:00:00,2000-11-14 00:00:00,Q1,10223000.0,7578000.0,2645000.0,0.258730313997848,0.0,1736000.0,0.0,0.0,2370000.0,9948000.0,0.0,634000.0,909000.0,0.08891714760833415,275000.0,0.026900127164237505,13000.0,135000.0,0.013205516971534775,-70000.0,205000.0,0.02005282206788614,0.035578665296743424,0.03556625820409481,5761880.0,5763890.0,https://www.sec.gov/Archives/edgar/data/787253/000093639200000423/0000936392-00-000423-index.html,https://www.sec.gov/Archives/edgar/data/787253/000093639200000423/a67370e10-q.txt,1620595497,17:24:57,20210509
82,2000-06-30,NAII,USD,2000-06-30,2000-06-30,Q4,10961000.0,6810000.0,4151000.0,0.37870632241583796,0.0,2762000.0,0.0,0.0,3543000.0,10353000.0,0.0,781000.0,1389000.0,0.12672201441474318,608000.0,0.055469391478879665,-1186000.0,-714000.0,-0.06514004196697382,-329000.0,-385000.0,-0.03512453243317216,-0.06681846897193278,-0.06681846897193278,5761880.0,5761880.0,,,1620595497,17:24:57,20210509
83,2000-03-31,NAII,USD,2000-05-15 00:00:00,2000-05-15 00:00:00,Q3,9538000.0,8441000.0,1097000.0,0.11501362969175928,0.0,2541000.0,0.0,0.0,3042000.0,11483000.0,0.0,501000.0,-1444000.0,-0.15139442231075698,-1945000.0,-0.20392115747536171,-674000.0,-2684000.0,-0.2814007129377228,-921000.0,-1763000.0,-0.18483958901237157,-0.30714954593958926,-0.3066086956521739,5739875.0,5750000.0,https://www.sec.gov/Archives/edgar/data/787253/000109581100001486/0001095811-00-001486-index.html,https://www.sec.gov/Archives/edgar/data/787253/0001095811-00-001486.txt,1620595497,17:24:57,20210509
84,1999-12-31,NAII,USD,1999-12-31,1999-12-31,Q2,12100000.0,10100000.0,2000000.0,0.1652892561983471,0.0,3200000.0,0.0,0.0,3700000.0,13800000.0,0.0,500000.0,-1200000.0,-0.09917355371900827,-1700000.0,-0.14049586776859505,-2000000.0,-3800000.0,-0.3140495867768595,-1400000.0,-2400000.0,-0.19834710743801653,-0.42,-0.42,5714286.0,5714286.0,,,1620595497,17:24:57,20210509
85,1999-09-30,NAII,USD,1999-11-15 00:00:00,1999-11-15 00:00:00,Q1,15300000.0,11700000.0,3600000.0,0.23529411764705882,0.0,2800000.0,0.0,0.0,3200000.0,14900000.0,0.0,400000.0,800000.0,0.05228758169934641,400000.0,0.026143790849673203,0.0,400000.0,0.026143790849673203,300000.0,100000.0,0.006535947712418301,0.02,0.02,5000000.0,5000000.0,https://www.sec.gov/Archives/edgar/data/787253/000093639299001324/0000936392-99-001324-index.html,https://www.sec.gov/Archives/edgar/data/787253/0000936392-99-001324.txt,1620595497,17:24:57,20210509
86,1999-06-30,NAII,USD,1999-06-30,1999-06-30,Q4,10000000.0,7000000.0,3000000.0,0.3,0.0,3300000.0,0.0,0.0,3700000.0,10700000.0,0.0,400000.0,-300000.0,-0.03,-700000.0,-0.07,0.0,-800000.0,-0.08,-300000.0,-500000.0,-0.05,-0.1,-0.1,5000000.0,5000000.0,,,1620595497,17:24:57,20210509
87,1999-03-31,NAII,USD,1999-03-31,1999-03-31,Q3,13100000.0,10800000.0,2300000.0,0.17557251908396945,0.0,9100000.0,0.0,0.0,9500000.0,20300000.0,0.0,400000.0,-6800000.0,-0.5190839694656488,-7200000.0,-0.549618320610687,100000.0,-7200000.0,-0.549618320610687,-2900000.0,-4300000.0,-0.3282442748091603,-0.73,-0.73,5890411.0,5890411.0,,,1620595497,17:24:57,20210509
88,1998-12-31,NAII,USD,1998-12-31,1998-12-31,Q2,17300000.0,13800000.0,3500000.0,0.2023121387283237,0.0,2600000.0,0.0,0.0,2900000.0,16700000.0,0.0,300000.0,900000.0,0.05202312138728324,600000.0,0.03468208092485549,0.0,700000.0,0.04046242774566474,300000.0,400000.0,0.023121387283236993,0.06,0.06,5769231.0,5769231.0,,,1620595497,17:24:57,20210509
89,1998-09-30,NAII,USD,1998-11-16 00:00:00,1998-11-16 00:00:00,Q1,17000000.0,11800000.0,5200000.0,0.3058823529411765,0.0,2200000.0,0.0,0.0,2700000.0,14500000.0,0.0,500000.0,3000000.0,0.17647058823529413,2500000.0,0.14705882352941177,100000.0,2500000.0,0.14705882352941177,1000000.0,1500000.0,0.08823529411764706,0.26,0.25,5769231.0,5769231.0,https://www.sec.gov/Archives/edgar/data/787253/000093639298001507/0000936392-98-001507-index.html,https://www.sec.gov/Archives/edgar/data/787253/0000936392-98-001507.txt,1620595497,17:24:57,20210509
90,1998-06-30,NAII,USD,1998-10-14,1998-10-14,Q4,20600000.0,14400000.0,6200000.0,0.30097087378640774,0.0,2500000.0,0.0,0.0,2900000.0,17300000.0,0.0,400000.0,3700000.0,0.1796116504854369,3300000.0,0.16019417475728157,100000.0,3500000.0,0.16990291262135923,1400000.0,2100000.0,0.10194174757281553,0.36399998544000056,0.36399998544000056,5769231.0,5769231.0,https://www.sec.gov/Archives/edgar/data/787253/0000936392-98-001360-index.html,https://www.sec.gov/Archives/edgar/data/787253/,1620595497,17:24:57,20210509
91,1998-03-31,NAII,USD,1998-03-31,1998-03-31,Q3,19000000.0,13300000.0,5700000.0,0.3,0.0,2200000.0,0.0,0.0,2600000.0,15900000.0,0.0,400000.0,3500000.0,0.18421052631578946,3100000.0,0.1631578947368421,100000.0,3000000.0,0.15789473684210525,1200000.0,1800000.0,0.09473684210526316,0.33,0.31,5454545.0,5806452.0,,,1620595497,17:24:57,20210509
92,1997-12-31,NAII,USD,1997-12-31,1997-12-31,Q2,16300000.0,11500000.0,4800000.0,0.294478527607362,0.0,2200000.0,0.0,0.0,2600000.0,14100000.0,0.0,400000.0,2600000.0,0.15950920245398773,2200000.0,0.13496932515337423,0.0,2300000.0,0.1411042944785276,900000.0,1400000.0,0.08588957055214724,0.25,0.24,3955974.0,3955974.0,,,1620595497,17:24:57,20210509
93,1997-09-30,NAII,USD,1997-11-12 00:00:00,1997-11-12 00:00:00,Q1,12000000.0,8600000.0,3400000.0,0.2833333333333333,0.0,2200000.0,0.0,0.0,2500000.0,11100000.0,0.0,300000.0,1200000.0,0.1,900000.0,0.075,0.0,1000000.0,0.08333333333333333,400000.0,600000.0,0.05,0.11,0.11,3955974.0,3955974.0,https://www.sec.gov/Archives/edgar/data/787253/000093639297001494/0000936392-97-001494-index.html,https://www.sec.gov/Archives/edgar/data/787253/0000936392-97-001494.txt,1620595497,17:24:57,20210509
94,1997-06-30,NAII,USD,1997-09-29 00:00:00,1997-09-29 00:00:00,Q4,13900000.0,12500000.0,1400000.0,0.10071942446043165,0.0,3100000.0,0.0,0.0,3500000.0,16000000.0,0.0,400000.0,-1700000.0,-0.1223021582733813,-2100000.0,-0.1510791366906475,100000.0,-2000000.0,-0.14388489208633093,-800000.0,-1200000.0,-0.08633093525179857,-0.30333869737263186,-0.30333869737263186,3955974.0,3955974.0,https://www.sec.gov/Archives/edgar/data/787253/000093639297001256/0000936392-97-001256-index.html,https://www.sec.gov/Archives/edgar/data/787253/0000936392-97-001256.txt,1620595497,17:24:57,20210509
95,1997-03-31,NAII,USD,1997-05-15 00:00:00,1997-05-15 00:00:00,Q3,11400000.0,8200000.0,3200000.0,0.2807017543859649,0.0,1900000.0,0.0,0.0,2200000.0,10400000.0,0.0,300000.0,1300000.0,0.11403508771929824,1000000.0,0.08771929824561403,0.0,1000000.0,0.08771929824561403,400000.0,600000.0,0.05263157894736842,0.1,0.1,6000000.0,6000000.0,https://www.sec.gov/Archives/edgar/data/787253/000093639297000721/0000936392-97-000721-index.html,https://www.sec.gov/Archives/edgar/data/787253/0000936392-97-000721.txt,1620595497,17:24:57,20210509
96,1996-12-31,NAII,USD,1996-12-31,1996-12-31,Q2,12600000.0,9100000.0,3500000.0,0.2777777777777778,0.0,1800000.0,0.0,0.0,2100000.0,11200000.0,0.0,300000.0,1700000.0,0.1349206349206349,1400000.0,0.1111111111111111,0.0,1300000.0,0.10317460317460317,500000.0,800000.0,0.06349206349206349,0.16,0.15,5000000.0,5333333.0,,,1620595497,17:24:57,20210509
97,1996-09-30,NAII,USD,1996-11-14 00:00:00,1996-11-14 00:00:00,Q1,11400000.0,7900000.0,3500000.0,0.30701754385964913,0.0,1700000.0,0.0,0.0,2000000.0,9900000.0,0.0,300000.0,1800000.0,0.15789473684210525,1500000.0,0.13157894736842105,0.0,1500000.0,0.13157894736842105,600000.0,900000.0,0.07894736842105263,0.17,0.16,3898085.0,3898085.0,https://www.sec.gov/Archives/edgar/data/787253/000093639296001049/0000936392-96-001049-index.html,https://www.sec.gov/Archives/edgar/data/787253/0000936392-96-001049.txt,1620595497,17:24:57,20210509
98,1996-06-30,NAII,USD,1996-09-27 00:00:00,1996-09-27 00:00:00,Q4,12700000.0,9200000.0,3500000.0,0.2755905511811024,0.0,2000000.0,0.0,0.0,2200000.0,11400000.0,0.0,200000.0,1500000.0,0.11811023622047244,1300000.0,0.10236220472440945,0.0,1400000.0,0.11023622047244094,500000.0,900000.0,0.07086614173228346,0.23088260004591998,0.23088260004591998,3898085.0,3898085.0,https://www.sec.gov/Archives/edgar/data/787253/000093639296000812/0000936392-96-000812-index.html,https://www.sec.gov/Archives/edgar/data/787253/0000936392-96-000812.txt,1620595497,17:24:57,20210509
99,1996-03-31,NAII,USD,1996-05-15 00:00:00,1996-05-15 00:00:00,Q3,12800000.0,9000000.0,3800000.0,0.296875,0.0,1800000.0,0.0,0.0,2100000.0,11100000.0,0.0,400000.0,2100000.0,0.1640625,1700000.0,0.1328125,0.0,1700000.0,0.1328125,700000.0,1000000.0,0.078125,0.18,0.18,5555556.0,5555556.0,https://www.sec.gov/Archives/edgar/data/787253/000093639296000191/0000936392-96-000191-index.html,https://www.sec.gov/Archives/edgar/data/787253/0000936392-96-000191.txt,1620595497,17:24:57,20210509
100,1995-12-31,NAII,USD,1996-02-12 00:00:00,1996-02-12 00:00:00,Q2,11800000.0,8600000.0,3200000.0,0.2711864406779661,0.0,1700000.0,0.0,0.0,2000000.0,10600000.0,0.0,300000.0,1500000.0,0.1271186440677966,1200000.0,0.1016949152542373,0.0,1200000.0,0.1016949152542373,500000.0,700000.0,0.059322033898305086,0.13,0.13,5384615.0,5384615.0,https://www.sec.gov/Archives/edgar/data/787253/000078725396000005/0000787253-96-000005-index.html,https://www.sec.gov/Archives/edgar/data/787253/0000787253-96-000005.txt,1620595497,17:24:57,20210509
