,date,symbol,reportedCurrency,fillingDate,acceptedDate,period,revenue,costOfRevenue,grossProfit,grossProfitRatio,researchAndDevelopmentExpenses,generalAndAdministrativeExpenses,sellingAndMarketingExpenses,otherExpenses,operatingExpenses,costAndExpenses,interestExpense,depreciationAndAmortization,ebitda,ebitdaratio,operatingIncome,operatingIncomeRatio,totalOtherIncomeExpensesNet,incomeBeforeTax,incomeBeforeTaxRatio,incomeTaxExpense,netIncome,netIncomeRatio,eps,epsdiluted,weightedAverageShsOut,weightedAverageShsOutDil,link,finalLink,timestamp,est_time,est_date
0,2020-12-31,MBOT,USD,2021-03-31,2021-03-31 16:15:49,Q4,0.0,0.0,0.0,0.0,3396.0,1498000.0,0.0,0.0,9089.0,9089.0,0.0,-52932.0,-62101.0,0.0,-9.169,0.0,0.0,-9.169,0.0,0.0,-9.169,0.0,-0.001290392312194721,-0.001290392312194721,7105591.0,7105591.0,https://www.sec.gov/Archives/edgar/data/883975/000149315221007453/0001493152-21-007453-index.htm,https://www.sec.gov/Archives/edgar/data/883975/000149315221007453/form10-k.htm,1620594805,17:13:25,20210509
1,2020-09-30,MBOT,USD,2020-11-16,2020-11-16 15:39:02,Q3,0.0,0.0,0.0,0.0,1037000.0,1378000.0,0.0,0.0,2415000.0,2415000.0,57000.0,19000.0,-2396000.0,0.0,-2415000.0,0.0,0.0,-2472000.0,0.0,0.0,-2472000.0,0.0,-0.35,-0.35,7105591.0,7105591.0,https://www.sec.gov/Archives/edgar/data/883975/000149315220021648/0001493152-20-021648-index.htm,https://www.sec.gov/Archives/edgar/data/883975/000149315220021648/form10-q.htm,1620594805,17:13:25,20210509
2,2020-06-30,MBOT,USD,2020-08-14 00:00:00,2020-08-14 13:12:50,Q2,0.0,0.0,0.0,0.0,669000.0,1215000.0,0.0,0.0,1884000.0,1884000.0,0.0,17000.0,-1867000.0,0.0,-1884000.0,0.0,0.0,-1855000.0,0.0,0.0,-1855000.0,0.0,-0.26,-0.26,7103260.0,7103260.0,https://www.sec.gov/Archives/edgar/data/883975/000149315220015744/0001493152-20-015744-index.htm,https://www.sec.gov/Archives/edgar/data/883975/000149315220015744/form10-q.htm,1620594805,17:13:25,20210509
3,2020-03-31,MBOT,USD,2020-05-15,2020-04-14 14:00:52,Q1,0.0,0.0,0.0,0.0,691000.0,1472000.0,0.0,0.0,2163000.0,2163000.0,42000.0,17000.0,-2146000.0,0.0,-2163000.0,0.0,0.0,-2205000.0,0.0,0.0,-2205000.0,0.0,-0.31,-0.31,7154245.0,7154245.0,https://www.sec.gov/Archives/edgar/data/883975/000149315220009113/0001493152-20-009113-index.htm,https://www.sec.gov/Archives/edgar/data/883975/000149315220009113/form10-q.htm,1620594805,17:13:25,20210509
4,2019-12-31,MBOT,USD,2020-04-14,2020-04-14 14:00:52,Q4,0.0,0.0,0.0,0.0,841000.0,982000.0,0.0,0.0,1988000.0,1988000.0,0.0,40000.0,-1948000.0,0.0,-1988000.0,0.0,0.0,-1870000.0,0.0,0.0,-1870000.0,0.0,-0.2613832766420496,-0.2613832766420496,7154245.0,7154245.0,https://www.sec.gov/Archives/edgar/data/883975/000149315220006338/form10-k.htm,https://www.sec.gov/Archives/edgar/data/883975/000149315220006338/form10-k.htm,1620594805,17:13:25,20210509
5,2019-09-30,MBOT,USD,2019-11-14 00:00:00,2019-11-14 15:34:26,Q3,0.0,0.0,0.0,0.0,843000.0,948000.0,0.0,0.0,1791000.0,1791000.0,0.0,19000.0,-1772000.0,0.0,-1791000.0,0.0,0.0,-1874000.0,0.0,0.0,-1874000.0,0.0,-0.44,-0.44,4307666.0,4307666.0,https://www.sec.gov/Archives/edgar/data/883975/000149315219017399/0001493152-19-017399-index.html,https://www.sec.gov/Archives/edgar/data/883975/000149315219017399/form10-q.htm,1620594805,17:13:25,20210509
6,2019-06-30,MBOT,USD,2019-08-14,2019-08-14 11:00:21,Q2,0.0,0.0,0.0,0.0,741000.0,804000.0,0.0,0.0,1545000.0,1545000.0,0.0,14000.0,-1531000.0,0.0,-1545000.0,0.0,0.0,-1542000.0,0.0,0.0,-1542000.0,0.0,-0.36,-0.36,4307666.0,4307666.0,https://www.sec.gov/Archives/edgar/data/883975/000149315219012348/form10-q.htm,https://www.sec.gov/Archives/edgar/data/883975/000149315219012348/form10-q.htm,1620594805,17:13:25,20210509
7,2019-03-31,MBOT,USD,2019-04-01 00:00:00,2019-04-01 16:39:22,Q1,0.0,0.0,0.0,0.0,587000.0,1329000.0,0.0,0.0,1916000.0,1916000.0,0.0,11000.0,-1905000.0,0.0,-1916000.0,0.0,0.0,-1961000.0,0.0,0.0,-1961000.0,0.0,-0.48,-0.48,4086223.0,4086223.0,https://www.sec.gov/Archives/edgar/data/883975/000149315219004545/0001493152-19-004545-index.html,https://www.sec.gov/Archives/edgar/data/883975/000149315219004545/form10-k.htm,1620594805,17:13:25,20210509
8,2018-12-31,MBOT,USD,2019-04-01 00:00:00,2019-04-01 16:39:22,Q4,0.0,0.0,0.0,0.0,762000.0,1094000.0,0.0,0.0,2084000.0,2084000.0,0.0,5000.0,-2079000.0,0.0,-2084000.0,0.0,0.0,-2129000.0,0.0,0.0,-2129000.0,0.0,-0.5210190437477348,-0.5210190437477348,4086223.0,4086223.0,https://www.sec.gov/Archives/edgar/data/883975/000149315219004545/0001493152-19-004545-index.html,https://www.sec.gov/Archives/edgar/data/883975/000149315219004545/form10-k.htm,1620594805,17:13:25,20210509
9,2018-09-30,MBOT,USD,2018-11-14 00:00:00,2018-11-14 14:15:24,Q3,0.0,0.0,0.0,0.0,623000.0,1130000.0,0.0,0.0,1753000.0,1753000.0,0.0,26000.0,-1727000.0,0.0,-1753000.0,0.0,0.0,-1749000.0,0.0,0.0,-1749000.0,0.0,-0.58,-0.58,2947633.0,2947633.0,https://www.sec.gov/Archives/edgar/data/883975/000149315218015985/0001493152-18-015985-index.html,https://www.sec.gov/Archives/edgar/data/883975/000149315218015985/form10-q.htm,1620594805,17:13:25,20210509
10,2018-06-30,MBOT,USD,2018-08-14 00:00:00,2018-08-14 12:28:48,Q2,0.0,0.0,0.0,0.0,747000.0,1145000.0,0.0,0.0,1892000.0,1892000.0,0.0,13000.0,-1879000.0,0.0,-1892000.0,0.0,0.0,-1893000.0,0.0,0.0,-1893000.0,0.0,-0.599997,-0.599997,2855442.0,2855442.0,https://www.sec.gov/Archives/edgar/data/883975/000149315218011667/0001493152-18-011667-index.html,https://www.sec.gov/Archives/edgar/data/883975/000149315218011667/form10-q.htm,1620594805,17:13:25,20210509
11,2018-03-31,MBOT,USD,2018-04-02 00:00:00,2018-04-02 17:30:32,Q1,0.0,0.0,0.0,0.0,383000.0,1132000.0,0.0,0.0,1515000.0,1515000.0,0.0,10000.0,-1505000.0,0.0,-1515000.0,0.0,0.0,-1469000.0,0.0,0.0,-1469000.0,0.0,-0.449998,-0.449998,2763587.0,2763587.0,https://www.sec.gov/Archives/edgar/data/883975/000149315218004562/0001493152-18-004562-index.html,https://www.sec.gov/Archives/edgar/data/883975/000149315218004562/form10-k.htm,1620594805,17:13:25,20210509
12,2017-12-31,MBOT,USD,2018-04-02 00:00:00,2018-04-02 17:30:32,Q4,0.0,0.0,0.0,0.0,200000.0,1181000.0,0.0,0.0,1537000.0,1537000.0,0.0,6000.0,-1531000.0,0.0,-1537000.0,0.0,0.0,-1587000.0,0.0,0.0,-1587000.0,0.0,-0.5742536782811614,-0.5742536782811614,2763587.0,2763587.0,https://www.sec.gov/Archives/edgar/data/883975/000149315218004562/0001493152-18-004562-index.html,https://www.sec.gov/Archives/edgar/data/883975/000149315218004562/form10-k.htm,1620594805,17:13:25,20210509
13,2017-09-30,MBOT,USD,2017-11-14 00:00:00,2017-11-14 16:31:57,Q3,0.0,0.0,0.0,0.0,339000.0,896000.0,0.0,0.0,1235000.0,1235000.0,0.0,3000.0,-1232000.0,0.0,-1235000.0,0.0,0.0,-1187000.0,0.0,0.0,-1187000.0,0.0,-0.449998,-0.449998,2358265.0,2358265.0,https://www.sec.gov/Archives/edgar/data/883975/000149315217013222/0001493152-17-013222-index.html,https://www.sec.gov/Archives/edgar/data/883975/000149315217013222/form10-q.htm,1620594805,17:13:25,20210509
14,2017-06-30,MBOT,USD,2017-08-14 00:00:00,2017-08-14 16:59:13,Q2,0.0,0.0,0.0,0.0,377000.0,885000.0,0.0,0.0,1262000.0,1262000.0,0.0,6000.0,-1256000.0,0.0,-1262000.0,0.0,0.0,-3508000.0,0.0,0.0,-3508000.0,0.0,-1.349993,-1.349993,2598532.0,2598532.0,https://www.sec.gov/Archives/edgar/data/883975/000149315217009271/0001493152-17-009271-index.html,https://www.sec.gov/Archives/edgar/data/883975/000149315217009271/form10-q.htm,1620594805,17:13:25,20210509
15,2017-03-31,MBOT,USD,2017-05-15 00:00:00,2017-05-15 17:13:35,Q1,0.0,0.0,0.0,0.0,184000.0,1047000.0,58000.0,0.0,1233000.0,1233000.0,170000.0,2000.0,-1231000.0,0.0,-1233000.0,0.0,96000.0,-1307000.0,0.0,0.0,-1307000.0,0.0,-0.599997,-0.599997,2178344.0,2178344.0,https://www.sec.gov/Archives/edgar/data/883975/000149315217005363/0001493152-17-005363-index.html,https://www.sec.gov/Archives/edgar/data/883975/000149315217005363/form10-q.htm,1620594805,17:13:25,20210509
16,2016-12-31,MBOT,USD,2017-03-21 00:00:00,2017-03-21 14:14:13,Q4,-85237.0,0.0,0.0,0.0,-8001802.0,780011.0,0.0,0.0,-7221791.0,-7221791.0,293471.0,-447616.0,6688938.0,-78.47458263430201,7136554.0,-83.72601100461067,-5203736.0,1630817.0,-19.13273578375588,0.0,1630817.0,-19.13273578375588,0.748649891844447,0.748649891844447,2178344.0,2178344.0,https://www.sec.gov/Archives/edgar/data/883975/000149315217002678/0001493152-17-002678-index.html,https://www.sec.gov/Archives/edgar/data/883975/000149315217002678/form10-k.htm,1620594805,17:13:25,20210509
17,2016-09-30,MBOT,USD,2016-11-03 00:00:00,2016-11-03 16:03:10,Q3,32762.0,0.0,32762.0,1.0,0.0,1909937.0,0.0,0.0,1909937.0,1909937.0,12500.0,3000.0,-1874175.0,-57.20575666931201,-1877175.0,-57.29732617056346,-2358413.0,-4247870.0,-129.65844576033209,0.0,-4247870.0,-129.65844576033209,-40.499838,-40.499838,103498.0,103498.0,https://www.sec.gov/Archives/edgar/data/883975/000119312516758803/0001193125-16-758803-index.html,https://www.sec.gov/Archives/edgar/data/883975/000119312516758803/d267613d10q.htm,1620594805,17:13:25,20210509
18,2016-06-30,MBOT,USD,2016-08-15,2016-08-15,Q2,29311.0,0.0,29311.0,1.0,3694097.0,1415719.0,0.0,8916641.0,5109816.0,5109816.0,128.0,2000.0,-5078505.0,-173.26276824400395,-5080505.0,-173.3310020128962,7592022.0,2515458.0,85.81958991504895,0.0,2515458.0,85.81958991504895,29.699881,29.699881,86570.0,86570.0,https://www.sec.gov/Archives/edgar/data/883975/000119312516681927/d398404d10q.htm,https://www.sec.gov/Archives/edgar/data/883975/000119312516681927/d398404d10q.htm,1620594805,17:13:25,20210509
19,2016-03-31,MBOT,USD,2016-05-10 00:00:00,2016-05-10 16:13:18,Q1,23164.0,0.0,23164.0,1.0,5208705.0,4628334.0,0.0,-2100.0,9837039.0,9837039.0,27901.0,276997.0,-9536878.0,-411.7111897772405,-9813875.0,-423.6692712830254,276128.0,-9561405.0,-412.7700310827146,0.0,-9561405.0,-412.7700310827146,-132.24708,-132.24708,72662.0,72662.0,https://www.sec.gov/Archives/edgar/data/883975/000119312516585591/0001193125-16-585591-index.html,https://www.sec.gov/Archives/edgar/data/883975/000119312516585591/d184554d10q.htm,1620594805,17:13:25,20210509
20,2015-12-31,MBOT,USD,2016-03-15 00:00:00,2016-03-15 09:27:23,Q4,28729.0,0.0,28729.0,1.0,5860013.0,0.0,0.0,-149.0,8136021.0,8136021.0,67853.0,285163.0,-7822129.0,-272.27292979219607,-8107292.0,-282.1988931045285,-786659.0,-8959964.0,-311.8787288106095,0.0,-8959964.0,-311.8787288106095,-129.6,-129.6,67750.0,67750.0,https://www.sec.gov/Archives/edgar/data/883975/000119312516504472/0001193125-16-504472-index.html,https://www.sec.gov/Archives/edgar/data/883975/000119312516504472/d135914d10k.htm,1620594805,17:13:25,20210509
21,2015-09-30,MBOT,USD,2015-11-02 00:00:00,2015-11-02 16:39:35,Q3,37030.0,0.0,37030.0,1.0,7719720.0,2305241.0,0.0,22367.0,10024961.0,10024961.0,106843.0,294835.0,-9693096.0,-261.7633270321361,-9987931.0,-269.72538482311637,449956.0,-9642647.0,-260.40094517958414,0.0,-9642647.0,-260.40094517958414,-145.8,-145.8,66961.0,66961.0,https://www.sec.gov/Archives/edgar/data/883975/000119312515362412/0001193125-15-362412-index.html,https://www.sec.gov/Archives/edgar/data/883975/000119312515362412/d13688d10q.htm,1620594805,17:13:25,20210509
22,2015-06-30,MBOT,USD,2015-08-06 00:00:00,2015-08-06 16:08:21,Q2,30131.0,0.0,30131.0,1.0,7238985.0,2063729.0,0.0,-33370.0,9302714.0,9302714.0,146267.0,276094.0,-8996489.0,-298.579170953503,-9272583.0,-307.74229199163653,954997.0,-8461714.0,-280.83083867113606,0.0,-8461714.0,-280.83083867113606,-145.8,-145.8,58759.0,58759.0,https://www.sec.gov/Archives/edgar/data/883975/000119312515280997/0001193125-15-280997-index.html,https://www.sec.gov/Archives/edgar/data/883975/000119312515280997/d47635d10q.htm,1620594805,17:13:25,20210509
23,2015-03-31,MBOT,USD,2015-05-05 00:00:00,2015-05-05 16:47:02,Q1,20997.0,0.0,20997.0,1.0,6292191.0,2689196.0,0.0,140981.0,8981387.0,8981387.0,185356.0,269604.0,-8690786.0,-413.9060818212126,-8960390.0,-426.7462018383579,-206349.0,-9350701.0,-445.3350954898319,0.0,-9350701.0,-445.3350954898319,-226.8,-226.8,42728.0,42728.0,https://www.sec.gov/Archives/edgar/data/883975/000119312515172269/0001193125-15-172269-index.html,https://www.sec.gov/Archives/edgar/data/883975/000119312515172269/d914119d10q.htm,1620594805,17:13:25,20210509
24,2014-12-31,MBOT,USD,2015-03-13,2015-03-13,Q4,161043.0,0.0,384579.0,2.3880516383822954,5849028.0,0.0,0.0,-7638.0,9774053.0,9550517.0,260343.0,314591.0,-9074883.0,-56.35068273690877,-9389474.0,-58.304142371913095,-120615.0,-9767997.0,-60.654589146998006,0.0,-10248608.0,-63.6389535714064,-243.0,-243.0,42422.0,42422.0,https://www.sec.gov/Archives/edgar/data/883975/000119312515091382/d873875d10k.htm,https://www.sec.gov/Archives/edgar/data/883975/000119312515091382/d873875d10k.htm,1620594805,17:13:25,20210509
25,2014-09-30,MBOT,USD,2014-11-13 00:00:00,2014-11-13 16:40:24,Q3,269664.0,58163.0,211501.0,0.784313071081049,4657479.0,0.0,0.0,-7244.0,6728677.0,6786840.0,311349.0,321050.0,-6196126.0,-22.977208674498634,-6517176.0,-24.167764328942685,4069116.0,-2757186.0,-10.224523851904593,0.0,-2757186.0,-10.224523851904593,-64.8,-64.8,41070.0,41070.0,https://www.sec.gov/Archives/edgar/data/883975/000119312514411251/0001193125-14-411251-index.html,https://www.sec.gov/Archives/edgar/data/883975/000119312514411251/d808112d10q.htm,1620594805,17:13:25,20210509
26,2014-06-30,MBOT,USD,2014-08-12 00:00:00,2014-08-12 17:21:33,Q2,242204.0,78097.0,164107.0,0.6775569354758798,6092284.0,0.0,0.0,-15245.0,8268081.0,8346178.0,343224.0,335707.0,-7768267.0,-32.07323991346138,-8103974.0,-33.459290515433274,-3669715.0,-12115224.0,-50.02074284487457,0.0,-12115224.0,-50.02074284487457,-356.4,-356.4,34389.0,34389.0,https://www.sec.gov/Archives/edgar/data/883975/000119312514306843/0001193125-14-306843-index.html,https://www.sec.gov/Archives/edgar/data/883975/000119312514306843/d759940d10q.htm,1620594805,17:13:25,20210509
27,2014-03-31,MBOT,USD,2014-05-14 00:00:00,2014-05-14 16:21:29,Q1,339480.0,87276.0,252204.0,0.7429126899964652,4904294.0,0.0,0.0,-15639.0,7151894.0,7239170.0,380488.0,335855.0,-6563835.0,-19.33496818663839,-6899690.0,-20.324290090726993,-342263.0,-7620256.0,-22.44684812065512,0.0,-7620256.0,-22.44684812065512,-226.8,-226.8,34162.0,34162.0,https://www.sec.gov/Archives/edgar/data/883975/000119312514199109/0001193125-14-199109-index.html,https://www.sec.gov/Archives/edgar/data/883975/000119312514199109/d719548d10q.htm,1620594805,17:13:25,20210509
28,2013-12-31,MBOT,USD,2014-03-13,2014-03-13,Q4,312581.0,86471.0,226110.0,0.7233645039205838,5980568.0,0.0,0.0,60022.0,9697078.0,9783549.0,381660.0,328221.0,-9142747.0,-29.249209005025897,-9470968.0,-30.299244035945883,2887705.0,-6962377.0,-22.273833022480574,0.0,-6962377.0,-22.273833022480574,-210.6,-210.6,33461.0,33461.0,https://www.sec.gov/Archives/edgar/data/883975/000119312514097773/d673433d10k.htm,https://www.sec.gov/Archives/edgar/data/883975/000119312514097773/d673433d10k.htm,1620594805,17:13:25,20210509
29,2013-09-30,MBOT,USD,2013-11-05 00:00:00,2013-11-05 17:13:21,Q3,324792.0,85743.0,239049.0,0.7360064287297716,5184365.0,0.0,0.0,-10094.0,6895114.0,6980857.0,382119.0,258946.0,-6397119.0,-19.696048547993794,-6656065.0,-20.49331572206212,-153605.0,-7191653.0,-22.142334170792385,0.0,-7191653.0,-22.142334170792385,-275.4,-275.4,25557.0,25557.0,https://www.sec.gov/Archives/edgar/data/883975/000119312513427929/0001193125-13-427929-index.html,https://www.sec.gov/Archives/edgar/data/883975/000119312513427929/d616160d10q.htm,1620594805,17:13:25,20210509
30,2013-06-30,MBOT,USD,2013-08-07 00:00:00,2013-08-07 17:17:20,Q2,281697.0,77573.0,204124.0,0.724622555440775,4804890.0,0.0,0.0,-14040.0,6386411.0,6463984.0,392855.0,232008.0,-5950279.0,-21.12297610553183,-6182287.0,-21.946584450668627,704670.0,-5868682.0,-20.833313808808757,0.0,-5868682.0,-20.833313808808757,-243.0,-243.0,24482.0,24482.0,https://www.sec.gov/Archives/edgar/data/883975/000119312513324514/0001193125-13-324514-index.html,https://www.sec.gov/Archives/edgar/data/883975/000119312513324514/d570879d10q.htm,1620594805,17:13:25,20210509
31,2013-03-31,MBOT,USD,2013-05-10 00:00:00,2013-05-09 17:45:24,Q1,284200.0,66841.0,217359.0,0.7648099929627024,4563890.0,0.0,0.0,32609.0,6451647.0,6518488.0,10148.0,239550.0,-5994738.0,-21.09337790288529,-6234288.0,-21.93627023223082,-178857.0,-6416447.0,-22.57722378606615,0.0,-6416447.0,-22.57722378606615,-275.4,-275.4,23619.0,23619.0,https://www.sec.gov/Archives/edgar/data/883975/000119312513211538/0001193125-13-211538-index.html,https://www.sec.gov/Archives/edgar/data/883975/000119312513211538/d521223d10q.htm,1620594805,17:13:25,20210509
32,2012-12-31,MBOT,USD,2013-03-21 00:00:00,2013-03-21 16:04:37,Q4,211090.0,55061.0,156029.0,0.739158652707376,4681230.0,0.0,0.0,0.0,6792360.0,6847421.0,10179.0,232194.0,-6404137.0,-30.338419631436828,-6636331.0,-31.438395944857643,3881863.0,0.0,0.0,0.0,-2758446.0,-13.067629920886825,-116.7892798170964,-116.7892798170964,23619.0,23619.0,https://www.sec.gov/Archives/edgar/data/883975/000119312513119450/0001193125-13-119450-index.html,https://www.sec.gov/Archives/edgar/data/883975/000119312513119450/d444048d10k.htm,1620594805,17:13:25,20210509
33,2012-09-30,MBOT,USD,2012-11-08 00:00:00,2012-11-08 16:16:14,Q3,263995.0,71891.0,192104.0,0.7276804484933427,3478142.0,0.0,0.0,0.0,5114580.0,5186471.0,11392.0,238385.0,-4684091.0,-17.743104983048923,-4922476.0,-18.646095569991857,-11405294.0,0.0,0.0,0.0,-16336790.0,-61.88295232864259,-874.8,-874.8,18622.0,18622.0,https://www.sec.gov/Archives/edgar/data/883975/000119312512460458/0001193125-12-460458-index.html,https://www.sec.gov/Archives/edgar/data/883975/000119312512460458/d398863d10q.htm,1620594805,17:13:25,20210509
34,2012-06-30,MBOT,USD,2012-08-08 00:00:00,2012-08-08 16:08:06,Q2,248834.0,64277.0,184557.0,0.7416872292371621,3749066.0,0.0,0.0,0.0,5524408.0,5588685.0,14175.0,249745.0,-5090106.0,-20.45582999107839,-5339851.0,-21.459491066333378,6184737.0,0.0,0.0,0.0,833522.0,3.3497110523481517,48.6,48.6,15312.0,15312.0,https://www.sec.gov/Archives/edgar/data/883975/000119312512344005/0001193125-12-344005-index.html,https://www.sec.gov/Archives/edgar/data/883975/000119312512344005/d368775d10q.htm,1620594805,17:13:25,20210509
35,2012-03-31,MBOT,USD,2012-05-10,2012-05-10,Q1,644036.0,71959.0,572077.0,0.8882686682110937,3938391.0,0.0,0.0,0.0,5862716.0,5934675.0,14447.0,271397.0,-5019242.0,-7.793418380338987,-5290639.0,-8.214818736840797,-4928563.0,0.0,0.0,0.0,-10229439.0,-15.883334161444392,-729.0,-729.0,14171.0,14171.0,https://www.sec.gov/Archives/edgar/data/883975/000119312512225445/d348272d10q.htm,https://www.sec.gov/Archives/edgar/data/883975/000119312512225445/d348272d10q.htm,1620594805,17:13:25,20210509
36,2011-12-31,MBOT,USD,2012-03-15 00:00:00,2012-03-15 06:12:48,Q4,541520.0,47421.0,494099.0,0.9124298271531984,4833919.0,0.0,0.0,0.0,7124074.0,7171495.0,14778.0,290764.0,-6339211.0,-11.706328482789186,-6629975.0,-12.243268946668637,-569615.0,0.0,0.0,0.0,-7211756.0,-13.317617077854926,-508.909462987792,-508.909462987792,14171.0,14171.0,https://www.sec.gov/Archives/edgar/data/883975/000119312512115972/0001193125-12-115972-index.html,https://www.sec.gov/Archives/edgar/data/883975/000119312512115972/d311896d10k.htm,1620594805,17:13:25,20210509
37,2011-09-30,MBOT,USD,2011-11-03 00:00:00,2011-11-02 19:48:02,Q3,223586.0,60501.0,163085.0,0.7294061345522528,4524334.0,0.0,0.0,0.0,6257563.0,6318064.0,16585.0,304914.0,-5789564.0,-25.89412575027059,-6094478.0,-27.25786945515372,1773197.0,0.0,0.0,0.0,-4334352.0,-19.38561448391223,-502.2,-502.2,8647.0,8647.0,https://www.sec.gov/Archives/edgar/data/883975/000119312511293275/0001193125-11-293275-index.html,https://www.sec.gov/Archives/edgar/data/883975/000119312511293275/d239693d10q.htm,1620594805,17:13:25,20210509
38,2011-06-30,MBOT,USD,2011-08-05 00:00:00,2011-08-04 19:19:13,Q2,234097.0,52365.0,181732.0,0.7763106746348736,5053834.0,0.0,0.0,0.0,7157096.0,7209461.0,19793.0,307192.0,-6668172.0,-28.484653797357506,-6975364.0,-29.79689615843005,2953518.0,0.0,0.0,0.0,-4035193.0,-17.237269166200335,-469.8,-469.8,8519.0,8519.0,https://www.sec.gov/Archives/edgar/data/883975/000095012311073078/0000950123-11-073078-index.html,https://www.sec.gov/Archives/edgar/data/883975/000095012311073078/f59655e10vq.htm,1620594805,17:13:25,20210509
39,2011-03-31,MBOT,USD,2011-05-10 00:00:00,2011-05-10 14:20:49,Q1,221467.0,54524.0,166943.0,0.7538053073369847,5525677.0,0.0,0.0,0.0,7601406.0,7655930.0,20207.0,305041.0,-7129422.0,-32.1918028419584,-7434463.0,-33.56916831853053,1706063.0,0.0,0.0,0.0,-5747235.0,-25.950751127707512,-648.0,-648.0,8444.0,8444.0,https://www.sec.gov/Archives/edgar/data/883975/000095012311048152/0000950123-11-048152-index.html,https://www.sec.gov/Archives/edgar/data/883975/000095012311048152/f59157e10vq.htm,1620594805,17:13:25,20210509
40,2010-12-31,MBOT,USD,2011-03-11,2011-03-11,Q4,699049.0,63886.0,635163.0,0.9086101260426666,5922947.0,0.0,0.0,0.0,8410429.0,8474315.0,20607.0,351718.0,-7423548.0,-10.619495915164745,-7775266.0,-11.12263374956548,-1162914.0,0.0,0.0,0.0,-8956873.0,-12.812940151548746,-1060.7381572714353,-1060.7381572714353,8444.0,8444.0,https://www.sec.gov/Archives/edgar/data/883975/000095012311024882/f58670e10vk.htm,https://www.sec.gov/Archives/edgar/data/883975/000095012311024882/f58670e10vk.htm,1620594805,17:13:25,20210509
41,2010-09-30,MBOT,USD,2010-11-03 00:00:00,2010-11-02 20:25:48,Q3,253519.0,35914.0,217605.0,0.8583380338357283,5200612.0,0.0,0.0,0.0,7218484.0,7254398.0,22221.0,379143.0,-6621736.0,-26.11928888959013,-7000879.0,-27.614809935350014,1459933.0,0.0,0.0,0.0,-5552256.0,-21.90074905628375,-648.0,-648.0,7845.0,7845.0,https://www.sec.gov/Archives/edgar/data/883975/000095012310099661/0000950123-10-099661-index.html,https://www.sec.gov/Archives/edgar/data/883975/000095012310099661/f57169e10vq.htm,1620594805,17:13:25,20210509
42,2010-06-30,MBOT,USD,2010-08-09 00:00:00,2010-08-09 16:10:21,Q2,244131.0,24862.0,219269.0,0.8981612331084541,4858228.0,0.0,0.0,0.0,7144906.0,7169768.0,25054.0,371604.0,-6554033.0,-26.84637755958891,-6925637.0,-28.368527552830244,2327035.0,0.0,0.0,0.0,-4610347.0,-18.884725823430863,-648.0,-648.0,7401.0,7401.0,https://www.sec.gov/Archives/edgar/data/883975/000095012310075015/0000950123-10-075015-index.html,https://www.sec.gov/Archives/edgar/data/883975/000095012310075015/f56518e10vq.htm,1620594805,17:13:25,20210509
43,2010-03-31,MBOT,USD,2010-05-04 00:00:00,2010-05-03 19:54:54,Q1,230273.0,43762.0,186511.0,0.8099560087374551,5037514.0,0.0,0.0,0.0,7622256.0,7666018.0,25500.0,418307.0,-7017438.0,-30.47442817872699,-7435745.0,-32.290998076196516,1336576.0,0.0,0.0,0.0,-6124075.0,-26.594846117434525,-810.0,-810.0,7343.0,7343.0,https://www.sec.gov/Archives/edgar/data/883975/000095012310042929/0000950123-10-042929-index.html,https://www.sec.gov/Archives/edgar/data/883975/000095012310042929/f55598e10vq.htm,1620594805,17:13:25,20210509
44,2009-12-31,MBOT,USD,2010-03-11 00:00:00,2010-03-10 20:31:35,Q4,417649.0,60464.0,357185.0,0.8552277151387888,5650634.0,0.0,0.0,0.0,8977939.0,9038403.0,25944.0,473677.0,-8147077.0,-19.506995108332596,-8620754.0,-20.641146034109983,3401411.0,0.0,0.0,0.0,-5233758.0,-12.531474994552843,-712.7547323982023,-712.7547323982023,7343.0,7343.0,https://www.sec.gov/Archives/edgar/data/883975/000095012310023245/0000950123-10-023245-index.html,https://www.sec.gov/Archives/edgar/data/883975/000095012310023245/f55153e10vk.htm,1620594805,17:13:25,20210509
45,2009-09-30,MBOT,USD,2009-11-05 00:00:00,2009-11-04 18:47:44,Q3,253168.0,141453.0,111715.0,0.44126824875181697,4988569.0,0.0,0.0,0.0,7100407.0,7241860.0,27613.0,465950.0,-6522742.0,-25.76448050306516,-6988692.0,-27.604957972571572,1866033.0,0.0,0.0,0.0,-5144741.0,-20.321450578272135,-810.0,-810.0,6682.0,6682.0,https://www.sec.gov/Archives/edgar/data/883975/000095012309057776/0000950123-09-057776-index.html,https://www.sec.gov/Archives/edgar/data/883975/000095012309057776/f53914e10vq.htm,1620594805,17:13:25,20210509
46,2009-06-30,MBOT,USD,2009-08-10 00:00:00,2009-08-07 18:45:57,Q2,265451.0,59525.0,205926.0,0.7757589913015962,5054600.0,2201974.0,0.0,0.0,7256574.0,7316099.0,29074.0,456516.0,-6594132.0,-24.841240002863053,-7050648.0,-26.5610150272555,-294971.0,0.0,0.0,0.0,-7366355.0,-27.75033810383084,-1134.0,-1134.0,6467.0,6467.0,https://www.sec.gov/Archives/edgar/data/883975/000095012309032297/0000950123-09-032297-index.html,https://www.sec.gov/Archives/edgar/data/883975/000095012309032297/f53248e10vq.htm,1620594805,17:13:25,20210509
47,2009-03-31,MBOT,USD,2009-05-08 00:00:00,2009-05-07 20:29:38,Q1,56603.0,0.0,56603.0,1.0,4235788.0,2538913.0,0.0,0.0,6774701.0,6774701.0,28175.0,298347.0,-6419751.0,-113.41715103439746,-6718098.0,-118.68802006960762,-2577228.0,0.0,0.0,0.0,-9281554.0,-163.97636167694293,-1620.0,-1620.0,5928.0,5928.0,https://www.sec.gov/Archives/edgar/data/883975/000095013409009988/0000950134-09-009988-index.html,https://www.sec.gov/Archives/edgar/data/883975/000095013409009988/f52393e10vq.htm,1620594805,17:13:25,20210509
48,2008-12-31,MBOT,USD,2009-03-16 00:00:00,2009-03-16 06:01:12,Q4,172169.0,0.0,172169.0,1.0,4720844.0,0.0,0.0,0.0,6403633.0,6403633.0,25752.0,290811.0,-5940653.0,-34.5047772827861,-6231464.0,-36.193879269787246,-3890132.0,0.0,0.0,0.0,-10082360.0,-58.56083267022519,-1700.8029689608636,-1700.8029689608636,5928.0,5928.0,https://www.sec.gov/Archives/edgar/data/883975/000095013409005379/0000950134-09-005379-index.html,https://www.sec.gov/Archives/edgar/data/883975/000095013409005379/f51823e10vk.htm,1620594805,17:13:25,20210509
49,2008-09-30,MBOT,USD,2008-11-04 00:00:00,2008-11-03 19:57:13,Q3,12379.0,0.0,12379.0,1.0,4171799.0,0.0,0.0,0.0,5857015.0,5857015.0,26849.0,293378.0,-5551258.0,-448.4415542450925,-5844636.0,-472.1412068826238,-10800.0,0.0,0.0,0.0,-5743953.0,-464.00783585103807,-1134.0,-1134.0,4997.0,4997.0,https://www.sec.gov/Archives/edgar/data/883975/000095013408019151/0000950134-08-019151-index.html,https://www.sec.gov/Archives/edgar/data/883975/000095013408019151/f50335e10vq.htm,1620594805,17:13:25,20210509
50,2008-06-30,MBOT,USD,2008-08-05 00:00:00,2008-08-04 20:06:09,Q2,29832.0,0.0,29832.0,1.0,4415615.0,0.0,0.0,0.0,6928711.0,6928711.0,28970.0,299592.0,-6599287.0,-221.21503754357735,-6898879.0,-231.25767632072942,-170986.0,0.0,0.0,0.0,-6715476.0,-225.10981496379728,-1296.0,-1296.0,4988.0,4988.0,https://www.sec.gov/Archives/edgar/data/883975/000095013408014008/0000950134-08-014008-index.html,https://www.sec.gov/Archives/edgar/data/883975/000095013408014008/f42237e10vq.htm,1620594805,17:13:25,20210509
51,2008-03-31,MBOT,USD,2008-05-06 00:00:00,2008-05-05 21:08:55,Q1,17350.0,0.0,17350.0,1.0,4499751.0,0.0,0.0,0.0,6914204.0,6914204.0,28191.0,302647.0,-6594207.0,-380.0695677233429,-6896854.0,-397.51319884726223,-163859.0,0.0,0.0,0.0,-6544989.0,-377.232795389049,-1296.0,-1296.0,4981.0,4981.0,https://www.sec.gov/Archives/edgar/data/883975/000095013408008468/0000950134-08-008468-index.html,https://www.sec.gov/Archives/edgar/data/883975/000095013408008468/f40451e10vq.htm,1620594805,17:13:25,20210509
52,2007-12-31,MBOT,USD,2008-03-14,2008-03-14,Q4,29774.0,0.0,29774.0,1.0,5798129.0,0.0,0.0,0.0,7569621.0,7569621.0,26829.0,305078.0,-7234769.0,-242.98948747229127,-7539847.0,-253.23594411231275,-791948.0,0.0,0.0,0.0,-7825557.0,-262.8319003157117,-1571.0815097370007,-1571.0815097370007,4981.0,4981.0,https://www.sec.gov/Archives/edgar/data/883975/000089161808000164/f38946e10vk.htm,https://www.sec.gov/Archives/edgar/data/883975/000089161808000164/f38946e10vk.htm,1620594805,17:13:25,20210509
53,2007-09-30,MBOT,USD,2007-11-05 00:00:00,2007-11-02 19:01:08,Q3,13162.0,0.0,13162.0,1.0,5621955.0,0.0,0.0,0.0,7748891.0,7748891.0,29405.0,300900.0,-7434829.0,-564.8707643215317,-7735729.0,-587.7320316061389,-5985.0,0.0,0.0,0.0,-7153503.0,-543.4966570430025,-1458.0,-1458.0,4942.0,4942.0,https://www.sec.gov/Archives/edgar/data/883975/000095013407022682/0000950134-07-022682-index.html,https://www.sec.gov/Archives/edgar/data/883975/000095013407022682/f35090e10vq.htm,1620594805,17:13:25,20210509
54,2007-06-30,MBOT,USD,2007-07-30 00:00:00,2007-07-30 16:56:03,Q2,7840.0,0.0,7840.0,1.0,4498204.0,0.0,0.0,0.0,5906861.0,5906861.0,34055.0,302051.0,-5596970.0,-713.8992346938776,-5899021.0,-752.4261479591837,-146445.0,0.0,0.0,0.0,-5423990.0,-691.8354591836735,-1134.0,-1134.0,4925.0,4925.0,https://www.sec.gov/Archives/edgar/data/883975/000095013407016186/0000950134-07-016186-index.html,https://www.sec.gov/Archives/edgar/data/883975/000095013407016186/f32015e10vq.htm,1620594805,17:13:25,20210509
55,2007-03-31,MBOT,USD,2007-05-07 00:00:00,2007-05-04 18:19:58,Q1,5946.0,0.0,0.0,0.0,4019138.0,0.0,0.0,0.0,6505451.0,6505451.0,0.0,266481.0,-6233024.0,-1048.2717793474606,-6499505.0,-1093.0886310124454,1037699.0,0.0,0.0,0.0,-4619752.0,-776.9512277161117,-972.0,-972.0,4849.0,4849.0,https://www.sec.gov/Archives/edgar/data/883975/000095013407010283/0000950134-07-010283-index.html,https://www.sec.gov/Archives/edgar/data/883975/000095013407010283/f29933e10vq.htm,1620594805,17:13:25,20210509
56,2006-12-31,MBOT,USD,2007-03-15,2007-03-15,Q4,12444.0,0.0,12444.0,1.0,4197961.0,0.0,0.0,0.0,6582677.0,6582677.0,31842.0,253739.0,-6316494.0,-507.59353905496624,-6570233.0,-527.9840083574413,-211358.0,0.0,0.0,0.0,-5902686.0,-474.3399228543877,-1217.29964941225,-1217.29964941225,4849.0,4849.0,https://www.sec.gov/Archives/edgar/data/883975/000095013407005808/f27726e10vk.htm,https://www.sec.gov/Archives/edgar/data/883975/000095013407005808/f27726e10vk.htm,1620594805,17:13:25,20210509
57,2006-09-30,MBOT,USD,2006-10-31,2006-10-31,Q3,18321.0,0.0,18321.0,1.0,3523078.0,0.0,0.0,0.0,5580758.0,5580758.0,34062.0,262194.0,-5300243.0,-289.2987828175318,-5562437.0,-303.60990120626604,-170530.0,0.0,0.0,0.0,-4863209.0,-265.4445172206757,-972.0,-972.0,4801.0,4801.0,https://www.sec.gov/Archives/edgar/data/883975/000089161806000445/f24364e10vq.htm,https://www.sec.gov/Archives/edgar/data/883975/000089161806000445/f24364e10vq.htm,1620594805,17:13:25,20210509
58,2006-06-30,MBOT,USD,2006-07-31,2006-07-31,Q2,20535.0,0.0,20535.0,1.0,3187513.0,0.0,0.0,0.0,-4908758.0,-4908758.0,38505.0,266649.0,5195942.0,253.02858534209886,4929293.0,240.0434867299732,-74914.0,0.0,0.0,0.0,-3989359.0,-194.27119551984416,-810.0,-810.0,4759.0,4759.0,https://www.sec.gov/Archives/edgar/data/883975/000095013406014303/f22443e10vq.htm,https://www.sec.gov/Archives/edgar/data/883975/000095013406014303/f22443e10vq.htm,1620594805,17:13:25,20210509
59,2006-03-31,MBOT,USD,2006-04-27,2006-04-27,Q1,41550.0,0.0,41550.0,1.0,2691881.0,0.0,0.0,0.0,4525322.0,4525322.0,38593.0,262106.0,-4221666.0,-101.60447653429603,-4483772.0,-107.91268351383874,-166692.0,0.0,0.0,0.0,-4193126.0,-100.91759326113117,-972.0,-972.0,4039.0,4039.0,https://www.sec.gov/Archives/edgar/data/883975/000095013406008139/f19936e10vq.htm,https://www.sec.gov/Archives/edgar/data/883975/000095013406008139/f19936e10vq.htm,1620594805,17:13:25,20210509
60,2005-12-31,MBOT,USD,2006-03-16,2006-03-16,Q4,42569.0,0.0,42569.0,1.0,2475447.0,0.0,0.0,0.0,4644820.0,4644820.0,38132.0,248658.0,-4353593.0,-102.27144165942353,-4602251.0,-108.11273461908901,-19711.0,0.0,0.0,0.0,-4327538.0,-101.65937654161479,-1071.4379796979451,-1071.4379796979451,4039.0,4039.0,https://www.sec.gov/Archives/edgar/data/883975/000089161806000120/f18529e10vk.htm,https://www.sec.gov/Archives/edgar/data/883975/000089161806000120/f18529e10vk.htm,1620594805,17:13:25,20210509
61,2005-09-30,MBOT,USD,2005-10-28,2005-10-28,Q3,91255.0,0.0,0.0,0.0,2526542.0,0.0,0.0,0.0,4183189.0,4183189.0,0.0,567021.0,-3524913.0,-38.62706701002685,-4091934.0,-44.840655306558546,3739007.0,0.0,0.0,0.0,-93693.0,-1.0267163443099008,-23.653875284019186,-23.653875284019186,3961.0,3961.0,https://www.sec.gov/Archives/edgar/data/883975/000095013405019892/f13816e10vq.htm,https://www.sec.gov/Archives/edgar/data/883975/000095013405019892/f13816e10vq.htm,1620594805,17:13:25,20210509
62,2005-06-30,MBOT,USD,2005-07-29,2005-07-29,Q2,36769.0,0.0,36769.0,1.0,2102362.0,0.0,0.0,0.0,4120864.0,4120864.0,45345.0,424965.0,-3659130.0,-99.51671244798608,-4084095.0,-111.07441050885257,-235.0,0.0,0.0,0.0,-3868286.0,-105.20509124534254,-972.0,-972.0,3893.0,3893.0,https://www.sec.gov/Archives/edgar/data/883975/000095013405014309/f11029e10vq.htm,https://www.sec.gov/Archives/edgar/data/883975/000095013405014309/f11029e10vq.htm,1620594805,17:13:25,20210509
63,2005-03-31,MBOT,USD,2005-05-02,2005-05-02,Q1,35321.0,0.0,35321.0,1.0,1824930.0,0.0,0.0,0.0,3645109.0,3645109.0,46411.0,196773.0,-3413015.0,-96.62849296452535,-3609788.0,-102.19948472580052,-20397.0,0.0,0.0,0.0,-3448833.0,-97.64256391381898,-972.0,-972.0,3852.0,3852.0,https://www.sec.gov/Archives/edgar/data/883975/000095013405008582/f08457e10vq.htm,https://www.sec.gov/Archives/edgar/data/883975/000095013405008582/f08457e10vq.htm,1620594805,17:13:25,20210509
64,2004-12-31,MBOT,USD,2005-03-15,2005-03-15,Q4,37564.0,0.0,37564.0,1.0,2878065.0,0.0,0.0,0.0,5069709.0,5069709.0,45981.0,1089404.0,-3942741.0,-104.96062719625174,-5032145.0,-133.96190501544032,-4599.0,0.0,0.0,0.0,-4919440.0,-130.96155893941008,-1277.1131879543095,-1277.1131879543095,3852.0,3852.0,https://www.sec.gov/Archives/edgar/data/883975/000095013405004962/f06774e10vk.htm,https://www.sec.gov/Archives/edgar/data/883975/000095013405004962/f06774e10vk.htm,1620594805,17:13:25,20210509
65,2004-09-30,MBOT,USD,2004-10-29,2004-10-29,Q3,4541.0,0.0,0.0,0.0,2075025.0,0.0,0.0,0.0,4324693.0,4324693.0,0.0,259344.0,-4060808.0,-894.2541290464656,-4320152.0,-951.3657784628937,-53886.0,0.0,0.0,0.0,-4337600.0,-955.208103941863,-1296.0,-1296.0,3347.0,3347.0,https://www.sec.gov/Archives/edgar/data/883975/000095013404015950/f02635e10vq.htm,https://www.sec.gov/Archives/edgar/data/883975/000095013404015950/f02635e10vq.htm,1620594805,17:13:25,20210509
66,2004-06-30,MBOT,USD,2004-07-30,2004-07-30,Q2,5837.0,0.0,5837.0,1.0,1939415.0,0.0,0.0,0.0,3284147.0,3284147.0,49436.0,248610.0,-3029700.0,-519.0508823025527,-3278310.0,-561.6429672777111,-2184.0,0.0,0.0,0.0,-3302647.0,-565.8124036320028,-1296.0,-1296.0,2658.0,2658.0,https://www.sec.gov/Archives/edgar/data/883975/000095013404010901/f00614e10vq.htm,https://www.sec.gov/Archives/edgar/data/883975/000095013404010901/f00614e10vq.htm,1620594805,17:13:25,20210509
67,2004-03-31,MBOT,USD,2004-05-03,2004-05-03,Q1,93093.0,0.0,93093.0,1.0,1867927.0,0.0,0.0,0.0,2862326.0,2862326.0,49495.0,269930.0,-2499303.0,-26.84737842802359,-2769233.0,-29.746951972758424,-1011.0,0.0,0.0,0.0,-2770612.0,-29.761765116603826,-1134.0,-1134.0,2531.0,2531.0,https://www.sec.gov/Archives/edgar/data/883975/000089161804000950/f98515e10vq.htm,https://www.sec.gov/Archives/edgar/data/883975/000089161804000950/f98515e10vq.htm,1620594805,17:13:25,20210509
68,2003-12-31,MBOT,USD,2004-04-06,2004-04-06,Q4,121390.0,0.0,121390.0,1.0,1619561.0,0.0,0.0,0.0,4816880.0,4816880.0,49611.0,29075.0,-4666415.0,-38.441510832852785,-4695490.0,-38.681028091276055,-9087.0,0.0,0.0,0.0,-4739317.0,-39.042071010791666,-1872.5077044646384,-1872.5077044646384,2531.0,2531.0,https://www.sec.gov/Archives/edgar/data/883975/000095013404004708/f97676e10vk.htm,https://www.sec.gov/Archives/edgar/data/883975/000095013404004708/f97676e10vk.htm,1620594805,17:13:25,20210509
69,2003-09-30,MBOT,USD,2003-10-24,2003-10-24,Q3,32790.0,0.0,32790.0,1.0,1444219.0,0.0,0.0,0.0,2451248.0,2451248.0,50198.0,293243.0,-2125215.0,-64.81290027447392,-2418458.0,-73.75596218359256,26628.0,0.0,0.0,0.0,-2429283.0,-74.0860933211345,-1296.0,-1296.0,2087.0,2087.0,https://www.sec.gov/Archives/edgar/data/883975/000089161803005463/f93804e10vq.htm,https://www.sec.gov/Archives/edgar/data/883975/000089161803005463/f93804e10vq.htm,1620594805,17:13:25,20210509
70,2003-06-30,MBOT,USD,2003-08-04,2003-08-04,Q2,60297.0,0.0,0.0,0.0,1740102.0,0.0,0.0,0.0,2742733.0,2742733.0,0.0,447896.0,-2234540.0,-37.058891818830126,-2682436.0,-44.48705574074995,14397.0,0.0,0.0,0.0,-2712660.0,-44.988307876013735,-2106.0,-2106.0,1923.0,1923.0,https://www.sec.gov/Archives/edgar/data/883975/000089161803004107/f91945e10vq.htm,https://www.sec.gov/Archives/edgar/data/883975/000089161803004107/f91945e10vq.htm,1620594805,17:13:25,20210509
71,2003-03-31,MBOT,USD,2003-05-15,2003-05-15,Q1,58953.0,0.0,0.0,0.0,1339794.0,0.0,0.0,0.0,2408796.0,2408796.0,0.0,242919.0,-2106924.0,-35.73904635896392,-2349843.0,-39.859600020355195,-6070.0,0.0,0.0,0.0,-2409492.0,-40.87140603531627,-1620.0,-1620.0,1663.0,1663.0,https://www.sec.gov/Archives/edgar/data/883975/000089161803002603/f90227e10vq.htm,https://www.sec.gov/Archives/edgar/data/883975/000089161803002603/f90227e10vq.htm,1620594805,17:13:25,20210509
72,2002-12-31,MBOT,USD,2002-12-31,2002-12-31,Q4,89067.0,0.0,89067.0,1.0,875373.0,0.0,0.0,0.0,1818116.0,1818116.0,53140.0,669240.0,-1059809.0,-11.899008611494718,-1729049.0,-19.412902646322433,-98103.0,0.0,0.0,0.0,-1771590.0,-19.89053184681195,-1065.2976548406493,-1065.2976548406493,1663.0,1663.0,,,1620594805,17:13:25,20210509
73,2002-09-30,MBOT,USD,2002-09-30,2002-09-30,Q3,89682.0,0.0,89682.0,1.0,1873316.0,891601.0,0.0,0.0,2764917.0,2764917.0,55304.0,-102042.0,-2777277.0,-30.968053790058207,-2675235.0,-29.83023349167057,5130.0,0.0,0.0,0.0,-2725409.0,-30.389699159251577,-1944.0,-1944.0,1550.0,1550.0,,,1620594805,17:13:25,20210509
74,2002-06-30,MBOT,USD,2002-06-30,2002-06-30,Q2,125329.0,0.0,125329.0,1.0,2114514.0,1051540.0,0.0,0.0,3166054.0,3166054.0,59654.0,27660.0,-3013065.0,-24.041243447246845,-3040725.0,-24.261942567163228,42450.0,0.0,0.0,0.0,-3057929.0,-24.39921327067159,-2430.0,-2430.0,1503.0,1503.0,,,1620594805,17:13:25,20210509
75,2002-03-31,MBOT,USD,2002-08-02,2002-08-02,Q1,111299.0,0.0,111299.0,1.0,1536996.0,1339373.0,0.0,0.0,2876369.0,2876369.0,58624.0,-192668.0,-2957738.0,-26.57470417523967,-2765070.0,-24.84361943952776,13568.0,0.0,0.0,0.0,-2810126.0,-25.248438889837285,-2106.0,-2106.0,1495.0,1495.0,https://www.sec.gov/Archives/edgar/data/883975/000091205702029581/0000912057-02-029581-index.htm,https://www.sec.gov/Archives/edgar/data/883975/000091205702029581/a2085679z10-qa.txt,1620594805,17:13:25,20210509
76,2001-12-31,MBOT,USD,2001-12-31,2001-12-31,Q4,128694.0,0.0,128694.0,1.0,2545487.0,1126529.0,0.0,0.0,3672016.0,3672016.0,0.0,1414716.0,-2128606.0,-16.54005625747898,-3543322.0,-27.532923057796012,-179928.0,0.0,0.0,0.0,-3522484.0,-27.371004087214633,-2356.1765886287626,-2356.1765886287626,1495.0,1495.0,,,1620594805,17:13:25,20210509
77,2001-09-30,MBOT,USD,2001-11-07 00:00:00,2001-11-07 00:00:00,Q3,276537.0,0.0,276537.0,1.0,1554558.0,564068.0,0.0,0.0,2118626.0,2118626.0,0.0,184512.0,-1657577.0,-5.994051428922712,-1842089.0,-6.661274983094486,55001.0,0.0,0.0,0.0,-1787088.0,-6.462382972260493,-1296.0,-1296.0,1419.0,1419.0,https://www.sec.gov/Archives/edgar/data/883975/000091205701538065/0000912057-01-538065-index.html,https://www.sec.gov/Archives/edgar/data/883975/000091205701538065/a2062714z10-q.txt,1620594805,17:13:25,20210509
78,2001-06-30,MBOT,USD,2001-08-10 00:00:00,2001-08-10 00:00:00,Q2,300000.0,0.0,300000.0,1.0,2859141.0,1100300.0,0.0,0.0,3959441.0,3959441.0,0.0,148899.0,-3510542.0,-11.701806666666666,-3659441.0,-12.198136666666667,5253976.0,0.0,0.0,0.0,1594535.0,5.3151166666666665,1201.6088922381311,1110.400417827298,1327.0,1436.0,https://www.sec.gov/Archives/edgar/data/883975/000091205701527692/0000912057-01-527692-index.html,https://www.sec.gov/Archives/edgar/data/883975/000091205701527692/a2056446z10-q.txt,1620594805,17:13:25,20210509
79,2001-03-31,MBOT,USD,2001-03-31,2001-03-31,Q1,100000.0,-142554.0,242554.0,2.42554,1644257.0,996862.0,0.0,0.0,2783673.0,2641119.0,0.0,142554.0,-2398565.0,-23.98565,-2541119.0,-25.41119,2809660.0,268541.0,2.68541,0.0,268541.0,2.68541,207.36756756756756,194.17281272595807,1295.0,1383.0,,,1620594805,17:13:25,20210509
80,2000-12-31,MBOT,USD,2000-12-31,2000-12-31,Q4,74299.0,-2165773.0,2240072.0,30.149423276221754,3181129.0,442455.0,0.0,0.0,5789357.0,3623584.0,63226.0,2165773.0,-1383512.0,-18.620869729067685,-3549285.0,-47.77029300528944,-2951523.0,0.0,0.0,0.0,-6476287.0,-87.16519737816121,-5000.9938223938225,-5000.9938223938225,1295.0,1295.0,,,1620594805,17:13:25,20210509
81,2000-09-30,MBOT,USD,2000-11-14 00:00:00,2000-11-14 00:00:00,Q3,1.0,-209813.0,209814.0,209814.0,1137947.0,840490.0,0.0,0.0,2188250.0,1978437.0,66720.0,209813.0,-1768623.0,-1768623.0,-1978436.0,-1978436.0,-494069.0,0.0,0.0,0.0,-2539226.0,-2539226.0,-2106.0,-2106.0,1247.0,1247.0,https://www.sec.gov/Archives/edgar/data/883975/000091205700049953/0000912057-00-049953-index.html,https://www.sec.gov/Archives/edgar/data/883975/000091205700049953/a2031075z10-q.txt,1620594805,17:13:25,20210509
82,2000-06-30,MBOT,USD,2000-08-14 00:00:00,2000-08-14 00:00:00,Q2,1.0,-159435.0,159436.0,159436.0,873793.0,1065693.0,0.0,0.0,2098921.0,1939486.0,0.0,159435.0,-1780050.0,-1780050.0,-1939485.0,-1939485.0,1481488.0,0.0,0.0,0.0,-531706.0,-531706.0,-486.0,-486.0,1194.0,1194.0,https://www.sec.gov/Archives/edgar/data/883975/000091205700037493/0000912057-00-037493-index.html,https://www.sec.gov/Archives/edgar/data/883975/000091205700037493/a10-q.txt,1620594805,17:13:25,20210509
83,2000-03-31,MBOT,USD,2000-04-17 00:00:00,2000-04-17 00:00:00,Q1,1.0,-248199.0,248200.0,248200.0,786139.0,1012593.0,0.0,0.0,2046931.0,1798732.0,68858.0,248199.0,-1550532.0,-1550532.0,-1798731.0,-1798731.0,73332.0,0.0,0.0,0.0,-1794258.0,-1794258.0,-1458.0,-1458.0,1193.0,1193.0,https://www.sec.gov/Archives/edgar/data/883975/000091205700018436/0000912057-00-018436-index.html,https://www.sec.gov/Archives/edgar/data/883975/0000912057-00-018436.txt,1620594805,17:13:25,20210509
84,1999-12-31,MBOT,USD,1999-12-31,1999-12-31,Q4,21707.0,-446170.0,467877.0,21.554199106279082,1584027.0,-2372697.0,0.0,0.0,-342500.0,-788670.0,0.0,446170.0,1256547.0,57.886718570046526,810377.0,37.33251946376745,-6447806.0,0.0,0.0,0.0,-5208626.0,-239.9514442345787,-4365.989941324392,-4365.989941324392,1193.0,1193.0,,,1620594805,17:13:25,20210509
85,1999-09-30,MBOT,USD,1999-09-30,1999-09-30,Q3,100000.0,-600000.0,700000.0,7.0,1600000.0,5100000.0,0.0,0.0,7300000.0,6700000.0,100000.0,400000.0,-6200000.0,-62.0,-6600000.0,-66.0,0.0,0.0,0.0,0.0,-6700000.0,-67.0,-5832.0,-5832.0,1149.0,1149.0,,,1620594805,17:13:25,20210509
86,1999-06-30,MBOT,USD,1999-06-30,1999-06-30,Q2,2500000.0,-600000.0,3100000.0,1.24,3300000.0,1200000.0,0.0,0.0,5100000.0,4500000.0,0.0,600000.0,-1400000.0,-0.56,-2000000.0,-0.8,0.0,0.0,0.0,0.0,-1800000.0,-0.72,-1620.0,-1620.0,1111.0,1111.0,,,1620594805,17:13:25,20210509
87,1999-03-31,MBOT,USD,1999-03-31,1999-03-31,Q1,2500000.0,-600000.0,3100000.0,1.24,3600000.0,1000000.0,0.0,0.0,5200000.0,4600000.0,100000.0,600000.0,-1500000.0,-0.6,-2100000.0,-0.84,200000.0,0.0,0.0,0.0,-1900000.0,-0.76,-1620.0,-1620.0,1173.0,1173.0,,,1620594805,17:13:25,20210509
88,1998-12-31,MBOT,USD,1998-12-31,1998-12-31,Q4,2500000.0,-1200000.0,3700000.0,1.48,4000000.0,900000.0,0.0,0.0,6100000.0,4900000.0,100000.0,1200000.0,-1200000.0,-0.48,-2400000.0,-0.96,300000.0,0.0,0.0,0.0,-2200000.0,-0.88,-1875.532821824382,-1875.532821824382,1173.0,1173.0,,,1620594805,17:13:25,20210509
89,1998-09-30,MBOT,USD,1998-09-30,1998-09-30,Q3,2500000.0,-600000.0,3100000.0,1.24,4300000.0,1300000.0,0.0,0.0,6200000.0,5600000.0,100000.0,600000.0,-2500000.0,-1.0,-3100000.0,-1.24,300000.0,0.0,0.0,0.0,-2900000.0,-1.16,-2592.0,-2592.0,1119.0,1119.0,,,1620594805,17:13:25,20210509
90,1998-06-30,MBOT,USD,1998-06-30,1998-06-30,Q2,1900000.0,-500000.0,2400000.0,1.263157894736842,4900000.0,1300000.0,0.0,0.0,6700000.0,6200000.0,0.0,500000.0,-3800000.0,-2.0,-4300000.0,-2.263157894736842,400000.0,0.0,0.0,0.0,-4000000.0,-2.1052631578947367,-3564.0,-3564.0,1122.0,1122.0,,,1620594805,17:13:25,20210509
91,1998-03-31,MBOT,USD,1998-03-31,1998-03-31,Q1,1800000.0,-500000.0,2300000.0,1.2777777777777777,4500000.0,1100000.0,0.0,0.0,6100000.0,5600000.0,0.0,500000.0,-3300000.0,-1.8333333333333333,-3800000.0,-2.111111111111111,400000.0,0.0,0.0,0.0,-3500000.0,-1.9444444444444444,-3078.0,-3078.0,1137.0,1137.0,,,1620594805,17:13:25,20210509
92,1997-12-31,MBOT,USD,1997-12-31,1997-12-31,Q4,1900000.0,18000000.0,-16100000.0,-8.473684210526315,0.0,1300000.0,0.0,0.0,-20100000.0,-2100000.0,0.0,600000.0,4600000.0,2.4210526315789473,4000000.0,2.1052631578947367,-4900000.0,0.0,0.0,0.0,-1100000.0,-0.5789473684210527,-967.4582233948988,-967.4582233948988,1137.0,1137.0,,,1620594805,17:13:25,20210509
93,1997-09-30,MBOT,USD,1997-09-30,1997-09-30,Q3,1800000.0,-500000.0,2300000.0,1.2777777777777777,12900000.0,1400000.0,0.0,0.0,14800000.0,14300000.0,0.0,500000.0,-12000000.0,-6.666666666666667,-12500000.0,-6.944444444444445,400000.0,0.0,0.0,0.0,-12100000.0,-6.722222222222222,-11826.0,-11826.0,1023.0,1023.0,,,1620594805,17:13:25,20210509
94,1997-06-30,MBOT,USD,1997-06-30,1997-06-30,Q2,5100000.0,-500000.0,5600000.0,1.0980392156862746,4400000.0,1700000.0,0.0,0.0,6600000.0,6100000.0,100000.0,500000.0,-500000.0,-0.09803921568627451,-1000000.0,-0.19607843137254902,500000.0,0.0,0.0,0.0,-700000.0,-0.13725490196078433,-648.0,-648.0,1080.0,1080.0,,,1620594805,17:13:25,20210509
95,1997-03-31,MBOT,USD,1997-03-31,1997-03-31,Q1,1900000.0,-500000.0,2400000.0,1.263157894736842,4700000.0,1800000.0,0.0,0.0,7000000.0,6500000.0,200000.0,500000.0,-4100000.0,-2.1578947368421053,-4600000.0,-2.4210526315789473,500000.0,0.0,0.0,0.0,-4200000.0,-2.210526315789474,-4212.0,-4212.0,1016.0,1016.0,,,1620594805,17:13:25,20210509
96,1996-12-31,MBOT,USD,1996-12-31,1996-12-31,Q4,1800000.0,-600000.0,2400000.0,1.3333333333333333,4800000.0,1700000.0,0.0,0.0,7100000.0,6500000.0,100000.0,600000.0,-4100000.0,-2.2777777777777777,-4700000.0,-2.611111111111111,500000.0,0.0,0.0,0.0,-4500000.0,-2.5,-4429.133858267716,-4429.133858267716,1016.0,1016.0,,,1620594805,17:13:25,20210509
97,1996-09-30,MBOT,USD,1996-09-30,1996-09-30,Q3,1800000.0,-400000.0,2200000.0,1.2222222222222223,4200000.0,1600000.0,0.0,0.0,6200000.0,5800000.0,200000.0,400000.0,-3600000.0,-2.0,-4000000.0,-2.2222222222222223,600000.0,0.0,0.0,0.0,-3600000.0,-2.0,-3726.0,-3726.0,952.0,952.0,,,1620594805,17:13:25,20210509
