,date,symbol,reportedCurrency,fillingDate,acceptedDate,period,revenue,costOfRevenue,grossProfit,grossProfitRatio,researchAndDevelopmentExpenses,generalAndAdministrativeExpenses,sellingAndMarketingExpenses,otherExpenses,operatingExpenses,costAndExpenses,interestExpense,depreciationAndAmortization,ebitda,ebitdaratio,operatingIncome,operatingIncomeRatio,totalOtherIncomeExpensesNet,incomeBeforeTax,incomeBeforeTaxRatio,incomeTaxExpense,netIncome,netIncomeRatio,eps,epsdiluted,weightedAverageShsOut,weightedAverageShsOutDil,link,finalLink,timestamp,est_time,est_date
0,2018-12-31,VLP,USD,2019-02-25 00:00:00,2019-02-25 17:11:09,Q4,28314000,6602000.0,21712000,0.7668291304654941,0.0,8350000.0,0.0,19477000.0,27827000.0,61518000,14541000.0,19657000.0,97407000,3.440241576605213,77750000,2.745991382355019,811000.0,64020000,2.261072261072261,372000.0,63648000,2.2479338842975207,0.9191,0.9191,69250000,69250000,https://www.sec.gov/Archives/edgar/data/1583103/000158310319000003/0001583103-19-000003-index.html,https://www.sec.gov/Archives/edgar/data/1583103/000158310319000003/vlpform10-kx12312018.htm,1620599554,18:32:34,20210509
1,2018-09-30,VLP,USD,2018-11-05 00:00:00,2018-11-05 16:14:17,Q3,28512000,6176000.0,22336000,0.7833894500561167,0.0,4082000.0,0.0,19307000.0,4082000.0,56077000,14348000.0,19066000.0,103579000,3.632821268237935,84513000,2.9641203703703702,610000.0,70775000,2.4822881593714925,426000.0,70349000,2.467347081930415,1.01587,1.01587,69250000,69250000,https://www.sec.gov/Archives/edgar/data/1583103/000158310318000022/0001583103-18-000022-index.html,https://www.sec.gov/Archives/edgar/data/1583103/000158310318000022/vlpform10-qx09302018.htm,1620599554,18:32:34,20210509
2,2018-06-30,VLP,USD,2018-08-03 00:00:00,2018-08-03 09:56:49,Q2,26376000,6758000.0,19618000,0.7437822262663027,0.0,4158000.0,0.0,19210000.0,4158000.0,56377000,14271000.0,18865000.0,97115000,3.6819457082195934,78250000,2.966712162572035,411000.0,64390000,2.4412344555656658,371000.0,64019000,2.4271686381558992,0.92446,0.92446,69250000,69250000,https://www.sec.gov/Archives/edgar/data/1583103/000158310318000017/0001583103-18-000017-index.html,https://www.sec.gov/Archives/edgar/data/1583103/000158310318000017/vlpform10-qx06302018.htm,1620599554,18:32:34,20210509
3,2018-03-31,VLP,USD,2018-05-04 00:00:00,2018-05-04 11:42:22,Q1,26616000,6783000.0,19833000,0.7451532912533815,0.0,4112000.0,0.0,18950000.0,4112000.0,53953000,11908000.0,18540000.0,96529000,3.626728283739104,77989000,2.9301547941088066,382000.0,66463000,2.497107003306282,384000.0,66079000,2.482679591223324,0.95421,0.95421,69250000,69250000,https://www.sec.gov/Archives/edgar/data/1583103/000158310318000013/0001583103-18-000013-index.html,https://www.sec.gov/Archives/edgar/data/1583103/000158310318000013/vlpform10-qx03312018.htm,1620599554,18:32:34,20210509
4,2017-12-31,VLP,USD,2018-02-22 00:00:00,2018-02-22 17:17:32,Q4,126304000,108374000.0,17930000,0.14195908284773245,0.0,3991000.0,0.0,22166000.0,4031000.0,51409000,10428000.0,16082000.0,90977000,0.7203018115024069,74895000,0.5929740942487965,753000.0,64674000,0.5120502913605269,410000.0,64264000,0.5088041550544717,0.928,0.928,69250000,69250000,https://www.sec.gov/Archives/edgar/data/1583103/000158310318000008/0001583103-18-000008-index.html,https://www.sec.gov/Archives/edgar/data/1583103/000158310318000008/vlpform10-kx12312017.htm,1620599554,18:32:34,20210509
5,2017-09-30,VLP,USD,2017-11-08 00:00:00,2017-11-08 10:01:22,Q3,109340000,125320000.0,-15980000,-0.14614962502286447,0.0,3865000.0,0.0,20197000.0,4402000.0,42993000,8747000.0,12113000.0,78460000,0.7175781964514358,66347000,0.6067953173586976,300000.0,57900000,0.5295408816535577,311000.0,56975000,0.5210810316444119,0.82274,0.82274,69250000,69250000,https://www.sec.gov/Archives/edgar/data/1583103/000158310317000030/0001583103-17-000030-index.html,https://www.sec.gov/Archives/edgar/data/1583103/000158310317000030/vlpform10-qx09302017.htm,1620599554,18:32:34,20210509
6,2017-06-30,VLP,USD,2017-08-08 00:00:00,2017-08-08 12:22:11,Q2,110545000,27055000.0,83490000,0.7552580397123343,0.0,3863000.0,0.0,19321000.0,30918000.0,43423000,8551000.0,12505000.0,79627000,0.7203129947080374,67122000,0.6071916414129992,182000.0,58753000,0.5314849156452124,310000.0,58753000,0.5314849156452124,0.84842,0.84842,69250000,69250000,https://www.sec.gov/Archives/edgar/data/1583103/000158310317000022/0001583103-17-000022-index.html,https://www.sec.gov/Archives/edgar/data/1583103/000158310317000022/vlpform10-qx06302017.htm,1620599554,18:32:34,20210509
7,2017-03-31,VLP,USD,2017-05-09 00:00:00,2017-05-09 10:35:29,Q1,105816000,23545000.0,82271000,0.7774911166553262,0.0,3830000.0,0.0,18818000.0,27375000.0,39150000,8289000.0,11775000.0,78441000,0.741296212293037,66666000,0.6300181447040145,64000.0,58441000,0.5522888788084978,304000.0,58441000,0.5522888788084978,0.84391,0.84391,69250000,69250000,https://www.sec.gov/Archives/edgar/data/1583103/000158310317000017/0001583103-17-000017-index.html,https://www.sec.gov/Archives/edgar/data/1583103/000158310317000017/vlpform10-qx03312017.htm,1620599554,18:32:34,20210509
8,2016-12-31,VLP,USD,2017-02-27 00:00:00,2017-02-27 12:35:38,Q4,104148000,23654000.0,80494000,0.7728809002573261,0.0,3791000.0,0.0,26314000.0,27445000.0,38758000,5333000.0,11313000.0,76703000,0.736480777355302,65390000,0.6278565118869301,74000.0,60131000,0.577361063102508,332000.0,60131000,0.577361063102508,0.8683176895306859,3.443337341808395,69250000,17463000,https://www.sec.gov/Archives/edgar/data/1583103/000158310317000012/0001583103-17-000012-index.html,https://www.sec.gov/Archives/edgar/data/1583103/000158310317000012/vlpform10-kx12312016.htm,1620599554,18:32:34,20210509
9,2016-09-30,VLP,USD,2016-11-08 00:00:00,2016-11-08 11:03:38,Q3,92040000,31064000.0,60976000,0.6624945675793134,0.0,4094000.0,0.0,20155000.0,28183000.0,48841000,3672000.0,13409000.0,56608000,0.6150369404606693,43199000,0.4693502824858757,76000.0,39603000,0.4302803129074316,235000.0,39603000,0.4302803129074316,0.5718844765342961,1.6978050244362515,69250000,23326000,https://www.sec.gov/Archives/edgar/data/1583103/000158310316000076/0001583103-16-000076-index.html,https://www.sec.gov/Archives/edgar/data/1583103/000158310316000076/vlpform10-qx9302016.htm,1620599554,18:32:34,20210509
10,2016-06-30,VLP,USD,2016-08-04,2016-08-04 15:21:59,Q2,87664000,22301000.0,65363000,0.7456082314290929,0.0,3578000.0,0.0,14951000.0,24098000.0,37801000,3251000.0,11855000.0,61718000,0.7040290198941412,49863000,0.5687967694834823,57000.0,46669000,0.5323622011315934,303000.0,46669000,0.5323622011315934,0.6739205776173285,1.6210142410559223,69250000,28790000,https://www.sec.gov/Archives/edgar/data/1583103/000158310316000060/0001583103-16-000060-index.htm,https://www.sec.gov/Archives/edgar/data/1583103/000158310316000060/vlpform10-qx6302016.htm,1620599554,18:32:34,20210509
11,2016-03-31,VLP,USD,2016-05-06 00:00:00,2016-05-06 11:47:58,Q1,78767000,19096000.0,59671000,0.7575634466210469,0.0,4161000.0,0.0,12768000.0,23257000.0,32645000,2659000.0,9388000.0,55510000,0.7047367552401387,46122000,0.5855497860779261,77000.0,43540000,0.5527695608567039,242000.0,43540000,0.5527695608567039,0.6287364620938628,1.5123306703716568,69250000,28790000,https://www.sec.gov/Archives/edgar/data/1583103/000158310316000054/0001583103-16-000054-index.html,https://www.sec.gov/Archives/edgar/data/1583103/000158310316000054/vlpform10-qx3312016.htm,1620599554,18:32:34,20210509
12,2015-12-31,VLP,USD,2016-02-26 00:00:00,2016-02-26 12:29:21,Q4,79456000,36401000.0,43055000,0.5418722311719694,0.0,3589000.0,0.0,49094000.0,39990000.0,52306000,2748000.0,12316000.0,39466000,0.49670257752718483,27150000,0.3416985501409585,57000.0,24459000,0.3078307490938381,313000.0,24459000,0.3078307490938381,0.3531985559566787,0.8495658214657867,69250000,28790000,https://www.sec.gov/Archives/edgar/data/1583103/000158310316000046/0001583103-16-000046-index.html,https://www.sec.gov/Archives/edgar/data/1583103/000158310316000046/vlpform10-kx12312015.htm,1620599554,18:32:34,20210509
13,2015-09-30,VLP,USD,2015-11-03 00:00:00,2015-11-03 11:30:16,Q3,62037000,15042000.0,46995000,0.7575317955413705,0.0,3444000.0,0.0,11598000.0,18486000.0,29170000,1353000.0,10684000.0,43551000,0.7020165385173365,32867000,0.5297967342070055,29000.0,31543000,0.508454631913213,115000.0,31543000,0.508454631913213,0.4554945848375451,1.0956234803751304,69250000,28790000,https://www.sec.gov/Archives/edgar/data/1583103/000158310315000036/0001583103-15-000036-index.html,https://www.sec.gov/Archives/edgar/data/1583103/000158310315000036/vlpform10-qx9302015.htm,1620599554,18:32:34,20210509
14,2015-06-30,VLP,USD,2015-08-05 00:00:00,2015-08-05 15:36:01,Q2,60245000,14374000.0,45871000,0.7614075856917587,0.0,3160000.0,0.0,11214000.0,17534000.0,25249000,1411000.0,7715000.0,42711000,0.7089551000082994,34996000,0.5808946800564362,26000.0,33611000,0.5579052203502365,-51000.0,33611000,0.5579052203502365,0.48535740072202166,1.1674539770753734,69250000,28790000,https://www.sec.gov/Archives/edgar/data/1583103/000158310315000025/0001583103-15-000025-index.html,https://www.sec.gov/Archives/edgar/data/1583103/000158310315000025/vlpform10-qx6302015.htm,1620599554,18:32:34,20210509
15,2015-03-31,VLP,USD,2015-05-08 00:00:00,2015-05-08 12:22:33,Q1,41886000,17864000.0,24022000,0.5735090483693835,0.0,3565000.0,0.0,14299000.0,21429000.0,28917000,601000.0,7488000.0,20457000,0.48839707778255265,12969000,0.3096261280618823,111000.0,12479000,0.29792770854223366,-126000.0,12479000,0.29792770854223366,0.18020216606498196,0.4334491142757902,69250000,28790000,https://www.sec.gov/Archives/edgar/data/1583103/000158310315000019/0001583103-15-000019-index.html,https://www.sec.gov/Archives/edgar/data/1583103/000158310315000019/vlpform10-qx3312015.htm,1620599554,18:32:34,20210509
16,2014-12-31,VLP,USD,2015-02-27,2015-02-27 12:57:00,Q4,34182000,7692000.0,26490000,0.7749692820782869,0.0,2938000.0,0.0,4754000.0,10630000.0,14994000,209000.0,4364000.0,23552000,0.6890176116084489,19188000,0.5613480779357557,189000.0,19168000,0.5607629746650283,112000.0,19168000,0.5607629746650283,0.2767942238267148,0.6657867315039945,69250000,28790000,https://www.sec.gov/Archives/edgar/data/1583103/000158310315000008/0001583103-15-000008-index.htm,https://www.sec.gov/Archives/edgar/data/1583103/000158310315000008/vlpform10-kx12312014.htm,1620599554,18:32:34,20210509
17,2014-09-30,VLP,USD,2014-11-12 00:00:00,2014-11-12 14:18:38,Q3,49807000,12563000.0,37244000,0.747766378219929,0.0,3065000.0,0.0,8614000.0,11618000.0,22517000,214000.0,6005000.0,33295000,0.6684803340895858,27290000,0.5479149517136146,176000.0,27252000,0.5471520067460397,226000.0,27462000,0.551368281566848,0.39656317689530685,0.9538728725251824,69250000,28790000,https://www.sec.gov/Archives/edgar/data/1583103/000158310314000034/0001583103-14-000034-index.html,https://www.sec.gov/Archives/edgar/data/1583103/000158310314000034/vlpform10-qx9302014.htm,1620599554,18:32:34,20210509
18,2014-06-30,VLP,USD,2014-08-11 00:00:00,2014-08-11 12:08:07,Q2,23660000,5738000.0,17922000,0.7574809805579036,0.0,2848000.0,0.0,2890000.0,8586000.0,11610000,221000.0,3024000.0,15074000,0.6371090448013524,12050000,0.5092983939137785,491000.0,12320000,0.5207100591715976,120000.0,12200000,0.5156382079459002,0.17617328519855596,0.42375824939215007,69250000,28790000,https://www.sec.gov/Archives/edgar/data/1583103/000158310314000029/0001583103-14-000029-index.html,https://www.sec.gov/Archives/edgar/data/1583103/000158310314000029/vlpform10-qx6302014.htm,1620599554,18:32:34,20210509
19,2014-03-31,VLP,USD,2014-05-14 00:00:00,2014-05-14 10:21:22,Q1,21531000,5726000.0,15805000,0.734057870047838,0.0,2595000.0,0.0,3131000.0,8321000.0,11379000,228000.0,3058000.0,13210000,0.6135339742696577,10152000,0.47150620036226837,648000.0,10572000,0.49101295806047096,90000.0,10482000,0.48683293855371323,0.6076521739130435,0.3640847516498784,17250000,28790000,https://www.sec.gov/Archives/edgar/data/1583103/000158310314000019/0001583103-14-000019-index.html,https://www.sec.gov/Archives/edgar/data/1583103/000158310314000019/vlpform10-qx3312014.htm,1620599554,18:32:34,20210509
20,2013-12-31,VLP,USD,2013-12-31,2013-12-31,Q4,-108229471000,103521249000.0,4708222000,-0.04350221761686334,0.0,1692000.0,0.0,0.0,9582000.0,-104370698000,-453802000.0,-2241914000.0,-6026687000,0.055684343130532346,-3784773000,0.034969892812282154,0.0,-3434662000,0.03173499757750826,-700813000.0,-2371849000,0.021915001321590123,-137.4984927536232,-82.38447377561653,17250000,28790000,,,1620599554,18:32:34,20210509
