,date,symbol,reportedCurrency,fillingDate,acceptedDate,period,revenue,costOfRevenue,grossProfit,grossProfitRatio,researchAndDevelopmentExpenses,generalAndAdministrativeExpenses,sellingAndMarketingExpenses,otherExpenses,operatingExpenses,costAndExpenses,interestExpense,depreciationAndAmortization,ebitda,ebitdaratio,operatingIncome,operatingIncomeRatio,totalOtherIncomeExpensesNet,incomeBeforeTax,incomeBeforeTaxRatio,incomeTaxExpense,netIncome,netIncomeRatio,eps,epsdiluted,weightedAverageShsOut,weightedAverageShsOutDil,link,finalLink,timestamp,est_time,est_date
0,2018-09-30,HSV.L,GBP,2018-09-30,2018-09-30,Q3,0.0,0.0,0.0,0.0,0.0,0.0,0.0,0.0,0.0,0.0,0.0,0.0,0.0,0.0,0.0,0.0,0.0,0.0,0.0,0.0,0.0,0.0,0.0,0.0,0.0,0.0,https://find-and-update.company-information.service.gov.uk/search/companies?q=HomeServe+PLC,https://find-and-update.company-information.service.gov.uk/search/companies?q=HomeServe+PLC,1620593266,16:47:46,20210509
1,2017-09-30,HSV.L,GBP,2017-09-30,2017-09-30,Q3,0.0,0.0,0.0,0.0,0.0,0.0,0.0,0.0,0.0,0.0,0.0,0.0,0.0,0.0,0.0,0.0,0.0,0.0,0.0,0.0,0.0,0.0,0.0,0.0,0.0,0.0,https://find-and-update.company-information.service.gov.uk/search/companies?q=HomeServe+PLC,https://find-and-update.company-information.service.gov.uk/search/companies?q=HomeServe+PLC,1620593266,16:47:46,20210509
2,2016-09-30,HSV.L,GBP,2016-09-30,2016-09-30,Q3,0.0,0.0,0.0,0.0,0.0,0.0,0.0,0.0,0.0,0.0,0.0,0.0,0.0,0.0,0.0,0.0,0.0,0.0,0.0,0.0,0.0,0.0,0.0,0.0,0.0,0.0,https://find-and-update.company-information.service.gov.uk/search/companies?q=HomeServe+PLC,https://find-and-update.company-information.service.gov.uk/search/companies?q=HomeServe+PLC,1620593266,16:47:46,20210509
3,2015-09-30,HSV.L,GBP,2015-09-30,2015-09-30,Q3,0.0,0.0,0.0,0.0,0.0,0.0,0.0,0.0,0.0,0.0,0.0,8000000.0,0.0,0.0,0.0,0.0,0.0,0.0,0.0,0.0,0.0,0.0,0.0,0.0,0.0,0.0,https://find-and-update.company-information.service.gov.uk/search/companies?q=HomeServe+PLC,https://find-and-update.company-information.service.gov.uk/search/companies?q=HomeServe+PLC,1620593266,16:47:46,20210509
4,2014-09-30,HSV.L,GBP,2014-09-30,2014-09-30,Q3,0.0,0.0,0.0,0.0,0.0,0.0,0.0,0.0,0.0,0.0,0.0,8250000.0,0.0,0.0,0.0,0.0,0.0,0.0,0.0,0.0,0.0,0.0,0.0,0.0,0.0,0.0,https://find-and-update.company-information.service.gov.uk/search/companies?q=HomeServe+PLC,https://find-and-update.company-information.service.gov.uk/search/companies?q=HomeServe+PLC,1620593266,16:47:46,20210509
5,2013-09-30,HSV.L,GBP,2013-09-30,2013-09-30,Q3,0.0,0.0,0.0,0.0,0.0,0.0,0.0,0.0,0.0,0.0,0.0,8225000.0,0.0,0.0,0.0,0.0,0.0,0.0,0.0,0.0,0.0,0.0,0.0,0.0,0.0,0.0,https://find-and-update.company-information.service.gov.uk/search/companies?q=HomeServe+PLC,https://find-and-update.company-information.service.gov.uk/search/companies?q=HomeServe+PLC,1620593266,16:47:46,20210509
6,2012-09-30,HSV.L,GBP,2012-09-30,2012-09-30,Q3,0.0,0.0,0.0,0.0,0.0,0.0,0.0,0.0,0.0,0.0,0.0,6900000.0,0.0,0.0,0.0,0.0,0.0,0.0,0.0,0.0,0.0,0.0,0.0,0.0,0.0,0.0,https://find-and-update.company-information.service.gov.uk/search/companies?q=HomeServe+PLC,https://find-and-update.company-information.service.gov.uk/search/companies?q=HomeServe+PLC,1620593266,16:47:46,20210509
7,2011-09-30,HSV.L,GBP,2011-09-30,2011-09-30,Q3,0.0,0.0,0.0,0.0,0.0,0.0,0.0,0.0,0.0,0.0,0.0,4975000.0,0.0,0.0,0.0,0.0,0.0,0.0,0.0,0.0,0.0,0.0,0.0,0.0,0.0,0.0,https://find-and-update.company-information.service.gov.uk/search/companies?q=HomeServe+PLC,https://find-and-update.company-information.service.gov.uk/search/companies?q=HomeServe+PLC,1620593266,16:47:46,20210509
8,2010-09-30,HSV.L,GBP,2010-09-30,2010-09-30,Q3,0.0,0.0,0.0,0.0,0.0,0.0,0.0,0.0,0.0,0.0,0.0,4112750.0,0.0,0.0,0.0,0.0,0.0,0.0,0.0,0.0,0.0,0.0,0.0,0.0,0.0,0.0,https://find-and-update.company-information.service.gov.uk/search/companies?q=HomeServe+PLC,https://find-and-update.company-information.service.gov.uk/search/companies?q=HomeServe+PLC,1620593266,16:47:46,20210509
