,date,symbol,reportedCurrency,fillingDate,acceptedDate,period,revenue,costOfRevenue,grossProfit,grossProfitRatio,researchAndDevelopmentExpenses,generalAndAdministrativeExpenses,sellingAndMarketingExpenses,otherExpenses,operatingExpenses,costAndExpenses,interestExpense,depreciationAndAmortization,ebitda,ebitdaratio,operatingIncome,operatingIncomeRatio,totalOtherIncomeExpensesNet,incomeBeforeTax,incomeBeforeTaxRatio,incomeTaxExpense,netIncome,netIncomeRatio,eps,epsdiluted,weightedAverageShsOut,weightedAverageShsOutDil,link,finalLink,timestamp,est_time,est_date
0,2020-12-31,CDEV,USD,2021-02-24,2021-02-24 17:22:34,Q4,148077000.0,128358000.0,19719000.0,0.13316720354950465,0.0,19944000.0,0.0,110000.0,23000000.0,151358000.0,15871000.0,358270.278,-2922729.722,-0.01973790475225727,-3281000.0,-0.022157391087069565,-67692000.0,-88655000.0,-0.5987087798915429,85124.0,-88655000.0,-0.5987087798915429,-0.32,-0.32,277046875,277046875,https://www.sec.gov/Archives/edgar/data/1658566/000165856621000033/0001658566-21-000033-index.htm,https://www.sec.gov/Archives/edgar/data/1658566/000165856621000033/cdev-20201231.htm,1620590066,15:54:26,20210509
1,2020-09-30,CDEV,USD,2020-11-03,2020-11-03 16:33:17,Q3,149101000.0,113987000.0,35114000.0,0.23550479205370856,0.0,36130000.0,0.0,23000.0,38800000.0,152787000.0,15940000.0,283.722,-3685716.278,-0.024719594623778512,-3686000.0,-0.024721497508400345,-30125000.0,-51529000.0,-0.34559795038262653,0.0,-51529000.0,-0.34559795038262653,-0.19,-0.19,271205263,271205263,https://www.sec.gov/Archives/edgar/data/1658566/000165856620000149/0001658566-20-000149-index.htm,https://www.sec.gov/Archives/edgar/data/1658566/000165856620000149/cdev09302020q3.htm,1620590066,15:54:26,20210509
2,2020-06-30,CDEV,USD,2020-08-03,2020-08-03 17:25:44,Q2,90509000.0,118859000.0,-28350000.0,-0.31322851871084645,0.0,32394000.0,0.0,1000.0,36445000.0,155304000.0,15836000.0,0.0,26691000.0,0.29489884983813763,-64795000.0,-0.715895656785513,85580000.0,3414000.0,0.037720005745285,-1916000.0,5330000.0,0.05888917124263885,0.019232642810491713,0.019227439323540447,277133000,277208000,https://www.sec.gov/Archives/edgar/data/1658566/000165856620000124/0001658566-20-000124-index.htm,https://www.sec.gov/Archives/edgar/data/1658566/000165856620000124/cdev06302020q2.htm,1620590066,15:54:26,20210509
3,2020-03-31,CDEV,USD,2020-05-04 00:00:00,2020-05-04 17:27:19,Q1,192769000.0,133897000.0,58872000.0,0.3054018021569858,0.0,36326000.0,0.0,-53000.0,38319000.0,172216000.0,15622000.0,0.0,120959000.0,0.6274815971447691,20553000.0,0.10661984032702354,-637685000.0,-633553000.0,-3.286591723773013,-83208000.0,-547983000.0,-2.8426925491131874,-1.99,-1.99,275952000,275952000,https://www.sec.gov/Archives/edgar/data/1658566/000165856620000094/0001658566-20-000094-index.html,https://www.sec.gov/Archives/edgar/data/1658566/000165856620000094/cdev03312020q1.htm,1620590066,15:54:26,20210509
4,2019-12-31,CDEV,USD,2020-02-24 00:00:00,2020-02-24 17:10:34,Q4,256392000.0,161750000.0,94642000.0,0.3691300820618428,0.0,43929000.0,0.0,13000.0,45425000.0,207175000.0,15357000.0,0.0,171290000.0,0.6680785671939842,49217000.0,0.19195996754968953,-22668000.0,10401000.0,0.040566788355330896,739000.0,9618000.0,0.03751287091640925,0.03,0.03,320600000,320600000,https://www.sec.gov/Archives/edgar/data/1658566/000165856620000040/0001658566-20-000040-index.html,https://www.sec.gov/Archives/edgar/data/1658566/000165856620000040/cdev1231201910-k.htm,1620590066,15:54:26,20210509
5,2019-09-30,CDEV,USD,2019-11-04 00:00:00,2019-11-04 17:00:44,Q3,229130000.0,155050000.0,74080000.0,0.32330991140400644,0.0,41642000.0,0.0,62000.0,43758000.0,198808000.0,14463000.0,0.0,142321000.0,0.62113647274473,30322000.0,0.13233535547505781,-17396000.0,-2320000.0,-0.01012525640466111,1393000.0,-3585000.0,-0.015646139745995723,-0.01,-0.01,266205000,266205000,https://www.sec.gov/Archives/edgar/data/1658566/000165856619000125/0001658566-19-000125-index.html,https://www.sec.gov/Archives/edgar/data/1658566/000165856619000125/cdev09302019q3.htm,1620590066,15:54:26,20210509
6,2019-06-30,CDEV,USD,2019-08-05 00:00:00,2019-08-05 17:04:05,Q2,244239000.0,146999000.0,97240000.0,0.3981346140460778,0.0,35360000.0,0.0,133000.0,38539000.0,185538000.0,13662000.0,0.0,170173000.0,0.6967478576312547,58701000.0,0.24034245145124242,-19334000.0,24930000.0,0.10207215063933278,5928000.0,17877000.0,0.07319469863535308,0.06761909084719606,0.06467917292280975,264378000,276395000,https://www.sec.gov/Archives/edgar/data/1658566/000165856619000095/0001658566-19-000095-index.html,https://www.sec.gov/Archives/edgar/data/1658566/000165856619000095/cdev06302019q2.htm,1620590066,15:54:26,20210509
7,2019-03-31,CDEV,USD,2019-05-06 00:00:00,2019-05-06 17:25:18,Q1,214569000.0,126420000.0,88149000.0,0.4108188974176139,0.0,33741000.0,0.0,126000.0,35658000.0,162078000.0,9648000.0,0.0,148663000.0,0.6928447259389754,52491000.0,0.24463459306796415,-53131000.0,-10800000.0,-0.05033345916698125,-2263000.0,-8112000.0,-0.03780602044097703,-0.03,-0.03,264365000,264365000,https://www.sec.gov/Archives/edgar/data/1658566/000165856619000072/0001658566-19-000072-index.html,https://www.sec.gov/Archives/edgar/data/1658566/000165856619000072/cdev03312019q1.htm,1620590066,15:54:26,20210509
8,2018-12-31,CDEV,USD,2019-02-25 00:00:00,2019-02-25 17:20:10,Q4,222504000.0,126232000.0,96272000.0,0.4326753676338403,0.0,29724000.0,0.0,12000.0,32989000.0,159221000.0,7729000.0,0.0,164887000.0,0.7410518462589437,63283000.0,0.28441286448782943,-13544000.0,41519000.0,0.1865988926041779,8711000.0,30980000.0,0.1392334519828857,0.12,0.12,258166667,258166667,https://www.sec.gov/Archives/edgar/data/1658566/000165856619000028/0001658566-19-000028-index.html,https://www.sec.gov/Archives/edgar/data/1658566/000165856619000028/cdev1231201810-k.htm,1620590066,15:54:26,20210509
9,2018-09-30,CDEV,USD,2018-11-05 00:00:00,2018-11-05 16:37:31,Q3,234880000.0,107129000.0,127751000.0,0.5438990122615803,0.0,33104000.0,0.0,13000.0,35363000.0,142492000.0,6082000.0,0.0,175372000.0,0.7466450953678474,92388000.0,0.39334128065395096,-32528000.0,53326000.0,0.22703508174386922,11652000.0,39288000.0,0.1672683923705722,0.14884129732269027,0.14035739548575635,263959000,279914000,https://www.sec.gov/Archives/edgar/data/1658566/000165856618000077/0001658566-18-000077-index.html,https://www.sec.gov/Archives/edgar/data/1658566/000165856618000077/cdev09302018q3.htm,1620590066,15:54:26,20210509
10,2018-06-30,CDEV,USD,2018-08-06 00:00:00,2018-08-06 16:54:08,Q2,217763000.0,94128000.0,123635000.0,0.5677502606044186,0.0,29594000.0,0.0,-14000.0,30972000.0,125100000.0,5364000.0,0.0,167168000.0,0.7676602544968613,92663000.0,0.4255222420705079,550000.0,87422000.0,0.40145479259562,19940000.0,63541000.0,0.29178969797440335,0.24090735032624727,0.23797592563462994,263757000,267006000,https://www.sec.gov/Archives/edgar/data/1658566/000165856618000058/0001658566-18-000058-index.html,https://www.sec.gov/Archives/edgar/data/1658566/000165856618000058/cdev06302018q2.htm,1620590066,15:54:26,20210509
11,2018-03-31,CDEV,USD,2018-05-08 00:00:00,2018-05-08 16:38:38,Q1,215898000.0,82286000.0,133612000.0,0.6188663165013109,0.0,28506000.0,0.0,-3000.0,31572000.0,113858000.0,5434000.0,0.0,167668000.0,0.7766074720469851,102040000.0,0.47263059407683256,-6318000.0,89909000.0,0.416442023548157,19137000.0,66090000.0,0.30611677736709003,0.2529044404647105,0.24922412070155325,261324000,265183000,https://www.sec.gov/Archives/edgar/data/1658566/000165856618000028/0001658566-18-000028-index.html,https://www.sec.gov/Archives/edgar/data/1658566/000165856618000028/cdev03312018q1.htm,1620590066,15:54:26,20210509
12,2017-12-31,CDEV,USD,2018-02-26 00:00:00,2018-02-26 16:48:58,Q4,166130000.0,73193000.0,92937000.0,0.5594233431649913,0.0,24420000.0,0.0,0.0,35833000.0,109026000.0,3597000.0,0.0,115885000.0,0.697556130740986,57104000.0,0.3437308132185638,-7489000.0,46018000.0,0.2769999398061759,12628000.0,30536000.0,0.18380786131342924,0.11685111202951126,0.11685111202951126,261324000,261324000,https://www.sec.gov/Archives/edgar/data/1658566/000165856618000008/0001658566-18-000008-index.html,https://www.sec.gov/Archives/edgar/data/1658566/000165856618000008/cdev1231201710-k.htm,1620590066,15:54:26,20210509
13,2017-09-30,CDEV,USD,2017-11-07 00:00:00,2017-11-06 20:52:26,Q3,111611000.0,53760000.0,57851000.0,0.5183270466172689,0.0,23701000.0,0.0,0.0,24858000.0,78618000.0,1015000.0,0.0,75380000.0,0.6753814588167832,32993000.0,0.2956070638198744,-7485000.0,24493000.0,0.2194496958185125,8233000.0,14447000.0,0.1294406465312559,0.06460455590237096,0.05887698878455921,223622000,245376000,https://www.sec.gov/Archives/edgar/data/1658566/000165856617000007/0001658566-17-000007-index.html,https://www.sec.gov/Archives/edgar/data/1658566/000165856617000007/cdev09302017q3.htm,1620590066,15:54:26,20210509
14,2017-06-30,CDEV,USD,2017-08-09 00:00:00,2017-08-08 19:53:47,Q2,91064000.0,42573000.0,48491000.0,0.5324936308530265,0.0,18711000.0,0.0,0.0,20514000.0,63087000.0,707000.0,0.0,62391000.0,0.685133532460687,27977000.0,0.3072234911710445,4997000.0,32267000.0,0.3543332161995959,9069000.0,20762000.0,0.22799349907757183,0.09,0.09,230688889,230688889,https://www.sec.gov/Archives/edgar/data/1658566/000162828017008377/0001628280-17-008377-index.html,https://www.sec.gov/Archives/edgar/data/1658566/000162828017008377/cdev06302017q2.htm,1620590066,15:54:26,20210509
15,2017-03-31,CDEV,USD,2017-05-11 00:00:00,2017-05-11 13:57:52,Q1,61097000.0,33438000.0,27659000.0,0.4527063521940521,0.0,17309000.0,0.0,0.0,17309000.0,50747000.0,410000.0,0.0,36396000.0,0.5957084635906836,10350000.0,0.16940275299932894,767000.0,10707000.0,0.17524592042162462,0.0,9823000.0,0.16077712489974957,0.04868269764491317,0.0479306340330435,201776000,204942000,https://www.sec.gov/Archives/edgar/data/1658566/000162828017005392/0001628280-17-005392-index.html,https://www.sec.gov/Archives/edgar/data/1658566/000162828017005392/cdev03312017q1.htm,1620590066,15:54:26,20210509
16,2016-12-31,CDEV,USD,2017-03-23 00:00:00,2017-03-23 13:40:25,Q4,29717000.0,18418000.0,11299000.0,0.38022007605074537,0.0,15902000.0,0.0,0.0,16746000.0,35164000.0,378000.0,0.0,9381000.0,0.3156778948076858,-5447000.0,-0.18329575663761483,-3160000.0,-8985000.0,-0.30235218898273714,0.0,-8081000.0,-0.27193189083689473,-0.05,-0.05,165684000,165684000,https://www.sec.gov/Archives/edgar/data/1658566/000162828017002841/0001628280-17-002841-index.html,https://www.sec.gov/Archives/edgar/data/1658566/000162828017002841/cdev12311610-k.htm,1620590066,15:54:26,20210509
17,2016-09-30,CDEV,USD,2016-11-10 00:00:00,2016-11-10 15:06:48,Q3,0.0,0.0,0.0,0.0,0.0,777055.0,0.0,0.0,777055.0,777055.0,0.0,0.0,-1030033.0,0.0,-777055.0,0.0,252978.0,-524077.0,0.0,0.0,-524077.0,0.0,-0.04,-0.04,14674632,14674632,https://www.sec.gov/Archives/edgar/data/1658566/000110465916156199/0001104659-16-156199-index.html,https://www.sec.gov/Archives/edgar/data/1658566/000110465916156199/a16-17257_110q.htm,1620590066,15:54:26,20210509
18,2016-06-30,CDEV,USD,2016-08-11,2016-08-11 16:40:14,Q2,0.0,0.0,0.0,0.0,0.0,202350.0,0.0,0.0,202350.0,202350.0,0.0,0.0,-436582.0,0.0,-202350.0,0.0,234232.0,31882.0,0.0,0.0,31882.0,0.0,0.00218,0.00218,14622789,14622789,https://www.sec.gov/Archives/edgar/data/1658566/000110465916139006/a16-16497_110q.htm,https://www.sec.gov/Archives/edgar/data/1658566/000110465916139006/a16-16497_110q.htm,1620590066,15:54:26,20210509
19,2016-03-31,CDEV,USD,2016-03-31,2016-03-31,Q1,0.0,0.0,0.0,0.0,0.0,29943.0,0.0,0.0,29943.0,29943.0,0.0,0.0,-92525.0,0.0,-29943.0,0.0,62582.0,32639.0,0.0,0.0,32639.0,0.0,0.001125,0.001125,29022665,29022665,,,1620590066,15:54:26,20210509
