,date,symbol,reportedCurrency,fillingDate,acceptedDate,period,revenue,costOfRevenue,grossProfit,grossProfitRatio,researchAndDevelopmentExpenses,generalAndAdministrativeExpenses,sellingAndMarketingExpenses,otherExpenses,operatingExpenses,costAndExpenses,interestExpense,depreciationAndAmortization,ebitda,ebitdaratio,operatingIncome,operatingIncomeRatio,totalOtherIncomeExpensesNet,incomeBeforeTax,incomeBeforeTaxRatio,incomeTaxExpense,netIncome,netIncomeRatio,eps,epsdiluted,weightedAverageShsOut,weightedAverageShsOutDil,link,finalLink,timestamp,est_time,est_date
0,2019-06-30,TMG.L,GBP,2019-06-30,2019-06-30,Q2,42772750.0,22529750.0,20243000.0,0.4732686114406953,0.0,0.0,0.0,0.0,17554750.0,40302000.0,156750.0,217500.0,2688250.0,0.06284959466015161,2470750.0,0.05776458142158267,0.0,2073500.0,0.048477126207690645,467000.0,1578500.0,0.03690433745784407,0.018775,0.01785,84056636,88483410,https://find-and-update.company-information.service.gov.uk/search/companies?q=Mission+Group+PLC,https://find-and-update.company-information.service.gov.uk/search/companies?q=Mission+Group+PLC,1620598886,18:21:26,20210509
1,2019-03-31,TMG.L,GBP,2019-03-31,2019-03-31,Q1,42772750.0,22529750.0,20243000.0,0.4732686114406953,0.0,0.0,0.0,0.0,17554750.0,40302000.0,156750.0,217500.0,2688250.0,0.06284959466015161,2470750.0,0.05776458142158267,0.0,2073500.0,0.048477126207690645,467000.0,1578500.0,0.03690433745784407,0.018775,0.01785,84056636,88483410,https://find-and-update.company-information.service.gov.uk/search/companies?q=Mission+Group+PLC,https://find-and-update.company-information.service.gov.uk/search/companies?q=Mission+Group+PLC,1620598886,18:21:26,20210509
2,2019-01-31,TMG.L,GBP,2019-01-31,2019-01-31,Q1,42772750.0,22529750.0,20243000.0,0.4732686114406953,0.0,0.0,0.0,0.0,17554750.0,40302000.0,156750.0,217500.0,2688250.0,0.06284959466015161,2470750.0,0.05776458142158267,0.0,2073500.0,0.048477126207690645,467000.0,1578500.0,0.03690433745784407,0.018775,0.01785,84056636,88483410,https://find-and-update.company-information.service.gov.uk/search/companies?q=Mission+Group+PLC,https://find-and-update.company-information.service.gov.uk/search/companies?q=Mission+Group+PLC,1620598886,18:21:26,20210509
3,2018-06-30,TMG.L,GBP,2018-06-30,2018-06-30,Q2,39979000.0,20582750.0,19396250.0,0.48516095950373944,0.0,0.0,0.0,0.0,17030250.0,37613000.0,100750.0,636000.0,3002000.0,0.07508942194652192,2366000.0,0.059181070061782436,0.0,1883250.0,0.04710598063983591,427500.0,2269000.0,0.056754796268040725,0.027225,0.026575,83338888,85420298,https://find-and-update.company-information.service.gov.uk/search/companies?q=Mission+Group+PLC,https://find-and-update.company-information.service.gov.uk/search/companies?q=Mission+Group+PLC,1620598886,18:21:26,20210509
4,2018-03-31,TMG.L,GBP,2018-03-31,2018-03-31,Q1,39979000.0,20582750.0,19396250.0,0.48516095950373944,0.0,0.0,0.0,0.0,17030250.0,37613000.0,100750.0,636000.0,3002000.0,0.07508942194652192,2366000.0,0.059181070061782436,0.0,1883250.0,0.04710598063983591,427500.0,2269000.0,0.056754796268040725,0.027225,0.026575,83338888,85420298,https://find-and-update.company-information.service.gov.uk/search/companies?q=Mission+Group+PLC,https://find-and-update.company-information.service.gov.uk/search/companies?q=Mission+Group+PLC,1620598886,18:21:26,20210509
5,2018-01-31,TMG.L,GBP,2018-01-31,2018-01-31,Q1,39979000.0,20582750.0,19396250.0,0.48516095950373944,0.0,0.0,0.0,0.0,17030250.0,37613000.0,100750.0,636000.0,3002000.0,0.07508942194652192,2366000.0,0.059181070061782436,0.0,1883250.0,0.04710598063983591,427500.0,2269000.0,0.056754796268040725,0.027225,0.026575,83338888,85420298,https://find-and-update.company-information.service.gov.uk/search/companies?q=Mission+Group+PLC,https://find-and-update.company-information.service.gov.uk/search/companies?q=Mission+Group+PLC,1620598886,18:21:26,20210509
6,2017-06-30,TMG.L,GBP,2017-06-30,2017-06-30,Q2,36728000.0,19218000.0,17510000.0,0.4767479851884121,0.0,0.0,0.0,0.0,15455500.0,34673500.0,103500.0,555000.0,2609500.0,0.07104933565671967,2054500.0,0.05593824874754955,0.0,1461250.0,0.03978572206490961,335000.0,1100500.0,0.02996351557394903,0.013275,0.012875,82874398,85440341,https://find-and-update.company-information.service.gov.uk/search/companies?q=Mission+Group+PLC,https://find-and-update.company-information.service.gov.uk/search/companies?q=Mission+Group+PLC,1620598886,18:21:26,20210509
7,2017-03-31,TMG.L,GBP,2017-03-31,2017-03-31,Q1,36728000.0,19218000.0,17510000.0,0.4767479851884121,0.0,0.0,0.0,0.0,15455500.0,34673500.0,103500.0,555000.0,2609500.0,0.07104933565671967,2054500.0,0.05593824874754955,0.0,1461250.0,0.03978572206490961,335000.0,1100500.0,0.02996351557394903,0.013275,0.012875,82874398,85440341,https://find-and-update.company-information.service.gov.uk/search/companies?q=Mission+Group+PLC,https://find-and-update.company-information.service.gov.uk/search/companies?q=Mission+Group+PLC,1620598886,18:21:26,20210509
8,2017-01-31,TMG.L,GBP,2017-01-31,2017-01-31,Q1,36728000.0,19218000.0,17510000.0,0.4767479851884121,0.0,0.0,0.0,0.0,15455500.0,34673500.0,103500.0,555000.0,2609500.0,0.07104933565671967,2054500.0,0.05593824874754955,0.0,1461250.0,0.03978572206490961,335000.0,1100500.0,0.02996351557394903,0.013275,0.012875,82874398,85440341,https://find-and-update.company-information.service.gov.uk/search/companies?q=Mission+Group+PLC,https://find-and-update.company-information.service.gov.uk/search/companies?q=Mission+Group+PLC,1620598886,18:21:26,20210509
9,2016-06-30,TMG.L,GBP,2016-06-30,2016-06-30,Q2,36024000.0,19549500.0,16474500.0,0.4573201199200533,0.0,0.0,0.0,0.0,14585250.0,34134750.0,105750.0,530000.0,2419250.0,0.06715661781034865,1889250.0,0.052444203864090606,0.0,1470000.0,0.04080612924716855,342250.0,1108500.0,0.030771152564956696,0.0134,0.012975,82651400,85513871,https://find-and-update.company-information.service.gov.uk/search/companies?q=Mission+Group+PLC,https://find-and-update.company-information.service.gov.uk/search/companies?q=Mission+Group+PLC,1620598886,18:21:26,20210509
10,2016-03-31,TMG.L,GBP,2016-03-31,2016-03-31,Q1,36024000.0,19549500.0,16474500.0,0.4573201199200533,0.0,0.0,0.0,0.0,14585250.0,34134750.0,105750.0,530000.0,2419250.0,0.06715661781034865,1889250.0,0.052444203864090606,0.0,1470000.0,0.04080612924716855,342250.0,1108500.0,0.030771152564956696,0.0134,0.012975,82651400,85513871,https://find-and-update.company-information.service.gov.uk/search/companies?q=Mission+Group+PLC,https://find-and-update.company-information.service.gov.uk/search/companies?q=Mission+Group+PLC,1620598886,18:21:26,20210509
11,2016-01-31,TMG.L,GBP,2016-01-31,2016-01-31,Q1,36024000.0,19549500.0,16474500.0,0.4573201199200533,0.0,0.0,0.0,0.0,14585250.0,34134750.0,105750.0,530000.0,2419250.0,0.06715661781034865,1889250.0,0.052444203864090606,0.0,1470000.0,0.04080612924716855,342250.0,1108500.0,0.030771152564956696,0.0134,0.012975,82651400,85513871,https://find-and-update.company-information.service.gov.uk/search/companies?q=Mission+Group+PLC,https://find-and-update.company-information.service.gov.uk/search/companies?q=Mission+Group+PLC,1620598886,18:21:26,20210509
12,2015-09-30,TMG.L,GBP,2015-09-30,2015-09-30,Q3,33061500.0,17802250.0,15259250.0,0.46154136987130046,0.0,0.0,0.0,0.0,13526750.0,31329000.0,101250.0,530500.0,2263000.0,0.06844819503047352,1732500.0,0.052402341091602016,0.0,1284250.0,0.03884427506313991,258750.0,1002750.0,0.030329839843927228,0.01215,0.0117,82479427,85749108,https://find-and-update.company-information.service.gov.uk/search/companies?q=Mission+Group+PLC,https://find-and-update.company-information.service.gov.uk/search/companies?q=Mission+Group+PLC,1620598886,18:21:26,20210509
13,2015-06-30,TMG.L,GBP,2015-06-30,2015-06-30,Q2,33061500.0,17802250.0,15259250.0,0.46154136987130046,0.0,0.0,0.0,0.0,13526750.0,31329000.0,101250.0,530500.0,2263000.0,0.06844819503047352,1732500.0,0.052402341091602016,0.0,1284250.0,0.03884427506313991,258750.0,1002750.0,0.030329839843927228,0.01215,0.0117,82479427,85749108,https://find-and-update.company-information.service.gov.uk/search/companies?q=Mission+Group+PLC,https://find-and-update.company-information.service.gov.uk/search/companies?q=Mission+Group+PLC,1620598886,18:21:26,20210509
14,2015-03-31,TMG.L,GBP,2015-03-31,2015-03-31,Q1,33061500.0,17802250.0,15259250.0,0.46154136987130046,0.0,0.0,0.0,0.0,13526750.0,31329000.0,101250.0,530500.0,2263000.0,0.06844819503047352,1732500.0,0.052402341091602016,0.0,1284250.0,0.03884427506313991,258750.0,1002750.0,0.030329839843927228,0.01215,0.0117,82479427,85749108,https://find-and-update.company-information.service.gov.uk/search/companies?q=Mission+Group+PLC,https://find-and-update.company-information.service.gov.uk/search/companies?q=Mission+Group+PLC,1620598886,18:21:26,20210509
15,2015-01-31,TMG.L,GBP,2015-01-31,2015-01-31,Q1,33061500.0,17802250.0,15259250.0,0.46154136987130046,0.0,0.0,0.0,0.0,13526750.0,31329000.0,101250.0,530500.0,2263000.0,0.06844819503047352,1732500.0,0.052402341091602016,0.0,1284250.0,0.03884427506313991,258750.0,1002750.0,0.030329839843927228,0.01215,0.0117,82479427,85749108,https://find-and-update.company-information.service.gov.uk/search/companies?q=Mission+Group+PLC,https://find-and-update.company-information.service.gov.uk/search/companies?q=Mission+Group+PLC,1620598886,18:21:26,20210509
16,2014-09-30,TMG.L,GBP,2014-09-30,2014-09-30,Q3,31386750.0,17643750.0,13743000.0,0.43785992496833853,0.0,0.0,0.0,0.0,12223750.0,29867500.0,104750.0,453750.0,1973000.0,0.0628609206114045,1519250.0,0.04840418329390587,0.0,1355250.0,0.04317904848383474,294750.0,1049250.0,0.033429711582116654,0.013575,0.01265,77333357,82972919,https://find-and-update.company-information.service.gov.uk/search/companies?q=Mission+Group+PLC,https://find-and-update.company-information.service.gov.uk/search/companies?q=Mission+Group+PLC,1620598886,18:21:26,20210509
17,2014-06-30,TMG.L,GBP,2014-06-30,2014-06-30,Q2,31386750.0,17643750.0,13743000.0,0.43785992496833853,0.0,0.0,0.0,0.0,12223750.0,29867500.0,104750.0,453750.0,1973000.0,0.0628609206114045,1519250.0,0.04840418329390587,0.0,1355250.0,0.04317904848383474,294750.0,1049250.0,0.033429711582116654,0.013575,0.01265,77333357,82972919,https://find-and-update.company-information.service.gov.uk/search/companies?q=Mission+Group+PLC,https://find-and-update.company-information.service.gov.uk/search/companies?q=Mission+Group+PLC,1620598886,18:21:26,20210509
18,2014-03-31,TMG.L,GBP,2014-03-31,2014-03-31,Q1,31386750.0,17643750.0,13743000.0,0.43785992496833853,0.0,0.0,0.0,0.0,12223750.0,29867500.0,104750.0,453750.0,1973000.0,0.0628609206114045,1519250.0,0.04840418329390587,0.0,1355250.0,0.04317904848383474,294750.0,1049250.0,0.033429711582116654,0.013575,0.01265,77333357,82972919,https://find-and-update.company-information.service.gov.uk/search/companies?q=Mission+Group+PLC,https://find-and-update.company-information.service.gov.uk/search/companies?q=Mission+Group+PLC,1620598886,18:21:26,20210509
19,2014-01-31,TMG.L,GBP,2014-01-31,2014-01-31,Q1,31386750.0,17643750.0,13743000.0,0.43785992496833853,0.0,0.0,0.0,0.0,12223750.0,29867500.0,104750.0,453750.0,1973000.0,0.0628609206114045,1519250.0,0.04840418329390587,0.0,1355250.0,0.04317904848383474,294750.0,1049250.0,0.033429711582116654,0.013575,0.01265,77333357,82972919,https://find-and-update.company-information.service.gov.uk/search/companies?q=Mission+Group+PLC,https://find-and-update.company-information.service.gov.uk/search/companies?q=Mission+Group+PLC,1620598886,18:21:26,20210509
20,2013-09-30,TMG.L,GBP,2013-09-30,2013-09-30,Q3,31022500.0,18124000.0,12898500.0,0.4157788701748731,0.0,0.0,0.0,0.0,11557500.0,29681500.0,126500.0,385000.0,1726000.0,0.05563703763397534,1341000.0,0.04322669030542348,0.0,789250.0,0.025441212023531307,201000.0,588250.0,0.018962043677975663,0.007775,0.007175,75668570,82065213,https://find-and-update.company-information.service.gov.uk/search/companies?q=Mission+Group+PLC,https://find-and-update.company-information.service.gov.uk/search/companies?q=Mission+Group+PLC,1620598886,18:21:26,20210509
21,2013-06-30,TMG.L,GBP,2013-06-30,2013-06-30,Q2,31022500.0,18124000.0,12898500.0,0.4157788701748731,0.0,0.0,0.0,0.0,11557500.0,29681500.0,126500.0,385000.0,1726000.0,0.05563703763397534,1341000.0,0.04322669030542348,0.0,789250.0,0.025441212023531307,201000.0,588250.0,0.018962043677975663,0.007775,0.007175,75668570,82065213,https://find-and-update.company-information.service.gov.uk/search/companies?q=Mission+Group+PLC,https://find-and-update.company-information.service.gov.uk/search/companies?q=Mission+Group+PLC,1620598886,18:21:26,20210509
22,2013-03-31,TMG.L,GBP,2013-03-31,2013-03-31,Q1,31022500.0,18124000.0,12898500.0,0.4157788701748731,0.0,0.0,0.0,0.0,11557500.0,29681500.0,126500.0,385000.0,1726000.0,0.05563703763397534,1341000.0,0.04322669030542348,0.0,789250.0,0.025441212023531307,201000.0,588250.0,0.018962043677975663,0.007775,0.007175,75668570,82065213,https://find-and-update.company-information.service.gov.uk/search/companies?q=Mission+Group+PLC,https://find-and-update.company-information.service.gov.uk/search/companies?q=Mission+Group+PLC,1620598886,18:21:26,20210509
23,2013-01-31,TMG.L,GBP,2013-01-31,2013-01-31,Q1,31022500.0,18124000.0,12898500.0,0.4157788701748731,0.0,0.0,0.0,0.0,11557500.0,29681500.0,126500.0,385000.0,1726000.0,0.05563703763397534,1341000.0,0.04322669030542348,0.0,789250.0,0.025441212023531307,201000.0,588250.0,0.018962043677975663,0.007775,0.007175,75668570,82065213,https://find-and-update.company-information.service.gov.uk/search/companies?q=Mission+Group+PLC,https://find-and-update.company-information.service.gov.uk/search/companies?q=Mission+Group+PLC,1620598886,18:21:26,20210509
24,2012-09-30,TMG.L,GBP,2012-09-30,2012-09-30,Q3,29242500.0,17361500.0,11881000.0,0.4062922116782081,0.0,0.0,0.0,0.0,10434000.0,27795500.0,202000.0,270250.0,1717250.0,0.0587244592630589,1447000.0,0.04948277336069078,0.0,1171000.0,0.040044455843378644,326500.0,844500.0,0.028879199794819184,0.0117,0.010825,72169181,78017666,https://find-and-update.company-information.service.gov.uk/search/companies?q=Mission+Group+PLC,https://find-and-update.company-information.service.gov.uk/search/companies?q=Mission+Group+PLC,1620598886,18:21:26,20210509
25,2012-06-30,TMG.L,GBP,2012-06-30,2012-06-30,Q2,29242500.0,17361500.0,11881000.0,0.4062922116782081,0.0,0.0,0.0,0.0,10434000.0,27795500.0,202000.0,270250.0,1717250.0,0.0587244592630589,1447000.0,0.04948277336069078,0.0,1171000.0,0.040044455843378644,326500.0,844500.0,0.028879199794819184,0.0117,0.010825,72169181,78017666,https://find-and-update.company-information.service.gov.uk/search/companies?q=Mission+Group+PLC,https://find-and-update.company-information.service.gov.uk/search/companies?q=Mission+Group+PLC,1620598886,18:21:26,20210509
26,2012-03-31,TMG.L,GBP,2012-03-31,2012-03-31,Q1,29242500.0,17361500.0,11881000.0,0.4062922116782081,0.0,0.0,0.0,0.0,10434000.0,27795500.0,202000.0,270250.0,1717250.0,0.0587244592630589,1447000.0,0.04948277336069078,0.0,1171000.0,0.040044455843378644,326500.0,844500.0,0.028879199794819184,0.0117,0.010825,72169181,78017666,https://find-and-update.company-information.service.gov.uk/search/companies?q=Mission+Group+PLC,https://find-and-update.company-information.service.gov.uk/search/companies?q=Mission+Group+PLC,1620598886,18:21:26,20210509
27,2012-01-31,TMG.L,GBP,2012-01-31,2012-01-31,Q1,29242500.0,17361500.0,11881000.0,0.4062922116782081,0.0,0.0,0.0,0.0,10434000.0,27795500.0,202000.0,270250.0,1717250.0,0.0587244592630589,1447000.0,0.04948277336069078,0.0,1171000.0,0.040044455843378644,326500.0,844500.0,0.028879199794819184,0.0117,0.010825,72169181,78017666,https://find-and-update.company-information.service.gov.uk/search/companies?q=Mission+Group+PLC,https://find-and-update.company-information.service.gov.uk/search/companies?q=Mission+Group+PLC,1620598886,18:21:26,20210509
28,2011-09-30,TMG.L,GBP,2011-09-30,2011-09-30,Q3,29011000.0,18644250.0,10366750.0,0.35733859570507737,0.0,41000.0,0.0,0.0,8314500.0,27546750.0,295500.0,190500.0,1654750.0,0.057038709455034295,1464250.0,0.05047223466960808,0.0,1028000.0,0.035434835062562474,256500.0,771500.0,0.026593361138878356,0.010875,0.01025,70944643,75285909,https://find-and-update.company-information.service.gov.uk/search/companies?q=Mission+Group+PLC,https://find-and-update.company-information.service.gov.uk/search/companies?q=Mission+Group+PLC,1620598886,18:21:26,20210509
29,2011-06-30,TMG.L,GBP,2011-06-30,2011-06-30,Q2,29011000.0,18644250.0,10366750.0,0.35733859570507737,0.0,41000.0,0.0,0.0,8314500.0,27546750.0,295500.0,190500.0,1654750.0,0.057038709455034295,1464250.0,0.05047223466960808,0.0,1028000.0,0.035434835062562474,256500.0,771500.0,0.026593361138878356,0.010875,0.01025,70944643,75285909,https://find-and-update.company-information.service.gov.uk/search/companies?q=Mission+Group+PLC,https://find-and-update.company-information.service.gov.uk/search/companies?q=Mission+Group+PLC,1620598886,18:21:26,20210509
30,2011-03-31,TMG.L,GBP,2011-03-31,2011-03-31,Q1,29011000.0,18644250.0,10366750.0,0.35733859570507737,0.0,41000.0,0.0,0.0,8314500.0,27546750.0,295500.0,190500.0,1654750.0,0.057038709455034295,1464250.0,0.05047223466960808,0.0,1028000.0,0.035434835062562474,256500.0,771500.0,0.026593361138878356,0.010875,0.01025,70944643,75285909,https://find-and-update.company-information.service.gov.uk/search/companies?q=Mission+Group+PLC,https://find-and-update.company-information.service.gov.uk/search/companies?q=Mission+Group+PLC,1620598886,18:21:26,20210509
31,2011-01-31,TMG.L,GBP,2011-01-31,2011-01-31,Q1,29011000.0,18644250.0,10366750.0,0.35733859570507737,0.0,41000.0,0.0,0.0,8314500.0,27546750.0,295500.0,190500.0,1654750.0,0.057038709455034295,1464250.0,0.05047223466960808,0.0,1028000.0,0.035434835062562474,256500.0,771500.0,0.026593361138878356,0.010875,0.01025,70944643,75285909,https://find-and-update.company-information.service.gov.uk/search/companies?q=Mission+Group+PLC,https://find-and-update.company-information.service.gov.uk/search/companies?q=Mission+Group+PLC,1620598886,18:21:26,20210509
32,2010-09-30,TMG.L,GBP,2010-09-30,2010-09-30,Q3,22591000.0,13573000.0,9018000.0,0.399185516356071,0.0,40750.0,0.0,0.0,7230250.0,21336500.0,453500.0,181250.0,1435750.0,0.06355407020494887,1254500.0,0.05553096365809393,0.0,404250.0,0.017894294187950955,170000.0,234250.0,0.010369173564693905,0.004175,0.003975,56024579,59042630,https://find-and-update.company-information.service.gov.uk/search/companies?q=Mission+Group+PLC,https://find-and-update.company-information.service.gov.uk/search/companies?q=Mission+Group+PLC,1620598886,18:21:26,20210509
33,2010-06-30,TMG.L,GBP,2010-06-30,2010-06-30,Q2,22591000.0,13573000.0,9018000.0,0.399185516356071,0.0,40750.0,0.0,0.0,7230250.0,21336500.0,453500.0,181250.0,1435750.0,0.06355407020494887,1254500.0,0.05553096365809393,0.0,404250.0,0.017894294187950955,170000.0,234250.0,0.010369173564693905,0.004175,0.003975,56024579,59042630,https://find-and-update.company-information.service.gov.uk/search/companies?q=Mission+Group+PLC,https://find-and-update.company-information.service.gov.uk/search/companies?q=Mission+Group+PLC,1620598886,18:21:26,20210509
34,2010-03-31,TMG.L,GBP,2010-03-31,2010-03-31,Q1,22591000.0,13573000.0,9018000.0,0.399185516356071,0.0,40750.0,0.0,0.0,7230250.0,21336500.0,453500.0,181250.0,1435750.0,0.06355407020494887,1254500.0,0.05553096365809393,0.0,404250.0,0.017894294187950955,170000.0,234250.0,0.010369173564693905,0.004175,0.003975,56024579,59042630,https://find-and-update.company-information.service.gov.uk/search/companies?q=Mission+Group+PLC,https://find-and-update.company-information.service.gov.uk/search/companies?q=Mission+Group+PLC,1620598886,18:21:26,20210509
35,2010-01-31,TMG.L,GBP,2010-01-31,2010-01-31,Q1,22591000.0,13573000.0,9018000.0,0.399185516356071,0.0,40750.0,0.0,0.0,7230250.0,21336500.0,453500.0,181250.0,1435750.0,0.06355407020494887,1254500.0,0.05553096365809393,0.0,404250.0,0.017894294187950955,170000.0,234250.0,0.010369173564693905,0.004175,0.003975,56024579,59042630,https://find-and-update.company-information.service.gov.uk/search/companies?q=Mission+Group+PLC,https://find-and-update.company-information.service.gov.uk/search/companies?q=Mission+Group+PLC,1620598886,18:21:26,20210509
36,2009-09-30,TMG.L,GBP,2009-09-30,2009-09-30,Q3,21494000.0,12459250.0,9034750.0,0.4203382339257467,0.0,47500.0,0.0,0.0,7030750.0,20008750.0,379250.0,182500.0,1667750.0,0.0775914208616358,1485250.0,0.06910067925932818,0.0,-216250.0,-0.010060947241090537,274250.0,-490500.0,-0.022820321950311716,-0.013852198370710358,-0.013641108633617565,35409542,35957488,https://find-and-update.company-information.service.gov.uk/search/companies?q=Mission+Group+PLC,https://find-and-update.company-information.service.gov.uk/search/companies?q=Mission+Group+PLC,1620598886,18:21:26,20210509
37,2009-06-30,TMG.L,GBP,2009-06-30,2009-06-30,Q2,21494000.0,12459250.0,9034750.0,0.4203382339257467,0.0,47500.0,0.0,0.0,7030750.0,20008750.0,379250.0,182500.0,1667750.0,0.0775914208616358,1485250.0,0.06910067925932818,0.0,-216250.0,-0.010060947241090537,274250.0,-490500.0,-0.022820321950311716,-0.013852198370710358,-0.013641108633617565,35409542,35957488,https://find-and-update.company-information.service.gov.uk/search/companies?q=Mission+Group+PLC,https://find-and-update.company-information.service.gov.uk/search/companies?q=Mission+Group+PLC,1620598886,18:21:26,20210509
38,2009-03-31,TMG.L,GBP,2009-03-31,2009-03-31,Q1,21494000.0,12459250.0,9034750.0,0.4203382339257467,0.0,47500.0,0.0,0.0,7030750.0,20008750.0,379250.0,182500.0,1667750.0,0.0775914208616358,1485250.0,0.06910067925932818,0.0,-216250.0,-0.010060947241090537,274250.0,-490500.0,-0.022820321950311716,-0.013852198370710358,-0.013641108633617565,35409542,35957488,https://find-and-update.company-information.service.gov.uk/search/companies?q=Mission+Group+PLC,https://find-and-update.company-information.service.gov.uk/search/companies?q=Mission+Group+PLC,1620598886,18:21:26,20210509
39,2009-01-31,TMG.L,GBP,2009-01-31,2009-01-31,Q1,21494000.0,12459250.0,9034750.0,0.4203382339257467,0.0,47500.0,0.0,0.0,7030750.0,20008750.0,379250.0,182500.0,1667750.0,0.0775914208616358,1485250.0,0.06910067925932818,0.0,-216250.0,-0.010060947241090537,274250.0,-490500.0,-0.022820321950311716,-0.013852198370710358,-0.013641108633617565,35409542,35957488,https://find-and-update.company-information.service.gov.uk/search/companies?q=Mission+Group+PLC,https://find-and-update.company-information.service.gov.uk/search/companies?q=Mission+Group+PLC,1620598886,18:21:26,20210509
40,2008-09-30,TMG.L,GBP,2008-09-30,2008-09-30,Q3,26039250.0,15368750.0,10670500.0,0.40978522806916484,0.0,59500.0,0.0,5050.0,7849000.0,23761250.0,475000.0,194000.0,2472000.0,0.09493360983899306,2278000.0,0.08748331845195234,0.0,1811250.0,0.06955845502462628,506750.0,1304500.0,0.050097449043271215,0.04035,0.04035,32319841,32319841,https://find-and-update.company-information.service.gov.uk/search/companies?q=Mission+Group+PLC,https://find-and-update.company-information.service.gov.uk/search/companies?q=Mission+Group+PLC,1620598886,18:21:26,20210509
41,2008-06-30,TMG.L,GBP,2008-06-30,2008-06-30,Q2,26039250.0,15368750.0,10670500.0,0.40978522806916484,0.0,59500.0,0.0,5050.0,7849000.0,23761250.0,475000.0,194000.0,2472000.0,0.09493360983899306,2278000.0,0.08748331845195234,0.0,1811250.0,0.06955845502462628,506750.0,1304500.0,0.050097449043271215,0.04035,0.04035,32319841,32319841,https://find-and-update.company-information.service.gov.uk/search/companies?q=Mission+Group+PLC,https://find-and-update.company-information.service.gov.uk/search/companies?q=Mission+Group+PLC,1620598886,18:21:26,20210509
42,2008-03-31,TMG.L,GBP,2008-03-31,2008-03-31,Q1,26039250.0,15368750.0,10670500.0,0.40978522806916484,0.0,59500.0,0.0,5050.0,7849000.0,23761250.0,475000.0,194000.0,2472000.0,0.09493360983899306,2278000.0,0.08748331845195234,0.0,1811250.0,0.06955845502462628,506750.0,1304500.0,0.050097449043271215,0.04035,0.04035,32319841,32319841,https://find-and-update.company-information.service.gov.uk/search/companies?q=Mission+Group+PLC,https://find-and-update.company-information.service.gov.uk/search/companies?q=Mission+Group+PLC,1620598886,18:21:26,20210509
43,2008-01-31,TMG.L,GBP,2008-01-31,2008-01-31,Q1,26039250.0,15368750.0,10670500.0,0.40978522806916484,0.0,59500.0,0.0,5050.0,7849000.0,23761250.0,475000.0,194000.0,2472000.0,0.09493360983899306,2278000.0,0.08748331845195234,0.0,1811250.0,0.06955845502462628,506750.0,1304500.0,0.050097449043271215,0.04035,0.04035,32319841,32319841,https://find-and-update.company-information.service.gov.uk/search/companies?q=Mission+Group+PLC,https://find-and-update.company-information.service.gov.uk/search/companies?q=Mission+Group+PLC,1620598886,18:21:26,20210509
44,2007-09-30,TMG.L,GBP,2007-09-30,2007-09-30,Q3,19885000.0,11623250.0,8261750.0,0.4154764898164446,0.0,63750.0,0.0,7000.0,6009750.0,18028500.0,347500.0,129000.0,1985500.0,0.09984913251194368,1856500.0,0.09336183052552174,0.0,1320750.0,0.06641941161679658,441500.0,879250.0,0.04421674629117425,0.0336,0.0336,26163476,26163476,https://find-and-update.company-information.service.gov.uk/search/companies?q=Mission+Group+PLC,https://find-and-update.company-information.service.gov.uk/search/companies?q=Mission+Group+PLC,1620598886,18:21:26,20210509
45,2007-06-30,TMG.L,GBP,2007-06-30,2007-06-30,Q2,19885000.0,11623250.0,8261750.0,0.4154764898164446,0.0,63750.0,0.0,7000.0,6009750.0,18028500.0,347500.0,129000.0,1985500.0,0.09984913251194368,1856500.0,0.09336183052552174,0.0,1320750.0,0.06641941161679658,441500.0,879250.0,0.04421674629117425,0.0336,0.0336,26163476,26163476,https://find-and-update.company-information.service.gov.uk/search/companies?q=Mission+Group+PLC,https://find-and-update.company-information.service.gov.uk/search/companies?q=Mission+Group+PLC,1620598886,18:21:26,20210509
46,2007-03-31,TMG.L,GBP,2007-03-31,2007-03-31,Q1,19885000.0,11623250.0,8261750.0,0.4154764898164446,0.0,63750.0,0.0,7000.0,6009750.0,18028500.0,347500.0,129000.0,1985500.0,0.09984913251194368,1856500.0,0.09336183052552174,0.0,1320750.0,0.06641941161679658,441500.0,879250.0,0.04421674629117425,0.0336,0.0336,26163476,26163476,https://find-and-update.company-information.service.gov.uk/search/companies?q=Mission+Group+PLC,https://find-and-update.company-information.service.gov.uk/search/companies?q=Mission+Group+PLC,1620598886,18:21:26,20210509
47,2007-01-31,TMG.L,GBP,2007-01-31,2007-01-31,Q1,19885000.0,11623250.0,8261750.0,0.4154764898164446,0.0,63750.0,0.0,7000.0,6009750.0,18028500.0,347500.0,129000.0,1985500.0,0.09984913251194368,1856500.0,0.09336183052552174,0.0,1320750.0,0.06641941161679658,441500.0,879250.0,0.04421674629117425,0.0336,0.0336,26163476,26163476,https://find-and-update.company-information.service.gov.uk/search/companies?q=Mission+Group+PLC,https://find-and-update.company-information.service.gov.uk/search/companies?q=Mission+Group+PLC,1620598886,18:21:26,20210509
48,2006-09-30,TMG.L,GBP,2006-09-30,2006-09-30,Q3,9367000.0,5604250.0,3762750.0,0.40170278637770895,0.0,24000.0,0.0,0.0,2927250.0,8732750.0,147500.0,62000.0,696250.0,0.0743300950144123,634250.0,0.06771111348350592,0.0,452500.0,0.04830788939895377,187250.0,265250.0,0.028317497597950252,0.0129,0.0123,20567372,21565041,https://find-and-update.company-information.service.gov.uk/search/companies?q=Mission+Group+PLC,https://find-and-update.company-information.service.gov.uk/search/companies?q=Mission+Group+PLC,1620598886,18:21:26,20210509
49,2006-06-30,TMG.L,GBP,2006-06-30,2006-06-30,Q2,9367000.0,5604250.0,3762750.0,0.40170278637770895,0.0,24000.0,0.0,0.0,2927250.0,8732750.0,147500.0,62000.0,696250.0,0.0743300950144123,634250.0,0.06771111348350592,0.0,452500.0,0.04830788939895377,187250.0,265250.0,0.028317497597950252,0.0129,0.0123,20567372,21565041,https://find-and-update.company-information.service.gov.uk/search/companies?q=Mission+Group+PLC,https://find-and-update.company-information.service.gov.uk/search/companies?q=Mission+Group+PLC,1620598886,18:21:26,20210509
50,2006-03-31,TMG.L,GBP,2006-03-31,2006-03-31,Q1,9367000.0,5604250.0,3762750.0,0.40170278637770895,0.0,24000.0,0.0,0.0,2927250.0,8732750.0,147500.0,62000.0,696250.0,0.0743300950144123,634250.0,0.06771111348350592,0.0,452500.0,0.04830788939895377,187250.0,265250.0,0.028317497597950252,0.0129,0.0123,20567372,21565041,https://find-and-update.company-information.service.gov.uk/search/companies?q=Mission+Group+PLC,https://find-and-update.company-information.service.gov.uk/search/companies?q=Mission+Group+PLC,1620598886,18:21:26,20210509
51,2006-01-31,TMG.L,GBP,2006-01-31,2006-01-31,Q1,9367000.0,5604250.0,3762750.0,0.40170278637770895,0.0,24000.0,0.0,0.0,2927250.0,8732750.0,147500.0,62000.0,696250.0,0.0743300950144123,634250.0,0.06771111348350592,0.0,452500.0,0.04830788939895377,187250.0,265250.0,0.028317497597950252,0.0129,0.0123,20567372,21565041,https://find-and-update.company-information.service.gov.uk/search/companies?q=Mission+Group+PLC,https://find-and-update.company-information.service.gov.uk/search/companies?q=Mission+Group+PLC,1620598886,18:21:26,20210509
