,date,symbol,reportedCurrency,fillingDate,acceptedDate,period,revenue,costOfRevenue,grossProfit,grossProfitRatio,researchAndDevelopmentExpenses,generalAndAdministrativeExpenses,sellingAndMarketingExpenses,otherExpenses,operatingExpenses,costAndExpenses,interestExpense,depreciationAndAmortization,ebitda,ebitdaratio,operatingIncome,operatingIncomeRatio,totalOtherIncomeExpensesNet,incomeBeforeTax,incomeBeforeTaxRatio,incomeTaxExpense,netIncome,netIncomeRatio,eps,epsdiluted,weightedAverageShsOut,weightedAverageShsOutDil,link,finalLink,timestamp,est_time,est_date
0,2021-03-31,GWO.TO,CAD,2021-03-31,2021-03-31,Q1,12123000000,0.0,0.0,0.0,0.0,0.0,0.0,0.0,0.0,11292000000,79000000.0,0.0,0.0,0.0,0.0,0.06854738926008414,0.0,831000000.0,0.06854738926008414,57000000,740000000.0,0.06104099645302318,0.762,0.761,928134473,928555539,https://www.sedar.com/ModifyCompanyDocumentSearchForm.do?lang=EN&company_search=Great-West Lifeco Inc&document_selection=0&industry_group=A&FromDate=13&FromMonth=05&FromYear=2000&ToDate=13&ToMonth=11&ToYear=2020&Variable=Issuer,https://www.sedar.com/ModifyCompanyDocumentSearchForm.do?lang=EN&company_search=Great-West Lifeco Inc&document_selection=0&industry_group=A&FromDate=13&FromMonth=05&FromYear=2000&ToDate=13&ToMonth=11&ToYear=2020&Variable=Issuer,1620592903,16:41:43,20210509
1,2020-12-31,GWO.TO,CAD,2020-12-31,2020-12-31,Q4,16866000000,0.0,0.0,0.0,0.0,0.0,0.0,0.0,0.0,16116000000,84000000.0,0.0,0.0,0.0,0.0,0.04446816079686944,0.0,750000000.0,0.04446816079686944,-183000000,945000000.0,0.056029882604055496,1.0186515794069855,1.0186515794069855,927696986,927696986,https://www.sedar.com/ModifyCompanyDocumentSearchForm.do?lang=EN&company_search=Great-West Lifeco Inc&document_selection=0&industry_group=A&FromDate=13&FromMonth=05&FromYear=2000&ToDate=13&ToMonth=11&ToYear=2020&Variable=Issuer,https://www.sedar.com/ModifyCompanyDocumentSearchForm.do?lang=EN&company_search=Great-West Lifeco Inc&document_selection=0&industry_group=A&FromDate=13&FromMonth=05&FromYear=2000&ToDate=13&ToMonth=11&ToYear=2020&Variable=Issuer,1620592903,16:41:43,20210509
2,2020-09-30,GWO.TO,CAD,2020-09-30,2020-09-30,Q3,13741000000,0.0,0.0,0.0,0.0,0.0,0.0,0.0,120000000.0,12831000000,71000000.0,0.0,0.0,0.0,0.0,0.06622516556291391,0.0,910000000.0,0.06622516556291391,19000000,859000000.0,0.06251364529510225,0.9259488959900534,0.9258818644004317,927696986,927764149,https://www.sedar.com/ModifyCompanyDocumentSearchForm.do?lang=EN&company_search=Great-West Lifeco Inc&document_selection=0&industry_group=A&FromDate=13&FromMonth=05&FromYear=2000&ToDate=13&ToMonth=11&ToYear=2020&Variable=Issuer,https://www.sedar.com/ModifyCompanyDocumentSearchForm.do?lang=EN&company_search=Great-West Lifeco Inc&document_selection=0&industry_group=A&FromDate=13&FromMonth=05&FromYear=2000&ToDate=13&ToMonth=11&ToYear=2020&Variable=Issuer,1620592903,16:41:43,20210509
3,2020-06-30,GWO.TO,CAD,2020-06-30,2020-06-30,Q2,19710000000,0.0,0.0,0.0,0.0,0.0,0.0,0.0,121000000.0,18669000000,69000000.0,0.0,0.0,0.0,0.0,0.052815829528158297,0.0,1041000000.0,0.052815829528158297,95000000,897000000.0,0.04550989345509893,0.93,0.93,927680346,927680346,https://www.sedar.com/ModifyCompanyDocumentSearchForm.do?lang=EN&company_search=Great-West Lifeco Inc&document_selection=0&industry_group=A&FromDate=13&FromMonth=05&FromYear=2000&ToDate=13&ToMonth=11&ToYear=2020&Variable=Issuer,https://www.sedar.com/ModifyCompanyDocumentSearchForm.do?lang=EN&company_search=Great-West Lifeco Inc&document_selection=0&industry_group=A&FromDate=13&FromMonth=05&FromYear=2000&ToDate=13&ToMonth=11&ToYear=2020&Variable=Issuer,1620592903,16:41:43,20210509
4,2020-03-31,GWO.TO,CAD,2020-03-31,2020-03-31,Q1,10273000000,0.0,0.0,0.0,0.0,0.0,0.0,0.0,116000000.0,9902000000,0.0,0.0,0.0,0.0,0.0,0.03611408546675752,0.0,371000000.0,0.03611408546675752,-13000000,375000000.0,0.03650345566046919,0.40429518503980943,0.404096702629743,927540109,927995694,https://www.sedar.com/ModifyCompanyDocumentSearchForm.do?lang=EN&company_search=Great-West Lifeco Inc&document_selection=0&industry_group=A&FromDate=13&FromMonth=05&FromYear=2000&ToDate=13&ToMonth=11&ToYear=2020&Variable=Issuer,https://www.sedar.com/ModifyCompanyDocumentSearchForm.do?lang=EN&company_search=Great-West Lifeco Inc&document_selection=0&industry_group=A&FromDate=13&FromMonth=05&FromYear=2000&ToDate=13&ToMonth=11&ToYear=2020&Variable=Issuer,1620592903,16:41:43,20210509
5,2019-12-31,GWO.TO,CAD,2019-12-31,2019-12-31,Q4,10689000000,0.0,0.0,0.0,0.0,0.0,0.0,0.0,128000000.0,10028000000,0.0,0.0,0.0,0.0,0.0,0.06183927402002058,0.0,661000000.0,0.06183927402002058,143000000,546000000.0,0.05108055009823183,0.552,0.552,929347826,929347826,https://www.sedar.com/ModifyCompanyDocumentSearchForm.do?lang=EN&company_search=Great-West Lifeco Inc&document_selection=0&industry_group=A&FromDate=13&FromMonth=05&FromYear=2000&ToDate=13&ToMonth=11&ToYear=2020&Variable=Issuer,https://www.sedar.com/ModifyCompanyDocumentSearchForm.do?lang=EN&company_search=Great-West Lifeco Inc&document_selection=0&industry_group=A&FromDate=13&FromMonth=05&FromYear=2000&ToDate=13&ToMonth=11&ToYear=2020&Variable=Issuer,1620592903,16:41:43,20210509
6,2019-09-30,GWO.TO,CAD,2019-09-30,2019-09-30,Q3,14374000000,0.0,0.0,0.0,0.0,0.0,0.0,0.0,123000000.0,13519000000,0.0,0.0,0.0,0.0,0.0,0.059482398775567,0.0,855000000.0,0.059482398775567,47000000,763000000.0,0.053081953527201894,0.786,0.785,928855248,929198961,https://www.sedar.com/ModifyCompanyDocumentSearchForm.do?lang=EN&company_search=Great-West Lifeco Inc&document_selection=0&industry_group=A&FromDate=13&FromMonth=05&FromYear=2000&ToDate=13&ToMonth=11&ToYear=2020&Variable=Issuer,https://www.sedar.com/ModifyCompanyDocumentSearchForm.do?lang=EN&company_search=Great-West Lifeco Inc&document_selection=0&industry_group=A&FromDate=13&FromMonth=05&FromYear=2000&ToDate=13&ToMonth=11&ToYear=2020&Variable=Issuer,1620592903,16:41:43,20210509
7,2019-06-30,GWO.TO,CAD,2019-06-30,2019-06-30,Q2,2746000000,0.0,0.0,0.0,0.0,0.0,0.0,0.0,125000000.0,2193000000,0.0,0.0,0.0,0.0,0.0,0.2013838310269483,0.0,553000000.0,0.2013838310269483,53000000,493000000.0,0.17953386744355426,0.5248622935408656,0.5244707972899422,939293994,939995139,https://www.sedar.com/ModifyCompanyDocumentSearchForm.do?lang=EN&company_search=Great-West Lifeco Inc&document_selection=0&industry_group=A&FromDate=13&FromMonth=05&FromYear=2000&ToDate=13&ToMonth=11&ToYear=2020&Variable=Issuer,https://www.sedar.com/ModifyCompanyDocumentSearchForm.do?lang=EN&company_search=Great-West Lifeco Inc&document_selection=0&industry_group=A&FromDate=13&FromMonth=05&FromYear=2000&ToDate=13&ToMonth=11&ToYear=2020&Variable=Issuer,1620592903,16:41:43,20210509
8,2019-03-31,GWO.TO,CAD,2019-03-31,2019-03-31,Q1,16889000000,0.0,0.0,0.0,0.0,0.0,0.0,0.0,130000000.0,16078000000,0.0,0.0,0.0,0.0,0.0,0.04801942092486234,0.0,811000000.0,0.04801942092486234,130000000,690000000.0,0.04085499437503701,0.6985004381020056,0.6982837817010629,987830447,988136941,https://www.sedar.com/ModifyCompanyDocumentSearchForm.do?lang=EN&company_search=Great-West Lifeco Inc&document_selection=0&industry_group=A&FromDate=13&FromMonth=05&FromYear=2000&ToDate=13&ToMonth=11&ToYear=2020&Variable=Issuer,https://www.sedar.com/ModifyCompanyDocumentSearchForm.do?lang=EN&company_search=Great-West Lifeco Inc&document_selection=0&industry_group=A&FromDate=13&FromMonth=05&FromYear=2000&ToDate=13&ToMonth=11&ToYear=2020&Variable=Issuer,1620592903,16:41:43,20210509
9,2018-12-31,GWO.TO,CAD,2018-12-31,2018-12-31,Q4,11699000000,0.0,0.0,0.0,0.0,0.0,0.0,0.0,128000000.0,10927000000,0.0,0.0,0.0,0.0,0.0,0.06598854602957517,0.0,772000000.0,0.06598854602957517,50000000,743000000.0,0.0635097016839046,0.719,0.719,987482615,987482615,https://www.sedar.com/ModifyCompanyDocumentSearchForm.do?lang=EN&company_search=Great-West Lifeco Inc&document_selection=0&industry_group=A&FromDate=13&FromMonth=05&FromYear=2000&ToDate=13&ToMonth=11&ToYear=2020&Variable=Issuer,https://www.sedar.com/ModifyCompanyDocumentSearchForm.do?lang=EN&company_search=Great-West Lifeco Inc&document_selection=0&industry_group=A&FromDate=13&FromMonth=05&FromYear=2000&ToDate=13&ToMonth=11&ToYear=2020&Variable=Issuer,1620592903,16:41:43,20210509
10,2018-09-30,GWO.TO,CAD,2018-09-30,2018-09-30,Q3,12027000000,0.0,0.0,0.0,0.0,0.0,0.0,0.0,122000000.0,11213000000,0.0,0.0,0.0,0.0,0.0,0.06768105096865386,0.0,814000000.0,0.06768105096865386,107000000,723000000.0,0.060114741830880516,0.7312820552064971,0.7307520405252643,988674609,989391695,https://www.sedar.com/ModifyCompanyDocumentSearchForm.do?lang=EN&company_search=Great-West Lifeco Inc&document_selection=0&industry_group=A&FromDate=13&FromMonth=05&FromYear=2000&ToDate=13&ToMonth=11&ToYear=2020&Variable=Issuer,https://www.sedar.com/ModifyCompanyDocumentSearchForm.do?lang=EN&company_search=Great-West Lifeco Inc&document_selection=0&industry_group=A&FromDate=13&FromMonth=05&FromYear=2000&ToDate=13&ToMonth=11&ToYear=2020&Variable=Issuer,1620592903,16:41:43,20210509
11,2018-06-30,GWO.TO,CAD,2018-06-30,2018-06-30,Q2,10613000000,0.0,0.0,0.0,0.0,0.0,0.0,0.0,124000000.0,9578000000,0.0,0.0,0.0,0.0,0.0,0.09752190709507208,0.0,1035000000.0,0.09752190709507208,153000000,864000000.0,0.0814095920097993,0.873546729266589,0.8727444358196171,989071301,989980531,https://www.sedar.com/ModifyCompanyDocumentSearchForm.do?lang=EN&company_search=Great-West Lifeco Inc&document_selection=0&industry_group=A&FromDate=13&FromMonth=05&FromYear=2000&ToDate=13&ToMonth=11&ToYear=2020&Variable=Issuer,https://www.sedar.com/ModifyCompanyDocumentSearchForm.do?lang=EN&company_search=Great-West Lifeco Inc&document_selection=0&industry_group=A&FromDate=13&FromMonth=05&FromYear=2000&ToDate=13&ToMonth=11&ToYear=2020&Variable=Issuer,1620592903,16:41:43,20210509
12,2018-03-31,GWO.TO,CAD,2018-03-31,2018-03-31,Q1,9693000000,0.0,0.0,0.0,0.0,0.0,0.0,0.0,170000000.0,8852000000,0.0,0.0,0.0,0.0,0.0,0.08676364386670793,0.0,841000000.0,0.08676364386670793,77000000,764000000.0,0.07881976684205097,0.74,0.739,988611044,989720356,https://www.sedar.com/ModifyCompanyDocumentSearchForm.do?lang=EN&company_search=Great-West Lifeco Inc&document_selection=0&industry_group=A&FromDate=13&FromMonth=05&FromYear=2000&ToDate=13&ToMonth=11&ToYear=2020&Variable=Issuer,https://www.sedar.com/ModifyCompanyDocumentSearchForm.do?lang=EN&company_search=Great-West Lifeco Inc&document_selection=0&industry_group=A&FromDate=13&FromMonth=05&FromYear=2000&ToDate=13&ToMonth=11&ToYear=2020&Variable=Issuer,1620592903,16:41:43,20210509
13,2017-12-31,GWO.TO,CAD,2017-12-31,2017-12-31,Q4,12912000000,0.0,0.0,0.0,0.0,0.0,0.0,0.0,144000000.0,12295000000,0.0,0.0,0.0,0.0,0.0,0.047785006195786864,0.0,617000000.0,0.047785006195786864,182000000,425000000.0,0.03291511771995043,0.397,0.396,987405542,989898990,https://www.sedar.com/ModifyCompanyDocumentSearchForm.do?lang=EN&company_search=Great-West Lifeco Inc&document_selection=0&industry_group=A&FromDate=13&FromMonth=05&FromYear=2000&ToDate=13&ToMonth=11&ToYear=2020&Variable=Issuer,https://www.sedar.com/ModifyCompanyDocumentSearchForm.do?lang=EN&company_search=Great-West Lifeco Inc&document_selection=0&industry_group=A&FromDate=13&FromMonth=05&FromYear=2000&ToDate=13&ToMonth=11&ToYear=2020&Variable=Issuer,1620592903,16:41:43,20210509
14,2017-09-30,GWO.TO,CAD,2017-09-30,2017-09-30,Q3,10198000000,0.0,0.0,0.0,0.0,0.0,0.0,0.0,118000000.0,9468000000,65000000.0,0.0,0.0,0.0,0.0,0.07158266326730732,0.0,730000000.0,0.07158266326730732,93000000,616000000.0,0.060404000784467546,0.6223959002264736,0.6215596797852071,989723743,991055276,https://www.sedar.com/ModifyCompanyDocumentSearchForm.do?lang=EN&company_search=Great-West Lifeco Inc&document_selection=0&industry_group=A&FromDate=13&FromMonth=05&FromYear=2000&ToDate=13&ToMonth=11&ToYear=2020&Variable=Issuer,https://www.sedar.com/ModifyCompanyDocumentSearchForm.do?lang=EN&company_search=Great-West Lifeco Inc&document_selection=0&industry_group=A&FromDate=13&FromMonth=05&FromYear=2000&ToDate=13&ToMonth=11&ToYear=2020&Variable=Issuer,1620592903,16:41:43,20210509
15,2017-06-30,GWO.TO,CAD,2017-06-30,2017-06-30,Q2,11048000000,0.0,0.0,0.0,0.0,0.0,0.0,0.0,107000000.0,10410000000,72000000.0,0.0,0.0,0.0,0.0,0.05774800868935554,0.0,638000000.0,0.05774800868935554,51000000,615000000.0,0.055666183924692254,0.591,0.59,990016393,991339451,https://www.sedar.com/ModifyCompanyDocumentSearchForm.do?lang=EN&company_search=Great-West Lifeco Inc&document_selection=0&industry_group=A&FromDate=13&FromMonth=05&FromYear=2000&ToDate=13&ToMonth=11&ToYear=2020&Variable=Issuer,https://www.sedar.com/ModifyCompanyDocumentSearchForm.do?lang=EN&company_search=Great-West Lifeco Inc&document_selection=0&industry_group=A&FromDate=13&FromMonth=05&FromYear=2000&ToDate=13&ToMonth=11&ToYear=2020&Variable=Issuer,1620592903,16:41:43,20210509
16,2017-03-31,GWO.TO,CAD,2017-03-31,2017-03-31,Q1,12874000000,0.0,0.0,0.0,0.0,0.0,0.0,0.0,123000000.0,12129000000,69000000.0,0.0,0.0,0.0,0.0,0.05786857231629641,0.0,745000000.0,0.05786857231629641,96000000,622000000.0,0.04831443218890787,0.598,0.597,987690025,989827813,https://www.sedar.com/ModifyCompanyDocumentSearchForm.do?lang=EN&company_search=Great-West Lifeco Inc&document_selection=0&industry_group=A&FromDate=13&FromMonth=05&FromYear=2000&ToDate=13&ToMonth=11&ToYear=2020&Variable=Issuer,https://www.sedar.com/ModifyCompanyDocumentSearchForm.do?lang=EN&company_search=Great-West Lifeco Inc&document_selection=0&industry_group=A&FromDate=13&FromMonth=05&FromYear=2000&ToDate=13&ToMonth=11&ToYear=2020&Variable=Issuer,1620592903,16:41:43,20210509
17,2016-12-31,GWO.TO,CAD,2016-12-31,2016-12-31,Q4,7814000000,0.0,0.0,0.0,0.0,0.0,0.0,0.0,112000000.0,6742000000,68000000.0,0.0,0.0,0.0,0.0,0.1371896595853596,0.0,1072000000.0,0.1371896595853596,188000000,707000000.0,0.09047862810340415,0.7621022927415224,0.7621022927415224,927696986,927696986,https://www.sedar.com/ModifyCompanyDocumentSearchForm.do?lang=EN&company_search=Great-West Lifeco Inc&document_selection=0&industry_group=A&FromDate=13&FromMonth=05&FromYear=2000&ToDate=13&ToMonth=11&ToYear=2020&Variable=Issuer,https://www.sedar.com/ModifyCompanyDocumentSearchForm.do?lang=EN&company_search=Great-West Lifeco Inc&document_selection=0&industry_group=A&FromDate=13&FromMonth=05&FromYear=2000&ToDate=13&ToMonth=11&ToYear=2020&Variable=Issuer,1620592903,16:41:43,20210509
18,2016-09-30,GWO.TO,CAD,2016-09-30,2016-09-30,Q3,13408000000,0.0,0.0,0.0,0.0,0.0,0.0,0.0,109000000.0,12598000000,68000000.0,0.0,0.0,0.0,0.0,0.060411694510739855,0.0,810000000.0,0.060411694510739855,108000000,705000000.0,0.05258054892601432,0.682,0.681,987748045,989003847,https://www.sedar.com/ModifyCompanyDocumentSearchForm.do?lang=EN&company_search=Great-West Lifeco Inc&document_selection=0&industry_group=A&FromDate=13&FromMonth=05&FromYear=2000&ToDate=13&ToMonth=11&ToYear=2020&Variable=Issuer,https://www.sedar.com/ModifyCompanyDocumentSearchForm.do?lang=EN&company_search=Great-West Lifeco Inc&document_selection=0&industry_group=A&FromDate=13&FromMonth=05&FromYear=2000&ToDate=13&ToMonth=11&ToYear=2020&Variable=Issuer,1620592903,16:41:43,20210509
19,2016-06-30,GWO.TO,CAD,2016-06-30,2016-06-30,Q2,12807000000,0.0,0.0,0.0,0.0,0.0,0.0,0.0,98000000.0,12017000000,68000000.0,0.0,0.0,0.0,0.0,0.06168501600687124,0.0,790000000.0,0.06168501600687124,76000000,701000000.0,0.05473569141875537,0.675,0.674,992837470,994835573,https://www.sedar.com/ModifyCompanyDocumentSearchForm.do?lang=EN&company_search=Great-West Lifeco Inc&document_selection=0&industry_group=A&FromDate=13&FromMonth=05&FromYear=2000&ToDate=13&ToMonth=11&ToYear=2020&Variable=Issuer,https://www.sedar.com/ModifyCompanyDocumentSearchForm.do?lang=EN&company_search=Great-West Lifeco Inc&document_selection=0&industry_group=A&FromDate=13&FromMonth=05&FromYear=2000&ToDate=13&ToMonth=11&ToYear=2020&Variable=Issuer,1620592903,16:41:43,20210509
20,2016-03-31,GWO.TO,CAD,2016-03-31,2016-03-31,Q1,12352000000,0.0,0.0,0.0,0.0,0.0,0.0,0.0,92000000.0,11672000000,71000000.0,0.0,0.0,0.0,0.0,0.05505181347150259,0.0,680000000.0,0.05505181347150259,24000000,651000000.0,0.05270401554404145,0.625,0.623,993250972,995058486,https://www.sedar.com/ModifyCompanyDocumentSearchForm.do?lang=EN&company_search=Great-West Lifeco Inc&document_selection=0&industry_group=A&FromDate=13&FromMonth=05&FromYear=2000&ToDate=13&ToMonth=11&ToYear=2020&Variable=Issuer,https://www.sedar.com/ModifyCompanyDocumentSearchForm.do?lang=EN&company_search=Great-West Lifeco Inc&document_selection=0&industry_group=A&FromDate=13&FromMonth=05&FromYear=2000&ToDate=13&ToMonth=11&ToYear=2020&Variable=Issuer,1620592903,16:41:43,20210509
21,2015-12-31,GWO.TO,CAD,2015-12-31,2015-12-31,Q4,8321000000,0.0,0.0,0.0,0.0,0.0,0.0,0.0,92000000.0,7500000000,66000000.0,0.0,0.0,0.0,0.0,0.09866602571806274,0.0,821000000.0,0.09866602571806274,66000000,714000000.0,0.08580699435164042,0.769647859996389,0.769647859996389,927696986,927696986,https://www.sedar.com/ModifyCompanyDocumentSearchForm.do?lang=EN&company_search=Great-West Lifeco Inc&document_selection=0&industry_group=A&FromDate=13&FromMonth=05&FromYear=2000&ToDate=13&ToMonth=11&ToYear=2020&Variable=Issuer,https://www.sedar.com/ModifyCompanyDocumentSearchForm.do?lang=EN&company_search=Great-West Lifeco Inc&document_selection=0&industry_group=A&FromDate=13&FromMonth=05&FromYear=2000&ToDate=13&ToMonth=11&ToYear=2020&Variable=Issuer,1620592903,16:41:43,20210509
22,2015-09-30,GWO.TO,CAD,2015-09-30,2015-09-30,Q3,8596000000,0.0,0.0,0.0,0.0,0.0,0.0,0.0,83000000.0,7734000000,71000000.0,0.0,0.0,0.0,0.0,0.10027919962773384,0.0,862000000.0,0.10027919962773384,84000000,752000000.0,0.08748255002326663,0.724,0.722,995016404,997037808,https://www.sedar.com/ModifyCompanyDocumentSearchForm.do?lang=EN&company_search=Great-West Lifeco Inc&document_selection=0&industry_group=A&FromDate=13&FromMonth=05&FromYear=2000&ToDate=13&ToMonth=11&ToYear=2020&Variable=Issuer,https://www.sedar.com/ModifyCompanyDocumentSearchForm.do?lang=EN&company_search=Great-West Lifeco Inc&document_selection=0&industry_group=A&FromDate=13&FromMonth=05&FromYear=2000&ToDate=13&ToMonth=11&ToYear=2020&Variable=Issuer,1620592903,16:41:43,20210509
23,2015-06-30,GWO.TO,CAD,2015-06-30,2015-06-30,Q2,4224000000,0.0,0.0,0.0,0.0,0.0,0.0,0.0,80000000.0,3429000000,69000000.0,0.0,0.0,0.0,0.0,0.18821022727272727,0.0,795000000.0,0.18821022727272727,86000000,690000000.0,0.16335227272727273,0.661,0.659,997371589,1000139913,https://www.sedar.com/ModifyCompanyDocumentSearchForm.do?lang=EN&company_search=Great-West Lifeco Inc&document_selection=0&industry_group=A&FromDate=13&FromMonth=05&FromYear=2000&ToDate=13&ToMonth=11&ToYear=2020&Variable=Issuer,https://www.sedar.com/ModifyCompanyDocumentSearchForm.do?lang=EN&company_search=Great-West Lifeco Inc&document_selection=0&industry_group=A&FromDate=13&FromMonth=05&FromYear=2000&ToDate=13&ToMonth=11&ToYear=2020&Variable=Issuer,1620592903,16:41:43,20210509
24,2015-03-31,GWO.TO,CAD,2015-03-31,2015-03-31,Q1,12679000000,0.0,0.0,0.0,0.0,0.0,0.0,0.0,84000000.0,11686000000,70000000.0,0.0,0.0,0.0,0.0,0.07831847937534506,0.0,993000000.0,0.07831847937534506,224000000,732000000.0,0.05773325972079817,0.702,0.7,996852230,999131469,https://www.sedar.com/ModifyCompanyDocumentSearchForm.do?lang=EN&company_search=Great-West Lifeco Inc&document_selection=0&industry_group=A&FromDate=13&FromMonth=05&FromYear=2000&ToDate=13&ToMonth=11&ToYear=2020&Variable=Issuer,https://www.sedar.com/ModifyCompanyDocumentSearchForm.do?lang=EN&company_search=Great-West Lifeco Inc&document_selection=0&industry_group=A&FromDate=13&FromMonth=05&FromYear=2000&ToDate=13&ToMonth=11&ToYear=2020&Variable=Issuer,1620592903,16:41:43,20210509
25,2014-12-31,GWO.TO,CAD,2014-12-31,2014-12-31,Q4,10723000000,0.0,0.0,0.0,0.0,0.0,0.0,0.0,86000000.0,9848000000,72000000.0,0.0,0.0,0.0,0.0,0.08160029842394852,0.0,875000000.0,0.08160029842394852,164000000,688000000.0,0.0641611489322018,0.741621467335456,0.741621467335456,927696986,927696986,https://www.sedar.com/ModifyCompanyDocumentSearchForm.do?lang=EN&company_search=Great-West Lifeco Inc&document_selection=0&industry_group=A&FromDate=13&FromMonth=05&FromYear=2000&ToDate=13&ToMonth=11&ToYear=2020&Variable=Issuer,https://www.sedar.com/ModifyCompanyDocumentSearchForm.do?lang=EN&company_search=Great-West Lifeco Inc&document_selection=0&industry_group=A&FromDate=13&FromMonth=05&FromYear=2000&ToDate=13&ToMonth=11&ToYear=2020&Variable=Issuer,1620592903,16:41:43,20210509
26,2014-09-30,GWO.TO,CAD,2014-09-30,2014-09-30,Q3,8451000000,0.0,0.0,0.0,0.0,0.0,0.0,0.0,85000000.0,7576000000,68000000.0,0.0,0.0,0.0,0.0,0.10353804283516743,0.0,875000000.0,0.10353804283516743,135000000,720000000.0,0.08519701810436635,0.687,0.686,998741064,1000181120,https://www.sedar.com/ModifyCompanyDocumentSearchForm.do?lang=EN&company_search=Great-West Lifeco Inc&document_selection=0&industry_group=A&FromDate=13&FromMonth=05&FromYear=2000&ToDate=13&ToMonth=11&ToYear=2020&Variable=Issuer,https://www.sedar.com/ModifyCompanyDocumentSearchForm.do?lang=EN&company_search=Great-West Lifeco Inc&document_selection=0&industry_group=A&FromDate=13&FromMonth=05&FromYear=2000&ToDate=13&ToMonth=11&ToYear=2020&Variable=Issuer,1620592903,16:41:43,20210509
27,2014-06-30,GWO.TO,CAD,2014-06-30,2014-06-30,Q2,10070000000,0.0,0.0,0.0,0.0,0.0,0.0,0.0,83000000.0,9242000000,69000000.0,0.0,0.0,0.0,0.0,0.08222442899702086,0.0,828000000.0,0.08222442899702086,156000000,644000000.0,0.06395233366434955,0.616,0.615,999058528,999984555,https://www.sedar.com/ModifyCompanyDocumentSearchForm.do?lang=EN&company_search=Great-West Lifeco Inc&document_selection=0&industry_group=A&FromDate=13&FromMonth=05&FromYear=2000&ToDate=13&ToMonth=11&ToYear=2020&Variable=Issuer,https://www.sedar.com/ModifyCompanyDocumentSearchForm.do?lang=EN&company_search=Great-West Lifeco Inc&document_selection=0&industry_group=A&FromDate=13&FromMonth=05&FromYear=2000&ToDate=13&ToMonth=11&ToYear=2020&Variable=Issuer,1620592903,16:41:43,20210509
28,2014-03-31,GWO.TO,CAD,2014-03-31,2014-03-31,Q1,9937000000,0.0,0.0,0.0,0.0,0.0,0.0,0.0,85000000.0,9126000000,70000000.0,0.0,0.0,0.0,0.0,0.08161416926637818,0.0,811000000.0,0.08161416926637818,173000000,616000000.0,0.061990540404548655,0.6164835512030571,0.6157082177227459,999215630,1000473897,https://www.sedar.com/ModifyCompanyDocumentSearchForm.do?lang=EN&company_search=Great-West Lifeco Inc&document_selection=0&industry_group=A&FromDate=13&FromMonth=05&FromYear=2000&ToDate=13&ToMonth=11&ToYear=2020&Variable=Issuer,https://www.sedar.com/ModifyCompanyDocumentSearchForm.do?lang=EN&company_search=Great-West Lifeco Inc&document_selection=0&industry_group=A&FromDate=13&FromMonth=05&FromYear=2000&ToDate=13&ToMonth=11&ToYear=2020&Variable=Issuer,1620592903,16:41:43,20210509
29,2013-12-31,GWO.TO,CAD,2013-12-31,2013-12-31,Q4,8994000000,0.0,0.0,0.0,0.0,0.0,0.0,0.0,83000000.0,8264000000,70000000.0,0.0,0.0,0.0,0.0,0.08116522125861686,0.0,730000000.0,0.08116522125861686,128000000,750000000.0,0.08338892595063375,0.8084536344499884,0.8084536344499884,927696986,927696986,https://www.sedar.com/ModifyCompanyDocumentSearchForm.do?lang=EN&company_search=Great-West Lifeco Inc&document_selection=0&industry_group=A&FromDate=13&FromMonth=05&FromYear=2000&ToDate=13&ToMonth=11&ToYear=2020&Variable=Issuer,https://www.sedar.com/ModifyCompanyDocumentSearchForm.do?lang=EN&company_search=Great-West Lifeco Inc&document_selection=0&industry_group=A&FromDate=13&FromMonth=05&FromYear=2000&ToDate=13&ToMonth=11&ToYear=2020&Variable=Issuer,1620592903,16:41:43,20210509
30,2013-09-30,GWO.TO,CAD,2013-09-30,2013-09-30,Q3,6923000000,0.0,0.0,0.0,0.0,0.0,0.0,0.0,84000000.0,6269000000,69000000.0,0.0,0.0,0.0,0.0,0.09446771630795897,0.0,654000000.0,0.09446771630795897,79000000,555000000.0,0.08016755741730464,0.527,0.522,991427893,1001532637,https://www.sedar.com/ModifyCompanyDocumentSearchForm.do?lang=EN&company_search=Great-West Lifeco Inc&document_selection=0&industry_group=A&FromDate=13&FromMonth=05&FromYear=2000&ToDate=13&ToMonth=11&ToYear=2020&Variable=Issuer,https://www.sedar.com/ModifyCompanyDocumentSearchForm.do?lang=EN&company_search=Great-West Lifeco Inc&document_selection=0&industry_group=A&FromDate=13&FromMonth=05&FromYear=2000&ToDate=13&ToMonth=11&ToYear=2020&Variable=Issuer,1620592903,16:41:43,20210509
31,2013-06-30,GWO.TO,CAD,2013-06-30,2013-06-30,Q2,3344000000,0.0,0.0,0.0,0.0,0.0,0.0,0.0,72000000.0,2643000000,68000000.0,0.0,0.0,0.0,0.0,0.2096291866028708,0.0,701000000.0,0.2096291866028708,128000000,553000000.0,0.1653708133971292,0.548,0.547,951560784,952144485,https://www.sedar.com/ModifyCompanyDocumentSearchForm.do?lang=EN&company_search=Great-West Lifeco Inc&document_selection=0&industry_group=A&FromDate=13&FromMonth=05&FromYear=2000&ToDate=13&ToMonth=11&ToYear=2020&Variable=Issuer,https://www.sedar.com/ModifyCompanyDocumentSearchForm.do?lang=EN&company_search=Great-West Lifeco Inc&document_selection=0&industry_group=A&FromDate=13&FromMonth=05&FromYear=2000&ToDate=13&ToMonth=11&ToYear=2020&Variable=Issuer,1620592903,16:41:43,20210509
32,2013-03-31,GWO.TO,CAD,2013-03-31,2013-03-31,Q1,7185000000,0.0,0.0,0.0,0.0,0.0,0.0,0.0,74000000.0,6489000000,62000000.0,0.0,0.0,0.0,0.0,0.09686847599164927,0.0,696000000.0,0.09686847599164927,128000000,550000000.0,0.07654836464857341,0.5783393499132583,0.5780442697789444,950998752,951484218,https://www.sedar.com/ModifyCompanyDocumentSearchForm.do?lang=EN&company_search=Great-West Lifeco Inc&document_selection=0&industry_group=A&FromDate=13&FromMonth=05&FromYear=2000&ToDate=13&ToMonth=11&ToYear=2020&Variable=Issuer,https://www.sedar.com/ModifyCompanyDocumentSearchForm.do?lang=EN&company_search=Great-West Lifeco Inc&document_selection=0&industry_group=A&FromDate=13&FromMonth=05&FromYear=2000&ToDate=13&ToMonth=11&ToYear=2020&Variable=Issuer,1620592903,16:41:43,20210509
33,2012-12-31,GWO.TO,CAD,2012-12-31,2012-12-31,Q4,7137000000,0.0,0.0,0.0,0.0,-886000000.0,0.0,0.0,0.0,6449000000,48000000.0,0.0,0.0,0.0,0.0,0.09639904721871935,0.0,688000000.0,0.09639904721871935,98000000,385000000.0,0.053944234272103125,0.4150061990176607,0.4150061990176607,927696986,927696986,https://www.sedar.com/ModifyCompanyDocumentSearchForm.do?lang=EN&company_search=Great-West Lifeco Inc&document_selection=0&industry_group=A&FromDate=13&FromMonth=05&FromYear=2000&ToDate=13&ToMonth=11&ToYear=2020&Variable=Issuer,https://www.sedar.com/ModifyCompanyDocumentSearchForm.do?lang=EN&company_search=Great-West Lifeco Inc&document_selection=0&industry_group=A&FromDate=13&FromMonth=05&FromYear=2000&ToDate=13&ToMonth=11&ToYear=2020&Variable=Issuer,1620592903,16:41:43,20210509
34,2012-09-30,GWO.TO,CAD,2012-09-30,2012-09-30,Q3,8636000000,0.0,0.0,0.0,0.0,1168000000.0,0.0,0.0,0.0,7870000000,70000000.0,0.0,0.0,0.0,0.0,0.0886984715145901,0.0,766000000.0,0.0886984715145901,141000000,550000000.0,0.06368689207966652,0.547,0.543,949842636,961350157,https://www.sedar.com/ModifyCompanyDocumentSearchForm.do?lang=EN&company_search=Great-West Lifeco Inc&document_selection=0&industry_group=A&FromDate=13&FromMonth=05&FromYear=2000&ToDate=13&ToMonth=11&ToYear=2020&Variable=Issuer,https://www.sedar.com/ModifyCompanyDocumentSearchForm.do?lang=EN&company_search=Great-West Lifeco Inc&document_selection=0&industry_group=A&FromDate=13&FromMonth=05&FromYear=2000&ToDate=13&ToMonth=11&ToYear=2020&Variable=Issuer,1620592903,16:41:43,20210509
35,2012-06-30,GWO.TO,CAD,2012-06-30,2012-06-30,Q2,7792000000,0.0,0.0,0.0,0.0,709000000.0,0.0,0.0,0.0,7203000000,66000000.0,0.0,0.0,0.0,0.0,0.07559034907597537,0.0,589000000.0,0.07559034907597537,72000000,519000000.0,0.06660677618069816,0.517,0.513,949816266,961735330,https://www.sedar.com/ModifyCompanyDocumentSearchForm.do?lang=EN&company_search=Great-West Lifeco Inc&document_selection=0&industry_group=A&FromDate=13&FromMonth=05&FromYear=2000&ToDate=13&ToMonth=11&ToYear=2020&Variable=Issuer,https://www.sedar.com/ModifyCompanyDocumentSearchForm.do?lang=EN&company_search=Great-West Lifeco Inc&document_selection=0&industry_group=A&FromDate=13&FromMonth=05&FromYear=2000&ToDate=13&ToMonth=11&ToYear=2020&Variable=Issuer,1620592903,16:41:43,20210509
36,2012-03-31,GWO.TO,CAD,2012-03-31,2012-03-31,Q1,6496000000,0.0,0.0,0.0,0.0,640000000.0,410000000.0,0.0,232000000.0,5963000000,72000000.0,0.0,0.0,0.0,0.0,0.08205049261083744,724000000.0,533000000.0,0.08205049261083744,57000000,476000000.0,0.07327586206896551,0.475,0.472,949781011,960483352,https://www.sedar.com/ModifyCompanyDocumentSearchForm.do?lang=EN&company_search=Great-West Lifeco Inc&document_selection=0&industry_group=A&FromDate=13&FromMonth=05&FromYear=2000&ToDate=13&ToMonth=11&ToYear=2020&Variable=Issuer,https://www.sedar.com/ModifyCompanyDocumentSearchForm.do?lang=EN&company_search=Great-West Lifeco Inc&document_selection=0&industry_group=A&FromDate=13&FromMonth=05&FromYear=2000&ToDate=13&ToMonth=11&ToYear=2020&Variable=Issuer,1620592903,16:41:43,20210509
37,2011-12-31,GWO.TO,CAD,2011-12-31,2011-12-31,Q4,8003000000,0.0,0.0,0.0,0.0,142000000.0,409000000.0,0.0,10615000000.0,7068000000,73000000.0,0.0,0.0,0.0,0.0,0.11683118830438585,740000000.0,935000000.0,0.11683118830438585,181000000,648000000.0,0.08096963638635511,0.69850394016479,0.69850394016479,927696986,927696986,https://www.sedar.com/ModifyCompanyDocumentSearchForm.do?lang=EN&company_search=Great-West Lifeco Inc&document_selection=0&industry_group=A&FromDate=13&FromMonth=05&FromYear=2000&ToDate=13&ToMonth=11&ToYear=2020&Variable=Issuer,https://www.sedar.com/ModifyCompanyDocumentSearchForm.do?lang=EN&company_search=Great-West Lifeco Inc&document_selection=0&industry_group=A&FromDate=13&FromMonth=05&FromYear=2000&ToDate=13&ToMonth=11&ToYear=2020&Variable=Issuer,1620592903,16:41:43,20210509
38,2011-09-30,GWO.TO,CAD,2011-09-30,2011-09-30,Q3,8506000000,0.0,0.0,0.0,0.0,605000000.0,372000000.0,0.0,10979000000.0,7963000000,72000000.0,0.0,0.0,0.0,0.0,0.06383729132377146,704000000.0,543000000.0,0.06383729132377146,54000000,481000000.0,0.056548318833764405,0.481,0.478,949563859,961867285,https://www.sedar.com/ModifyCompanyDocumentSearchForm.do?lang=EN&company_search=Great-West Lifeco Inc&document_selection=0&industry_group=A&FromDate=13&FromMonth=05&FromYear=2000&ToDate=13&ToMonth=11&ToYear=2020&Variable=Issuer,https://www.sedar.com/ModifyCompanyDocumentSearchForm.do?lang=EN&company_search=Great-West Lifeco Inc&document_selection=0&industry_group=A&FromDate=13&FromMonth=05&FromYear=2000&ToDate=13&ToMonth=11&ToYear=2020&Variable=Issuer,1620592903,16:41:43,20210509
39,2011-06-30,GWO.TO,CAD,2011-06-30,2011-06-30,Q2,7134000000,0.0,0.0,0.0,0.0,558000000.0,390000000.0,0.0,9433000000.0,6411000000,72000000.0,0.0,0.0,0.0,0.0,0.10134566862910008,739000000.0,723000000.0,0.10134566862910008,161000000,550000000.0,0.07709559854219232,0.553,0.55,949293303,959846831,https://www.sedar.com/ModifyCompanyDocumentSearchForm.do?lang=EN&company_search=Great-West Lifeco Inc&document_selection=0&industry_group=A&FromDate=13&FromMonth=05&FromYear=2000&ToDate=13&ToMonth=11&ToYear=2020&Variable=Issuer,https://www.sedar.com/ModifyCompanyDocumentSearchForm.do?lang=EN&company_search=Great-West Lifeco Inc&document_selection=0&industry_group=A&FromDate=13&FromMonth=05&FromYear=2000&ToDate=13&ToMonth=11&ToYear=2020&Variable=Issuer,1620592903,16:41:43,20210509
40,2011-03-31,GWO.TO,CAD,2011-03-31,2011-03-31,Q1,6255000000,0.0,0.0,0.0,0.0,645000000.0,377000000.0,0.0,192000000.0,5752000000,72000000.0,0.0,0.0,0.0,0.0,0.08041566746602717,720000000.0,503000000.0,0.08041566746602717,69000000,439000000.0,0.07018385291766586,0.438,0.436,948761795,958900789,https://www.sedar.com/ModifyCompanyDocumentSearchForm.do?lang=EN&company_search=Great-West Lifeco Inc&document_selection=0&industry_group=A&FromDate=13&FromMonth=05&FromYear=2000&ToDate=13&ToMonth=11&ToYear=2020&Variable=Issuer,https://www.sedar.com/ModifyCompanyDocumentSearchForm.do?lang=EN&company_search=Great-West Lifeco Inc&document_selection=0&industry_group=A&FromDate=13&FromMonth=05&FromYear=2000&ToDate=13&ToMonth=11&ToYear=2020&Variable=Issuer,1620592903,16:41:43,20210509
41,2010-12-31,GWO.TO,CAD,2010-12-31,2010-12-31,Q4,5259000000,0.0,0.0,0.0,0.0,568000000.0,430000000.0,0.0,32841000000.0,4704000000,71000000.0,0.0,0.0,0.0,0.0,0.10553337136337707,729000000.0,555000000.0,0.10553337136337707,41000000,530000000.0,0.10077961589655828,0.5713072350113251,0.5713072350113251,927696986,927696986,https://www.sedar.com/ModifyCompanyDocumentSearchForm.do?lang=EN&company_search=Great-West Lifeco Inc&document_selection=0&industry_group=A&FromDate=13&FromMonth=05&FromYear=2000&ToDate=13&ToMonth=11&ToYear=2020&Variable=Issuer,https://www.sedar.com/ModifyCompanyDocumentSearchForm.do?lang=EN&company_search=Great-West Lifeco Inc&document_selection=0&industry_group=A&FromDate=13&FromMonth=05&FromYear=2000&ToDate=13&ToMonth=11&ToYear=2020&Variable=Issuer,1620592903,16:41:43,20210509
42,2010-09-30,GWO.TO,CAD,2010-09-30,2010-09-30,Q3,9103000000,0.0,0.0,0.0,0.0,970000000.0,366000000.0,0.0,3450000000.0,8819000000,73000000.0,0.0,0.0,0.0,0.0,0.03119850598703724,691000000.0,284000000.0,0.03119850598703724,-15000000,297000000.0,0.03262660661320444,0.3133167869296406,0.31307928958172754,947922398,948641478,https://www.sedar.com/ModifyCompanyDocumentSearchForm.do?lang=EN&company_search=Great-West Lifeco Inc&document_selection=0&industry_group=A&FromDate=13&FromMonth=05&FromYear=2000&ToDate=13&ToMonth=11&ToYear=2020&Variable=Issuer,https://www.sedar.com/ModifyCompanyDocumentSearchForm.do?lang=EN&company_search=Great-West Lifeco Inc&document_selection=0&industry_group=A&FromDate=13&FromMonth=05&FromYear=2000&ToDate=13&ToMonth=11&ToYear=2020&Variable=Issuer,1620592903,16:41:43,20210509
43,2010-06-30,GWO.TO,CAD,2010-06-30,2010-06-30,Q2,7366000000,0.0,0.0,0.0,0.0,629000000.0,364000000.0,0.0,1471000000.0,6770000000,70000000.0,0.0,0.0,0.0,0.0,0.08091229975563399,718000000.0,596000000.0,0.08091229975563399,115000000,455000000.0,0.06177029595438501,0.4801356419699979,0.4796370324514415,947648873,948634007,https://www.sedar.com/ModifyCompanyDocumentSearchForm.do?lang=EN&company_search=Great-West Lifeco Inc&document_selection=0&industry_group=A&FromDate=13&FromMonth=05&FromYear=2000&ToDate=13&ToMonth=11&ToYear=2020&Variable=Issuer,https://www.sedar.com/ModifyCompanyDocumentSearchForm.do?lang=EN&company_search=Great-West Lifeco Inc&document_selection=0&industry_group=A&FromDate=13&FromMonth=05&FromYear=2000&ToDate=13&ToMonth=11&ToYear=2020&Variable=Issuer,1620592903,16:41:43,20210509
44,2010-03-31,GWO.TO,CAD,2010-03-31,2010-03-31,Q1,8270000000,0.0,0.0,0.0,0.0,630000000.0,363000000.0,0.0,2365000000.0,7721000000,69000000.0,0.0,0.0,0.0,0.0,0.06638452237001209,736000000.0,549000000.0,0.06638452237001209,86000000,461000000.0,0.055743651753325275,0.466,0.465,946097743,947910164,https://www.sedar.com/ModifyCompanyDocumentSearchForm.do?lang=EN&company_search=Great-West Lifeco Inc&document_selection=0&industry_group=A&FromDate=13&FromMonth=05&FromYear=2000&ToDate=13&ToMonth=11&ToYear=2020&Variable=Issuer,https://www.sedar.com/ModifyCompanyDocumentSearchForm.do?lang=EN&company_search=Great-West Lifeco Inc&document_selection=0&industry_group=A&FromDate=13&FromMonth=05&FromYear=2000&ToDate=13&ToMonth=11&ToYear=2020&Variable=Issuer,1620592903,16:41:43,20210509
45,2009-12-31,GWO.TO,CAD,2009-12-31,2009-12-31,Q4,6001000000,0.0,0.0,0.0,0.0,673000000.0,391000000.0,0.0,105000000.0,5495000000,62000000.0,0.0,0.0,0.0,0.0,0.08431928011998001,765000000.0,506000000.0,0.08431928011998001,47000000,463000000.0,0.07715380769871688,0.4990853770004595,0.4990853770004595,927696986,927696986,https://www.sedar.com/ModifyCompanyDocumentSearchForm.do?lang=EN&company_search=Great-West Lifeco Inc&document_selection=0&industry_group=A&FromDate=13&FromMonth=05&FromYear=2000&ToDate=13&ToMonth=11&ToYear=2020&Variable=Issuer,https://www.sedar.com/ModifyCompanyDocumentSearchForm.do?lang=EN&company_search=Great-West Lifeco Inc&document_selection=0&industry_group=A&FromDate=13&FromMonth=05&FromYear=2000&ToDate=13&ToMonth=11&ToYear=2020&Variable=Issuer,1620592903,16:41:43,20210509
46,2009-09-30,GWO.TO,CAD,2009-09-30,2009-09-30,Q3,10389000000,0.0,0.0,0.0,0.0,636000000.0,319000000.0,0.0,4456000000.0,9825000000,93000000.0,0.0,0.0,0.0,0.0,0.05428818943112908,728000000.0,564000000.0,0.05428818943112908,98000000,462000000.0,0.044470112619116375,0.471,0.47,944465294,946622801,https://www.sedar.com/ModifyCompanyDocumentSearchForm.do?lang=EN&company_search=Great-West Lifeco Inc&document_selection=0&industry_group=A&FromDate=13&FromMonth=05&FromYear=2000&ToDate=13&ToMonth=11&ToYear=2020&Variable=Issuer,https://www.sedar.com/ModifyCompanyDocumentSearchForm.do?lang=EN&company_search=Great-West Lifeco Inc&document_selection=0&industry_group=A&FromDate=13&FromMonth=05&FromYear=2000&ToDate=13&ToMonth=11&ToYear=2020&Variable=Issuer,1620592903,16:41:43,20210509
47,2009-06-30,GWO.TO,CAD,2009-06-30,2009-06-30,Q2,9218000000,0.0,0.0,0.0,0.0,628000000.0,353000000.0,0.0,12038000000.0,8653000000,106000000.0,0.0,0.0,0.0,0.0,0.0612931221523107,666000000.0,565000000.0,0.0612931221523107,122000000,431000000.0,0.04675634627901931,0.4564735159705759,0.45583023624714486,944194975,945527448,https://www.sedar.com/ModifyCompanyDocumentSearchForm.do?lang=EN&company_search=Great-West Lifeco Inc&document_selection=0&industry_group=A&FromDate=13&FromMonth=05&FromYear=2000&ToDate=13&ToMonth=11&ToYear=2020&Variable=Issuer,https://www.sedar.com/ModifyCompanyDocumentSearchForm.do?lang=EN&company_search=Great-West Lifeco Inc&document_selection=0&industry_group=A&FromDate=13&FromMonth=05&FromYear=2000&ToDate=13&ToMonth=11&ToYear=2020&Variable=Issuer,1620592903,16:41:43,20210509
48,2009-03-31,GWO.TO,CAD,2009-03-31,2009-03-31,Q1,4933000000,0.0,0.0,0.0,0.0,663000000.0,307000000.0,0.0,-1586000000.0,4488000000,75000000.0,0.0,0.0,0.0,0.0,0.09020879789174945,680000000.0,445000000.0,0.09020879789174945,78000000,343000000.0,0.06953172511656193,0.36337959901457473,0.36326287394490736,943916502,944219805,https://www.sedar.com/ModifyCompanyDocumentSearchForm.do?lang=EN&company_search=Great-West Lifeco Inc&document_selection=0&industry_group=A&FromDate=13&FromMonth=05&FromYear=2000&ToDate=13&ToMonth=11&ToYear=2020&Variable=Issuer,https://www.sedar.com/ModifyCompanyDocumentSearchForm.do?lang=EN&company_search=Great-West Lifeco Inc&document_selection=0&industry_group=A&FromDate=13&FromMonth=05&FromYear=2000&ToDate=13&ToMonth=11&ToYear=2020&Variable=Issuer,1620592903,16:41:43,20210509
49,2008-12-31,GWO.TO,CAD,2008-12-31,2008-12-31,Q4,6580000000,0.0,0.0,0.0,0.0,666000000.0,360000000.0,0.0,-2625000000.0,8206000000,37000000.0,0.0,0.0,0.0,0.0,-0.24711246200607903,743000000.0,-1626000000.0,-0.24711246200607903,-744000000,-892000000.0,-0.13556231003039515,-0.9615208559058529,-0.9615208559058529,927696986,927696986,https://www.sedar.com/ModifyCompanyDocumentSearchForm.do?lang=EN&company_search=Great-West Lifeco Inc&document_selection=0&industry_group=A&FromDate=13&FromMonth=05&FromYear=2000&ToDate=13&ToMonth=11&ToYear=2020&Variable=Issuer,https://www.sedar.com/ModifyCompanyDocumentSearchForm.do?lang=EN&company_search=Great-West Lifeco Inc&document_selection=0&industry_group=A&FromDate=13&FromMonth=05&FromYear=2000&ToDate=13&ToMonth=11&ToYear=2020&Variable=Issuer,1620592903,16:41:43,20210509
50,2008-09-30,GWO.TO,CAD,2008-09-30,2008-09-30,Q3,3971000000,0.0,0.0,0.0,0.0,662000000.0,341000000.0,0.0,-1837000000.0,3322000000,76000000.0,0.0,0.0,0.0,0.0,0.1634349030470914,778000000.0,649000000.0,0.1634349030470914,187000000,450000000.0,0.11332158146562579,0.487,0.485,894580690,898561926,https://www.sedar.com/ModifyCompanyDocumentSearchForm.do?lang=EN&company_search=Great-West Lifeco Inc&document_selection=0&industry_group=A&FromDate=13&FromMonth=05&FromYear=2000&ToDate=13&ToMonth=11&ToYear=2020&Variable=Issuer,https://www.sedar.com/ModifyCompanyDocumentSearchForm.do?lang=EN&company_search=Great-West Lifeco Inc&document_selection=0&industry_group=A&FromDate=13&FromMonth=05&FromYear=2000&ToDate=13&ToMonth=11&ToYear=2020&Variable=Issuer,1620592903,16:41:43,20210509
51,2008-06-30,GWO.TO,CAD,2008-06-30,2008-06-30,Q2,5382000000,0.0,0.0,0.0,0.0,646000000.0,330000000.0,0.0,-1239000000.0,4589000000,77000000.0,0.0,0.0,0.0,0.0,0.1473429951690821,806000000.0,793000000.0,0.1473429951690821,188000000,1227000000.0,0.22798216276477146,1.356,1.35,894282925,898562423,https://www.sedar.com/ModifyCompanyDocumentSearchForm.do?lang=EN&company_search=Great-West Lifeco Inc&document_selection=0&industry_group=A&FromDate=13&FromMonth=05&FromYear=2000&ToDate=13&ToMonth=11&ToYear=2020&Variable=Issuer,https://www.sedar.com/ModifyCompanyDocumentSearchForm.do?lang=EN&company_search=Great-West Lifeco Inc&document_selection=0&industry_group=A&FromDate=13&FromMonth=05&FromYear=2000&ToDate=13&ToMonth=11&ToYear=2020&Variable=Issuer,1620592903,16:41:43,20210509
52,2008-03-31,GWO.TO,CAD,2008-03-31,2008-03-31,Q1,17999000000,0.0,0.0,0.0,0.0,0.0,0.0,0.0,0.0,12701000000,106000000.0,0.0,0.0,0.0,0.0,0.0,1209000000.0,0.0,0.0,109000000,668000000.0,0.037113172954053,0.732,0.728,893862214,898700886,https://www.sedar.com/ModifyCompanyDocumentSearchForm.do?lang=EN&company_search=Great-West Lifeco Inc&document_selection=0&industry_group=A&FromDate=13&FromMonth=05&FromYear=2000&ToDate=13&ToMonth=11&ToYear=2020&Variable=Issuer,https://www.sedar.com/ModifyCompanyDocumentSearchForm.do?lang=EN&company_search=Great-West Lifeco Inc&document_selection=0&industry_group=A&FromDate=13&FromMonth=05&FromYear=2000&ToDate=13&ToMonth=11&ToYear=2020&Variable=Issuer,1620592903,16:41:43,20210509
53,2007-12-31,GWO.TO,CAD,2007-12-31,2007-12-31,Q4,7329000000,0.0,0.0,0.0,0.0,248000000.0,0.0,0.0,0.0,8153000000,84000000.0,0.0,0.0,0.0,0.0,0.3475235366352845,-2133000000.0,2547000000.0,0.3475235366352845,110000000,550000000.0,0.0750443443853186,0.5928659985966581,0.5928659985966581,927696986,927696986,https://www.sedar.com/ModifyCompanyDocumentSearchForm.do?lang=EN&company_search=Great-West Lifeco Inc&document_selection=0&industry_group=A&FromDate=13&FromMonth=05&FromYear=2000&ToDate=13&ToMonth=11&ToYear=2020&Variable=Issuer,https://www.sedar.com/ModifyCompanyDocumentSearchForm.do?lang=EN&company_search=Great-West Lifeco Inc&document_selection=0&industry_group=A&FromDate=13&FromMonth=05&FromYear=2000&ToDate=13&ToMonth=11&ToYear=2020&Variable=Issuer,1620592903,16:41:43,20210509
54,2007-09-30,GWO.TO,CAD,2007-09-30,2007-09-30,Q3,6644000000,0.0,0.0,0.0,0.0,857000000.0,0.0,0.0,0.0,5616000000,81000000.0,0.0,0.0,0.0,0.0,0.0,2765000000.0,0.0,0.0,76000000,475000000.0,0.07149307645996388,0.516,0.513,892296169,898915637,https://www.sedar.com/ModifyCompanyDocumentSearchForm.do?lang=EN&company_search=Great-West Lifeco Inc&document_selection=0&industry_group=A&FromDate=13&FromMonth=05&FromYear=2000&ToDate=13&ToMonth=11&ToYear=2020&Variable=Issuer,https://www.sedar.com/ModifyCompanyDocumentSearchForm.do?lang=EN&company_search=Great-West Lifeco Inc&document_selection=0&industry_group=A&FromDate=13&FromMonth=05&FromYear=2000&ToDate=13&ToMonth=11&ToYear=2020&Variable=Issuer,1620592903,16:41:43,20210509
55,2007-06-30,GWO.TO,CAD,2007-06-30,2007-06-30,Q2,4571000000,0.0,0.0,0.0,0.0,560000000.0,0.0,0.0,0.0,3377000000,53000000.0,0.0,0.0,0.0,0.0,0.0,305000000.0,0.0,0.0,154000000,558000000.0,0.12207394443229053,0.61,0.606,892170991,898783006,https://www.sedar.com/ModifyCompanyDocumentSearchForm.do?lang=EN&company_search=Great-West Lifeco Inc&document_selection=0&industry_group=A&FromDate=13&FromMonth=05&FromYear=2000&ToDate=13&ToMonth=11&ToYear=2020&Variable=Issuer,https://www.sedar.com/ModifyCompanyDocumentSearchForm.do?lang=EN&company_search=Great-West Lifeco Inc&document_selection=0&industry_group=A&FromDate=13&FromMonth=05&FromYear=2000&ToDate=13&ToMonth=11&ToYear=2020&Variable=Issuer,1620592903,16:41:43,20210509
56,2007-03-31,GWO.TO,CAD,2007-03-31,2007-03-31,Q1,7379000000,0.0,0.0,0.0,0.0,595000000.0,0.0,0.0,0.0,646000000,51000000.0,0.0,0.0,0.0,0.0,0.0,1766000000.0,0.0,0.0,138000000,528000000.0,0.07155441116682477,0.576,0.572,891567961,898526896,https://www.sedar.com/ModifyCompanyDocumentSearchForm.do?lang=EN&company_search=Great-West Lifeco Inc&document_selection=0&industry_group=A&FromDate=13&FromMonth=05&FromYear=2000&ToDate=13&ToMonth=11&ToYear=2020&Variable=Issuer,https://www.sedar.com/ModifyCompanyDocumentSearchForm.do?lang=EN&company_search=Great-West Lifeco Inc&document_selection=0&industry_group=A&FromDate=13&FromMonth=05&FromYear=2000&ToDate=13&ToMonth=11&ToYear=2020&Variable=Issuer,1620592903,16:41:43,20210509
57,2006-12-31,GWO.TO,CAD,2006-12-31,2006-12-31,Q4,8453000000,0.0,0.0,0.0,0.0,595000000.0,0.0,0.0,0.0,8001000000,0.0,0.0,0.0,0.0,0.0,0.3198864308529516,-3710000000.0,2704000000.0,0.3198864308529516,124000000,505000000.0,0.05974210339524429,0.5443587805296588,0.5443587805296588,927696986,927696986,https://www.sedar.com/ModifyCompanyDocumentSearchForm.do?lang=EN&company_search=Great-West Lifeco Inc&document_selection=0&industry_group=A&FromDate=13&FromMonth=05&FromYear=2000&ToDate=13&ToMonth=11&ToYear=2020&Variable=Issuer,https://www.sedar.com/ModifyCompanyDocumentSearchForm.do?lang=EN&company_search=Great-West Lifeco Inc&document_selection=0&industry_group=A&FromDate=13&FromMonth=05&FromYear=2000&ToDate=13&ToMonth=11&ToYear=2020&Variable=Issuer,1620592903,16:41:43,20210509
58,2006-09-30,GWO.TO,CAD,2006-09-30,2006-09-30,Q3,6567000000,0.0,0.0,0.0,0.0,532000000.0,0.0,0.0,0.0,5782000000,54000000.0,0.0,0.0,0.0,0.0,0.0,2235000000.0,0.0,0.0,186000000,491000000.0,0.07476777828536622,0.537,0.532,891036927,897560636,https://www.sedar.com/ModifyCompanyDocumentSearchForm.do?lang=EN&company_search=Great-West Lifeco Inc&document_selection=0&industry_group=A&FromDate=13&FromMonth=05&FromYear=2000&ToDate=13&ToMonth=11&ToYear=2020&Variable=Issuer,https://www.sedar.com/ModifyCompanyDocumentSearchForm.do?lang=EN&company_search=Great-West Lifeco Inc&document_selection=0&industry_group=A&FromDate=13&FromMonth=05&FromYear=2000&ToDate=13&ToMonth=11&ToYear=2020&Variable=Issuer,1620592903,16:41:43,20210509
59,2006-06-30,GWO.TO,CAD,2006-06-30,2006-06-30,Q2,6627000000,0.0,0.0,0.0,0.0,0.0,0.0,0.0,0.0,383000000,51000000.0,0.0,0.0,0.0,0.0,0.0,2183000000.0,0.0,0.0,136000000,475000000.0,0.07167647502640712,0.516,0.513,891270626,891270626,https://www.sedar.com/ModifyCompanyDocumentSearchForm.do?lang=EN&company_search=Great-West Lifeco Inc&document_selection=0&industry_group=A&FromDate=13&FromMonth=05&FromYear=2000&ToDate=13&ToMonth=11&ToYear=2020&Variable=Issuer,https://www.sedar.com/ModifyCompanyDocumentSearchForm.do?lang=EN&company_search=Great-West Lifeco Inc&document_selection=0&industry_group=A&FromDate=13&FromMonth=05&FromYear=2000&ToDate=13&ToMonth=11&ToYear=2020&Variable=Issuer,1620592903,16:41:43,20210509
60,2006-03-31,GWO.TO,CAD,2006-03-31,2006-03-31,Q1,5675000000,0.0,0.0,0.0,0.0,562000000.0,0.0,0.0,0.0,609000000,47000000.0,0.0,0.0,0.0,0.0,0.0,1975000000.0,0.0,0.0,169000000,456000000.0,0.080352422907489,0.501,0.497,890681974,897742626,https://www.sedar.com/ModifyCompanyDocumentSearchForm.do?lang=EN&company_search=Great-West Lifeco Inc&document_selection=0&industry_group=A&FromDate=13&FromMonth=05&FromYear=2000&ToDate=13&ToMonth=11&ToYear=2020&Variable=Issuer,https://www.sedar.com/ModifyCompanyDocumentSearchForm.do?lang=EN&company_search=Great-West Lifeco Inc&document_selection=0&industry_group=A&FromDate=13&FromMonth=05&FromYear=2000&ToDate=13&ToMonth=11&ToYear=2020&Variable=Issuer,1620592903,16:41:43,20210509
61,2005-12-31,GWO.TO,CAD,2005-12-31,2005-12-31,Q4,6518000000,0.0,0.0,0.0,0.0,546000000.0,0.0,0.0,0.0,18586000000,0.0,0.0,0.0,0.0,0.0,0.3818656029456889,-3414000000.0,2489000000.0,0.3818656029456889,160000000,467000000.0,0.07164774470696533,0.5033971297175261,0.5033971297175261,927696986,927696986,https://www.sedar.com/ModifyCompanyDocumentSearchForm.do?lang=EN&company_search=Great-West Lifeco Inc&document_selection=0&industry_group=A&FromDate=13&FromMonth=05&FromYear=2000&ToDate=13&ToMonth=11&ToYear=2020&Variable=Issuer,https://www.sedar.com/ModifyCompanyDocumentSearchForm.do?lang=EN&company_search=Great-West Lifeco Inc&document_selection=0&industry_group=A&FromDate=13&FromMonth=05&FromYear=2000&ToDate=13&ToMonth=11&ToYear=2020&Variable=Issuer,1620592903,16:41:43,20210509
62,2005-09-30,GWO.TO,CAD,2005-09-30,2005-09-30,Q3,5188000000,0.0,0.0,0.0,0.0,535000000.0,0.0,0.0,0.0,886000000,49000000.0,0.0,0.0,0.0,0.0,0.0,1999000000.0,0.0,0.0,140000000,429000000.0,0.08269082498072475,0.472,0.468,891001423,899018713,https://www.sedar.com/ModifyCompanyDocumentSearchForm.do?lang=EN&company_search=Great-West Lifeco Inc&document_selection=0&industry_group=A&FromDate=13&FromMonth=05&FromYear=2000&ToDate=13&ToMonth=11&ToYear=2020&Variable=Issuer,https://www.sedar.com/ModifyCompanyDocumentSearchForm.do?lang=EN&company_search=Great-West Lifeco Inc&document_selection=0&industry_group=A&FromDate=13&FromMonth=05&FromYear=2000&ToDate=13&ToMonth=11&ToYear=2020&Variable=Issuer,1620592903,16:41:43,20210509
63,2005-06-30,GWO.TO,CAD,2005-06-30,2005-06-30,Q2,5731000000,0.0,0.0,0.0,0.0,553000000.0,0.0,0.0,0.0,936000000,30000000.0,0.0,0.0,0.0,0.0,0.0,1943000000.0,0.0,0.0,152000000,453000000.0,0.0790437968940848,0.5,0.496,890986618,898879209,https://www.sedar.com/ModifyCompanyDocumentSearchForm.do?lang=EN&company_search=Great-West Lifeco Inc&document_selection=0&industry_group=A&FromDate=13&FromMonth=05&FromYear=2000&ToDate=13&ToMonth=11&ToYear=2020&Variable=Issuer,https://www.sedar.com/ModifyCompanyDocumentSearchForm.do?lang=EN&company_search=Great-West Lifeco Inc&document_selection=0&industry_group=A&FromDate=13&FromMonth=05&FromYear=2000&ToDate=13&ToMonth=11&ToYear=2020&Variable=Issuer,1620592903,16:41:43,20210509
64,2005-03-31,GWO.TO,CAD,2005-03-31,2005-03-31,Q1,6434000000,0.0,0.0,0.0,0.0,564000000.0,0.0,0.0,0.0,936000000,29000000.0,0.0,0.0,0.0,0.0,0.0,1906000000.0,0.0,0.0,149000000,426000000.0,0.06621075536213863,0.471,0.466,890865663,899072441,https://www.sedar.com/ModifyCompanyDocumentSearchForm.do?lang=EN&company_search=Great-West Lifeco Inc&document_selection=0&industry_group=A&FromDate=13&FromMonth=05&FromYear=2000&ToDate=13&ToMonth=11&ToYear=2020&Variable=Issuer,https://www.sedar.com/ModifyCompanyDocumentSearchForm.do?lang=EN&company_search=Great-West Lifeco Inc&document_selection=0&industry_group=A&FromDate=13&FromMonth=05&FromYear=2000&ToDate=13&ToMonth=11&ToYear=2020&Variable=Issuer,1620592903,16:41:43,20210509
65,2004-12-31,GWO.TO,CAD,2004-12-31,2004-12-31,Q4,5708000000,0.0,0.0,0.0,0.0,565000000.0,0.0,0.0,0.0,16726000000,0.0,0.0,0.0,0.0,0.0,0.4138051857042747,-3322000000.0,2362000000.0,0.4138051857042747,158000000,426000000.0,0.07463209530483532,0.4592016643675934,0.4592016643675934,927696986,927696986,https://www.sedar.com/ModifyCompanyDocumentSearchForm.do?lang=EN&company_search=Great-West Lifeco Inc&document_selection=0&industry_group=A&FromDate=13&FromMonth=05&FromYear=2000&ToDate=13&ToMonth=11&ToYear=2020&Variable=Issuer,https://www.sedar.com/ModifyCompanyDocumentSearchForm.do?lang=EN&company_search=Great-West Lifeco Inc&document_selection=0&industry_group=A&FromDate=13&FromMonth=05&FromYear=2000&ToDate=13&ToMonth=11&ToYear=2020&Variable=Issuer,1620592903,16:41:43,20210509
66,2004-09-30,GWO.TO,CAD,2004-09-30,2004-09-30,Q3,4914000000,0.0,0.0,0.0,0.0,543000000.0,0.0,0.0,0.0,856000000,0.0,0.0,0.0,0.0,0.0,0.0,1827000000.0,0.0,0.0,141000000,429000000.0,0.0873015873015873,0.466,0.462,892383806,900502985,https://www.sedar.com/ModifyCompanyDocumentSearchForm.do?lang=EN&company_search=Great-West Lifeco Inc&document_selection=0&industry_group=A&FromDate=13&FromMonth=05&FromYear=2000&ToDate=13&ToMonth=11&ToYear=2020&Variable=Issuer,https://www.sedar.com/ModifyCompanyDocumentSearchForm.do?lang=EN&company_search=Great-West Lifeco Inc&document_selection=0&industry_group=A&FromDate=13&FromMonth=05&FromYear=2000&ToDate=13&ToMonth=11&ToYear=2020&Variable=Issuer,1620592903,16:41:43,20210509
67,2004-06-30,GWO.TO,CAD,2004-06-30,2004-06-30,Q2,5852000000,0.0,0.0,0.0,0.0,572000000.0,0.0,0.0,0.0,904000000,0.0,0.0,0.0,0.0,0.0,0.0,1912000000.0,0.0,0.0,130000000,415000000.0,0.07091592617908407,0.449,0.445,893035904,901257560,https://www.sedar.com/ModifyCompanyDocumentSearchForm.do?lang=EN&company_search=Great-West Lifeco Inc&document_selection=0&industry_group=A&FromDate=13&FromMonth=05&FromYear=2000&ToDate=13&ToMonth=11&ToYear=2020&Variable=Issuer,https://www.sedar.com/ModifyCompanyDocumentSearchForm.do?lang=EN&company_search=Great-West Lifeco Inc&document_selection=0&industry_group=A&FromDate=13&FromMonth=05&FromYear=2000&ToDate=13&ToMonth=11&ToYear=2020&Variable=Issuer,1620592903,16:41:43,20210509
68,2004-03-31,GWO.TO,CAD,2004-03-31,2004-03-31,Q1,5267000000,0.0,0.0,0.0,0.0,584000000.0,0.0,0.0,0.0,893000000,0.0,0.0,0.0,0.0,0.0,0.0,1856000000.0,0.0,0.0,137000000,390000000.0,0.07404594645908487,0.4205,0.4165,893373884,901876656,https://www.sedar.com/ModifyCompanyDocumentSearchForm.do?lang=EN&company_search=Great-West Lifeco Inc&document_selection=0&industry_group=A&FromDate=13&FromMonth=05&FromYear=2000&ToDate=13&ToMonth=11&ToYear=2020&Variable=Issuer,https://www.sedar.com/ModifyCompanyDocumentSearchForm.do?lang=EN&company_search=Great-West Lifeco Inc&document_selection=0&industry_group=A&FromDate=13&FromMonth=05&FromYear=2000&ToDate=13&ToMonth=11&ToYear=2020&Variable=Issuer,1620592903,16:41:43,20210509
69,2003-12-31,GWO.TO,CAD,2003-12-31,2003-12-31,Q4,250000000,0.0,0.0,0.0,0.0,597000000.0,0.0,0.0,0.0,9421000000,0.0,0.0,0.0,0.0,0.0,7.624,-8038000000.0,1906000000.0,7.624,174000000,371000000.0,1.484,0.3999150645079276,0.3999150645079276,927696986,927696986,https://www.sedar.com/ModifyCompanyDocumentSearchForm.do?lang=EN&company_search=Great-West Lifeco Inc&document_selection=0&industry_group=A&FromDate=13&FromMonth=05&FromYear=2000&ToDate=13&ToMonth=11&ToYear=2020&Variable=Issuer,https://www.sedar.com/ModifyCompanyDocumentSearchForm.do?lang=EN&company_search=Great-West Lifeco Inc&document_selection=0&industry_group=A&FromDate=13&FromMonth=05&FromYear=2000&ToDate=13&ToMonth=11&ToYear=2020&Variable=Issuer,1620592903,16:41:43,20210509
70,2003-09-30,GWO.TO,CAD,2003-09-30,2003-09-30,Q3,4878000000,0.0,0.0,0.0,0.0,607000000.0,0.0,0.0,0.0,937000000,0.0,0.0,0.0,0.0,0.0,0.0,1814000000.0,0.0,0.0,155000000,339000000.0,0.06949569495694957,0.3695,0.366,781657210,789475204,https://www.sedar.com/ModifyCompanyDocumentSearchForm.do?lang=EN&company_search=Great-West Lifeco Inc&document_selection=0&industry_group=A&FromDate=13&FromMonth=05&FromYear=2000&ToDate=13&ToMonth=11&ToYear=2020&Variable=Issuer,https://www.sedar.com/ModifyCompanyDocumentSearchForm.do?lang=EN&company_search=Great-West Lifeco Inc&document_selection=0&industry_group=A&FromDate=13&FromMonth=05&FromYear=2000&ToDate=13&ToMonth=11&ToYear=2020&Variable=Issuer,1620592903,16:41:43,20210509
71,2003-06-30,GWO.TO,CAD,2003-06-30,2003-06-30,Q2,3971000000,0.0,0.0,0.0,0.0,402000000.0,0.0,0.0,0.0,565000000,0.0,0.0,0.0,0.0,0.0,0.0,1302000000.0,0.0,0.0,115000000,267000000.0,0.06723747166960463,0.3575,0.3535,731779818,739673608,https://www.sedar.com/ModifyCompanyDocumentSearchForm.do?lang=EN&company_search=Great-West Lifeco Inc&document_selection=0&industry_group=A&FromDate=13&FromMonth=05&FromYear=2000&ToDate=13&ToMonth=11&ToYear=2020&Variable=Issuer,https://www.sedar.com/ModifyCompanyDocumentSearchForm.do?lang=EN&company_search=Great-West Lifeco Inc&document_selection=0&industry_group=A&FromDate=13&FromMonth=05&FromYear=2000&ToDate=13&ToMonth=11&ToYear=2020&Variable=Issuer,1620592903,16:41:43,20210509
72,2003-03-31,GWO.TO,CAD,2003-03-31,2003-03-31,Q1,4330000000,0.0,0.0,0.0,0.0,0.0,0.0,0.0,0.0,170000000,0.0,0.0,0.0,0.0,0.0,0.0,1381000000.0,0.0,0.0,106000000,259000000.0,0.05981524249422633,0.345,0.3415,732470026,740508772,https://www.sedar.com/ModifyCompanyDocumentSearchForm.do?lang=EN&company_search=Great-West Lifeco Inc&document_selection=0&industry_group=A&FromDate=13&FromMonth=05&FromYear=2000&ToDate=13&ToMonth=11&ToYear=2020&Variable=Issuer,https://www.sedar.com/ModifyCompanyDocumentSearchForm.do?lang=EN&company_search=Great-West Lifeco Inc&document_selection=0&industry_group=A&FromDate=13&FromMonth=05&FromYear=2000&ToDate=13&ToMonth=11&ToYear=2020&Variable=Issuer,1620592903,16:41:43,20210509
73,2002-12-31,GWO.TO,CAD,2002-12-31,2002-12-31,Q4,4242000000,0.0,0.0,0.0,0.0,457000000.0,0.0,0.0,0.0,13346000000,0.0,0.0,0.0,0.0,0.0,0.3361621876473362,-2276000000.0,1426000000.0,0.3361621876473362,147000000,243000000.0,0.057284299858557285,0.26193897756179624,0.26193897756179624,927696986,927696986,https://www.sedar.com/ModifyCompanyDocumentSearchForm.do?lang=EN&company_search=Great-West Lifeco Inc&document_selection=0&industry_group=A&FromDate=13&FromMonth=05&FromYear=2000&ToDate=13&ToMonth=11&ToYear=2020&Variable=Issuer,https://www.sedar.com/ModifyCompanyDocumentSearchForm.do?lang=EN&company_search=Great-West Lifeco Inc&document_selection=0&industry_group=A&FromDate=13&FromMonth=05&FromYear=2000&ToDate=13&ToMonth=11&ToYear=2020&Variable=Issuer,1620592903,16:41:43,20210509
74,2002-09-30,GWO.TO,CAD,2002-09-30,2002-09-30,Q3,4429000000,0.0,0.0,0.0,0.0,413000000.0,0.0,0.0,0.0,579000000,0.0,0.0,0.0,0.0,0.0,0.0,1319000000.0,0.0,0.0,60000000,247000000.0,0.055768796568074055,0.3265,0.323,736940574,746504684,https://www.sedar.com/ModifyCompanyDocumentSearchForm.do?lang=EN&company_search=Great-West Lifeco Inc&document_selection=0&industry_group=A&FromDate=13&FromMonth=05&FromYear=2000&ToDate=13&ToMonth=11&ToYear=2020&Variable=Issuer,https://www.sedar.com/ModifyCompanyDocumentSearchForm.do?lang=EN&company_search=Great-West Lifeco Inc&document_selection=0&industry_group=A&FromDate=13&FromMonth=05&FromYear=2000&ToDate=13&ToMonth=11&ToYear=2020&Variable=Issuer,1620592903,16:41:43,20210509
75,2002-06-30,GWO.TO,CAD,2002-06-30,2002-06-30,Q2,3648000000,0.0,0.0,0.0,0.0,446000000.0,0.0,0.0,0.0,640000000,0.0,0.0,0.0,0.0,0.0,0.0,1359000000.0,0.0,0.0,119000000,243000000.0,0.06661184210526316,0.317,0.315,737645372,747927286,https://www.sedar.com/ModifyCompanyDocumentSearchForm.do?lang=EN&company_search=Great-West Lifeco Inc&document_selection=0&industry_group=A&FromDate=13&FromMonth=05&FromYear=2000&ToDate=13&ToMonth=11&ToYear=2020&Variable=Issuer,https://www.sedar.com/ModifyCompanyDocumentSearchForm.do?lang=EN&company_search=Great-West Lifeco Inc&document_selection=0&industry_group=A&FromDate=13&FromMonth=05&FromYear=2000&ToDate=13&ToMonth=11&ToYear=2020&Variable=Issuer,1620592903,16:41:43,20210509
76,2002-03-31,GWO.TO,CAD,2002-03-31,2002-03-31,Q1,4313000000,0.0,0.0,0.0,0.0,470000000.0,0.0,0.0,0.0,641000000,0.0,0.0,0.0,0.0,0.0,0.0,1405000000.0,0.0,0.0,104000000,229000000.0,0.05309529329932761,0.301,0.2945,738159320,780529336,https://www.sedar.com/ModifyCompanyDocumentSearchForm.do?lang=EN&company_search=Great-West Lifeco Inc&document_selection=0&industry_group=A&FromDate=13&FromMonth=05&FromYear=2000&ToDate=13&ToMonth=11&ToYear=2020&Variable=Issuer,https://www.sedar.com/ModifyCompanyDocumentSearchForm.do?lang=EN&company_search=Great-West Lifeco Inc&document_selection=0&industry_group=A&FromDate=13&FromMonth=05&FromYear=2000&ToDate=13&ToMonth=11&ToYear=2020&Variable=Issuer,1620592903,16:41:43,20210509
77,2001-12-31,GWO.TO,CAD,2001-12-31,2001-12-31,Q4,4286000000,0.0,0.0,0.0,0.0,486000000.0,0.0,0.0,0.0,12821000000,0.0,18000000.0,0.0,0.0,0.0,0.2456836210919272,-2292000000.0,1053000000.0,0.2456836210919272,139000000,197000000.0,0.0459636024265049,0.2123538213155303,0.2123538213155303,927696986,927696986,https://www.sedar.com/ModifyCompanyDocumentSearchForm.do?lang=EN&company_search=Great-West Lifeco Inc&document_selection=0&industry_group=A&FromDate=13&FromMonth=05&FromYear=2000&ToDate=13&ToMonth=11&ToYear=2020&Variable=Issuer,https://www.sedar.com/ModifyCompanyDocumentSearchForm.do?lang=EN&company_search=Great-West Lifeco Inc&document_selection=0&industry_group=A&FromDate=13&FromMonth=05&FromYear=2000&ToDate=13&ToMonth=11&ToYear=2020&Variable=Issuer,1620592903,16:41:43,20210509
78,2001-09-30,GWO.TO,CAD,2001-09-30,2001-09-30,Q3,3922000000,0.0,0.0,0.0,0.0,455000000.0,0.0,0.0,0.0,635000000,0.0,16000000.0,0.0,0.0,0.0,0.0,1377000000.0,0.0,0.0,110000000,131000000.0,0.03340132585415604,0.167,0.1645,739862008,739862008,https://www.sedar.com/ModifyCompanyDocumentSearchForm.do?lang=EN&company_search=Great-West Lifeco Inc&document_selection=0&industry_group=A&FromDate=13&FromMonth=05&FromYear=2000&ToDate=13&ToMonth=11&ToYear=2020&Variable=Issuer,https://www.sedar.com/ModifyCompanyDocumentSearchForm.do?lang=EN&company_search=Great-West Lifeco Inc&document_selection=0&industry_group=A&FromDate=13&FromMonth=05&FromYear=2000&ToDate=13&ToMonth=11&ToYear=2020&Variable=Issuer,1620592903,16:41:43,20210509
79,2001-06-30,GWO.TO,CAD,2001-06-30,2001-06-30,Q2,4051000000,0.0,0.0,0.0,0.0,520000000.0,0.0,0.0,0.0,889000000,0.0,16000000.0,0.0,0.0,0.0,0.0,1390000000.0,0.0,0.0,52000000,45000000.0,0.01110836830412244,0.06048238931179086,0.05940293210021506,744018226,757538364,https://www.sedar.com/ModifyCompanyDocumentSearchForm.do?lang=EN&company_search=Great-West Lifeco Inc&document_selection=0&industry_group=A&FromDate=13&FromMonth=05&FromYear=2000&ToDate=13&ToMonth=11&ToYear=2020&Variable=Issuer,https://www.sedar.com/ModifyCompanyDocumentSearchForm.do?lang=EN&company_search=Great-West Lifeco Inc&document_selection=0&industry_group=A&FromDate=13&FromMonth=05&FromYear=2000&ToDate=13&ToMonth=11&ToYear=2020&Variable=Issuer,1620592903,16:41:43,20210509
80,2001-03-31,GWO.TO,CAD,2001-03-31,2001-03-31,Q1,3789000000,0.0,0.0,0.0,0.0,480000000.0,0.0,0.0,0.0,650000000,0.0,16000000.0,0.0,0.0,0.0,0.0,1383000000.0,0.0,0.0,96000000,173000000.0,0.04565848508841383,0.225,0.22,744256102,758405562,https://www.sedar.com/ModifyCompanyDocumentSearchForm.do?lang=EN&company_search=Great-West Lifeco Inc&document_selection=0&industry_group=A&FromDate=13&FromMonth=05&FromYear=2000&ToDate=13&ToMonth=11&ToYear=2020&Variable=Issuer,https://www.sedar.com/ModifyCompanyDocumentSearchForm.do?lang=EN&company_search=Great-West Lifeco Inc&document_selection=0&industry_group=A&FromDate=13&FromMonth=05&FromYear=2000&ToDate=13&ToMonth=11&ToYear=2020&Variable=Issuer,1620592903,16:41:43,20210509
81,2000-12-31,GWO.TO,CAD,2000-12-31,2000-12-31,Q4,4242000000,0.0,0.0,0.0,0.0,483000000.0,0.0,0.0,0.0,12169000000,0.0,0.0,0.0,0.0,0.0,0.2953795379537954,-2318000000.0,1253000000.0,0.2953795379537954,68000000,182000000.0,0.0429042904290429,0.19618474862653051,0.19618474862653051,927696986,927696986,https://www.sedar.com/ModifyCompanyDocumentSearchForm.do?lang=EN&company_search=Great-West Lifeco Inc&document_selection=0&industry_group=A&FromDate=13&FromMonth=05&FromYear=2000&ToDate=13&ToMonth=11&ToYear=2020&Variable=Issuer,https://www.sedar.com/ModifyCompanyDocumentSearchForm.do?lang=EN&company_search=Great-West Lifeco Inc&document_selection=0&industry_group=A&FromDate=13&FromMonth=05&FromYear=2000&ToDate=13&ToMonth=11&ToYear=2020&Variable=Issuer,1620592903,16:41:43,20210509
82,2000-09-30,GWO.TO,CAD,2000-09-30,2000-09-30,Q3,3705000000,0.0,0.0,0.0,0.0,442000000.0,0.0,0.0,0.0,613000000,0.0,0.0,0.0,0.0,0.0,0.0,1360000000.0,0.0,0.0,132000000,171000000.0,0.046153846153846156,0.22,0.22,748198000,748198000,https://www.sedar.com/ModifyCompanyDocumentSearchForm.do?lang=EN&company_search=Great-West Lifeco Inc&document_selection=0&industry_group=A&FromDate=13&FromMonth=05&FromYear=2000&ToDate=13&ToMonth=11&ToYear=2020&Variable=Issuer,https://www.sedar.com/ModifyCompanyDocumentSearchForm.do?lang=EN&company_search=Great-West Lifeco Inc&document_selection=0&industry_group=A&FromDate=13&FromMonth=05&FromYear=2000&ToDate=13&ToMonth=11&ToYear=2020&Variable=Issuer,1620592903,16:41:43,20210509
83,2000-06-30,GWO.TO,CAD,2000-06-30,2000-06-30,Q2,3728000000,0.0,0.0,0.0,0.0,430000000.0,0.0,0.0,0.0,605000000,0.0,17000000.0,0.0,0.0,0.0,0.0,1321000000.0,0.0,0.0,137000000,173000000.0,0.04640557939914163,0.215,0.215,762790698,762790698,https://www.sedar.com/ModifyCompanyDocumentSearchForm.do?lang=EN&company_search=Great-West Lifeco Inc&document_selection=0&industry_group=A&FromDate=13&FromMonth=05&FromYear=2000&ToDate=13&ToMonth=11&ToYear=2020&Variable=Issuer,https://www.sedar.com/ModifyCompanyDocumentSearchForm.do?lang=EN&company_search=Great-West Lifeco Inc&document_selection=0&industry_group=A&FromDate=13&FromMonth=05&FromYear=2000&ToDate=13&ToMonth=11&ToYear=2020&Variable=Issuer,1620592903,16:41:43,20210509
84,2000-03-31,GWO.TO,CAD,2000-03-31,2000-03-31,Q1,3591000000,0.0,0.0,0.0,0.0,461000000.0,0.0,0.0,0.0,626000000,0.0,16000000.0,0.0,0.0,0.0,0.0,1278000000.0,0.0,0.0,114000000,148000000.0,0.04121414647730437,0.19,0.19,742105263,742105263,https://www.sedar.com/ModifyCompanyDocumentSearchForm.do?lang=EN&company_search=Great-West Lifeco Inc&document_selection=0&industry_group=A&FromDate=13&FromMonth=05&FromYear=2000&ToDate=13&ToMonth=11&ToYear=2020&Variable=Issuer,https://www.sedar.com/ModifyCompanyDocumentSearchForm.do?lang=EN&company_search=Great-West Lifeco Inc&document_selection=0&industry_group=A&FromDate=13&FromMonth=05&FromYear=2000&ToDate=13&ToMonth=11&ToYear=2020&Variable=Issuer,1620592903,16:41:43,20210509
85,1999-12-31,GWO.TO,CAD,1999-12-31,1999-12-31,Q4,3704000000,0.0,0.0,0.0,0.0,404000000.0,0.0,0.0,0.0,10614000000,0.0,16000000.0,0.0,0.0,0.0,0.3018358531317495,-2356000000.0,1118000000.0,0.3018358531317495,48000000,151000000.0,0.040766738660907124,0.16276866506926432,0.16276866506926432,927696986,927696986,https://www.sedar.com/ModifyCompanyDocumentSearchForm.do?lang=EN&company_search=Great-West Lifeco Inc&document_selection=0&industry_group=A&FromDate=13&FromMonth=05&FromYear=2000&ToDate=13&ToMonth=11&ToYear=2020&Variable=Issuer,https://www.sedar.com/ModifyCompanyDocumentSearchForm.do?lang=EN&company_search=Great-West Lifeco Inc&document_selection=0&industry_group=A&FromDate=13&FromMonth=05&FromYear=2000&ToDate=13&ToMonth=11&ToYear=2020&Variable=Issuer,1620592903,16:41:43,20210509
86,1999-09-30,GWO.TO,CAD,1999-09-30,1999-09-30,Q3,3148000000,0.0,0.0,0.0,0.0,372000000.0,0.0,0.0,0.0,518000000,0.0,15000000.0,0.0,0.0,0.0,0.0,1209000000.0,0.0,0.0,117000000,145000000.0,0.046060991105463786,0.18,0.18,761111111,761111111,https://www.sedar.com/ModifyCompanyDocumentSearchForm.do?lang=EN&company_search=Great-West Lifeco Inc&document_selection=0&industry_group=A&FromDate=13&FromMonth=05&FromYear=2000&ToDate=13&ToMonth=11&ToYear=2020&Variable=Issuer,https://www.sedar.com/ModifyCompanyDocumentSearchForm.do?lang=EN&company_search=Great-West Lifeco Inc&document_selection=0&industry_group=A&FromDate=13&FromMonth=05&FromYear=2000&ToDate=13&ToMonth=11&ToYear=2020&Variable=Issuer,1620592903,16:41:43,20210509
87,1999-06-30,GWO.TO,CAD,1999-06-30,1999-06-30,Q2,3217000000,0.0,0.0,0.0,0.0,376000000.0,0.0,0.0,0.0,530000000,0.0,14000000.0,0.0,0.0,0.0,0.0,1183000000.0,0.0,0.0,107000000,145000000.0,0.04507304942493006,0.185,0.185,740540541,740540541,https://www.sedar.com/ModifyCompanyDocumentSearchForm.do?lang=EN&company_search=Great-West Lifeco Inc&document_selection=0&industry_group=A&FromDate=13&FromMonth=05&FromYear=2000&ToDate=13&ToMonth=11&ToYear=2020&Variable=Issuer,https://www.sedar.com/ModifyCompanyDocumentSearchForm.do?lang=EN&company_search=Great-West Lifeco Inc&document_selection=0&industry_group=A&FromDate=13&FromMonth=05&FromYear=2000&ToDate=13&ToMonth=11&ToYear=2020&Variable=Issuer,1620592903,16:41:43,20210509
88,1999-03-31,GWO.TO,CAD,1999-03-31,1999-03-31,Q1,3259000000,0.0,0.0,0.0,0.0,398000000.0,0.0,0.0,0.0,548000000,0.0,15000000.0,0.0,0.0,0.0,0.0,1186000000.0,0.0,0.0,94000000,128000000.0,0.03927585148818656,0.16,0.16,743750000,743750000,https://www.sedar.com/ModifyCompanyDocumentSearchForm.do?lang=EN&company_search=Great-West Lifeco Inc&document_selection=0&industry_group=A&FromDate=13&FromMonth=05&FromYear=2000&ToDate=13&ToMonth=11&ToYear=2020&Variable=Issuer,https://www.sedar.com/ModifyCompanyDocumentSearchForm.do?lang=EN&company_search=Great-West Lifeco Inc&document_selection=0&industry_group=A&FromDate=13&FromMonth=05&FromYear=2000&ToDate=13&ToMonth=11&ToYear=2020&Variable=Issuer,1620592903,16:41:43,20210509
89,1998-12-31,GWO.TO,CAD,1998-12-31,1998-12-31,Q4,4232000000,0.0,0.0,0.0,0.0,345000000.0,0.0,0.0,0.0,11332000000,0.0,13000000.0,0.0,0.0,0.0,0.22258979206049148,-2345000000.0,942000000.0,0.22258979206049148,102000000,124000000.0,0.02930056710775047,0.13366433422906474,0.13366433422906474,927696986,927696986,https://www.sedar.com/ModifyCompanyDocumentSearchForm.do?lang=EN&company_search=Great-West Lifeco Inc&document_selection=0&industry_group=A&FromDate=13&FromMonth=05&FromYear=2000&ToDate=13&ToMonth=11&ToYear=2020&Variable=Issuer,https://www.sedar.com/ModifyCompanyDocumentSearchForm.do?lang=EN&company_search=Great-West Lifeco Inc&document_selection=0&industry_group=A&FromDate=13&FromMonth=05&FromYear=2000&ToDate=13&ToMonth=11&ToYear=2020&Variable=Issuer,1620592903,16:41:43,20210509
90,1998-09-30,GWO.TO,CAD,1998-09-30,1998-09-30,Q3,3311000000,0.0,0.0,0.0,0.0,391000000.0,0.0,0.0,0.0,532000000,0.0,14000000.0,0.0,0.0,0.0,0.0,1168000000.0,0.0,0.0,86000000,121000000.0,0.036544850498338874,0.15,0.15,746666667,746666667,https://www.sedar.com/ModifyCompanyDocumentSearchForm.do?lang=EN&company_search=Great-West Lifeco Inc&document_selection=0&industry_group=A&FromDate=13&FromMonth=05&FromYear=2000&ToDate=13&ToMonth=11&ToYear=2020&Variable=Issuer,https://www.sedar.com/ModifyCompanyDocumentSearchForm.do?lang=EN&company_search=Great-West Lifeco Inc&document_selection=0&industry_group=A&FromDate=13&FromMonth=05&FromYear=2000&ToDate=13&ToMonth=11&ToYear=2020&Variable=Issuer,1620592903,16:41:43,20210509
91,1998-06-30,GWO.TO,CAD,1998-06-30,1998-06-30,Q2,3095000000,0.0,0.0,0.0,0.0,354000000.0,0.0,0.0,0.0,477000000,0.0,16000000.0,0.0,0.0,0.0,0.0,1111000000.0,0.0,0.0,93000000,120000000.0,0.03877221324717286,0.15,0.15,740000000,740000000,https://www.sedar.com/ModifyCompanyDocumentSearchForm.do?lang=EN&company_search=Great-West Lifeco Inc&document_selection=0&industry_group=A&FromDate=13&FromMonth=05&FromYear=2000&ToDate=13&ToMonth=11&ToYear=2020&Variable=Issuer,https://www.sedar.com/ModifyCompanyDocumentSearchForm.do?lang=EN&company_search=Great-West Lifeco Inc&document_selection=0&industry_group=A&FromDate=13&FromMonth=05&FromYear=2000&ToDate=13&ToMonth=11&ToYear=2020&Variable=Issuer,1620592903,16:41:43,20210509
92,1998-03-31,GWO.TO,CAD,1998-03-31,1998-03-31,Q1,3118000000,0.0,0.0,0.0,0.0,356000000.0,0.0,0.0,0.0,473000000,0.0,14000000.0,0.0,0.0,0.0,0.0,1069000000.0,0.0,0.0,80000000,108000000.0,0.03463758819756254,0.135,0.135,733333333,733333333,https://www.sedar.com/ModifyCompanyDocumentSearchForm.do?lang=EN&company_search=Great-West Lifeco Inc&document_selection=0&industry_group=A&FromDate=13&FromMonth=05&FromYear=2000&ToDate=13&ToMonth=11&ToYear=2020&Variable=Issuer,https://www.sedar.com/ModifyCompanyDocumentSearchForm.do?lang=EN&company_search=Great-West Lifeco Inc&document_selection=0&industry_group=A&FromDate=13&FromMonth=05&FromYear=2000&ToDate=13&ToMonth=11&ToYear=2020&Variable=Issuer,1620592903,16:41:43,20210509
93,1997-12-31,GWO.TO,CAD,1997-12-31,1997-12-31,Q4,3256500000,0.0,0.0,0.0,0.0,299100000.0,0.0,0.0,0.0,655900000,0.0,0.0,0.0,0.0,0.0,0.0,1330700000.0,0.0,0.0,-86100000,1300000.0,0.0003992015968063872,0.0014013196330466466,0.0014013196330466466,927696986,927696986,https://www.sedar.com/ModifyCompanyDocumentSearchForm.do?lang=EN&company_search=Great-West Lifeco Inc&document_selection=0&industry_group=A&FromDate=13&FromMonth=05&FromYear=2000&ToDate=13&ToMonth=11&ToYear=2020&Variable=Issuer,https://www.sedar.com/ModifyCompanyDocumentSearchForm.do?lang=EN&company_search=Great-West Lifeco Inc&document_selection=0&industry_group=A&FromDate=13&FromMonth=05&FromYear=2000&ToDate=13&ToMonth=11&ToYear=2020&Variable=Issuer,1620592903,16:41:43,20210509
94,1997-09-30,GWO.TO,CAD,1997-09-30,1997-09-30,Q3,1530000000,0.0,0.0,0.0,0.0,193300000.0,0.0,0.0,0.0,261600000,0.0,0.0,0.0,0.0,0.0,0.0,517300000.0,0.0,0.0,55600000,85500000.0,0.05588235294117647,0.125,0.125,623200000,623200000,https://www.sedar.com/ModifyCompanyDocumentSearchForm.do?lang=EN&company_search=Great-West Lifeco Inc&document_selection=0&industry_group=A&FromDate=13&FromMonth=05&FromYear=2000&ToDate=13&ToMonth=11&ToYear=2020&Variable=Issuer,https://www.sedar.com/ModifyCompanyDocumentSearchForm.do?lang=EN&company_search=Great-West Lifeco Inc&document_selection=0&industry_group=A&FromDate=13&FromMonth=05&FromYear=2000&ToDate=13&ToMonth=11&ToYear=2020&Variable=Issuer,1620592903,16:41:43,20210509
95,1997-06-30,GWO.TO,CAD,1997-06-30,1997-06-30,Q2,1340500000,0.0,0.0,0.0,0.0,188400000.0,0.0,0.0,0.0,250400000,0.0,0.0,0.0,0.0,0.0,0.0,544500000.0,0.0,0.0,10300000,85300000.0,0.06363297277135398,0.125,0.125,621600000,621600000,https://www.sedar.com/ModifyCompanyDocumentSearchForm.do?lang=EN&company_search=Great-West Lifeco Inc&document_selection=0&industry_group=A&FromDate=13&FromMonth=05&FromYear=2000&ToDate=13&ToMonth=11&ToYear=2020&Variable=Issuer,https://www.sedar.com/ModifyCompanyDocumentSearchForm.do?lang=EN&company_search=Great-West Lifeco Inc&document_selection=0&industry_group=A&FromDate=13&FromMonth=05&FromYear=2000&ToDate=13&ToMonth=11&ToYear=2020&Variable=Issuer,1620592903,16:41:43,20210509
96,1997-03-31,GWO.TO,CAD,1997-03-31,1997-03-31,Q1,1349900000,0.0,0.0,0.0,0.0,181300000.0,0.0,0.0,0.0,240300000,0.0,0.0,0.0,0.0,0.0,0.0,497400000.0,0.0,0.0,47200000,77900000.0,0.05770797836876806,0.115,0.115,611304348,611304348,https://www.sedar.com/ModifyCompanyDocumentSearchForm.do?lang=EN&company_search=Great-West Lifeco Inc&document_selection=0&industry_group=A&FromDate=13&FromMonth=05&FromYear=2000&ToDate=13&ToMonth=11&ToYear=2020&Variable=Issuer,https://www.sedar.com/ModifyCompanyDocumentSearchForm.do?lang=EN&company_search=Great-West Lifeco Inc&document_selection=0&industry_group=A&FromDate=13&FromMonth=05&FromYear=2000&ToDate=13&ToMonth=11&ToYear=2020&Variable=Issuer,1620592903,16:41:43,20210509
