,date,symbol,reportedCurrency,fillingDate,acceptedDate,period,revenue,costOfRevenue,grossProfit,grossProfitRatio,researchAndDevelopmentExpenses,generalAndAdministrativeExpenses,sellingAndMarketingExpenses,otherExpenses,operatingExpenses,costAndExpenses,interestExpense,depreciationAndAmortization,ebitda,ebitdaratio,operatingIncome,operatingIncomeRatio,totalOtherIncomeExpensesNet,incomeBeforeTax,incomeBeforeTaxRatio,incomeTaxExpense,netIncome,netIncomeRatio,eps,epsdiluted,weightedAverageShsOut,weightedAverageShsOutDil,link,finalLink,timestamp,est_time,est_date
0,2021-03-31,CVA,USD,2021-03-31,2021-03-31,Q1,498000000.0,398000000.0,100000000.0,0.20080321285140562,0.0,33000000.0,0.0,0.0,86000000.0,484000000.0,31000000.0,57000000.0,71000000.0,0.142570281124498,14000000.0,-0.03413654618473896,0.0,-17000000.0,-0.03413654618473896,-18000000.0,2000000.0,0.004016064257028112,0.015151515151515152,0.015151515151515152,132000000.0,132000000.0,,,1620590849,16:07:29,20210509
1,2020-12-31,CVA,USD,2021-02-19,2021-02-19 16:15:58,Q4,491000000.0,370000000.0,121000000.0,0.24643584521384929,0.0,37000000.0,0.0,2000000.0,108000000.0,478000000.0,33000000.0,56000000.0,69000000.0,0.14052953156822812,13000000.0,0.026476578411405296,19000000.0,-1000000.0,-0.002036659877800407,-12000000.0,12000000.0,0.024439918533604887,0.09090909090909091,0.08888888888888889,132000000.0,135000000.0,https://www.sec.gov/Archives/edgar/data/225648/000022564821000008/0000225648-21-000008-index.htm,https://www.sec.gov/Archives/edgar/data/225648/000022564821000008/cva-20201231.htm,1620590849,16:07:29,20210509
2,2020-09-30,CVA,USD,2020-10-30,2020-10-30 16:16:17,Q3,491000000.0,349000000.0,142000000.0,0.2892057026476578,0.0,27000000.0,0.0,414000.0,92000000.0,441000000.0,32000000.0,54000000.0,104000000.0,0.21181262729124237,50000000.0,0.10183299389002037,-12000000.0,6000000.0,0.012219959266802444,3000000.0,5000000.0,0.010183299389002037,0.03787878787878788,0.03731343283582089,132000000.0,134000000.0,https://www.sec.gov/Archives/edgar/data/225648/000022564820000182/0000225648-20-000182-index.htm,https://www.sec.gov/Archives/edgar/data/225648/000022564820000182/cva-20200930.htm,1620590849,16:07:29,20210509
3,2020-06-30,CVA,USD,2020-07-31,2020-07-31 16:15:55,Q2,454000000.0,340000000.0,114000000.0,0.2511013215859031,0.0,26000000.0,0.0,-1000000.0,96000000.0,436000000.0,34000000.0,56000000.0,74000000.0,0.16299559471365638,18000000.0,0.039647577092511016,-1000000.0,-17000000.0,-0.037444933920704845,-4000000.0,-13000000.0,-0.028634361233480177,-0.1,-0.1,132000000.0,132000000.0,https://www.sec.gov/Archives/edgar/data/225648/000022564820000155/0000225648-20-000155-index.htm,https://www.sec.gov/Archives/edgar/data/225648/000022564820000155/cva-063020x10q.htm,1620590849,16:07:29,20210509
4,2020-03-31,CVA,USD,2020-05-08 00:00:00,2020-05-08 16:16:19,Q1,468000000.0,361000000.0,107000000.0,0.22863247863247863,0.0,30000000.0,0.0,-1000000.0,100000000.0,461000000.0,34000000.0,58000000.0,65000000.0,0.1388888888888889,7000000.0,0.014957264957264958,-11000000.0,-38000000.0,-0.0811965811965812,-5000000.0,-32000000.0,-0.06837606837606838,-0.24,-0.24,131000000.0,131000000.0,https://www.sec.gov/Archives/edgar/data/225648/000022564820000112/0000225648-20-000112-index.html,https://www.sec.gov/Archives/edgar/data/225648/000022564820000112/cva-033120x10q.htm,1620590849,16:07:29,20210509
5,2019-12-31,CVA,USD,2020-02-25 00:00:00,2020-02-25 16:37:21,Q4,485000000.0,333000000.0,152000000.0,0.3134020618556701,0.0,32000000.0,0.0,0.0,109000000.0,442000000.0,35000000.0,56000000.0,99000000.0,0.20412371134020618,43000000.0,0.088659793814433,1000000.0,9000000.0,0.018556701030927835,-1000000.0,12000000.0,0.024742268041237112,0.0916030534351145,0.08955223880597014,131000000.0,134000000.0,https://www.sec.gov/Archives/edgar/data/225648/000022564820000007/0000225648-20-000007-index.html,https://www.sec.gov/Archives/edgar/data/225648/000022564820000007/cva-123119x10k.htm,1620590849,16:07:29,20210509
6,2019-09-30,CVA,USD,2019-11-04 00:00:00,2019-11-04 17:14:13,Q3,465000000.0,325000000.0,140000000.0,0.3010752688172043,0.0,29000000.0,0.0,-1000000.0,94000000.0,419000000.0,36000000.0,55000000.0,101000000.0,0.2172043010752688,46000000.0,0.0989247311827957,-2000000.0,8000000.0,0.017204301075268817,-5000000.0,14000000.0,0.030107526881720432,0.11,0.1,131000000.0,133000000.0,https://www.sec.gov/Archives/edgar/data/225648/000022564819000127/0000225648-19-000127-index.html,https://www.sec.gov/Archives/edgar/data/225648/000022564819000127/cva-093019x10q.htm,1620590849,16:07:29,20210509
7,2019-06-30,CVA,USD,2019-07-26 00:00:00,2019-07-26 16:30:39,Q2,467000000.0,354000000.0,113000000.0,0.24197002141327623,0.0,31000000.0,0.0,1000000.0,102000000.0,456000000.0,36000000.0,55000000.0,66000000.0,0.14132762312633834,11000000.0,0.023554603854389723,-2000000.0,-27000000.0,-0.057815845824411134,-3000000.0,-21000000.0,-0.044967880085653104,-0.16,-0.16,131000000.0,131000000.0,https://www.sec.gov/Archives/edgar/data/225648/000022564819000108/0000225648-19-000108-index.html,https://www.sec.gov/Archives/edgar/data/225648/000022564819000108/cva-063019x10q.htm,1620590849,16:07:29,20210509
8,2019-03-31,CVA,USD,2019-04-26 00:00:00,2019-04-26 16:16:41,Q1,453000000.0,359000000.0,94000000.0,0.20750551876379691,0.0,30000000.0,0.0,1000000.0,102000000.0,461000000.0,36000000.0,55000000.0,47000000.0,0.10375275938189846,-8000000.0,-0.017660044150110375,51000000.0,7000000.0,0.01545253863134658,2000000.0,5000000.0,0.011037527593818985,0.04,0.03,131000000.0,133000000.0,https://www.sec.gov/Archives/edgar/data/225648/000022564819000083/0000225648-19-000083-index.html,https://www.sec.gov/Archives/edgar/data/225648/000022564819000083/cva-033119x10q.htm,1620590849,16:07:29,20210509
9,2018-12-31,CVA,USD,2019-02-19 00:00:00,2019-02-19 17:22:43,Q4,500000000.0,334000000.0,166000000.0,0.332,0.0,30000000.0,0.0,-2000000.0,107000000.0,441000000.0,34000000.0,56000000.0,115000000.0,0.23,59000000.0,0.118,-14000000.0,11000000.0,0.022,5000000.0,9000000.0,0.018,0.06923076923076923,0.06766917293233082,130000000.0,133000000.0,https://www.sec.gov/Archives/edgar/data/225648/000022564819000009/0000225648-19-000009-index.html,https://www.sec.gov/Archives/edgar/data/225648/000022564819000009/cva-123118x10k.htm,1620590849,16:07:29,20210509
10,2018-09-30,CVA,USD,2018-10-26 00:00:00,2018-10-26 16:16:51,Q3,456000000.0,308000000.0,148000000.0,0.32456140350877194,0.0,27000000.0,0.0,0.0,97000000.0,405000000.0,37000000.0,53000000.0,104000000.0,0.22807017543859648,51000000.0,0.1118421052631579,-45000000.0,-31000000.0,-0.06798245614035088,-3000000.0,-27000000.0,-0.05921052631578947,-0.21,-0.21,130000000.0,130000000.0,https://www.sec.gov/Archives/edgar/data/225648/000022564818000156/0000225648-18-000156-index.html,https://www.sec.gov/Archives/edgar/data/225648/000022564818000156/cva-093018x10q.htm,1620590849,16:07:29,20210509
11,2018-06-30,CVA,USD,2018-07-27 00:00:00,2018-07-27 16:16:44,Q2,454000000.0,334000000.0,120000000.0,0.2643171806167401,0.0,27000000.0,0.0,-1000000.0,101000000.0,435000000.0,36000000.0,55000000.0,74000000.0,0.16299559471365638,19000000.0,0.04185022026431718,-38000000.0,-55000000.0,-0.1211453744493392,-22000000.0,-31000000.0,-0.06828193832599119,-0.24,-0.24,130000000.0,130000000.0,https://www.sec.gov/Archives/edgar/data/225648/000022564818000115/0000225648-18-000115-index.html,https://www.sec.gov/Archives/edgar/data/225648/000022564818000115/cva-063018x10q.htm,1620590849,16:07:29,20210509
12,2018-03-31,CVA,USD,2018-04-27 00:00:00,2018-04-27 16:23:14,Q1,458000000.0,345000000.0,113000000.0,0.24672489082969432,0.0,31000000.0,0.0,0.0,93000000.0,438000000.0,38000000.0,54000000.0,74000000.0,0.1615720524017467,20000000.0,0.043668122270742356,210000000.0,192000000.0,0.4192139737991266,-9000000.0,201000000.0,0.4388646288209607,1.55,1.53,130000000.0,132000000.0,https://www.sec.gov/Archives/edgar/data/225648/000022564818000068/0000225648-18-000068-index.html,https://www.sec.gov/Archives/edgar/data/225648/000022564818000068/cva-033118x10q.htm,1620590849,16:07:29,20210509
13,2017-12-31,CVA,USD,2018-02-26 00:00:00,2018-02-26 16:39:10,Q4,495000000.0,319000000.0,176000000.0,0.35555555555555557,0.0,30000000.0,0.0,-1000000.0,117000000.0,436000000.0,41000000.0,60000000.0,119000000.0,0.2404040404040404,59000000.0,0.1191919191919192,-73000000.0,-55000000.0,-0.1111111111111111,-186000000.0,131000000.0,0.26464646464646463,1.02,1.01,130000000.0,131000000.0,https://www.sec.gov/Archives/edgar/data/225648/000022564818000008/0000225648-18-000008-index.html,https://www.sec.gov/Archives/edgar/data/225648/000022564818000008/cva-123117x10k.htm,1620590849,16:07:29,20210509
14,2017-09-30,CVA,USD,2017-10-27 00:00:00,2017-10-27 16:17:27,Q3,429000000.0,301000000.0,128000000.0,0.29836829836829837,0.0,24000000.0,0.0,2000000.0,82000000.0,383000000.0,35000000.0,51000000.0,97000000.0,0.2261072261072261,46000000.0,0.10722610722610723,2000000.0,13000000.0,0.030303030303030304,-2000000.0,15000000.0,0.03496503496503497,0.11538461538461539,0.11450381679389313,130000000.0,131000000.0,https://www.sec.gov/Archives/edgar/data/225648/000022564817000136/0000225648-17-000136-index.html,https://www.sec.gov/Archives/edgar/data/225648/000022564817000136/cva-093017x10q.htm,1620590849,16:07:29,20210509
15,2017-06-30,CVA,USD,2017-07-28 00:00:00,2017-07-28 16:19:47,Q2,424000000.0,319000000.0,105000000.0,0.24764150943396226,0.0,30000000.0,0.0,0.0,84000000.0,403000000.0,35000000.0,52000000.0,73000000.0,0.1721698113207547,21000000.0,0.049528301886792456,-16000000.0,-30000000.0,-0.07075471698113207,8000000.0,-37000000.0,-0.08726415094339622,-0.28,-0.28,130000000.0,130000000.0,https://www.sec.gov/Archives/edgar/data/225648/000022564817000115/0000225648-17-000115-index.html,https://www.sec.gov/Archives/edgar/data/225648/000022564817000115/cva-063017x10q.htm,1620590849,16:07:29,20210509
16,2017-03-31,CVA,USD,2017-04-27 00:00:00,2017-04-27 16:36:01,Q1,404000000.0,332000000.0,72000000.0,0.1782178217821782,0.0,28000000.0,0.0,0.0,95000000.0,427000000.0,36000000.0,52000000.0,29000000.0,0.07178217821782178,-23000000.0,-0.05693069306930693,-4000000.0,-63000000.0,-0.15594059405940594,-11000000.0,-52000000.0,-0.12871287128712872,-0.41,-0.41,129000000.0,129000000.0,https://www.sec.gov/Archives/edgar/data/225648/000022564817000066/0000225648-17-000066-index.html,https://www.sec.gov/Archives/edgar/data/225648/000022564817000066/cva-033117x10q.htm,1620590849,16:07:29,20210509
17,2016-12-31,CVA,USD,2017-02-28 00:00:00,2017-02-28 06:19:08,Q4,457000000.0,276000000.0,181000000.0,0.39606126914660833,0.0,29000000.0,0.0,0.0,122000000.0,398000000.0,36000000.0,52000000.0,111000000.0,0.24288840262582057,59000000.0,0.12910284463894967,1000000.0,24000000.0,0.0525164113785558,17000000.0,8000000.0,0.0175054704595186,0.1,0.08,129000000.0,131000000.0,https://www.sec.gov/Archives/edgar/data/225648/000022564817000012/0000225648-17-000012-index.html,https://www.sec.gov/Archives/edgar/data/225648/000022564817000012/cva-123116x10k.htm,1620590849,16:07:29,20210509
18,2016-09-30,CVA,USD,2016-10-26 00:00:00,2016-10-26 17:06:38,Q3,421000000.0,272000000.0,149000000.0,0.35391923990498814,0.0,23000000.0,0.0,-1000000.0,89000000.0,361000000.0,35000000.0,52000000.0,112000000.0,0.2660332541567696,60000000.0,0.14251781472684086,42000000.0,67000000.0,0.15914489311163896,12000000.0,54000000.0,0.12826603325415678,0.4186046511627907,0.4122137404580153,129000000.0,131000000.0,https://www.sec.gov/Archives/edgar/data/225648/000022564816000223/0000225648-16-000223-index.html,https://www.sec.gov/Archives/edgar/data/225648/000022564816000223/cva-93016x10q.htm,1620590849,16:07:29,20210509
19,2016-06-30,CVA,USD,2016-07-28,2016-07-28 16:53:56,Q2,418000000.0,314000000.0,104000000.0,0.24880382775119617,0.0,25000000.0,0.0,2000000.0,95000000.0,409000000.0,34000000.0,51000000.0,60000000.0,0.14354066985645933,9000000.0,0.0215311004784689,-2000000.0,-27000000.0,-0.0645933014354067,3000000.0,-29000000.0,-0.06937799043062201,-0.23,-0.23,129000000.0,129000000.0,https://www.sec.gov/Archives/edgar/data/225648/000022564816000209/cva-63016x10q.htm,https://www.sec.gov/Archives/edgar/data/225648/000022564816000209/cva-63016x10q.htm,1620590849,16:07:29,20210509
20,2016-03-31,CVA,USD,2016-04-27 00:00:00,2016-04-27 16:37:19,Q1,403000000.0,315000000.0,88000000.0,0.21836228287841192,0.0,23000000.0,0.0,-2000000.0,87000000.0,402000000.0,34000000.0,52000000.0,53000000.0,0.1315136476426799,1000000.0,0.0024813895781637717,-17000000.0,-50000000.0,-0.12406947890818859,-10000000.0,-37000000.0,-0.09181141439205956,-0.29,-0.29,129000000.0,129000000.0,https://www.sec.gov/Archives/edgar/data/225648/000022564816000180/0000225648-16-000180-index.html,https://www.sec.gov/Archives/edgar/data/225648/000022564816000180/cva-33116x10q.htm,1620590849,16:07:29,20210509
21,2015-12-31,CVA,USD,2016-02-26 00:00:00,2016-02-26 17:12:11,Q4,432000000.0,280000000.0,152000000.0,0.35185185185185186,0.0,22000000.0,0.0,0.0,90000000.0,370000000.0,32000000.0,50000000.0,112000000.0,0.25925925925925924,62000000.0,0.14351851851851852,-19000000.0,11000000.0,0.02546296296296296,-65000000.0,77000000.0,0.17824074074074073,0.59,0.58,131000000.0,133000000.0,https://www.sec.gov/Archives/edgar/data/225648/000022564816000130/0000225648-16-000130-index.html,https://www.sec.gov/Archives/edgar/data/225648/000022564816000130/cva-123115x10k.htm,1620590849,16:07:29,20210509
22,2015-09-30,CVA,USD,2015-10-29 00:00:00,2015-10-29 16:58:24,Q3,422000000.0,260000000.0,162000000.0,0.38388625592417064,0.0,20000000.0,0.0,0.0,88000000.0,348000000.0,34000000.0,50000000.0,124000000.0,0.2938388625592417,74000000.0,0.17535545023696683,0.0,40000000.0,0.0947867298578199,11000000.0,34000000.0,0.08056872037914692,0.26,0.25,132000000.0,134000000.0,https://www.sec.gov/Archives/edgar/data/225648/000022564815000112/0000225648-15-000112-index.html,https://www.sec.gov/Archives/edgar/data/225648/000022564815000112/cva-93015x10q.htm,1620590849,16:07:29,20210509
23,2015-06-30,CVA,USD,2015-07-29 00:00:00,2015-07-29 16:59:34,Q2,408000000.0,300000000.0,108000000.0,0.2647058823529412,0.0,23000000.0,0.0,1000000.0,99000000.0,399000000.0,33000000.0,50000000.0,59000000.0,0.14460784313725492,9000000.0,0.022058823529411766,-25000000.0,-49000000.0,-0.12009803921568628,-40000000.0,-6000000.0,-0.014705882352941176,-0.05,-0.05,132000000.0,132000000.0,https://www.sec.gov/Archives/edgar/data/225648/000022564815000103/0000225648-15-000103-index.html,https://www.sec.gov/Archives/edgar/data/225648/000022564815000103/cva-63015x10q.htm,1620590849,16:07:29,20210509
24,2015-03-31,CVA,USD,2015-04-23 00:00:00,2015-04-23 16:20:55,Q1,383000000.0,289000000.0,94000000.0,0.2454308093994778,0.0,28000000.0,0.0,-2000000.0,87000000.0,376000000.0,35000000.0,48000000.0,55000000.0,0.14360313315926893,7000000.0,0.018276762402088774,-2000000.0,-30000000.0,-0.0783289817232376,10000000.0,-37000000.0,-0.09660574412532637,-0.28,-0.28,132000000.0,132000000.0,https://www.sec.gov/Archives/edgar/data/225648/000022564815000061/0000225648-15-000061-index.html,https://www.sec.gov/Archives/edgar/data/225648/000022564815000061/cva-33115x10q.htm,1620590849,16:07:29,20210509
25,2014-12-31,CVA,USD,2015-03-02,2015-03-02 15:52:06,Q4,435000000.0,257000000.0,178000000.0,0.4091954022988506,0.0,24000000.0,0.0,-1000000.0,114000000.0,371000000.0,35000000.0,53000000.0,117000000.0,0.2689655172413793,64000000.0,0.1471264367816092,2000000.0,31000000.0,0.07126436781609195,35000000.0,0.0,0.0,-0.03,-0.03,131000000.0,131000000.0,https://www.sec.gov/Archives/edgar/data/225648/000022564815000008/cva-123114x10k.htm,https://www.sec.gov/Archives/edgar/data/225648/000022564815000008/cva-123114x10k.htm,1620590849,16:07:29,20210509
26,2014-09-30,CVA,USD,2014-10-23 00:00:00,2014-10-23 16:10:45,Q3,414000000.0,248000000.0,166000000.0,0.40096618357487923,0.0,26000000.0,0.0,0.0,98000000.0,346000000.0,33000000.0,52000000.0,120000000.0,0.2898550724637681,68000000.0,0.1642512077294686,-47000000.0,-12000000.0,-0.028985507246376812,-16000000.0,6000000.0,0.014492753623188406,0.046153846153846156,0.04580152671755725,130000000.0,131000000.0,https://www.sec.gov/Archives/edgar/data/225648/000022564814000107/0000225648-14-000107-index.html,https://www.sec.gov/Archives/edgar/data/225648/000022564814000107/cva-93014x10q.htm,1620590849,16:07:29,20210509
27,2014-06-30,CVA,USD,2014-08-08 00:00:00,2014-08-08 16:01:33,Q2,432000000.0,268000000.0,164000000.0,0.37962962962962965,0.0,26000000.0,0.0,0.0,108000000.0,376000000.0,35000000.0,53000000.0,109000000.0,0.2523148148148148,56000000.0,0.12962962962962962,-7000000.0,9000000.0,0.020833333333333332,10000000.0,1000000.0,0.0023148148148148147,0.007692307692307693,0.007633587786259542,130000000.0,131000000.0,https://www.sec.gov/Archives/edgar/data/225648/000022564814000083/0000225648-14-000083-index.html,https://www.sec.gov/Archives/edgar/data/225648/000022564814000083/cva-63014x10q.htm,1620590849,16:07:29,20210509
28,2014-03-31,CVA,USD,2014-04-23 00:00:00,2014-04-23 16:03:26,Q1,401000000.0,282000000.0,119000000.0,0.2967581047381546,0.0,21000000.0,0.0,0.0,92000000.0,374000000.0,32000000.0,53000000.0,80000000.0,0.19950124688279303,27000000.0,0.06733167082294264,-11000000.0,-24000000.0,-0.059850374064837904,-14000000.0,-9000000.0,-0.022443890274314215,-0.07,-0.07,129000000.0,129000000.0,https://www.sec.gov/Archives/edgar/data/225648/000022564814000033/0000225648-14-000033-index.html,https://www.sec.gov/Archives/edgar/data/225648/000022564814000033/cva-33114x10q.htm,1620590849,16:07:29,20210509
29,2013-12-31,CVA,USD,2014-02-18,2014-02-18 17:11:57,Q4,417000000.0,228000000.0,189000000.0,0.45323741007194246,0.0,12000000.0,0.0,4000000.0,92000000.0,320000000.0,33000000.0,53000000.0,150000000.0,0.3597122302158273,97000000.0,0.23261390887290168,52000000.0,109000000.0,0.26139088729016785,31000000.0,28000000.0,0.0671462829736211,0.21705426356589147,0.2153846153846154,129000000.0,130000000.0,https://www.sec.gov/Archives/edgar/data/225648/000022564814000011/cva-123113x10k.htm,https://www.sec.gov/Archives/edgar/data/225648/000022564814000011/cva-123113x10k.htm,1620590849,16:07:29,20210509
30,2013-09-30,CVA,USD,2013-10-24 00:00:00,2013-10-24 16:01:59,Q3,427000000.0,232000000.0,195000000.0,0.4566744730679157,0.0,22000000.0,0.0,0.0,104000000.0,336000000.0,33000000.0,52000000.0,143000000.0,0.33489461358313816,91000000.0,0.21311475409836064,-8000000.0,43000000.0,0.10070257611241218,19000000.0,28000000.0,0.06557377049180328,0.21705426356589147,0.2153846153846154,129000000.0,130000000.0,https://www.sec.gov/Archives/edgar/data/225648/000022564813000064/0000225648-13-000064-index.html,https://www.sec.gov/Archives/edgar/data/225648/000022564813000064/cva-93013x10q.htm,1620590849,16:07:29,20210509
31,2013-06-30,CVA,USD,2013-07-18 00:00:00,2013-07-18 16:03:06,Q2,413000000.0,252000000.0,161000000.0,0.3898305084745763,0.0,26000000.0,0.0,0.0,103000000.0,355000000.0,33000000.0,52000000.0,110000000.0,0.26634382566585957,58000000.0,0.14043583535108958,-50000000.0,-32000000.0,-0.0774818401937046,7000000.0,-38000000.0,-0.09200968523002422,-0.3,-0.3,129000000.0,129000000.0,https://www.sec.gov/Archives/edgar/data/225648/000022564813000049/0000225648-13-000049-index.html,https://www.sec.gov/Archives/edgar/data/225648/000022564813000049/cva-63013x10q.htm,1620590849,16:07:29,20210509
32,2013-03-31,CVA,USD,2013-04-17 00:00:00,2013-04-17 16:06:37,Q1,373000000.0,281000000.0,92000000.0,0.24664879356568364,0.0,24000000.0,0.0,0.0,100000000.0,381000000.0,32000000.0,53000000.0,45000000.0,0.12064343163538874,-8000000.0,-0.021447721179624665,5000000.0,-42000000.0,-0.1126005361930295,-17000000.0,-25000000.0,-0.06702412868632708,-0.19,-0.19,130000000.0,130000000.0,https://www.sec.gov/Archives/edgar/data/225648/000022564813000026/0000225648-13-000026-index.html,https://www.sec.gov/Archives/edgar/data/225648/000022564813000026/cva-33113x10q.htm,1620590849,16:07:29,20210509
33,2012-12-31,CVA,USD,2013-02-15 00:00:00,2013-02-15 16:54:52,Q4,430000000.0,128000000.0,302000000.0,0.7023255813953488,0.0,23000000.0,0.0,0.0,226000000.0,354000000.0,32000000.0,50000000.0,126000000.0,0.2930232558139535,76000000.0,0.17674418604651163,60000000.0,79000000.0,0.18372093023255814,-4000000.0,82000000.0,0.19069767441860466,0.63,0.62,130000000.0,132000000.0,https://www.sec.gov/Archives/edgar/data/225648/000022564813000007/0000225648-13-000007-index.html,https://www.sec.gov/Archives/edgar/data/225648/000022564813000007/cva-123112x10k.htm,1620590849,16:07:29,20210509
34,2012-09-30,CVA,USD,2012-10-18 00:00:00,2012-10-18 16:01:46,Q3,412000000.0,256000000.0,156000000.0,0.3786407766990291,0.0,24000000.0,0.0,0.0,70000000.0,326000000.0,32000000.0,46000000.0,132000000.0,0.32038834951456313,86000000.0,0.2087378640776699,-4000000.0,50000000.0,0.12135922330097088,27000000.0,26000000.0,0.06310679611650485,0.2,0.19,131000000.0,132000000.0,https://www.sec.gov/Archives/edgar/data/225648/000022564812000015/0000225648-12-000015-index.html,https://www.sec.gov/Archives/edgar/data/225648/000022564812000015/cva-93012x10q.htm,1620590849,16:07:29,20210509
35,2012-06-30,CVA,USD,2012-07-19 00:00:00,2012-07-19 16:03:10,Q2,410000000.0,273000000.0,137000000.0,0.33414634146341465,0.0,25000000.0,0.0,0.0,74000000.0,347000000.0,31000000.0,49000000.0,112000000.0,0.2731707317073171,63000000.0,0.15365853658536585,-7000000.0,25000000.0,0.06097560975609756,11000000.0,18000000.0,0.04390243902439024,0.13533834586466165,0.13432835820895522,133000000.0,134000000.0,https://www.sec.gov/Archives/edgar/data/225648/000022564812000009/0000225648-12-000009-index.html,https://www.sec.gov/Archives/edgar/data/225648/000022564812000009/cva-63012x10q.htm,1620590849,16:07:29,20210509
36,2012-03-31,CVA,USD,2012-04-19,2012-04-19 16:02:05,Q1,392000000.0,306000000.0,86000000.0,0.2193877551020408,0.0,25000000.0,0.0,0.0,75000000.0,381000000.0,26000000.0,50000000.0,61000000.0,0.1556122448979592,11000000.0,0.02806122448979592,-5000000.0,-20000000.0,-0.05102040816326531,-8000000.0,-12000000.0,-0.030612244897959183,-0.09,-0.09,134000000.0,134000000.0,https://www.sec.gov/Archives/edgar/data/225648/000119312512063348/d264292d10k.htm,https://www.sec.gov/Archives/edgar/data/225648/000119312512063348/d264292d10k.htm,1620590849,16:07:29,20210509
37,2011-12-31,CVA,USD,2012-02-15 00:00:00,2012-02-15 16:07:17,Q4,430000000.0,263000000.0,167000000.0,0.3883720930232558,0.0,29000000.0,0.0,0.0,80000000.0,343000000.0,24000000.0,51000000.0,138000000.0,0.3209302325581395,87000000.0,0.20232558139534884,-10000000.0,52000000.0,0.12093023255813953,25000000.0,26000000.0,0.06046511627906977,0.19117647058823528,0.1897810218978102,136000000.0,137000000.0,https://www.sec.gov/Archives/edgar/data/225648/000119312512063348/0001193125-12-063348-index.html,https://www.sec.gov/Archives/edgar/data/225648/000119312512063348/d264292d10k.htm,1620590849,16:07:29,20210509
38,2011-09-30,CVA,USD,2011-10-24 00:00:00,2011-10-24 16:01:10,Q3,432000000.0,265000000.0,167000000.0,0.38657407407407407,0.0,24000000.0,0.0,0.0,72000000.0,337000000.0,24000000.0,47420000.0,142420000.0,0.32967592592592593,95000000.0,0.2199074074074074,-20000000.0,52000000.0,0.12037037037037036,2000000.0,42000000.0,0.09722222222222222,0.302158273381295,0.3,139000000.0,140000000.0,https://www.sec.gov/Archives/edgar/data/225648/000119312511278606/0001193125-11-278606-index.html,https://www.sec.gov/Archives/edgar/data/225648/000119312511278606/d234254d10q.htm,1620590849,16:07:29,20210509
39,2011-06-30,CVA,USD,2011-07-26 00:00:00,2011-07-26 12:16:11,Q2,411535000.0,278823000.0,132712000.0,0.3224804694618927,0.0,25274000.0,0.0,0.0,72489000.0,351312000.0,24673000.0,47215000.0,107438000.0,0.2610664949518267,60223000.0,0.14633749255834863,-9203000.0,26465000.0,0.0643080175440728,10564000.0,18140000.0,0.044078875429793336,0.12597222222222224,0.12510344827586206,144000000.0,145000000.0,https://www.sec.gov/Archives/edgar/data/225648/000095012311068177/0000950123-11-068177-index.html,https://www.sec.gov/Archives/edgar/data/225648/000095012311068177/c64708e10vq.htm,1620590849,16:07:29,20210509
40,2011-03-31,CVA,USD,2011-04-20 00:00:00,2011-04-20 16:13:42,Q1,376770000.0,298581000.0,78189000.0,0.20752448443347402,0.0,24503000.0,0.0,0.0,71868000.0,370449000.0,24724000.0,47365000.0,53686000.0,0.14249011333174086,6321000.0,0.016776813440560555,-5255000.0,-23658000.0,-0.0627916235369058,-9986000.0,133493000.0,0.3543089948775115,0.91,0.91,147000000.0,147000000.0,https://www.sec.gov/Archives/edgar/data/225648/000095012311037277/0000950123-11-037277-index.html,https://www.sec.gov/Archives/edgar/data/225648/000095012311037277/c64000e10vq.htm,1620590849,16:07:29,20210509
41,2010-12-31,CVA,USD,2011-02-22,2011-02-22 16:11:41,Q4,293318000.0,250357000.0,42961000.0,0.14646561070237762,0.0,25181000.0,0.0,0.0,356000000.0,241201000.0,19321000.0,43231000.0,95348000.0,0.32506699213822543,52117000.0,0.1776808787732086,-26768000.0,6028000.0,0.020551074260699992,7000.0,22941000.0,0.07821204290224262,0.15606122448979592,0.15606122448979592,147000000.0,147000000.0,https://www.sec.gov/Archives/edgar/data/225648/000095012311016506/c62179e10vk.htm,https://www.sec.gov/Archives/edgar/data/225648/000095012311016506/c62179e10vk.htm,1620590849,16:07:29,20210509
42,2010-09-30,CVA,USD,2010-10-20 00:00:00,2010-10-20 16:02:20,Q3,436977000.0,242069000.0,194908000.0,0.4460372056195177,0.0,23014000.0,0.0,0.0,100343000.0,342412000.0,20850000.0,48622000.0,143187000.0,0.32767628502186613,94565000.0,0.2164072708632262,-41526000.0,32189000.0,0.07366291589717537,16414000.0,20157000.0,0.04612828592809232,0.13136474130458867,0.1306249675981129,153443000.0,154312000.0,https://www.sec.gov/Archives/edgar/data/225648/000095012310094553/0000950123-10-094553-index.html,https://www.sec.gov/Archives/edgar/data/225648/000095012310094553/c60355e10vq.htm,1620590849,16:07:29,20210509
43,2010-06-30,CVA,USD,2010-07-22 00:00:00,2010-07-22 16:02:19,Q2,435211000.0,266791000.0,168420000.0,0.3869847039711772,0.0,28198000.0,0.0,0.0,101532000.0,368323000.0,21101000.0,47983000.0,114871000.0,0.26394323672885106,66888000.0,0.1536909682889449,-11225000.0,34562000.0,0.0794143530379517,14809000.0,25789000.0,0.059256314753073795,0.1670520867745843,0.16635274083057036,154377000.0,155026000.0,https://www.sec.gov/Archives/edgar/data/225648/000095012310067262/0000950123-10-067262-index.html,https://www.sec.gov/Archives/edgar/data/225648/000095012310067262/c58031e10vq.htm,1620590849,16:07:29,20210509
44,2010-03-31,CVA,USD,2010-04-21 00:00:00,2010-04-21 16:01:49,Q1,416795000.0,304226000.0,112569000.0,0.27008241461629817,0.0,26189000.0,0.0,0.0,99621000.0,403847000.0,21565000.0,49922000.0,62870000.0,0.15084154080543194,12948000.0,0.031065631785410094,-7661000.0,-16278000.0,-0.03905517100732974,-7875000.0,-7233000.0,-0.017353855012656103,-0.05,-0.05,153894000.0,153894000.0,https://www.sec.gov/Archives/edgar/data/225648/000095012310036672/0000950123-10-036672-index.html,https://www.sec.gov/Archives/edgar/data/225648/000095012310036672/c57510e10vq.htm,1620590849,16:07:29,20210509
45,2009-12-31,CVA,USD,2010-02-22 00:00:00,2010-02-22 16:02:55,Q4,407212000.0,242278000.0,164934000.0,0.4050322682042769,0.0,27869000.0,0.0,0.0,93722000.0,336000000.0,21705000.0,52155000.0,123367000.0,0.30295521742974174,71212000.0,0.17487696826223195,-8857000.0,40650000.0,0.09982515250041747,15847000.0,28277000.0,0.06944048800133591,0.18374335581634113,0.18374335581634113,153894000.0,153894000.0,https://www.sec.gov/Archives/edgar/data/225648/000095012310015135/0000950123-10-015135-index.html,https://www.sec.gov/Archives/edgar/data/225648/000095012310015135/c55585e10vk.htm,1620590849,16:07:29,20210509
46,2009-09-30,CVA,USD,2009-10-21 00:00:00,2009-10-21 16:02:04,Q3,408709000.0,233290000.0,175419000.0,0.4292026845506216,0.0,28945000.0,0.0,0.0,91806000.0,325096000.0,23477000.0,48057000.0,131670000.0,0.3221607549625773,83613000.0,0.20457831855917047,-2513000.0,57623000.0,0.14098784220557903,19614000.0,40852000.0,0.09995375682943121,0.27,0.26,153779000.0,155110000.0,https://www.sec.gov/Archives/edgar/data/225648/000095012309051921/0000950123-09-051921-index.html,https://www.sec.gov/Archives/edgar/data/225648/000095012309051921/c54127e10vq.htm,1620590849,16:07:29,20210509
47,2009-06-30,CVA,USD,2009-07-22 00:00:00,2009-07-22 16:01:57,Q2,375786000.0,214556000.0,161230000.0,0.4290473833511626,0.0,26906000.0,0.0,0.0,87790000.0,302346000.0,20640000.0,51162000.0,124602000.0,0.33157701457744565,73440000.0,0.1954303779278632,-5239000.0,65462000.0,0.17420020969381508,17901000.0,33167000.0,0.08826033966140304,0.22,0.21,153731000.0,154953000.0,https://www.sec.gov/Archives/edgar/data/225648/000095012309024344/0000950123-09-024344-index.html,https://www.sec.gov/Archives/edgar/data/225648/000095012309024344/c52436e10vq.htm,1620590849,16:07:29,20210509
48,2009-03-31,CVA,USD,2009-04-22 00:00:00,2009-04-22 16:02:00,Q1,358760000.0,256042000.0,102718000.0,0.2863139703422901,0.0,25515000.0,0.0,0.0,86757000.0,342799000.0,22275000.0,51498000.0,67459000.0,0.1880337830304382,15961000.0,0.04448935221317873,1028000.0,-5286000.0,-0.01473408406734307,-1992000.0,1135000.0,0.003163674880142714,0.007395726768621267,0.007335026528884494,153467000.0,154737000.0,https://www.sec.gov/Archives/edgar/data/225648/000095013709003170/0000950137-09-003170-index.html,https://www.sec.gov/Archives/edgar/data/225648/000095013709003170/c50663e10vq.htm,1620590849,16:07:29,20210509
49,2008-12-31,CVA,USD,2009-03-02 00:00:00,2009-03-02 09:39:11,Q4,413820000.0,0.0,0.0,0.0,0.0,26445000.0,0.0,0.0,349105000.0,349105000.0,0.0,0.0,98506000.0,0.23804069402155525,64715000.0,0.15638441834614084,13553000.0,56692000.0,0.13699676187714466,26744000.0,29948000.0,0.07236962930742835,0.1951429297503698,0.1951429297503698,153467000.0,153467000.0,https://www.sec.gov/Archives/edgar/data/225648/000095015209002016/0000950152-09-002016-index.html,https://www.sec.gov/Archives/edgar/data/225648/000095015209002016/c48754e10vk.htm,1620590849,16:07:29,20210509
50,2008-09-30,CVA,USD,2008-10-22 00:00:00,2008-10-22 16:03:11,Q3,438671000.0,0.0,0.0,0.0,0.0,23282000.0,0.0,0.0,336843000.0,336843000.0,0.0,0.0,151956000.0,0.34640083342641753,101828000.0,0.23212840602638424,5543000.0,81387000.0,0.18553084202055756,31687000.0,49700000.0,0.11329675314757529,0.32396633878926545,0.32099100320991003,153411000.0,154833000.0,https://www.sec.gov/Archives/edgar/data/225648/000095013708012907/0000950137-08-012907-index.html,https://www.sec.gov/Archives/edgar/data/225648/000095013708012907/c47129e10vq.htm,1620590849,16:07:29,20210509
51,2008-06-30,CVA,USD,2008-07-29 00:00:00,2008-07-29 16:02:01,Q2,422996000.0,0.0,0.0,0.0,0.0,23135000.0,0.0,0.0,332691000.0,332691000.0,0.0,0.0,134575000.0,0.31814721652214206,90305000.0,0.21348901644459994,7320000.0,71113000.0,0.16811742900642088,26260000.0,44853000.0,0.10603646370178442,0.2924172191906746,0.2896582455052697,153387000.0,154848000.0,https://www.sec.gov/Archives/edgar/data/225648/000095013708009801/0000950137-08-009801-index.html,https://www.sec.gov/Archives/edgar/data/225648/000095013708009801/c33415e10vq.htm,1620590849,16:07:29,20210509
52,2008-03-31,CVA,USD,2008-04-23 00:00:00,2008-04-23 16:02:46,Q1,388766000.0,0.0,0.0,0.0,0.0,24154000.0,0.0,0.0,344240000.0,344240000.0,0.0,0.0,85968000.0,0.22113044865034492,44526000.0,0.11453162056352664,7132000.0,22308000.0,0.057381561144750313,7536000.0,14772000.0,0.03799714995652912,0.09644501028302811,0.09556711435447558,153165000.0,154572000.0,https://www.sec.gov/Archives/edgar/data/225648/000095013708005827/0000950137-08-005827-index.html,https://www.sec.gov/Archives/edgar/data/225648/000095013708005827/c25895e10vq.htm,1620590849,16:07:29,20210509
53,2007-12-31,CVA,USD,2008-02-26,2008-02-26 16:21:56,Q4,395388000.0,0.0,0.0,0.0,0.0,22025000.0,0.0,0.0,302310000.0,302310000.0,0.0,0.0,136986000.0,0.34645968011168776,93078000.0,0.23540926887007194,6043000.0,68926000.0,0.1743249668679879,-3374000.0,72300000.0,0.18285835685453275,0.4720399569092156,0.4720399569092156,153165000.0,153165000.0,https://www.sec.gov/Archives/edgar/data/225648/000095013708002764/c24014e10vk.htm,https://www.sec.gov/Archives/edgar/data/225648/000095013708002764/c24014e10vk.htm,1620590849,16:07:29,20210509
54,2007-09-30,CVA,USD,2007-10-24 00:00:00,2007-10-24 16:11:00,Q3,352350000.0,0.0,0.0,0.0,0.0,18483000.0,0.0,0.0,268287000.0,268287000.0,0.0,0.0,127872000.0,0.36291187739463604,84063000.0,0.23857811834823328,6731000.0,62183000.0,0.17648077195969916,23768000.0,38415000.0,0.10902511707109408,0.2510210082660829,0.2489324062493925,153035000.0,154319000.0,https://www.sec.gov/Archives/edgar/data/225648/000095013707015943/0000950137-07-015943-index.html,https://www.sec.gov/Archives/edgar/data/225648/000095013707015943/c19496e10vq.htm,1620590849,16:07:29,20210509
55,2007-06-30,CVA,USD,2007-07-25 00:00:00,2007-07-25 16:07:59,Q2,355140000.0,0.0,0.0,0.0,0.0,20029000.0,0.0,0.0,264042000.0,264042000.0,0.0,0.0,135218000.0,0.3807456214450639,91098000.0,0.25651292448048657,4316000.0,66538000.0,0.18735709860899927,28822000.0,37716000.0,0.10620037168440614,0.25,0.24,150864000.0,157150000.0,https://www.sec.gov/Archives/edgar/data/225648/000095013707010527/0000950137-07-010527-index.html,https://www.sec.gov/Archives/edgar/data/225648/000095013707010527/c16945e10vq.htm,1620590849,16:07:29,20210509
56,2007-03-31,CVA,USD,2007-04-30 00:00:00,2007-04-30 16:08:03,Q1,330209000.0,0.0,0.0,0.0,0.0,22192000.0,0.0,0.0,339330000.0,339330000.0,0.0,0.0,28632000.0,0.08670872084043742,-9121000.0,-0.027621900069350017,10290000.0,-36094000.0,-0.10930653010669,-18176000.0,-17918000.0,-0.05426260338149475,-0.12,-0.12,149316667.0,149316667.0,https://www.sec.gov/Archives/edgar/data/225648/000095013707006328/0000950137-07-006328-index.html,https://www.sec.gov/Archives/edgar/data/225648/000095013707006328/c14615e10vq.htm,1620590849,16:07:29,20210509
57,2006-12-31,CVA,USD,2007-02-26,2007-02-26 17:10:07,Q4,317929000.0,0.0,0.0,0.0,0.0,19422000.0,0.0,0.0,260821000.0,260821000.0,0.0,0.0,114771000.0,0.36099569400715253,57108000.0,0.1796250106155777,2176000.0,20612000.0,0.0648320851510872,8670000.0,11942000.0,0.037561845569293775,0.07997767590137811,0.07997767590137811,149316667.0,149316667.0,https://www.sec.gov/Archives/edgar/data/225648/000095013707002792/c12499e10vk.htm,https://www.sec.gov/Archives/edgar/data/225648/000095013707002792/c12499e10vk.htm,1620590849,16:07:29,20210509
58,2006-09-30,CVA,USD,2006-10-30,2006-10-30 16:46:21,Q3,311115000.0,0.0,0.0,0.0,0.0,18346000.0,0.0,0.0,224750000.0,224750000.0,0.0,0.0,129172000.0,0.4151905244041592,86365000.0,0.277598315735339,4945000.0,50121000.0,0.16110120052070778,18870000.0,31251000.0,0.10044838725230221,0.21,0.21,148814286.0,148814286.0,https://www.sec.gov/Archives/edgar/data/225648/000095013706011591/c09376e10vq.htm,https://www.sec.gov/Archives/edgar/data/225648/000095013706011591/c09376e10vq.htm,1620590849,16:07:29,20210509
59,2006-06-30,CVA,USD,2006-08-03,2006-08-03 16:39:04,Q2,334136000.0,0.0,0.0,0.0,0.0,17236000.0,0.0,0.0,244497000.0,244497000.0,0.0,0.0,123805000.0,0.37052278114300763,89639000.0,0.2682710034237556,14672000.0,57840000.0,0.17310316757248545,6662000.0,51178000.0,0.15316517825077214,0.35,0.35,146222857.0,146222857.0,https://www.sec.gov/Archives/edgar/data/225648/000095013706008595/c07210e10vq.htm,https://www.sec.gov/Archives/edgar/data/225648/000095013706008595/c07210e10vq.htm,1620590849,16:07:29,20210509
60,2006-03-31,CVA,USD,2006-05-04,2006-05-04 16:38:41,Q1,305356000.0,0.0,0.0,0.0,0.0,19515000.0,0.0,0.0,253840000.0,253840000.0,0.0,0.0,91070000.0,0.2982420519000773,51516000.0,0.16870799984280643,6843000.0,15681000.0,0.051353174655156604,4263000.0,11418000.0,0.037392420649995414,0.08,0.08,142725000.0,142725000.0,https://www.sec.gov/Archives/edgar/data/225648/000095013706003023/c03133e10vk.htm,https://www.sec.gov/Archives/edgar/data/225648/000095013706003023/c03133e10vk.htm,1620590849,16:07:29,20210509
61,2005-12-31,CVA,USD,2006-03-14 00:00:00,2006-03-14 17:34:03,Q4,303362000.0,0.0,0.0,0.0,0.0,23316000.0,0.0,0.0,249079000.0,249079000.0,0.0,0.0,95178000.0,0.3137439758440411,54283000.0,0.17893803442751563,6003000.0,16348000.0,0.053889412648914496,10643000.0,5705000.0,0.018805915045391315,0.039971974076020315,0.039971974076020315,142725000.0,142725000.0,https://www.sec.gov/Archives/edgar/data/225648/000095013706003023/0000950137-06-003023-index.html,https://www.sec.gov/Archives/edgar/data/225648/000095013706003023/c03133e10vk.htm,1620590849,16:07:29,20210509
62,2005-09-30,CVA,USD,2005-11-09,2005-11-09 16:01:47,Q3,301490000.0,0.0,0.0,0.0,0.0,19615000.0,0.0,0.0,219511000.0,219511000.0,0.0,44800000.0,126779000.0,0.42050814289031146,81979000.0,0.2719128329297821,20017000.0,53792000.0,0.1784205114597499,16391000.0,37401000.0,0.12405386579986069,0.27,0.26,138522222.0,143850000.0,https://www.sec.gov/Archives/edgar/data/225648/000095013705013561/c99503e10vq.htm,https://www.sec.gov/Archives/edgar/data/225648/000095013705013561/c99503e10vq.htm,1620590849,16:07:29,20210509
63,2005-06-30,CVA,USD,2005-08-09,2005-08-09 16:53:45,Q2,204690000.0,0.0,0.0,0.0,0.0,0.0,0.0,0.0,170000000.0,0.0,0.0,17800000.0,222490000.0,1.0869607699447945,204690000.0,1.0,0.0,0.0,0.0,0.0,5917000.0,0.028907127851873566,0.06,0.05,98616667.0,118340000.0,https://www.sec.gov/Archives/edgar/data/225648/000095013705009921/c97515e10vq.htm,https://www.sec.gov/Archives/edgar/data/225648/000095013705009921/c97515e10vq.htm,1620590849,16:07:29,20210509
64,2005-03-31,CVA,USD,2005-05-04,2005-05-04 17:25:07,Q1,185994000.0,0.0,0.0,0.0,0.0,0.0,0.0,0.0,161000000.0,0.0,0.0,15700000.0,201694000.0,1.0844113250965084,185994000.0,1.0,0.0,0.0,0.0,0.0,10303000.0,0.055394260029893436,0.14,0.13,73592857.0,79253846.0,https://www.sec.gov/Archives/edgar/data/225648/000095013705003152/c92753e10vk.htm,https://www.sec.gov/Archives/edgar/data/225648/000095013705003152/c92753e10vk.htm,1620590849,16:07:29,20210509
65,2004-12-31,CVA,USD,2005-03-16,2005-03-16 17:27:49,Q4,161539000.0,0.0,0.0,0.0,0.0,0.0,0.0,0.0,0.0,0.0,0.0,16400000.0,177939000.0,1.1015234711122392,161539000.0,1.0,0.0,0.0,0.0,0.0,8257000.0,0.05111459152279016,0.11219838903658816,0.11219838903658816,73592857.0,73592857.0,https://www.sec.gov/Archives/edgar/data/225648/000095013705003152/c92753e10vk.htm,https://www.sec.gov/Archives/edgar/data/225648/000095013705003152/c92753e10vk.htm,1620590849,16:07:29,20210509
66,2004-09-30,CVA,USD,2004-11-09,2004-11-08 20:28:55,Q3,181189000.0,0.0,0.0,0.0,0.0,0.0,0.0,0.0,0.0,0.0,0.0,17200000.0,198389000.0,1.094928500074508,181189000.0,1.0,0.0,0.0,0.0,0.0,12815000.0,0.07072725165434987,0.18,0.17,71194444.0,75382353.0,https://www.sec.gov/Archives/edgar/data/225648/000095013704009619/c89402e10vq.htm,https://www.sec.gov/Archives/edgar/data/225648/000095013704009619/c89402e10vq.htm,1620590849,16:07:29,20210509
67,2004-06-30,CVA,USD,2004-08-09,2004-08-06 18:44:10,Q2,190591000.0,0.0,0.0,0.0,0.0,0.0,0.0,0.0,0.0,0.0,0.0,16100000.0,206691000.0,1.0844740832463233,190591000.0,1.0,0.0,0.0,0.0,0.0,15195000.0,0.07972569533713554,0.26,0.24,58442308.0,63312500.0,https://www.sec.gov/Archives/edgar/data/225648/000095013704006365/c87336e10vq.htm,https://www.sec.gov/Archives/edgar/data/225648/000095013704006365/c87336e10vq.htm,1620590849,16:07:29,20210509
68,2004-03-31,CVA,USD,2004-03-31,2004-03-31,Q1,46976000.0,0.0,0.0,0.0,0.0,0.0,0.0,0.0,0.0,0.0,0.0,3600000.0,50576000.0,1.0766348773841963,46976000.0,1.0,0.0,0.0,0.0,0.0,-2173000.0,-0.04625766348773842,-0.07,-0.07,31042857.0,31042857.0,,,1620590849,16:07:29,20210509
69,2003-12-31,CVA,USD,2003-12-31,2003-12-31,Q4,9752000.0,0.0,0.0,0.0,0.0,0.0,0.0,0.0,0.0,0.0,0.0,0.0,9752000.0,1.0,9752000.0,1.0,0.0,0.0,0.0,0.0,-3446000.0,-0.353363412633306,-0.11100782379663057,-0.11100782379663057,31042857.0,31042857.0,,,1620590849,16:07:29,20210509
70,2003-09-30,CVA,USD,2003-09-30,2003-09-30,Q3,9083000.0,0.0,0.0,0.0,0.0,0.0,0.0,0.0,0.0,0.0,0.0,0.0,9083000.0,1.0,9083000.0,1.0,0.0,0.0,0.0,0.0,-3442000.0,-0.3789496862270175,-0.11,-0.11,31290909.0,31290909.0,,,1620590849,16:07:29,20210509
71,2003-06-30,CVA,USD,2003-06-30,2003-06-30,Q2,12086000.0,0.0,0.0,0.0,0.0,0.0,0.0,0.0,0.0,0.0,0.0,100000.0,12186000.0,1.0082740360747973,12086000.0,1.0,0.0,0.0,0.0,0.0,-4501000.0,-0.37241436372662584,-0.15,-0.15,30006667.0,30006667.0,,,1620590849,16:07:29,20210509
72,2003-03-28,CVA,USD,2003-05-12,2003-05-12,Q1,11100000.0,0.0,0.0,0.0,0.0,14400000.0,0.0,0.0,14400000.0,14400000.0,700000.0,100000.0,-3200000.0,-0.2882882882882883,-3300000.0,-0.2972972972972973,0.0,-2700000.0,-0.24324324324324326,0.0,-57800000.0,-5.207207207207207,-1.87662,-1.87662,30800000.0,30800000.0,https://www.sec.gov/Archives/edgar/data/225648/000095012303005715/0000950123-03-005715-index.htm,https://www.sec.gov/Archives/edgar/data/225648/000095012303005715/y86292e10vq.txt,1620590849,16:07:29,20210509
73,2002-12-27,CVA,USD,2003-03-27,2003-03-27,Q4,218800000.0,0.0,0.0,0.0,0.0,200400000.0,0.0,0.0,218100000.0,218100000.0,-17100000.0,18400000.0,19100000.0,0.0872943327239488,700000.0,0.0031992687385740404,-2600000.0,-19000000.0,-0.08683729433272395,0.0,-19000000.0,-0.08683729433272395,-0.61688,-0.61688,30800000.0,30800000.0,https://www.sec.gov/Archives/edgar/data/225648/000095012303003377/0000950123-03-003377-index.htm,https://www.sec.gov/Archives/edgar/data/225648/000095012303003377/y84695e10vk.txt,1620590849,16:07:29,20210509
74,2002-09-27,CVA,USD,2002-11-12 00:00:00,2002-11-12 17:26:43,Q3,207900000.0,0.0,0.0,0.0,0.0,189700000.0,0.0,0.0,207600000.0,207600000.0,-16100000.0,17900000.0,18200000.0,0.08754208754208755,300000.0,0.001443001443001443,-2300000.0,-18100000.0,-0.08706108706108706,200000.0,-18300000.0,-0.08802308802308802,-0.59416,-0.59416,30800000.0,30800000.0,https://www.sec.gov/Archives/edgar/data/225648/000095012302010601/0000950123-02-010601-index.html,https://www.sec.gov/Archives/edgar/data/225648/000095012302010601/y65240e10vq.htm,1620590849,16:07:29,20210509
75,2002-06-30,CVA,USD,2002-08-14 00:00:00,2002-08-13 20:19:20,Q2,83690000.0,0.0,0.0,0.0,0.0,0.0,0.0,0.0,0.0,0.0,0.0,5900000.0,89590000.0,1.0704982674154617,83690000.0,1.0,0.0,0.0,0.0,0.0,4341000.0,0.05186999641534233,0.18,0.18,24116667.0,24116667.0,https://www.sec.gov/Archives/edgar/data/225648/000095012302007887/0000950123-02-007887-index.html,https://www.sec.gov/Archives/edgar/data/225648/000095012302007887/y63025e10vq.txt,1620590849,16:07:29,20210509
76,2002-03-31,CVA,USD,2002-04-01 00:00:00,2002-04-01 00:00:00,Q1,20842000.0,0.0,0.0,0.0,0.0,0.0,0.0,0.0,0.0,0.0,0.0,200000.0,21042000.0,1.0095960080606468,20842000.0,1.0,0.0,0.0,0.0,0.0,-54000.0,-0.0025909221763746283,-0.002768,-0.002768,19510954.0,19510954.0,https://www.sec.gov/Archives/edgar/data/225648/000109928102000109/0001099281-02-000109-index.html,https://www.sec.gov/Archives/edgar/data/225648/000109928102000109/dhc10k2001.txt,1620590849,16:07:29,20210509
77,2001-12-31,CVA,USD,2002-04-01 00:00:00,2002-04-01 00:00:00,Q4,21644000.0,0.0,0.0,0.0,0.0,0.0,0.0,0.0,0.0,0.0,0.0,1500000.0,23144000.0,1.0693032711143966,21644000.0,1.0,0.0,0.0,0.0,0.0,-8048000.0,-0.3718351506191092,-0.4124862372183339,-0.4124862372183339,19510954.0,19510954.0,https://www.sec.gov/Archives/edgar/data/225648/000109928102000109/0001099281-02-000109-index.html,https://www.sec.gov/Archives/edgar/data/225648/000109928102000109/dhc10k2001.txt,1620590849,16:07:29,20210509
78,2001-09-30,CVA,USD,2001-11-14 00:00:00,2001-11-14 00:00:00,Q3,25996000.0,0.0,0.0,0.0,0.0,0.0,0.0,0.0,0.0,0.0,0.0,-400000.0,25596000.0,0.9846130173872903,25996000.0,1.0,0.0,0.0,0.0,0.0,-1594000.0,-0.06131712571164795,-0.08,-0.08,19925000.0,19925000.0,https://www.sec.gov/Archives/edgar/data/225648/000109928101500036/0001099281-01-500036-index.html,https://www.sec.gov/Archives/edgar/data/225648/000109928101500036/dhc10q4.htm,1620590849,16:07:29,20210509
79,2001-06-30,CVA,USD,2001-08-14 00:00:00,2001-08-14 00:00:00,Q2,23857000.0,0.0,0.0,0.0,0.0,0.0,0.0,0.0,0.0,0.0,0.0,200000.0,24057000.0,1.008383283732238,23857000.0,1.0,0.0,0.0,0.0,0.0,-5579000.0,-0.2338516997107767,-0.29,-0.29,19237931.0,19237931.0,https://www.sec.gov/Archives/edgar/data/225648/000092859801500240/0000928598-01-500240-index.html,https://www.sec.gov/Archives/edgar/data/225648/000092859801500240/dhc10.txt,1620590849,16:07:29,20210509
80,2001-03-31,CVA,USD,2001-05-15 00:00:00,2001-05-15 00:00:00,Q1,22605000.0,0.0,0.0,0.0,0.0,0.0,0.0,0.0,0.0,0.0,0.0,200000.0,22805000.0,1.008847600088476,22605000.0,1.0,0.0,0.0,0.0,0.0,887000.0,0.03923910639239107,0.05,0.05,17740000.0,17740000.0,https://www.sec.gov/Archives/edgar/data/225648/000092859801500159/0000928598-01-500159-index.html,https://www.sec.gov/Archives/edgar/data/225648/000092859801500159/dhc10q5-15.txt,1620590849,16:07:29,20210509
81,2000-12-31,CVA,USD,2001-03-30 00:00:00,2001-03-30 00:00:00,Q4,25037000.0,0.0,0.0,0.0,0.0,0.0,0.0,0.0,0.0,0.0,0.0,200000.0,25237000.0,1.007988177497304,25037000.0,1.0,0.0,0.0,0.0,0.0,-4996000.0,-0.19954467388265368,-0.28162344983089066,-0.28162344983089066,17740000.0,17740000.0,https://www.sec.gov/Archives/edgar/data/225648/000092859801500093/0000928598-01-500093-index.html,https://www.sec.gov/Archives/edgar/data/225648/000092859801500093/dhc10k.txt,1620590849,16:07:29,20210509
82,2000-09-30,CVA,USD,2000-11-14 00:00:00,2000-11-14 00:00:00,Q3,21389000.0,0.0,0.0,0.0,0.0,0.0,0.0,0.0,0.0,0.0,0.0,200000.0,21589000.0,1.0093506007761,21389000.0,1.0,0.0,0.0,0.0,0.0,1267000.0,0.05923605591659264,0.07,0.07,18100000.0,18100000.0,https://www.sec.gov/Archives/edgar/data/225648/000105423600000189/0001054236-00-000189-index.html,https://www.sec.gov/Archives/edgar/data/225648/000105423600000189/0001054236-00-000189-0001.txt,1620590849,16:07:29,20210509
83,2000-06-30,CVA,USD,2000-08-14 00:00:00,2000-08-14 00:00:00,Q2,18952000.0,0.0,0.0,0.0,0.0,0.0,0.0,0.0,0.0,0.0,0.0,200000.0,19152000.0,1.010552975939215,18952000.0,1.0,0.0,0.0,0.0,0.0,1324000.0,0.06986070071760236,0.07,0.07,18914286.0,18914286.0,https://www.sec.gov/Archives/edgar/data/225648/000105423600000149/0001054236-00-000149-index.html,https://www.sec.gov/Archives/edgar/data/225648/000105423600000149/0001054236-00-000149-0001.txt,1620590849,16:07:29,20210509
84,2000-03-31,CVA,USD,2000-05-15 00:00:00,2000-05-15 00:00:00,Q1,20859000.0,0.0,0.0,0.0,0.0,0.0,0.0,0.0,0.0,0.0,0.0,200000.0,21059000.0,1.009588187353181,20859000.0,1.0,0.0,0.0,0.0,0.0,3435000.0,0.16467711779088162,0.19,0.18,18078947.0,19083333.0,https://www.sec.gov/Archives/edgar/data/225648/000105423600000103/0001054236-00-000103-index.html,https://www.sec.gov/Archives/edgar/data/225648/0001054236-00-000103.txt,1620590849,16:07:29,20210509
85,1999-12-31,CVA,USD,1999-12-31,1999-12-31,Q4,26858000.0,0.0,0.0,0.0,0.0,0.0,0.0,0.0,0.0,0.0,0.0,100000.0,26958000.0,1.0037232854270608,26858000.0,1.0,0.0,0.0,0.0,0.0,455000.0,0.016940948693126814,0.02516739498157719,0.02516739498157719,18078947.0,18078947.0,,,1620590849,16:07:29,20210509
86,1999-09-30,CVA,USD,1999-11-15 00:00:00,1999-11-15 00:00:00,Q3,15400000.0,0.0,0.0,0.0,0.0,0.0,0.0,0.0,0.0,0.0,0.0,200000.0,15600000.0,1.0129870129870129,15400000.0,1.0,0.0,0.0,0.0,0.0,500000.0,0.032467532467532464,0.03,0.03,16666667.0,16666667.0,https://www.sec.gov/Archives/edgar/data/225648/000105423699000015/0001054236-99-000015-index.html,https://www.sec.gov/Archives/edgar/data/225648/0001054236-99-000015.txt,1620590849,16:07:29,20210509
87,1999-06-30,CVA,USD,1999-08-13 00:00:00,1999-08-13 00:00:00,Q2,14300000.0,0.0,0.0,0.0,0.0,0.0,0.0,0.0,0.0,0.0,0.0,200000.0,14500000.0,1.013986013986014,14300000.0,1.0,0.0,0.0,0.0,0.0,300000.0,0.02097902097902098,0.01,0.01,15576000.0,15576000.0,https://www.sec.gov/Archives/edgar/data/225648/000022564899000010/0000225648-99-000010-index.html,https://www.sec.gov/Archives/edgar/data/225648/0000225648-99-000010.txt,1620590849,16:07:29,20210509
88,1999-03-31,CVA,USD,1999-05-17 00:00:00,1999-05-17 00:00:00,Q1,14600000.0,0.0,0.0,0.0,0.0,0.0,0.0,0.0,0.0,0.0,0.0,200000.0,14800000.0,1.0136986301369864,14600000.0,1.0,0.0,0.0,0.0,0.0,100000.0,0.00684931506849315,0.01,0.01,15576000.0,15576000.0,https://www.sec.gov/Archives/edgar/data/225648/000022564899000002/0000225648-99-000002-index.html,https://www.sec.gov/Archives/edgar/data/225648/0000225648-99-000002.txt,1620590849,16:07:29,20210509
89,1998-12-31,CVA,USD,1999-03-30 00:00:00,1999-03-30 00:00:00,Q4,16100000.0,0.0,0.0,0.0,0.0,0.0,0.0,0.0,0.0,0.0,0.0,400000.0,16500000.0,1.0248447204968945,16100000.0,1.0,0.0,0.0,0.0,0.0,600000.0,0.037267080745341616,0.03852080123266564,0.03852080123266564,15576000.0,15576000.0,https://www.sec.gov/Archives/edgar/data/225648/000093041399000453/0000930413-99-000453-index.html,https://www.sec.gov/Archives/edgar/data/225648/0000930413-99-000453.txt,1620590849,16:07:29,20210509
90,1998-09-30,CVA,USD,1998-11-16 00:00:00,1998-11-16 00:00:00,Q3,16200000.0,0.0,0.0,0.0,0.0,0.0,0.0,0.0,0.0,0.0,0.0,100000.0,16300000.0,1.0061728395061729,16200000.0,1.0,0.0,0.0,0.0,0.0,600000.0,0.037037037037037035,0.04,0.04,15942000.0,15942000.0,https://www.sec.gov/Archives/edgar/data/225648/000022564898000008/0000225648-98-000008-index.html,https://www.sec.gov/Archives/edgar/data/225648/0000225648-98-000008.txt,1620590849,16:07:29,20210509
91,1998-06-30,CVA,USD,1998-08-14 00:00:00,1998-08-14 00:00:00,Q2,15800000.0,0.0,0.0,0.0,0.0,0.0,0.0,0.0,0.0,0.0,0.0,200000.0,16000000.0,1.0126582278481013,15800000.0,1.0,0.0,0.0,0.0,0.0,300000.0,0.0189873417721519,0.02,0.02,15000000.0,15000000.0,https://www.sec.gov/Archives/edgar/data/225648/000022564898000004/0000225648-98-000004-index.html,https://www.sec.gov/Archives/edgar/data/225648/0000225648-98-000004.txt,1620590849,16:07:29,20210509
92,1998-03-31,CVA,USD,1998-05-15 00:00:00,1998-05-15 00:00:00,Q1,16600000.0,0.0,0.0,0.0,0.0,0.0,0.0,0.0,0.0,0.0,0.0,200000.0,16800000.0,1.0120481927710843,16600000.0,1.0,0.0,0.0,0.0,0.0,800000.0,0.04819277108433735,0.05,0.05,16000000.0,16000000.0,https://www.sec.gov/Archives/edgar/data/225648/000022564898000002/0000225648-98-000002-index.html,https://www.sec.gov/Archives/edgar/data/225648/0000225648-98-000002.txt,1620590849,16:07:29,20210509
93,1997-12-31,CVA,USD,1997-12-31,1997-12-31,Q4,17300000.0,0.0,0.0,0.0,0.0,0.0,0.0,0.0,0.0,0.0,0.0,300000.0,17600000.0,1.0173410404624277,17300000.0,1.0,0.0,0.0,0.0,0.0,1100000.0,0.06358381502890173,0.06875,0.06875,16000000.0,16000000.0,,,1620590849,16:07:29,20210509
94,1997-09-30,CVA,USD,1997-11-14 00:00:00,1997-11-14 00:00:00,Q3,17400000.0,0.0,0.0,0.0,0.0,0.0,0.0,0.0,0.0,0.0,0.0,100000.0,17500000.0,1.0057471264367817,17400000.0,1.0,0.0,0.0,0.0,0.0,600000.0,0.034482758620689655,0.03,0.03,16296000.0,16296000.0,https://www.sec.gov/Archives/edgar/data/225648/000022564897000011/0000225648-97-000011-index.html,https://www.sec.gov/Archives/edgar/data/225648/0000225648-97-000011.txt,1620590849,16:07:29,20210509
95,1997-06-30,CVA,USD,1997-08-12 00:00:00,1997-08-12 00:00:00,Q2,15300000.0,0.0,0.0,0.0,0.0,0.0,0.0,0.0,0.0,0.0,0.0,300000.0,15600000.0,1.0196078431372548,15300000.0,1.0,0.0,0.0,0.0,0.0,500000.0,0.032679738562091505,0.03,0.03,16666667.0,16666667.0,https://www.sec.gov/Archives/edgar/data/225648/000022564897000006/0000225648-97-000006-index.html,https://www.sec.gov/Archives/edgar/data/225648/0000225648-97-000006.txt,1620590849,16:07:29,20210509
96,1997-03-31,CVA,USD,1997-05-15 00:00:00,1997-05-15 00:00:00,Q1,15700000.0,0.0,0.0,0.0,0.0,0.0,0.0,0.0,0.0,0.0,0.0,200000.0,15900000.0,1.0127388535031847,15700000.0,1.0,0.0,0.0,0.0,0.0,2400000.0,0.15286624203821655,0.15,0.15,16000000.0,16000000.0,https://www.sec.gov/Archives/edgar/data/225648/000022564897000004/0000225648-97-000004-index.html,https://www.sec.gov/Archives/edgar/data/225648/0000225648-97-000004.txt,1620590849,16:07:29,20210509
97,1996-12-31,CVA,USD,1997-03-28 00:00:00,1997-03-28 00:00:00,Q4,12900000.0,0.0,0.0,0.0,0.0,0.0,0.0,0.0,0.0,0.0,0.0,200000.0,13100000.0,1.0155038759689923,12900000.0,1.0,0.0,0.0,0.0,0.0,-5100000.0,-0.3953488372093023,-0.31875,-0.31875,16000000.0,16000000.0,https://www.sec.gov/Archives/edgar/data/225648/000094018097000300/0000940180-97-000300-index.html,https://www.sec.gov/Archives/edgar/data/225648/0000940180-97-000300.txt,1620590849,16:07:29,20210509
98,1996-09-30,CVA,USD,1996-11-14 00:00:00,1996-11-14 00:00:00,Q3,11500000.0,0.0,0.0,0.0,0.0,0.0,0.0,0.0,0.0,0.0,0.0,300000.0,11800000.0,1.0260869565217392,11500000.0,1.0,0.0,0.0,0.0,0.0,-1900000.0,-0.16521739130434782,-0.12,-0.12,15833333.0,15833333.0,https://www.sec.gov/Archives/edgar/data/225648/000022564896000007/0000225648-96-000007-index.html,https://www.sec.gov/Archives/edgar/data/225648/0000225648-96-000007.txt,1620590849,16:07:29,20210509
99,1996-06-30,CVA,USD,1996-08-14 00:00:00,1996-08-14 00:00:00,Q2,13400000.0,0.0,0.0,0.0,0.0,0.0,0.0,0.0,0.0,0.0,0.0,200000.0,13600000.0,1.0149253731343284,13400000.0,1.0,0.0,0.0,0.0,0.0,-1700000.0,-0.12686567164179105,-0.1,-0.1,17000000.0,17000000.0,https://www.sec.gov/Archives/edgar/data/225648/000094018096000368/0000940180-96-000368-index.html,https://www.sec.gov/Archives/edgar/data/225648/0000940180-96-000368.txt,1620590849,16:07:29,20210509
100,1996-03-31,CVA,USD,1996-05-14 00:00:00,1996-05-14 00:00:00,Q1,13200000.0,0.0,0.0,0.0,0.0,0.0,0.0,0.0,0.0,0.0,0.0,200000.0,13400000.0,1.0151515151515151,13200000.0,1.0,0.0,0.0,0.0,0.0,600000.0,0.045454545454545456,0.03,0.03,15360000.0,15360000.0,https://www.sec.gov/Archives/edgar/data/225648/000095013096001700/0000950130-96-001700-index.html,https://www.sec.gov/Archives/edgar/data/225648/0000950130-96-001700.txt,1620590849,16:07:29,20210509
101,1995-12-31,CVA,USD,1996-03-20 00:00:00,1996-03-20 00:00:00,Q4,17100000.0,0.0,0.0,0.0,0.0,0.0,0.0,0.0,0.0,0.0,0.0,300000.0,17400000.0,1.0175438596491229,17100000.0,1.0,0.0,0.0,0.0,0.0,0.0,0.0,0.0,0.0,15360000.0,15360000.0,https://www.sec.gov/Archives/edgar/data/225648/000095013096000898/0000950130-96-000898-index.html,https://www.sec.gov/Archives/edgar/data/225648/0000950130-96-000898.txt,1620590849,16:07:29,20210509
102,1995-09-30,CVA,USD,1995-09-30,1995-09-30,Q3,18600000.0,0.0,0.0,0.0,0.0,0.0,0.0,0.0,0.0,0.0,0.0,0.0,18600000.0,1.0,18600000.0,1.0,0.0,0.0,0.0,0.0,900000.0,0.04838709677419355,0.05,0.05,18000000.0,18000000.0,,,1620590849,16:07:29,20210509
103,1995-06-30,CVA,USD,1995-06-30,1995-06-30,Q4,21400000.0,0.0,0.0,0.0,0.0,0.0,0.0,0.0,0.0,0.0,0.0,0.0,21400000.0,1.0,21400000.0,1.0,0.0,0.0,0.0,0.0,800000.0,0.037383177570093455,0.05,0.05,16000000.0,16000000.0,,,1620590849,16:07:29,20210509
104,1995-03-31,CVA,USD,1995-03-31,1995-03-31,Q4,23000000.0,0.0,0.0,0.0,0.0,0.0,0.0,0.0,0.0,0.0,0.0,0.0,23000000.0,1.0,23000000.0,1.0,0.0,0.0,0.0,0.0,600000.0,0.02608695652173913,0.04,0.04,15000000.0,15000000.0,,,1620590849,16:07:29,20210509
105,1994-12-31,CVA,USD,1994-12-31,1994-12-31,Q4,26000000.0,0.0,0.0,0.0,0.0,0.0,0.0,0.0,0.0,0.0,0.0,0.0,26000000.0,1.0,26000000.0,1.0,0.0,0.0,0.0,0.0,1100000.0,0.04230769230769231,0.0,0.0,0.0,0.0,,,1620590849,16:07:29,20210509
106,1994-09-30,CVA,USD,1994-09-30,1994-09-30,Q3,29100000.0,0.0,0.0,0.0,0.0,0.0,0.0,0.0,0.0,0.0,0.0,0.0,29100000.0,1.0,29100000.0,1.0,0.0,0.0,0.0,0.0,1200000.0,0.041237113402061855,0.08,0.08,15000000.0,15000000.0,,,1620590849,16:07:29,20210509
107,1994-06-30,CVA,USD,1994-06-30,1994-06-30,Q4,27400000.0,0.0,0.0,0.0,0.0,0.0,0.0,0.0,0.0,0.0,0.0,0.0,27400000.0,1.0,27400000.0,1.0,0.0,0.0,0.0,0.0,700000.0,0.025547445255474453,0.04,0.04,17500000.0,17500000.0,,,1620590849,16:07:29,20210509
108,1994-03-31,CVA,USD,1994-03-31,1994-03-31,Q4,28300000.0,0.0,0.0,0.0,0.0,0.0,0.0,0.0,0.0,0.0,0.0,0.0,28300000.0,1.0,28300000.0,1.0,0.0,0.0,0.0,0.0,900000.0,0.03180212014134275,0.06,0.06,15000000.0,15000000.0,,,1620590849,16:07:29,20210509
109,1993-12-31,CVA,USD,1993-12-31,1993-12-31,Q4,29200000.0,0.0,0.0,0.0,0.0,0.0,0.0,0.0,0.0,0.0,0.0,0.0,29200000.0,1.0,29200000.0,1.0,0.0,0.0,0.0,0.0,1400000.0,0.04794520547945205,0.09800000196000004,0.09800000196000004,14285714.0,14285714.0,,,1620590849,16:07:29,20210509
110,1993-09-30,CVA,USD,1993-09-30,1993-09-30,Q3,26000000.0,0.0,0.0,0.0,0.0,0.0,0.0,0.0,0.0,0.0,0.0,0.0,26000000.0,1.0,26000000.0,1.0,0.0,0.0,0.0,0.0,1000000.0,0.038461538461538464,0.07,0.07,14285714.0,14285714.0,,,1620590849,16:07:29,20210509
111,1993-06-30,CVA,USD,1993-06-30,1993-06-30,Q4,25500000.0,0.0,0.0,0.0,0.0,0.0,0.0,0.0,0.0,0.0,0.0,0.0,25500000.0,1.0,25500000.0,1.0,0.0,0.0,0.0,0.0,300000.0,0.011764705882352941,0.02,0.02,15000000.0,15000000.0,,,1620590849,16:07:29,20210509
112,1993-03-31,CVA,USD,1993-03-31,1993-03-31,Q4,21700000.0,0.0,0.0,0.0,0.0,0.0,0.0,0.0,0.0,0.0,0.0,0.0,21700000.0,1.0,21700000.0,1.0,0.0,0.0,0.0,0.0,400000.0,0.018433179723502304,0.03,0.03,13333333.0,13333333.0,,,1620590849,16:07:29,20210509
113,1992-12-31,CVA,USD,1992-12-31,1992-12-31,Q4,27500000.0,0.0,0.0,0.0,0.0,0.0,0.0,0.0,0.0,0.0,0.0,0.0,27500000.0,1.0,27500000.0,1.0,0.0,0.0,0.0,0.0,7600000.0,0.27636363636363637,0.4559999908800002,0.4559999908800002,16666667.0,16666667.0,,,1620590849,16:07:29,20210509
114,1992-09-30,CVA,USD,1992-09-30,1992-09-30,Q3,22200000.0,0.0,0.0,0.0,0.0,0.0,0.0,0.0,0.0,0.0,0.0,0.0,22200000.0,1.0,22200000.0,1.0,0.0,0.0,0.0,0.0,-100000.0,-0.0045045045045045045,-0.006617,-0.006617,16666667.0,16666667.0,,,1620590849,16:07:29,20210509
115,1992-06-30,CVA,USD,1992-06-30,1992-06-30,Q4,20100000.0,0.0,0.0,0.0,0.0,0.0,0.0,0.0,0.0,0.0,0.0,0.0,20100000.0,1.0,20100000.0,1.0,0.0,0.0,0.0,0.0,0.0,0.0,0.0,0.0,16666667.0,16666667.0,,,1620590849,16:07:29,20210509
116,1992-03-31,CVA,USD,1992-03-31,1992-03-31,Q4,18700000.0,0.0,0.0,0.0,0.0,0.0,0.0,0.0,0.0,0.0,0.0,0.0,18700000.0,1.0,18700000.0,1.0,0.0,0.0,0.0,0.0,500000.0,0.026737967914438502,0.03,0.03,16666667.0,16666667.0,,,1620590849,16:07:29,20210509
117,1991-12-31,CVA,USD,1991-12-31,1991-12-31,Q4,18400000.0,0.0,0.0,0.0,0.0,0.0,0.0,0.0,0.0,0.0,0.0,0.0,18400000.0,1.0,18400000.0,1.0,0.0,0.0,0.0,0.0,-500000.0,-0.02717391304347826,-0.0428571416326531,-0.0428571416326531,11666667.0,11666667.0,,,1620590849,16:07:29,20210509
118,1991-09-30,CVA,USD,1991-09-30,1991-09-30,Q3,20700000.0,0.0,0.0,0.0,0.0,0.0,0.0,0.0,0.0,0.0,0.0,0.0,20700000.0,1.0,20700000.0,1.0,0.0,0.0,0.0,0.0,0.0,0.0,0.0,0.0,11666667.0,11666667.0,,,1620590849,16:07:29,20210509
119,1991-06-30,CVA,USD,1991-06-30,1991-06-30,Q4,17700000.0,0.0,0.0,0.0,0.0,0.0,0.0,0.0,0.0,0.0,0.0,0.0,17700000.0,1.0,17700000.0,1.0,0.0,0.0,0.0,0.0,600000.0,0.03389830508474576,0.04,0.04,15000000.0,15000000.0,,,1620590849,16:07:29,20210509
120,1991-03-31,CVA,USD,1991-03-31,1991-03-31,Q4,17100000.0,0.0,0.0,0.0,0.0,0.0,0.0,0.0,0.0,0.0,0.0,0.0,17100000.0,1.0,17100000.0,1.0,0.0,0.0,0.0,0.0,200000.0,0.011695906432748537,0.01,0.01,13361000.0,13361000.0,,,1620590849,16:07:29,20210509
121,1990-09-30,CVA,USD,1990-09-30,1990-09-30,Q3,16300000.0,0.0,0.0,0.0,0.0,0.0,0.0,0.0,0.0,0.0,0.0,0.0,16300000.0,1.0,16300000.0,1.0,0.0,0.0,0.0,0.0,-300000.0,-0.018404907975460124,-0.05,-0.05,6000000.0,6000000.0,,,1620590849,16:07:29,20210509
