,date,symbol,reportedCurrency,fillingDate,acceptedDate,period,revenue,costOfRevenue,grossProfit,grossProfitRatio,researchAndDevelopmentExpenses,generalAndAdministrativeExpenses,sellingAndMarketingExpenses,otherExpenses,operatingExpenses,costAndExpenses,interestExpense,depreciationAndAmortization,ebitda,ebitdaratio,operatingIncome,operatingIncomeRatio,totalOtherIncomeExpensesNet,incomeBeforeTax,incomeBeforeTaxRatio,incomeTaxExpense,netIncome,netIncomeRatio,eps,epsdiluted,weightedAverageShsOut,weightedAverageShsOutDil,link,finalLink,timestamp,est_time,est_date
0,2021-03-31,IART,USD,2021-04-29,2021-04-29,Q1,360071000.0,145823000.0,214248000.0,0.5950159829589164,22374000.0,0.0,0.0,4869000.0,183534000.0,329357000.0,12929000.0,29214000.0,59928000.0,0.16643384221445215,30714000.0,0.18684648305473087,47745000.0,67278000.0,0.18684648305473087,21884000.0,45394000.0,0.12606958072157992,0.54,0.53,84500000.0,85258000.0,https://www.sec.gov/Archives/edgar/data/917520/000091752021000027/0000917520-21-000027-index.htm,https://www.sec.gov/Archives/edgar/data/917520/000091752021000027/iart-20210331.htm,1620593367,16:49:27,20210509
1,2020-12-31,IART,USD,2021-02-23,2021-02-23 17:22:40,Q4,388647000.0,147069000.0,241578000.0,0.6215871986661418,22179000.0,162390000.0,0.0,1449000.0,188933000.0,336002000.0,17351000.0,26178000.0,78823000.0,0.20281386450943917,52645000.0,0.1354571114661891,1449000.0,38916000.0,0.1001319963874673,-53828000.0,92744000.0,0.23863300115529001,1.1004793772841617,1.1004793772841617,84276000.0,84276000.0,https://www.sec.gov/Archives/edgar/data/917520/000091752021000018/0000917520-21-000018-index.htm,https://www.sec.gov/Archives/edgar/data/917520/000091752021000018/iart-20201231.htm,1620593367,16:49:27,20210509
2,2020-09-30,IART,USD,2020-10-29,2020-10-29 16:27:00,Q3,370232000.0,134811000.0,235421000.0,0.6358742626245165,19460000.0,150076000.0,0.0,2492000.0,177879000.0,312690000.0,20796000.0,31027000.0,88569000.0,0.23922567471207243,57542000.0,0.15542146545949567,2492000.0,41511000.0,0.11212158862551048,9174000.0,32337000.0,0.08734253116964498,0.383704,0.38,84276000.0,84752000.0,https://www.sec.gov/Archives/edgar/data/917520/000091752020000047/0000917520-20-000047-index.htm,https://www.sec.gov/Archives/edgar/data/917520/000091752020000047/iart-2020093010q.htm,1620593367,16:49:27,20210509
3,2020-06-30,IART,USD,2020-08-10,2020-08-10 16:09:31,Q2,258665000.0,105478000.0,153187000.0,0.5922215993659753,14926000.0,116108000.0,0.0,972000.0,139107000.0,244585000.0,15682000.0,29675000.0,43755000.0,0.1691570177642897,14080000.0,0.054433340421007864,972000.0,1651000.0,0.006382773084878124,2020000.0,-369000.0,-0.0014265555834766977,-0.004356,-0.004356,84706000.0,84706000.0,https://www.sec.gov/Archives/edgar/data/917520/000091752020000037/0000917520-20-000037-index.htm,https://www.sec.gov/Archives/edgar/data/917520/000091752020000037/iart-2020063010q.htm,1620593367,16:49:27,20210509
4,2020-03-31,IART,USD,2020-05-07,2020-05-07 16:35:10,Q1,354324000.0,133476000.0,220848000.0,0.6232939343651573,20816000.0,165952000.0,0.0,-479000.0,193745000.0,327221000.0,17752000.0,29151000.0,56254000.0,0.15876429482620427,27103000.0,0.07649213714001873,-479000.0,11442000.0,0.032292478070918146,2262000.0,9180000.0,0.025908490534087444,0.10776165657134808,0.10687840543938901,85188000.0,85892000.0,https://www.sec.gov/Archives/edgar/data/917520/000091752020000020/0000917520-20-000020-index.htm,https://www.sec.gov/Archives/edgar/data/917520/000091752020000010/iart-20191231x10k.htm,1620593367,16:49:27,20210509
5,2019-12-31,IART,USD,2020-02-21,2020-02-20 17:47:03,Q4,395127000.0,149462000.0,245665000.0,0.6217368086716423,26293000.0,174254000.0,0.0,1061000.0,206235000.0,355697000.0,13462000.0,27878000.0,67308000.0,0.17034523077390307,39430000.0,0.09979070020525047,-2289000.0,26407000.0,0.06683167690388153,11088000.0,15319000.0,0.038769813249917115,0.17839757773378362,0.17654108997038248,85870000.0,86773000.0,https://www.sec.gov/Archives/edgar/data/917520/000091752020000010/0000917520-20-000010-index.htm,https://www.sec.gov/Archives/edgar/data/917520/000091752020000010/iart-20191231x10k.htm,1620593367,16:49:27,20210509
6,2019-09-30,IART,USD,2019-10-25,2019-10-25 06:18:15,Q3,379095000.0,142636000.0,236459000.0,0.6237460267215342,19003000.0,173098000.0,0.0,4127000.0,197157000.0,339793000.0,13962000.0,27599000.0,66901000.0,0.176475553621124,39302000.0,0.10367322175180364,-55762000.0,-27509000.0,-0.07256492435932946,101000.0,-27610000.0,-0.07283134834276368,-0.32172,-0.32172,85820000.0,85820000.0,https://www.sec.gov/Archives/edgar/data/917520/000091752019000038/0000917520-19-000038-index.htm,https://www.sec.gov/Archives/edgar/data/917520/000091752019000038/iart-2019093010xq.htm,1620593367,16:49:27,20210509
7,2019-06-30,IART,USD,2019-07-25,2019-07-25 16:19:33,Q2,383645000.0,143671000.0,239974000.0,0.6255105631508295,17633000.0,165378000.0,0.0,1098000.0,194015000.0,337686000.0,13384000.0,26892000.0,72851000.0,0.18989169675090253,45959000.0,0.11979564441084857,1098000.0,36383000.0,0.09483506887878117,6647000.0,29736000.0,0.07750915559957773,0.347863,0.34,85482000.0,86257000.0,https://www.sec.gov/Archives/edgar/data/917520/000091752019000032/0000917520-19-000032-index.htm,https://www.sec.gov/Archives/edgar/data/917520/000091752019000032/iart-2019063010xq.htm,1620593367,16:49:27,20210509
8,2019-03-31,IART,USD,2019-04-29,2019-04-29 16:22:59,Q1,359690000.0,128912000.0,230778000.0,0.6416024910339458,18321000.0,174870000.0,0.0,3236000.0,198470000.0,327382000.0,13149000.0,27093000.0,59401000.0,0.16514498596013233,32308000.0,0.08982179098668298,3236000.0,24823000.0,0.06901220495426617,-7933000.0,32756000.0,0.0910673079596319,0.383403,0.38,85435000.0,86258000.0,https://www.sec.gov/Archives/edgar/data/917520/000091752019000021/0000917520-19-000021-index.htm,https://www.sec.gov/Archives/edgar/data/917520/000091752019000013/iart-20181231x10k.htm,1620593367,16:49:27,20210509
9,2018-12-31,IART,USD,2019-02-26,2019-02-26 16:32:40,Q4,383315000.0,146464000.0,236851000.0,0.617901725734709,20299000.0,177228000.0,0.0,1866000.0,202743000.0,349207000.0,13933000.0,27677000.0,61785000.0,0.1611859697637713,34108000.0,0.08898164694833231,1866000.0,24516000.0,0.06395784146198297,-622000.0,25138000.0,0.06558052776437134,0.29,0.29,86682759.0,86682759.0,https://www.sec.gov/Archives/edgar/data/917520/000091752019000013/0000917520-19-000013-index.htm,https://www.sec.gov/Archives/edgar/data/917520/000091752019000013/iart-20181231x10k.htm,1620593367,16:49:27,20210509
10,2018-09-30,IART,USD,2018-11-01,2018-11-01 07:22:23,Q3,365854000.0,143245000.0,222609000.0,0.6084640321002367,20309000.0,173355000.0,0.0,1750000.0,198932000.0,342177000.0,14478000.0,29051000.0,52728000.0,0.14412306548513887,23677000.0,0.06471707293073194,1750000.0,11024000.0,0.030132238543244025,-2271000.0,13295000.0,0.0363396327496761,0.156167,0.15,85133000.0,86299000.0,https://www.sec.gov/Archives/edgar/data/917520/000091752018000036/0000917520-18-000036-index.htm,https://www.sec.gov/Archives/edgar/data/917520/000091752018000036/iart-2018093010xq.htm,1620593367,16:49:27,20210509
11,2018-06-30,IART,USD,2018-07-26,2018-07-26 16:38:57,Q2,366190000.0,137565000.0,228625000.0,0.6243343619432535,19108000.0,176597000.0,0.0,2427000.0,200991000.0,338556000.0,17504000.0,26906000.0,54540000.0,0.14893907534340098,27634000.0,0.07546355716977525,2427000.0,12731000.0,0.03476610502744477,1355000.0,11376000.0,0.031065840137633468,0.13801972750324545,0.13621831331648965,82423000.0,83513000.0,https://www.sec.gov/Archives/edgar/data/917520/000091752018000027/0000917520-18-000027-index.htm,https://www.sec.gov/Archives/edgar/data/917520/000091752018000027/iart-2018063010xq.htm,1620593367,16:49:27,20210509
12,2018-03-31,IART,USD,2018-04-26,2018-04-26 08:24:07,Q1,357082000.0,144222000.0,212860000.0,0.596109577071933,18325000.0,163566000.0,0.0,2245000.0,187281000.0,331503000.0,18768000.0,27096000.0,52675000.0,0.14751513657927312,25579000.0,0.07163340633243905,2245000.0,9132000.0,0.02557395780240953,-1860000.0,10992000.0,0.030782845396855624,0.13945522132426638,0.13768569782298268,78821000.0,79834000.0,https://www.sec.gov/Archives/edgar/data/917520/000091752018000019/0000917520-18-000019-index.htm,https://www.sec.gov/Archives/edgar/data/917520/000091752018000012/iart-20171231x10k.htm,1620593367,16:49:27,20210509
13,2017-12-31,IART,USD,2018-03-01,2018-03-01 07:48:52,Q4,368602000.0,148171000.0,220431000.0,0.5980190015246797,17180000.0,190639000.0,0.0,5036000.0,213213000.0,361384000.0,16946000.0,26664000.0,33882000.0,0.09192028258121225,7218000.0,0.01958209667880261,5036000.0,-4597000.0,-0.012471446166868329,-48952000.0,44355000.0,0.12033304214301604,0.565796,0.56,78394000.0,79684000.0,https://www.sec.gov/Archives/edgar/data/917520/000091752018000012/0000917520-18-000012-index.htm,https://www.sec.gov/Archives/edgar/data/917520/000091752018000012/iart-20171231x10k.htm,1620593367,16:49:27,20210509
14,2017-09-30,IART,USD,2017-10-26,2017-10-26 16:14:29,Q3,278834000.0,101757000.0,177077000.0,0.63506243858353,15034000.0,145945000.0,0.0,-735000.0,166435000.0,268192000.0,6761000.0,20969000.0,31611000.0,0.1133685275109922,10642000.0,0.03816607730764541,-735000.0,3235000.0,0.0116018849925045,76000.0,3159000.0,0.011329321388352926,0.040403652827872,0.03975835378516141,78186000.0,79455000.0,https://www.sec.gov/Archives/edgar/data/917520/000091752017000049/0000917520-17-000049-index.htm,https://www.sec.gov/Archives/edgar/data/917520/000091752017000049/iart-2017093010xq.htm,1620593367,16:49:27,20210509
15,2017-06-30,IART,USD,2017-07-26,2017-07-26 16:38:03,Q2,282164000.0,98998000.0,183166000.0,0.6491473044045307,15747000.0,145015000.0,0.0,-2866000.0,166181000.0,265179000.0,6181000.0,21595000.0,38580000.0,0.13672899448547654,16985000.0,0.06019548914815497,-2866000.0,8002000.0,0.028359393827703038,-2833000.0,10835000.0,0.03839965410186984,0.14216734677810872,0.13721616453275584,76213000.0,78963000.0,https://www.sec.gov/Archives/edgar/data/917520/000091752017000031/0000917520-17-000031-index.htm,https://www.sec.gov/Archives/edgar/data/917520/000091752017000031/iart-2017063010xq.htm,1620593367,16:49:27,20210509
16,2017-03-31,IART,USD,2017-04-26,2017-04-26 16:19:28,Q1,258636000.0,86585000.0,172051000.0,0.6652244853771323,15494000.0,142497000.0,0.0,-90000.0,162092000.0,248677000.0,5131000.0,19717000.0,29676000.0,0.11474040736788382,9959000.0,0.038505853786789154,-90000.0,4745000.0,0.018346247235496993,-1649000.0,6394000.0,0.02472200312408172,0.09,0.08,74765000.0,78394000.0,https://www.sec.gov/Archives/edgar/data/917520/000091752017000023/0000917520-17-000023-index.htm,https://www.sec.gov/Archives/edgar/data/917520/000091752017000010/iart-20161231x10k.htm,1620593367,16:49:27,20210509
17,2016-12-31,IART,USD,2017-02-23,2017-02-23 16:35:33,Q4,255664000.0,85422000.0,170242000.0,0.6658817823393204,13901000.0,112119000.0,0.0,1243000.0,129472000.0,214894000.0,6548000.0,18312000.0,59082000.0,0.23109237123724888,40770000.0,0.1594671130859253,1243000.0,35475000.0,0.1387563364415796,7227000.0,28248000.0,0.11048876650603917,0.378025,0.35,74720000.0,80286000.0,https://www.sec.gov/Archives/edgar/data/917520/000091752017000010/0000917520-17-000010-index.htm,https://www.sec.gov/Archives/edgar/data/917520/000091752017000010/iart-20161231x10k.htm,1620593367,16:49:27,20210509
18,2016-09-30,IART,USD,2016-10-28,2016-10-27 18:03:07,Q3,250332000.0,89329000.0,161003000.0,0.6431578863269578,15124000.0,112317000.0,0.0,1192000.0,130908000.0,220237000.0,6295000.0,18086000.0,48181000.0,0.1924684019621942,30095000.0,0.1202203473786811,1192000.0,24994000.0,0.09984340795423677,4850000.0,20144000.0,0.08046913698608248,0.27,0.25,74534000.0,81032000.0,https://www.sec.gov/Archives/edgar/data/917520/000091752016000100/0000917520-16-000100-index.htm,https://www.sec.gov/Archives/edgar/data/917520/000091752016000100/iart-2016093010xq.htm,1620593367,16:49:27,20210509
19,2016-06-30,IART,USD,2016-07-28,2016-07-28 17:05:31,Q2,249309000.0,89565000.0,159744000.0,0.6407470247764822,14679000.0,119217000.0,0.0,-852000.0,137367000.0,226932000.0,6588000.0,18014000.0,40391000.0,0.16201180061690512,22377000.0,0.08975608582120982,-852000.0,14943000.0,0.05993766771356028,2188000.0,12755000.0,0.051161410137620385,0.17,0.16,74392000.0,78710000.0,https://www.sec.gov/Archives/edgar/data/917520/000091752016000092/0000917520-16-000092-index.htm,https://www.sec.gov/Archives/edgar/data/917520/000091752016000092/iart-2016063010xq.htm,1620593367,16:49:27,20210509
20,2016-03-31,IART,USD,2016-04-27,2016-04-27 16:19:47,Q1,236770000.0,84773000.0,151997000.0,0.6419605524348524,14451000.0,111956000.0,0.0,-738000.0,129878000.0,214651000.0,6373000.0,18253000.0,40372000.0,0.1705114668243443,22119000.0,0.09341977446467035,-738000.0,15014000.0,0.06341174979938337,3366000.0,11648000.0,0.04919542171727837,0.16,0.155,73934000.0,76282000.0,https://www.sec.gov/Archives/edgar/data/917520/000091752016000084/0000917520-16-000084-index.htm,https://www.sec.gov/Archives/edgar/data/917520/000091752016000073/iart-20151231x10k.htm,1620593367,16:49:27,20210509
21,2015-12-31,IART,USD,2016-02-26,2016-02-26 17:50:36,Q4,241160000.0,90001000.0,151159000.0,0.6267996350970311,13866000.0,109750000.0,0.0,1604000.0,127151000.0,217152000.0,6113000.0,18267000.0,42275000.0,0.17529855697462265,24008000.0,0.09955216453806602,1604000.0,19511000.0,0.08090479349809256,4531000.0,14980000.0,0.062116437220102835,0.20275,0.195,73884000.0,76370000.0,https://www.sec.gov/Archives/edgar/data/917520/000091752016000073/0000917520-16-000073-index.htm,https://www.sec.gov/Archives/edgar/data/917520/000091752016000073/iart-20151231x10k.htm,1620593367,16:49:27,20210509
22,2015-09-30,IART,USD,2015-11-04,2015-11-04 17:15:02,Q3,226367000.0,86069000.0,140298000.0,0.619781151846338,13938000.0,113424000.0,0.0,1827000.0,130304000.0,216373000.0,6464000.0,9437000.0,19431000.0,0.085838483524542,9994000.0,0.04414954476580067,1827000.0,5362000.0,0.02368719822235573,37243000.0,-31881000.0,-0.14083766626760968,-0.431618,-0.45,73864000.0,73864000.0,https://www.sec.gov/Archives/edgar/data/917520/000091752015000054/0000917520-15-000054-index.htm,https://www.sec.gov/Archives/edgar/data/917520/000091752015000054/iart-20150930x10q.htm,1620593367,16:49:27,20210509
23,2015-06-30,IART,USD,2015-07-31,2015-07-31 16:25:35,Q2,244078000.0,86539000.0,157539000.0,0.6454453084669655,13891000.0,126590000.0,0.0,-919000.0,143585000.0,230124000.0,5471000.0,15745000.0,29699000.0,0.1216783159481805,13954000.0,0.05717024885487426,-919000.0,7572000.0,0.031022869738362328,2574000.0,4998000.0,0.020477060611771646,0.075478,0.075,66218000.0,67878000.0,https://www.sec.gov/Archives/edgar/data/917520/000091752015000033/0000917520-15-000033-index.htm,https://www.sec.gov/Archives/edgar/data/917520/000091752015000033/iart-20150630x10q.htm,1620593367,16:49:27,20210509
24,2015-03-31,IART,USD,2015-05-01,2015-04-30 18:37:28,Q1,233665000.0,86722000.0,146943000.0,0.6288618321100721,12556000.0,114064000.0,0.0,1316000.0,130155000.0,216877000.0,5492000.0,15414000.0,32202000.0,0.13781268054693685,16788000.0,0.07184644683628272,1316000.0,12617000.0,0.053996105535702825,4233000.0,8384000.0,0.03588042710718336,0.13,0.125,65472000.0,66684000.0,https://www.sec.gov/Archives/edgar/data/917520/000091752015000022/0000917520-15-000022-index.htm,https://www.sec.gov/Archives/edgar/data/917520/000091752015000012/iart-20141231x10k.htm,1620593367,16:49:27,20210509
25,2014-12-31,IART,USD,2015-02-27,2015-02-27 11:22:09,Q4,252176000.0,97468000.0,154708000.0,0.613492164202779,12157000.0,112480000.0,0.0,-905000.0,128024000.0,225492000.0,5527000.0,16023000.0,42707000.0,0.1693539432777108,26684000.0,0.10581498635873358,-905000.0,20275000.0,0.0804001966880274,3109000.0,17166000.0,0.06807150561512594,0.262148,0.26,65482000.0,66314000.0,https://www.sec.gov/Archives/edgar/data/917520/000091752015000012/0000917520-15-000012-index.htm,https://www.sec.gov/Archives/edgar/data/917520/000091752015000012/iart-20141231x10k.htm,1620593367,16:49:27,20210509
26,2014-09-30,IART,USD,2014-11-07,2014-11-07 11:46:06,Q3,229719000.0,85974000.0,143745000.0,0.625742755279276,13127000.0,109896000.0,0.0,-293000.0,126018000.0,211992000.0,5916000.0,15941000.0,33668000.0,0.1465616688214732,17727000.0,0.07716819244381179,-293000.0,11543000.0,0.05024834689337843,1736000.0,9807000.0,0.042691288051924306,0.150645,0.15,65100000.0,65812000.0,https://www.sec.gov/Archives/edgar/data/917520/000091752014000045/0000917520-14-000045-index.htm,https://www.sec.gov/Archives/edgar/data/917520/000091752014000045/iart-20140930x10q.htm,1620593367,16:49:27,20210509
27,2014-06-30,IART,USD,2014-08-05,2014-08-04 19:56:50,Q2,231351000.0,86976000.0,144375000.0,0.6240517654991766,13745000.0,115253000.0,0.0,118000.0,131983000.0,218959000.0,5382000.0,15203000.0,27595000.0,0.11927763441696816,12392000.0,0.05356363274850768,118000.0,7186000.0,0.03106102848053391,2361000.0,4825000.0,0.020855755972526594,0.07406895704768045,0.07354286062675283,65142000.0,65608000.0,https://www.sec.gov/Archives/edgar/data/917520/000091752014000028/0000917520-14-000028-index.htm,https://www.sec.gov/Archives/edgar/data/917520/000091752014000028/iart-20140630x10q.htm,1620593367,16:49:27,20210509
28,2014-03-31,IART,USD,2014-05-01,2014-04-30 19:18:20,Q1,215059000.0,82383000.0,132676000.0,0.6169283777940007,12567000.0,108338000.0,0.0,317000.0,123938000.0,206321000.0,5142000.0,13961000.0,22699000.0,0.10554777991155916,8738000.0,0.04063071064219586,317000.0,3975000.0,0.018483299931646664,1769000.0,2206000.0,0.010257650226216991,0.03417505809450039,0.033660888671875,64550000.0,65536000.0,https://www.sec.gov/Archives/edgar/data/917520/000091752014000015/0000917520-14-000015-index.htm,https://www.sec.gov/Archives/edgar/data/917520/000091752014000007/iart-20131231x10k.htm,1620593367,16:49:27,20210509
29,2013-12-31,IART,USD,2014-02-27,2014-02-26 21:55:52,Q4,220769000.0,86648000.0,134121000.0,0.6075173597742437,14511000.0,98537000.0,0.0,-257000.0,116085000.0,202733000.0,4707000.0,11315000.0,29351000.0,0.13294891945880083,18036000.0,0.08169625264416652,-257000.0,13125000.0,0.05945128165639198,942000.0,12183000.0,0.05518437824151036,0.1887374128582494,0.1887374128582494,64550000.0,64550000.0,https://www.sec.gov/Archives/edgar/data/917520/000091752014000007/0000917520-14-000007-index.htm,https://www.sec.gov/Archives/edgar/data/917520/000091752014000007/iart-20131231x10k.htm,1620593367,16:49:27,20210509
30,2013-09-30,IART,USD,2013-10-30,2013-10-30 17:30:59,Q3,213246000.0,84101000.0,129145000.0,0.6056151111861419,13052000.0,95933000.0,0.0,-263000.0,112021000.0,196122000.0,5316000.0,11670000.0,28794000.0,0.13502715174024366,17124000.0,0.08030162347711094,-47001000.0,-35155000.0,-0.1648565506504225,-6605000.0,-28550000.0,-0.13388293332583026,-0.51,-0.51,55792000.0,55792000.0,https://www.sec.gov/Archives/edgar/data/917520/000091752013000080/0000917520-13-000080-index.htm,https://www.sec.gov/Archives/edgar/data/917520/000091752013000080/iart-20130930x10q.htm,1620593367,16:49:27,20210509
31,2013-06-30,IART,USD,2013-08-01,2013-07-31 17:55:38,Q2,205547000.0,83068000.0,122479000.0,0.5958685848005566,11809000.0,99619000.0,0.0,-307000.0,114501000.0,197569000.0,4965000.0,12636000.0,20614000.0,0.10028849849426165,7978000.0,0.03881350737300958,-307000.0,2995000.0,0.014570876733788379,-445000.0,3440000.0,0.016735831707589993,0.06170846338750762,0.06117078028309268,55746000.0,56236000.0,https://www.sec.gov/Archives/edgar/data/917520/000091752013000065/0000917520-13-000065-index.htm,https://www.sec.gov/Archives/edgar/data/917520/000091752013000065/iart-20130630x10q.htm,1620593367,16:49:27,20210509
32,2013-03-31,IART,USD,2013-05-02,2013-05-02 17:20:00,Q1,196652000.0,80268000.0,116384000.0,0.5918271871122592,12716000.0,100161000.0,0.0,-974000.0,116428000.0,196696000.0,4800000.0,11389000.0,11345000.0,0.05769074303846389,-44000.0,-0.00022374549966438175,-974000.0,-5755000.0,-0.02926489433110266,-1705000.0,-4050000.0,-0.020594756219107866,-0.072177,-0.075,56112000.0,56112000.0,https://www.sec.gov/Archives/edgar/data/917520/000091752013000041/0000917520-13-000041-index.htm,https://www.sec.gov/Archives/edgar/data/917520/000091752013000023/iart-20121231x10k.htm,1620593367,16:49:27,20210509
33,2012-12-31,IART,USD,2013-02-26,2013-02-26 16:35:28,Q4,214432000.0,81930000.0,132502000.0,0.6179208327115356,12864000.0,96529000.0,0.0,-603000.0,113944000.0,195874000.0,1656000.0,13489000.0,32047000.0,0.14945064169526937,18558000.0,0.0865449186688554,-603000.0,16611000.0,0.07746511714669452,3825000.0,12786000.0,0.059627294433666614,0.228738058606748,0.22780074116305588,55898000.0,56128000.0,https://www.sec.gov/Archives/edgar/data/917520/000091752013000023/0000917520-13-000023-index.htm,https://www.sec.gov/Archives/edgar/data/917520/000091752013000023/iart-20121231x10k.htm,1620593367,16:49:27,20210509
34,2012-09-30,IART,USD,2012-10-24,2012-10-24 16:45:40,Q3,210084000.0,79548000.0,130536000.0,0.6213514594162335,13105000.0,93077000.0,0.0,0.0,110800000.0,190348000.0,5549000.0,13314000.0,33050000.0,0.15731802517088403,19736000.0,0.09394337503094001,-31000.0,14256000.0,0.06785857085737133,1045000.0,13211000.0,0.0628843700614992,0.23221191028615623,0.22954095284428536,56892000.0,57554000.0,https://www.sec.gov/Archives/edgar/data/917520/000091752012000008/0000917520-12-000008-index.htm,https://www.sec.gov/Archives/edgar/data/917520/000091752012000008/iart-2012930x10q.htm,1620593367,16:49:27,20210509
35,2012-06-30,IART,USD,2012-07-31,2012-07-31 17:06:58,Q2,210170000.0,78274000.0,131896000.0,0.6275681591092924,13131000.0,96097000.0,0.0,0.0,113875000.0,192149000.0,7103000.0,13232000.0,31253000.0,0.1487034305562164,18021000.0,0.08574487319788743,236000.0,11569000.0,0.055045915211495454,3055000.0,8514000.0,0.04051006328210496,0.1497941517998522,0.14879932888251948,56838000.0,57218000.0,https://www.sec.gov/Archives/edgar/data/917520/000119312512326115/0001193125-12-326115-index.htm,https://www.sec.gov/Archives/edgar/data/917520/000119312512326115/d364710d10q.htm,1620593367,16:49:27,20210509
36,2012-03-31,IART,USD,2012-04-26,2012-04-26 06:08:36,Q1,196185000.0,74675000.0,121510000.0,0.6193643754619365,11912000.0,87411000.0,0.0,0.0,104043000.0,178718000.0,7929000.0,12576000.0,30043000.0,0.15313607054565845,17467000.0,0.08903331039579988,-323000.0,9593000.0,0.048897724086958735,2900000.0,6693000.0,0.03411575808548054,0.124655,0.115,53692000.0,56976000.0,https://www.sec.gov/Archives/edgar/data/917520/000119312512183626/0001193125-12-183626-index.htm,https://www.sec.gov/Archives/edgar/data/917520/000119312512081503/d261286d10k.htm,1620593367,16:49:27,20210509
37,2011-12-31,IART,USD,2012-02-27,2012-02-27 16:03:47,Q4,203523000.0,82740000.0,120783000.0,0.5934611812915493,13402000.0,94808000.0,0.0,0.0,113034000.0,195774000.0,7862000.0,12869000.0,20618000.0,0.10130550355488077,7749000.0,0.038074320838431035,378000.0,376000.0,0.0018474570441669982,-4184000.0,4560000.0,0.022405330110110405,0.08492885346047828,0.08492885346047828,53692000.0,53692000.0,https://www.sec.gov/Archives/edgar/data/917520/000119312512081503/0001193125-12-081503-index.htm,https://www.sec.gov/Archives/edgar/data/917520/000119312512081503/d261286d10k.htm,1620593367,16:49:27,20210509
38,2011-09-30,IART,USD,2011-10-31,2011-10-31 06:38:06,Q3,202185000.0,78651000.0,123534000.0,0.6109948809258847,13187000.0,87508000.0,0.0,0.0,105243000.0,183894000.0,7587000.0,12852000.0,31143000.0,0.15403219823429037,18291000.0,0.09046665182877069,429000.0,11287000.0,0.05582511066597423,44000.0,11243000.0,0.05560748819150778,0.1966728474967638,0.1936511764097971,57166000.0,58058000.0,https://www.sec.gov/Archives/edgar/data/917520/000119312511287126/0001193125-11-287126-index.htm,https://www.sec.gov/Archives/edgar/data/917520/000119312511287126/d232352d10q.htm,1620593367,16:49:27,20210509
39,2011-06-30,IART,USD,2011-08-01,2011-07-29 21:42:30,Q2,193329000.0,72838000.0,120491000.0,0.6232432795907494,12709000.0,95732000.0,0.0,0.0,112491000.0,185329000.0,6722000.0,14493000.0,22493000.0,0.11634571119697511,8000000.0,0.041380237832916944,593000.0,1998000.0,0.010334714398771008,1299000.0,699000.0,0.003615598280651118,0.011825010150223305,0.011581284379349195,59112000.0,60356000.0,https://www.sec.gov/Archives/edgar/data/917520/000119312511203310/0001193125-11-203310-index.htm,https://www.sec.gov/Archives/edgar/data/917520/000119312511203310/d10q.htm,1620593367,16:49:27,20210509
40,2011-03-31,IART,USD,2011-04-28,2011-04-28 06:11:26,Q1,181041000.0,64921000.0,116120000.0,0.6414016714445899,12153000.0,80084000.0,0.0,0.0,95248000.0,160169000.0,5469000.0,9958000.0,30830000.0,0.17029291707403296,20872000.0,0.11528880198408095,-643000.0,14833000.0,0.08193171712485017,3346000.0,11487000.0,0.06344971581023083,0.195,0.19,59124000.0,60370000.0,https://www.sec.gov/Archives/edgar/data/917520/000095012311040455/0000950123-11-040455-index.htm,https://www.sec.gov/Archives/edgar/data/917520/000095012311017602/w80860e10vk.htm,1620593367,16:49:27,20210509
41,2010-12-31,IART,USD,2011-02-24,2011-02-24 10:36:34,Q4,194134000.0,71306000.0,122828000.0,0.6326970031009509,13331000.0,82590000.0,0.0,0.0,98665000.0,169971000.0,5125000.0,10504000.0,34667000.0,0.17857253237454543,24163000.0,0.12446557532426056,349000.0,19440000.0,0.10013701876023777,633000.0,18807000.0,0.09687638435307572,0.3180941749543333,0.3180941749543333,59124000.0,59124000.0,https://www.sec.gov/Archives/edgar/data/917520/000095012311017602/0000950123-11-017602-index.htm,https://www.sec.gov/Archives/edgar/data/917520/000095012311017602/w80860e10vk.htm,1620593367,16:49:27,20210509
42,2010-09-30,IART,USD,2010-10-28,2010-10-28 11:44:34,Q3,186641000.0,69194000.0,117447000.0,0.6292668813390413,11721000.0,75738000.0,0.0,0.0,90138000.0,159332000.0,4390000.0,9714000.0,37023000.0,0.19836477515658402,27309000.0,0.14631833305650954,-707000.0,22271000.0,0.11932533580510177,5788000.0,16483000.0,0.08831392887950665,0.28,0.275,59144000.0,60144000.0,https://www.sec.gov/Archives/edgar/data/917520/000095012310097225/0000950123-10-097225-index.htm,https://www.sec.gov/Archives/edgar/data/917520/000095012310097225/c06326e10vq.htm,1620593367,16:49:27,20210509
43,2010-06-30,IART,USD,2010-07-29,2010-07-29 12:26:48,Q2,178595000.0,64464000.0,114131000.0,0.6390492454995941,11761000.0,74216000.0,0.0,0.0,89552000.0,154016000.0,4300000.0,9523000.0,34102000.0,0.19094599512864302,24579000.0,0.13762423360116466,763000.0,21094000.0,0.11811080937316275,5937000.0,15157000.0,0.08486799742433998,0.255,0.25,59710000.0,60798000.0,https://www.sec.gov/Archives/edgar/data/917520/000095012310069611/0000950123-10-069611-index.htm,https://www.sec.gov/Archives/edgar/data/917520/000095012310069611/c02800e10vq.htm,1620593367,16:49:27,20210509
44,2010-03-31,IART,USD,2010-05-03,2010-05-03 06:36:09,Q1,172698000.0,63224000.0,109474000.0,0.6339042721977093,11301000.0,72511000.0,0.0,0.0,86831000.0,150055000.0,4541000.0,9431000.0,32074000.0,0.18572305411759257,22643000.0,0.13111327288098298,1146000.0,19309000.0,0.11180789586445702,4087000.0,15222000.0,0.08814230622242296,0.255,0.25,58976000.0,59964000.0,https://www.sec.gov/Archives/edgar/data/917520/000095012310042366/0000950123-10-042366-index.htm,https://www.sec.gov/Archives/edgar/data/917520/000095012310018591/y82871e10vk.htm,1620593367,16:49:27,20210509
45,2009-12-31,IART,USD,2010-03-01,2010-03-01 06:03:04,Q4,183526000.0,63944000.0,119582000.0,0.6515807024617766,11810000.0,76484000.0,0.0,0.0,91735000.0,155679000.0,4876000.0,12572000.0,40419000.0,0.22023582489674487,27847000.0,0.1517332694005209,-347000.0,22677000.0,0.1235628739252204,6946000.0,15731000.0,0.08571537547813389,0.26673562126966904,0.26673562126966904,58976000.0,58976000.0,https://www.sec.gov/Archives/edgar/data/917520/000095012310018591/0000950123-10-018591-index.htm,https://www.sec.gov/Archives/edgar/data/917520/000095012310018591/y82871e10vk.htm,1620593367,16:49:27,20210509
46,2009-09-30,IART,USD,2009-11-04,2009-11-04 06:10:21,Q3,172286000.0,63021000.0,109265000.0,0.6342070742834589,11525000.0,69915000.0,0.0,0.0,85445000.0,148466000.0,5493000.0,9973000.0,33793000.0,0.1961447825127985,23820000.0,0.13825847718328826,-380000.0,18144000.0,0.10531325818696818,3712000.0,14432000.0,0.08376768861079832,0.24840786257702502,0.2454421768707483,58098000.0,58800000.0,https://www.sec.gov/Archives/edgar/data/917520/000095012309057193/0000950123-09-057193-index.htm,https://www.sec.gov/Archives/edgar/data/917520/000095012309057193/c91828e10vq.htm,1620593367,16:49:27,20210509
47,2009-06-30,IART,USD,2009-08-06,2009-08-06 10:03:15,Q2,165725000.0,59805000.0,105920000.0,0.6391310906622417,10302000.0,68252000.0,0.0,0.0,82015000.0,141820000.0,6174000.0,8467000.0,32372000.0,0.19533564640217227,23905000.0,0.14424498416050685,-481000.0,17384000.0,0.10489666616382562,6159000.0,11225000.0,0.06773268969678685,0.1935077920286857,0.192195740017807,58008000.0,58404000.0,https://www.sec.gov/Archives/edgar/data/917520/000095012309030785/0000950123-09-030785-index.htm,https://www.sec.gov/Archives/edgar/data/917520/000095012309030785/c88744e10vq.htm,1620593367,16:49:27,20210509
48,2009-03-31,IART,USD,2009-05-06,2009-05-06 06:23:24,Q1,160950000.0,58148000.0,102802000.0,0.6387200994097546,10643000.0,66451000.0,0.0,0.0,80550000.0,138698000.0,6684000.0,8676000.0,30928000.0,0.19215905560733146,22252000.0,0.13825411618515066,-868000.0,14947000.0,0.09286735010872942,5380000.0,9567000.0,0.0594408201304753,0.165,0.16,57886000.0,58504000.0,https://www.sec.gov/Archives/edgar/data/917520/000136231009006565/0001362310-09-006565-index.htm,https://www.sec.gov/Archives/edgar/data/917520/000136231009003062/c81796e10vk.htm,1620593367,16:49:27,20210509
49,2008-12-31,IART,USD,2009-03-03,2009-03-03 06:01:22,Q4,174370000.0,68138000.0,106232000.0,0.609233239662786,10186000.0,67373000.0,0.0,0.0,81264000.0,149402000.0,0.0,11204000.0,36172000.0,0.20744394104490452,24968000.0,0.14318976888226187,-1552000.0,19111000.0,0.10960027527671044,-5734000.0,24845000.0,0.14248437231175087,0.4292056801299105,0.4292056801299105,57886000.0,57886000.0,https://www.sec.gov/Archives/edgar/data/917520/000136231009003062/0001362310-09-003062-index.htm,https://www.sec.gov/Archives/edgar/data/917520/000136231009003062/c81796e10vk.htm,1620593367,16:49:27,20210509
50,2008-09-30,IART,USD,2008-11-07,2008-11-07 16:39:23,Q3,167028000.0,64317000.0,102711000.0,0.6149328256340254,34718000.0,87660000.0,0.0,0.0,125602000.0,189919000.0,0.0,6682000.0,-16209000.0,-0.09704360945470221,-22891000.0,-0.1370488780324257,-409000.0,-27150000.0,-0.16254759681011566,-11859000.0,-15291000.0,-0.09154752496587398,-0.27,-0.27,56242000.0,56242000.0,https://www.sec.gov/Archives/edgar/data/917520/000136231008006883/0001362310-08-006883-index.htm,https://www.sec.gov/Archives/edgar/data/917520/000136231008006883/c76850e10vq.htm,1620593367,16:49:27,20210509
51,2008-06-30,IART,USD,2008-08-11,2008-08-11 16:14:57,Q2,157198000.0,58159000.0,99039000.0,0.6300270995814196,7793000.0,63475000.0,0.0,0.0,74241000.0,132400000.0,0.0,7579000.0,32377000.0,0.20596318019313223,24798000.0,0.1577500986017634,-451000.0,20530000.0,0.13059962594943955,6716000.0,13814000.0,0.08787643608697311,0.25,0.24,55324000.0,57160000.0,https://www.sec.gov/Archives/edgar/data/917520/000095012308009294/0000950123-08-009294-index.htm,https://www.sec.gov/Archives/edgar/data/917520/000095012308009294/y65047e10vq.htm,1620593367,16:49:27,20210509
52,2008-03-31,IART,USD,2008-06-04,2008-05-16 16:47:00,Q1,156008000.0,62212000.0,93796000.0,0.6012255781754782,7798000.0,62489000.0,0.0,0.0,73260000.0,135472000.0,0.0,7683000.0,28219000.0,0.18088174965386392,20536000.0,0.13163427516537612,1507000.0,18515000.0,0.11867981129172862,6950000.0,11565000.0,0.07413081380442028,0.215,0.205,53778000.0,56936000.0,https://www.sec.gov/Archives/edgar/data/917520/000095012308006556/0000950123-08-006556-index.htm,https://www.sec.gov/Archives/edgar/data/917520/000095012308005803/y51439e10vk.htm,1620593367,16:49:27,20210509
53,2007-12-31,IART,USD,2008-05-16,2008-05-16 16:47:00,Q4,157645000.0,62426000.0,95219000.0,0.6040090075803228,11813000.0,64861000.0,0.0,0.0,79665000.0,142091000.0,0.0,7008000.0,22562000.0,0.1431190332709569,15554000.0,0.0986647213676298,3200000.0,16075000.0,0.10196961527482636,10693000.0,5382000.0,0.034139998096990073,0.1000780988508312,0.1000780988508312,53778000.0,53778000.0,https://www.sec.gov/Archives/edgar/data/917520/000095012308005803/0000950123-08-005803-index.htm,https://www.sec.gov/Archives/edgar/data/917520/000095012308005803/y51439e10vk.htm,1620593367,16:49:27,20210509
54,2007-09-30,IART,USD,2007-11-09,2007-11-09 06:01:17,Q3,135015000.0,50863000.0,84152000.0,0.6232788949375996,6546000.0,56241000.0,0.0,0.0,65816000.0,116679000.0,0.0,6598000.0,24934000.0,0.18467577676554456,18336000.0,0.1358071325408288,-325000.0,15666000.0,0.11603155204977225,5993000.0,9673000.0,0.07164389141947192,0.18,0.165,54404000.0,58628000.0,https://www.sec.gov/Archives/edgar/data/917520/000136231007002847/0001362310-07-002847-index.htm,https://www.sec.gov/Archives/edgar/data/917520/000136231007002847/c71515e10vq.htm,1620593367,16:49:27,20210509
55,2007-06-30,IART,USD,2007-08-13,2007-08-13 06:01:42,Q2,134767000.0,52808000.0,81959000.0,0.6081533313051415,6239000.0,54980000.0,0.0,0.0,65064000.0,117872000.0,0.0,7678000.0,24573000.0,0.18233692224357595,16895000.0,0.12536451801999005,303000.0,14561000.0,0.10804573820000445,5220000.0,9341000.0,0.06931222035067933,0.165,0.155,56312000.0,60338000.0,https://www.sec.gov/Archives/edgar/data/917520/000136231007001769/0001362310-07-001769-index.htm,https://www.sec.gov/Archives/edgar/data/917520/000136231007001769/c71015e10vq.htm,1620593367,16:49:27,20210509
56,2007-03-31,IART,USD,2007-05-10,2007-05-10 17:29:53,Q1,123032000.0,48577000.0,74455000.0,0.60516776123285,6060000.0,49105000.0,0.0,0.0,57952000.0,106529000.0,0.0,5755000.0,22258000.0,0.1809122829832889,16503000.0,0.13413583457962155,-208000.0,13759000.0,0.11183269393328565,4685000.0,9074000.0,0.07375316990701607,0.16,0.15,56742000.0,59930000.0,https://www.sec.gov/Archives/edgar/data/917520/000136231007000779/0001362310-07-000779-index.htm,https://www.sec.gov/Archives/edgar/data/917520/000136231007000206/c70238e10vk.htm,1620593367,16:49:27,20210509
57,2006-12-31,IART,USD,2007-03-02,2007-03-02 08:16:21,Q4,125394000.0,51445000.0,73949000.0,0.5897331610762876,5214000.0,45936000.0,0.0,0.0,53801000.0,105246000.0,0.0,6023000.0,26171000.0,0.2087101456210026,20148000.0,0.1606775443801139,-178000.0,17668000.0,0.14089988356699681,7537000.0,10131000.0,0.08079333939422939,0.1785449931267844,0.1785449931267844,56742000.0,56742000.0,https://www.sec.gov/Archives/edgar/data/917520/000136231007000206/0001362310-07-000206-index.htm,https://www.sec.gov/Archives/edgar/data/917520/000136231007000206/c70238e10vk.htm,1620593367,16:49:27,20210509
58,2006-09-30,IART,USD,2006-09-30,2006-09-30,Q3,116647000.0,47559000.0,69088000.0,0.5922826990835598,10991000.0,43431000.0,0.0,0.0,57274000.0,104833000.0,0.0,7370000.0,19184000.0,0.16446200931014085,11814000.0,0.1012799300453505,-1765000.0,6062000.0,0.051968760448189835,3468000.0,2594000.0,0.022238034411515083,0.044428458877128076,0.043425854622158234,58386000.0,59734000.0,,,1620593367,16:49:27,20210509
59,2006-06-30,IART,USD,2006-06-30,2006-06-30,Q2,100121000.0,41373000.0,58748000.0,0.5867700082899692,6354000.0,37219000.0,0.0,0.0,45590000.0,86963000.0,0.0,4389000.0,17547000.0,0.17525793789514688,13158000.0,0.13142098061345772,-99000.0,11580000.0,0.11566005133788117,3603000.0,7977000.0,0.07967359495011037,0.135,0.13,59184000.0,67608000.0,,,1620593367,16:49:27,20210509
60,2006-03-31,IART,USD,2006-03-31,2006-03-31,Q1,77135000.0,27937000.0,49198000.0,0.6378168146755688,3173000.0,31120000.0,0.0,0.0,35574000.0,63511000.0,0.0,3696000.0,17320000.0,0.22454138847475205,13624000.0,0.1766253970311791,32000.0,12998000.0,0.16850975562325793,4293000.0,8705000.0,0.1128540869903416,0.145,0.14,59170000.0,67656000.0,,,1620593367,16:49:27,20210509
61,2005-12-31,IART,USD,2005-12-31,2005-12-31,Q4,72984000.0,28252000.0,44732000.0,0.6129014578537761,2704000.0,25663000.0,0.0,0.0,29819000.0,58071000.0,0.0,3190000.0,18103000.0,0.24804066644744052,14913000.0,0.20433245642880632,-101000.0,14828000.0,0.20316781760385838,4214000.0,10614000.0,0.14542913515291023,0.17938144329896907,0.17938144329896907,59170000.0,59170000.0,,,1620593367,16:49:27,20210509
62,2005-09-30,IART,USD,2005-09-30,2005-09-30,Q3,69333000.0,26013000.0,43320000.0,0.6248106962052702,3110000.0,22653000.0,0.0,0.0,27229000.0,53242000.0,0.0,3216000.0,19307000.0,0.278467684940793,16091000.0,0.2320828465521469,-4000.0,15694000.0,0.22635685748489176,5213000.0,10481000.0,0.15116899600478848,0.175,0.165,60078000.0,68594000.0,,,1620593367,16:49:27,20210509
63,2005-06-30,IART,USD,2005-06-30,2005-06-30,Q2,69778000.0,27139000.0,42639000.0,0.6110665252658432,2787000.0,26041000.0,0.0,0.0,30496000.0,57635000.0,0.0,3552000.0,15695000.0,0.22492762761902033,12143000.0,0.1740233311358881,-525000.0,11687000.0,0.1674883201008914,4032000.0,7655000.0,0.10970506463355212,0.125,0.115,60802000.0,69478000.0,,,1620593367,16:49:27,20210509
64,2005-03-31,IART,USD,2005-03-31,2005-03-31,Q1,65839000.0,24133000.0,41706000.0,0.6334543355761783,3359000.0,23916000.0,0.0,0.0,28750000.0,52883000.0,0.0,3263000.0,16219000.0,0.24634335272406932,12956000.0,0.19678306171114385,-53000.0,12890000.0,0.19578061635201022,4447000.0,8443000.0,0.12823706313886907,0.14,0.13,61122000.0,70288000.0,,,1620593367,16:49:27,20210509
65,2004-12-31,IART,USD,2004-12-31,2004-12-31,Q4,61811000.0,23221000.0,38590000.0,0.6243225315882286,3556000.0,20264000.0,0.0,0.0,24959000.0,48180000.0,0.0,3252000.0,16883000.0,0.27313908527608355,13631000.0,0.22052709064729578,2299000.0,15976000.0,0.2584653217064924,6137000.0,9839000.0,0.1591787869473071,0.16097313569582147,0.16097313569582147,61122000.0,61122000.0,,,1620593367,16:49:27,20210509
66,2004-09-30,IART,USD,2004-09-30,2004-09-30,Q3,59130000.0,22412000.0,36718000.0,0.6209707424319296,5103000.0,42600000.0,0.0,0.0,48898000.0,71310000.0,0.0,3105000.0,-9075000.0,-0.1534753932014206,-12180000.0,-0.20598680872653474,579000.0,-11631000.0,-0.1967021816336885,-4034000.0,-7597000.0,-0.1284796211736851,-0.125,-0.125,60652000.0,60652000.0,,,1620593367,16:49:27,20210509
67,2004-06-30,IART,USD,2004-06-30,2004-06-30,Q2,56441000.0,21665000.0,34776000.0,0.6161478357931292,2639000.0,19488000.0,0.0,0.0,23176000.0,44841000.0,0.0,2486000.0,14086000.0,0.24957034779681436,11600000.0,0.20552435286405274,140000.0,11895000.0,0.21075104976878511,4377000.0,7518000.0,0.13320104179585762,0.125,0.12,59708000.0,61928000.0,,,1620593367,16:49:27,20210509
68,2004-03-31,IART,USD,2004-03-31,2004-03-31,Q1,52443000.0,20001000.0,32442000.0,0.6186144957382301,2823000.0,17007000.0,0.0,0.0,20713000.0,40714000.0,0.0,2749000.0,14478000.0,0.2760711629769464,11729000.0,0.22365234635699713,991000.0,11769000.0,0.22441507922887707,4331000.0,7438000.0,0.14183017752607593,0.125,0.12,59408000.0,61718000.0,,,1620593367,16:49:27,20210509
69,2003-12-31,IART,USD,2003-12-31,2003-12-31,Q4,59025000.0,20934000.0,38091000.0,0.6453367217280813,4771000.0,19356000.0,0.0,0.0,25095000.0,46029000.0,0.0,2767000.0,15763000.0,0.2670563320626853,12996000.0,0.22017789072426938,20866000.0,15039000.0,0.25479034307496823,5867000.0,9172000.0,0.15539178314273613,0.15438998114732022,0.15438998114732022,59408000.0,59408000.0,,,1620593367,16:49:27,20210509
70,2003-09-30,IART,USD,2003-11-12,2003-11-12,Q3,47058000.0,18870000.0,28188000.0,0.5990054825959454,2616000.0,13877000.0,0.0,0.0,17266000.0,36136000.0,0.0,2080000.0,13002000.0,0.2762973352033661,10922000.0,0.23209656168982956,309000.0,11043000.0,0.23466785668749204,4210000.0,6833000.0,0.14520379106634365,0.12,0.115,57962000.0,60572000.0,https://www.sec.gov/Archives/edgar/data/917520/000091752003000026/0000917520-03-000026-index.htm,https://www.sec.gov/Archives/edgar/data/917520/000091752003000026/form10q111203.txt,1620593367,16:49:27,20210509
71,2003-06-30,IART,USD,2003-06-30,2003-06-30,Q2,42736000.0,17090000.0,25646000.0,0.6001029576937477,2777000.0,13818000.0,0.0,0.0,17357000.0,34447000.0,0.0,2283000.0,10572000.0,0.247379258704605,8289000.0,0.1939582553350805,451000.0,8542000.0,0.19987832272557093,3124000.0,5418000.0,0.12677836016473232,0.095,0.09,56968000.0,60122000.0,,,1620593367,16:49:27,20210509
72,2003-03-31,IART,USD,2003-03-31,2003-03-31,Q1,36780000.0,13703000.0,23077000.0,0.6274333877107123,2650000.0,12410000.0,0.0,0.0,15637000.0,29340000.0,0.0,1913000.0,9353000.0,0.2542958129418162,7440000.0,0.20228384991843393,349000.0,8565000.0,0.23287112561174553,3127000.0,5438000.0,0.1478520935290919,0.09236361165840071,0.08808189445722246,58876000.0,61738000.0,,,1620593367,16:49:27,20210509
73,2002-12-31,IART,USD,2002-12-31,2002-12-31,Q4,30064000.0,14168000.0,15896000.0,0.528738690792975,2249000.0,11553000.0,0.0,0.0,9110000.0,23278000.0,0.0,1977000.0,8763000.0,0.29147817988291647,6786000.0,0.22571846726982436,911000.0,7489000.0,0.24910191591271952,-17885000.0,25374000.0,0.8439994678020224,0.43097357157415583,0.43097357157415583,58876000.0,58876000.0,,,1620593367,16:49:27,20210509
74,2002-09-30,IART,USD,2002-09-30,2002-09-30,Q3,30204000.0,12611000.0,17593000.0,0.5824725201960005,2160000.0,11094000.0,0.0,0.0,13679000.0,26290000.0,0.0,1965000.0,5879000.0,0.19464309362998278,3914000.0,0.12958548536617667,-1295000.0,2403000.0,0.07955899880810488,840000.0,1563000.0,0.051748112832737385,0.026710643242873745,0.025494225875905264,58516000.0,61308000.0,,,1620593367,16:49:27,20210509
75,2002-06-30,IART,USD,2002-08-14 00:00:00,2002-08-14 09:36:35,Q2,26441000.0,9465000.0,16976000.0,0.6420332060058243,2073000.0,9049000.0,0.0,0.0,11486000.0,20951000.0,0.0,1641000.0,7131000.0,0.2696947921788132,5490000.0,0.2076320865322794,1793000.0,6538000.0,0.2472675012291517,2289000.0,4249000.0,0.16069740176241443,0.075,0.07,58160000.0,61698000.0,https://www.sec.gov/Archives/edgar/data/917520/000091752002000006/0000917520-02-000006-index.html,https://www.sec.gov/Archives/edgar/data/917520/000091752002000006/ils10qq202b.txt,1620593367,16:49:27,20210509
76,2002-03-31,IART,USD,2002-03-31,2002-03-31,Q1,25916000.0,9528000.0,16388000.0,0.6323506713999074,1822000.0,8891000.0,0.0,0.0,11063000.0,20591000.0,0.0,1579000.0,6904000.0,0.26639913566908474,5325000.0,0.20547152338323815,-23000.0,6295000.0,0.24290013891032566,2204000.0,4091000.0,0.15785615064053093,0.07,0.065,56920000.0,61434000.0,,,1620593367,16:49:27,20210509
77,2001-12-31,IART,USD,2001-12-31,2001-12-31,Q4,29454000.0,9957000.0,19497000.0,0.6619474434711754,1910000.0,7918000.0,0.0,0.0,14785000.0,24742000.0,0.0,1698000.0,6410000.0,0.2176274869287703,4712000.0,0.15997827120255315,1370000.0,5722000.0,0.19426902967338902,-11903000.0,17625000.0,0.5983907109390915,0.3096451159522136,0.3096451159522136,56920000.0,56920000.0,,,1620593367,16:49:27,20210509
78,2001-09-30,IART,USD,2001-11-14,2001-11-14 00:00:00,Q3,22319000.0,9153000.0,13166000.0,0.5899009812267575,2172000.0,7905000.0,0.0,0.0,9430000.0,18583000.0,0.0,1704000.0,5440000.0,0.2437385187508401,3736000.0,0.16739101214212107,1527000.0,4388000.0,0.19660379049240556,365000.0,3780000.0,0.16936242663201756,0.07,0.065,51170000.0,56944000.0,https://www.sec.gov/Archives/edgar/data/917520/000110465901503355/0001104659-01-503355-index.htm,https://www.sec.gov/Archives/edgar/data/917520/000110465901503355/j2410_10q.htm,1620593367,16:49:27,20210509
79,2001-06-30,IART,USD,2001-08-14 00:00:00,2001-08-14 00:00:00,Q2,21385000.0,8310000.0,13075000.0,0.6114098667290156,1837000.0,8588000.0,0.0,0.0,9619000.0,17929000.0,0.0,1424000.0,4880000.0,0.2281973345803133,3456000.0,0.16160860416179565,1384000.0,3191000.0,0.1492167407061024,429000.0,2762000.0,0.12915595043254618,0.06,0.05,40490000.0,50098000.0,https://www.sec.gov/Archives/edgar/data/917520/000093041301500986/0000930413-01-500986-index.html,https://www.sec.gov/Archives/edgar/data/917520/000093041301500986/c21574_10-q.txt,1620593367,16:49:27,20210509
80,2001-03-31,IART,USD,2001-03-31,2001-03-31,Q1,21684000.0,7163000.0,14521000.0,0.669664268585132,2073000.0,3204000.0,4751000.0,0.0,10708000.0,17871000.0,0.0,1431000.0,5244000.0,0.24183729939125623,3813000.0,0.17584394023242944,-140000.0,2242000.0,0.10339420771075447,246000.0,1996000.0,0.09204943737317837,0.04,0.035,39236000.0,43698000.0,,,1620593367,16:49:27,20210509
81,2000-12-31,IART,USD,2000-12-31,2000-12-31,Q4,19177000.0,6978000.0,12199000.0,0.6361266100015643,2027000.0,22168000.0,0.0,0.0,25601000.0,32579000.0,0.0,1406000.0,-11996000.0,-0.6255410126714294,-13402000.0,-0.6988580069875372,1615000.0,-11888000.0,-0.6199092663085989,-195000.0,-12163000.0,-0.6342493612139543,-0.3099959221123458,-0.3099959221123458,39236000.0,39236000.0,,,1620593367,16:49:27,20210509
82,2000-09-30,IART,USD,2000-11-14 00:00:00,2000-11-14 00:00:00,Q3,16890000.0,6982000.0,9908000.0,0.5866193013617526,1741000.0,7553000.0,0.0,0.0,10621000.0,17603000.0,0.0,1327000.0,614000.0,0.03635287152161042,-713000.0,-0.04221432800473653,2714000.0,1797000.0,0.1063943161634103,80000.0,1717000.0,0.10165778567199527,0.0492287401800562,0.04394901197911334,34878000.0,39068000.0,https://www.sec.gov/Archives/edgar/data/917520/000110465900000770/0001104659-00-000770-index.html,https://www.sec.gov/Archives/edgar/data/917520/000110465900000770/0001104659-00-000770-0001.txt,1620593367,16:49:27,20210509
83,2000-06-30,IART,USD,2000-08-14 00:00:00,2000-08-14 00:00:00,Q2,15684000.0,6658000.0,9026000.0,0.5754909461871971,1929000.0,7607000.0,0.0,0.0,10873000.0,17531000.0,0.0,1337000.0,-510000.0,-0.032517214996174444,-1847000.0,-0.11776332568222392,2271000.0,245000.0,0.015621015047181842,161000.0,84000.0,0.005355776587605203,-0.01,-0.01,34682000.0,34682000.0,https://www.sec.gov/Archives/edgar/data/917520/000088981200003496/0000889812-00-003496-index.html,https://www.sec.gov/Archives/edgar/data/917520/000088981200003496/0000889812-00-003496-0001.txt,1620593367,16:49:27,20210509
84,2000-03-31,IART,USD,2000-05-15 00:00:00,2000-05-15 00:00:00,Q1,13236000.0,6198000.0,7038000.0,0.5317316409791478,1828000.0,6525000.0,0.0,0.0,9459000.0,15657000.0,0.0,1106000.0,-1315000.0,-0.09935025687518888,-2421000.0,-0.1829102447869447,1409000.0,-1001000.0,-0.07562707766696887,62000.0,-1063000.0,-0.08031127228770021,-0.16,-0.16,34448000.0,34448000.0,https://www.sec.gov/Archives/edgar/data/917520/000088981200002311/0000889812-00-002311-index.html,https://www.sec.gov/Archives/edgar/data/917520/0000889812-00-002311.txt,1620593367,16:49:27,20210509
85,1999-12-31,IART,USD,2000-03-30 00:00:00,2000-03-30 00:00:00,Q4,12900000.0,7800000.0,5100000.0,0.3953488372093023,2100000.0,4500000.0,0.0,0.0,6400000.0,14200000.0,0.0,-200000.0,-1500000.0,-0.11627906976744186,-1300000.0,-0.10077519379844961,0.0,-1300000.0,-0.10077519379844961,-500000.0,-800000.0,-0.06201550387596899,-0.023223409196470042,-0.023223409196470042,34448000.0,34448000.0,https://www.sec.gov/Archives/edgar/data/917520/000100547700002690/0001005477-00-002690-index.html,https://www.sec.gov/Archives/edgar/data/917520/0001005477-00-002690.txt,1620593367,16:49:27,20210509
86,1999-09-30,IART,USD,1999-09-30,1999-09-30,Q3,12100000.0,6100000.0,6000000.0,0.49586776859504134,2200000.0,6500000.0,0.0,0.0,8700000.0,14800000.0,0.0,0.0,-2800000.0,-0.23140495867768596,-2700000.0,-0.2231404958677686,100000.0,-2500000.0,-0.2066115702479339,-500000.0,-2000000.0,-0.1652892561983471,-0.07,-0.07,32857143.0,32857143.0,,,1620593367,16:49:27,20210509
87,1999-06-30,IART,USD,1999-06-30,1999-06-30,Q2,12600000.0,8000000.0,4600000.0,0.36507936507936506,2300000.0,7400000.0,0.0,0.0,9400000.0,17400000.0,0.0,0.0,-4800000.0,-0.38095238095238093,-4800000.0,-0.38095238095238093,0.0,-4800000.0,-0.38095238095238093,-1200000.0,-3600000.0,-0.2857142857142857,-0.115,-0.115,33913043.0,33913043.0,,,1620593367,16:49:27,20210509
88,1999-03-31,IART,USD,1999-03-31,1999-03-31,Q1,5000000.0,2400000.0,2600000.0,0.52,2000000.0,3800000.0,0.0,0.0,6100000.0,8500000.0,0.0,300000.0,-3200000.0,-0.64,-3500000.0,-0.7,4500000.0,900000.0,0.18,500000.0,400000.0,0.08,0.01,0.01,40000000.0,40000000.0,,,1620593367,16:49:27,20210509
89,1998-12-31,IART,USD,1998-12-31,1998-12-31,Q4,4800000.0,2000000.0,2800000.0,0.5833333333333334,2000000.0,3600000.0,0.0,0.0,6000000.0,8000000.0,0.0,400000.0,-2800000.0,-0.5833333333333334,-3200000.0,-0.6666666666666666,200000.0,0.0,0.0,0.0,-2900000.0,-0.6041666666666666,-0.0725,-0.0725,40000000.0,40000000.0,,,1620593367,16:49:27,20210509
90,1998-09-30,IART,USD,1998-09-30,1998-09-30,Q3,4300000.0,1600000.0,2700000.0,0.627906976744186,2200000.0,3600000.0,0.0,0.0,5900000.0,7500000.0,0.0,100000.0,-3100000.0,-0.7209302325581395,-3200000.0,-0.7441860465116279,300000.0,0.0,0.0,0.0,-2900000.0,-0.6744186046511628,-0.09,-0.09,32222222.0,32222222.0,,,1620593367,16:49:27,20210509
91,1998-06-30,IART,USD,1998-06-30,1998-06-30,Q2,3800000.0,1400000.0,2400000.0,0.631578947368421,2100000.0,4300000.0,0.0,0.0,6600000.0,8000000.0,0.0,200000.0,-4000000.0,-1.0526315789473684,-4200000.0,-1.105263157894737,1000000.0,0.0,0.0,0.0,-3200000.0,-0.8421052631578947,-0.1,-0.1,32000000.0,32000000.0,,,1620593367,16:49:27,20210509
92,1998-03-31,IART,USD,1998-05-15,1998-05-15,Q1,4600000.0,1100000.0,3500000.0,0.7608695652173914,2100000.0,4400000.0,0.0,0.0,7100000.0,8200000.0,0.0,600000.0,-3000000.0,-0.6521739130434783,-3600000.0,-0.782608695652174,400000.0,0.0,0.0,0.0,-3300000.0,-0.717391304347826,-0.1,-0.1,33000000.0,33000000.0,https://www.sec.gov/Archives/edgar/data/917520/0000889812-98-001285-index.html,https://www.sec.gov/Archives/edgar/data/917520/,1620593367,16:49:27,20210509
93,1997-12-31,IART,USD,1997-12-31,1997-12-31,Q4,3300000.0,1100000.0,2200000.0,0.6666666666666666,1900000.0,11100000.0,0.0,0.0,13300000.0,14400000.0,0.0,300000.0,-10800000.0,-3.272727272727273,-11100000.0,-3.3636363636363638,500000.0,0.0,0.0,0.0,-10700000.0,-3.242424242424242,-0.3242424242424242,-0.3242424242424242,33000000.0,33000000.0,,,1620593367,16:49:27,20210509
94,1997-09-30,IART,USD,1997-09-30,1997-09-30,Q3,3900000.0,1200000.0,2700000.0,0.6923076923076923,1400000.0,3700000.0,0.0,0.0,5600000.0,6800000.0,0.0,500000.0,-2400000.0,-0.6153846153846154,-2900000.0,-0.7435897435897436,500000.0,0.0,0.0,0.0,-2500000.0,-0.6410256410256411,-0.08,-0.08,31250000.0,31250000.0,,,1620593367,16:49:27,20210509
95,1997-06-30,IART,USD,1997-06-30,1997-06-30,Q2,4300000.0,1800000.0,2500000.0,0.5813953488372093,1700000.0,2900000.0,0.0,0.0,5100000.0,6900000.0,0.0,500000.0,-2100000.0,-0.4883720930232558,-2600000.0,-0.6046511627906976,500000.0,0.0,0.0,0.0,-2000000.0,-0.46511627906976744,-0.07,-0.07,28571429.0,28571429.0,,,1620593367,16:49:27,20210509
96,1997-03-31,IART,USD,1997-03-31,1997-03-31,Q1,3200000.0,1100000.0,2100000.0,0.65625,1400000.0,2500000.0,0.0,0.0,4400000.0,5500000.0,0.0,500000.0,-1800000.0,-0.5625,-2300000.0,-0.71875,500000.0,0.0,0.0,0.0,-1800000.0,-0.5625,-0.06,-0.06,30000000.0,30000000.0,,,1620593367,16:49:27,20210509
97,1996-12-31,IART,USD,1996-12-31,1996-12-31,Q4,3800000.0,1800000.0,2000000.0,0.5263157894736842,1500000.0,2700000.0,0.0,0.0,4600000.0,6400000.0,0.0,400000.0,-2200000.0,-0.5789473684210527,-2600000.0,-0.6842105263157895,300000.0,0.0,0.0,0.0,-2300000.0,-0.6052631578947368,-0.07666666666666666,-0.07666666666666666,30000000.0,30000000.0,,,1620593367,16:49:27,20210509
98,1996-09-30,IART,USD,1996-09-30,1996-09-30,Q3,2900000.0,1000000.0,1900000.0,0.6551724137931034,1600000.0,2300000.0,0.0,0.0,4500000.0,5500000.0,0.0,600000.0,-2000000.0,-0.6896551724137931,-2600000.0,-0.896551724137931,600000.0,0.0,0.0,0.0,-2100000.0,-0.7241379310344828,-0.07,-0.07,30000000.0,30000000.0,,,1620593367,16:49:27,20210509
99,1996-06-30,IART,USD,1996-06-30,1996-06-30,Q2,3500000.0,800000.0,2700000.0,0.7714285714285715,1700000.0,0.0,0.0,0.0,4800000.0,5600000.0,0.0,600000.0,-1500000.0,-0.42857142857142855,-2100000.0,-0.6,500000.0,0.0,0.0,0.0,-1500000.0,-0.42857142857142855,-0.05,-0.05,30000000.0,30000000.0,,,1620593367,16:49:27,20210509
100,1996-03-31,IART,USD,1996-03-31,1996-03-31,Q1,3100000.0,1100000.0,2000000.0,0.6451612903225806,1500000.0,0.0,0.0,0.0,3900000.0,5000000.0,0.0,400000.0,-1500000.0,-0.4838709677419355,-1900000.0,-0.6129032258064516,300000.0,0.0,0.0,0.0,-1600000.0,-0.5161290322580645,-0.06,-0.06,26666667.0,26666667.0,,,1620593367,16:49:27,20210509
101,1995-12-31,IART,USD,1995-12-31,1995-12-31,Q4,3000000.0,1400000.0,1600000.0,0.5333333333333333,1600000.0,0.0,0.0,0.0,3900000.0,5300000.0,0.0,600000.0,-1700000.0,-0.5666666666666667,-2300000.0,-0.7666666666666667,100000.0,0.0,0.0,0.0,-2200000.0,-0.7333333333333333,0.0,0.0,0.0,0.0,,,1620593367,16:49:27,20210509
102,1995-09-30,IART,USD,1995-09-30,1995-09-30,Q3,2600000.0,500000.0,2100000.0,0.8076923076923077,1600000.0,0.0,0.0,0.0,3500000.0,4000000.0,0.0,0.0,18400000.0,7.076923076923077,-1400000.0,-0.5384615384615384,-19500000.0,0.0,0.0,0.0,-21000000.0,-8.076923076923077,-0.97,-0.97,21649485.0,21649485.0,,,1620593367,16:49:27,20210509
103,1995-06-30,IART,USD,1995-06-30,1995-06-30,Q2,2300000.0,0.0,0.0,0.0,0.0,0.0,0.0,0.0,0.0,0.0,0.0,0.0,2300000.0,1.0,2300000.0,1.0,0.0,0.0,0.0,0.0,-1100000.0,-0.4782608695652174,-0.09,-0.09,12222222.0,12222222.0,,,1620593367,16:49:27,20210509
104,1995-03-31,IART,USD,1995-03-31,1995-03-31,Q1,2300000.0,0.0,0.0,0.0,0.0,0.0,0.0,0.0,0.0,0.0,0.0,0.0,2300000.0,1.0,2300000.0,1.0,0.0,0.0,0.0,0.0,-1100000.0,-0.4782608695652174,-0.09,-0.09,12222222.0,12222222.0,,,1620593367,16:49:27,20210509
