,date,symbol,reportedCurrency,fillingDate,acceptedDate,period,revenue,costOfRevenue,grossProfit,grossProfitRatio,researchAndDevelopmentExpenses,generalAndAdministrativeExpenses,sellingAndMarketingExpenses,otherExpenses,operatingExpenses,costAndExpenses,interestExpense,depreciationAndAmortization,ebitda,ebitdaratio,operatingIncome,operatingIncomeRatio,totalOtherIncomeExpensesNet,incomeBeforeTax,incomeBeforeTaxRatio,incomeTaxExpense,netIncome,netIncomeRatio,eps,epsdiluted,weightedAverageShsOut,weightedAverageShsOutDil,link,finalLink,timestamp,est_time,est_date
0,2021-02-28,VLNS.TO,CAD,2021-02-28,2021-02-28,Q1,20014000.0,15246000.0,4768000.0,0.238233236734286,661000.0,8320000.0,364000.0,0.0,11853000.0,27099000.0,0.0,2824000.0,-4261000.0,-0.21290096932147498,-7085000.0,-0.355900869391426,577000.0,-7123000.0,-0.355900869391426,-970000.0,-6153000.0,-0.3074347956430499,-0.05,-0.05,135672295.0,135672295.0,https://www.sedar.com/ModifyCompanyDocumentSearchForm.do?lang=EN&company_search=THE VALENS COMPANYINC&document_selection=0&industry_group=A&FromDate=13&FromMonth=05&FromYear=2000&ToDate=13&ToMonth=11&ToYear=2020&Variable=Issuer,https://www.sedar.com/ModifyCompanyDocumentSearchForm.do?lang=EN&company_search=THE VALENS COMPANYINC&document_selection=0&industry_group=A&FromDate=13&FromMonth=05&FromYear=2000&ToDate=13&ToMonth=11&ToYear=2020&Variable=Issuer,1620599552,18:32:32,20210509
1,2020-11-30,VLNS.TO,CAD,2020-11-30,2020-11-30,Q4,16043000.0,22038000.0,-5995000.0,-0.37368322632924017,429000.0,10368000.0,408000.0,0.0,13985000.0,36023000.0,315000.0,2850000.0,-17130000.0,-1.0677554073427664,-19980000.0,-1.2454029794926136,-507000.0,-20940000.0,-1.3052421616904568,-4305000.0,-16635000.0,-1.0369008290220034,-0.1298845095986058,-0.1298845095986058,128075319.0,128075319.0,https://www.sedar.com/ModifyCompanyDocumentSearchForm.do?lang=EN&company_search=THE VALENS COMPANYINC&document_selection=0&industry_group=A&FromDate=13&FromMonth=05&FromYear=2000&ToDate=13&ToMonth=11&ToYear=2020&Variable=Issuer,https://www.sedar.com/ModifyCompanyDocumentSearchForm.do?lang=EN&company_search=THE VALENS COMPANYINC&document_selection=0&industry_group=A&FromDate=13&FromMonth=05&FromYear=2000&ToDate=13&ToMonth=11&ToYear=2020&Variable=Issuer,1620599552,18:32:32,20210509
2,2020-08-31,VLNS.TO,CAD,2020-08-31,2020-08-31,Q3,18128000.0,10815000.0,7313000.0,0.4034090909090909,322000.0,7258000.0,497000.0,0.0,10665000.0,21480000.0,257000.0,2686000.0,-666000.0,-0.036738746690203,-3352000.0,-0.1849073256840247,612000.0,-3143000.0,-0.17337819947043248,-79000.0,-3064000.0,-0.16902030008826124,-0.02,-0.02,128075319.0,128075319.0,https://www.sedar.com/ModifyCompanyDocumentSearchForm.do?lang=EN&company_search=THE VALENS COMPANYINC&document_selection=0&industry_group=A&FromDate=13&FromMonth=05&FromYear=2000&ToDate=13&ToMonth=11&ToYear=2020&Variable=Issuer,https://www.sedar.com/ModifyCompanyDocumentSearchForm.do?lang=EN&company_search=THE VALENS COMPANYINC&document_selection=0&industry_group=A&FromDate=13&FromMonth=05&FromYear=2000&ToDate=13&ToMonth=11&ToYear=2020&Variable=Issuer,1620599552,18:32:32,20210509
3,2020-05-31,VLNS.TO,CAD,2020-05-31,2020-05-31,Q2,17627000.0,11309000.0,6318000.0,0.35842741249219945,525000.0,6853000.0,302000.0,107000.0,10093000.0,21402000.0,0.0,2653000.0,-1122000.0,-0.06365235150621205,-3775000.0,-0.2141600953083338,-195000.0,-4020000.0,-0.22805922732172235,-492000.0,-3528000.0,-0.20014750099279516,-0.03,-0.03,127821288.0,127821288.0,https://www.sedar.com/ModifyCompanyDocumentSearchForm.do?lang=EN&company_search=THE VALENS COMPANYINC&document_selection=0&industry_group=A&FromDate=13&FromMonth=05&FromYear=2000&ToDate=13&ToMonth=11&ToYear=2020&Variable=Issuer,https://www.sedar.com/ModifyCompanyDocumentSearchForm.do?lang=EN&company_search=THE VALENS COMPANYINC&document_selection=0&industry_group=A&FromDate=13&FromMonth=05&FromYear=2000&ToDate=13&ToMonth=11&ToYear=2020&Variable=Issuer,1620599552,18:32:32,20210509
4,2020-02-29,VLNS.TO,CAD,2020-02-29,2020-02-29,Q1,31980000.0,13894000.0,18086000.0,0.5655409631019387,912000.0,7488000.0,383000.0,107000.0,11192000.0,25086000.0,0.0,2576000.0,9470000.0,0.2961225766103815,6894000.0,0.21557223264540337,-1501000.0,5511000.0,0.17232645403377111,2968000.0,2543000.0,0.07951844903064416,0.020231029124129694,0.019698007316891822,125698005.0,129099353.0,https://www.sedar.com/ModifyCompanyDocumentSearchForm.do?lang=EN&company_search=THE VALENS COMPANYINC&document_selection=0&industry_group=A&FromDate=13&FromMonth=05&FromYear=2000&ToDate=13&ToMonth=11&ToYear=2020&Variable=Issuer,https://www.sedar.com/ModifyCompanyDocumentSearchForm.do?lang=EN&company_search=THE VALENS COMPANYINC&document_selection=0&industry_group=A&FromDate=13&FromMonth=05&FromYear=2000&ToDate=13&ToMonth=11&ToYear=2020&Variable=Issuer,1620599552,18:32:32,20210509
5,2019-11-30,VLNS.TO,CAD,2019-11-30,2019-11-30,Q4,30624081.0,8029624.0,22594457.0,0.7378003277877955,0.0,6822060.0,361861.0,-8722.0,12129699.0,20159323.0,-10818.0,3520209.0,13984967.0,0.4566656873719737,10464758.0,0.3417166379621318,-48223.0,10741528.0,0.3507542969207794,0.0,4466528.0,0.14585018894118,0.034874228968346355,0.034874228968346355,128075319.0,128075319.0,https://www.sedar.com/ModifyCompanyDocumentSearchForm.do?lang=EN&company_search=THE VALENS COMPANYINC&document_selection=0&industry_group=A&FromDate=13&FromMonth=05&FromYear=2000&ToDate=13&ToMonth=11&ToYear=2020&Variable=Issuer,https://www.sedar.com/ModifyCompanyDocumentSearchForm.do?lang=EN&company_search=THE VALENS COMPANYINC&document_selection=0&industry_group=A&FromDate=13&FromMonth=05&FromYear=2000&ToDate=13&ToMonth=11&ToYear=2020&Variable=Issuer,1620599552,18:32:32,20210509
6,2019-08-31,VLNS.TO,CAD,2019-08-31,2019-08-31,Q3,16461626.0,3654636.0,12806990.0,0.7779905824612952,0.0,5972148.0,598609.0,205722.0,7280313.0,10934949.0,3731.0,851630.0,6378307.0,0.3874651872178362,5526677.0,0.3357309296177668,-463.0,5892884.0,0.3579770309445738,0.0,5892884.0,0.3579770309445738,0.04812190346951382,0.04655441893281062,122457417.0,126580551.0,https://www.sedar.com/ModifyCompanyDocumentSearchForm.do?lang=EN&company_search=THE VALENS COMPANYINC&document_selection=0&industry_group=A&FromDate=13&FromMonth=05&FromYear=2000&ToDate=13&ToMonth=11&ToYear=2020&Variable=Issuer,https://www.sedar.com/ModifyCompanyDocumentSearchForm.do?lang=EN&company_search=THE VALENS COMPANYINC&document_selection=0&industry_group=A&FromDate=13&FromMonth=05&FromYear=2000&ToDate=13&ToMonth=11&ToYear=2020&Variable=Issuer,1620599552,18:32:32,20210509
7,2019-05-31,VLNS.TO,CAD,2019-05-31,2019-05-31,Q2,8800093.0,3701065.0,5099028.0,0.5794288764902825,0.0,5397130.0,656757.0,0.0,6696208.0,10397273.0,3840.0,726409.0,-870771.0,-0.09895020427625026,-1597180.0,-0.1814958091920165,-9139628.0,-10529162.0,-1.1964830371679027,0.0,-10529162.0,-1.1964830371679027,-0.1,-0.1,106284918.0,106284918.0,https://www.sedar.com/ModifyCompanyDocumentSearchForm.do?lang=EN&company_search=THE VALENS COMPANYINC&document_selection=0&industry_group=A&FromDate=13&FromMonth=05&FromYear=2000&ToDate=13&ToMonth=11&ToYear=2020&Variable=Issuer,https://www.sedar.com/ModifyCompanyDocumentSearchForm.do?lang=EN&company_search=THE VALENS COMPANYINC&document_selection=0&industry_group=A&FromDate=13&FromMonth=05&FromYear=2000&ToDate=13&ToMonth=11&ToYear=2020&Variable=Issuer,1620599552,18:32:32,20210509
8,2019-02-28,VLNS.TO,CAD,2019-02-28,2019-02-28,Q1,2220200.0,1369675.0,850525.0,0.38308485722007024,0.0,5015662.0,1259773.0,0.0,6988780.0,8358455.0,3247.0,791752.0,-5346503.0,-2.408117737140798,-6138255.0,-2.7647306548959554,-331686.0,-6366250.0,-2.8674218538870373,0.0,-6366250.0,-2.8674218538870373,-0.07,-0.07,93305424.0,93305424.0,https://www.sedar.com/ModifyCompanyDocumentSearchForm.do?lang=EN&company_search=THE VALENS COMPANYINC&document_selection=0&industry_group=A&FromDate=13&FromMonth=05&FromYear=2000&ToDate=13&ToMonth=11&ToYear=2020&Variable=Issuer,https://www.sedar.com/ModifyCompanyDocumentSearchForm.do?lang=EN&company_search=THE VALENS COMPANYINC&document_selection=0&industry_group=A&FromDate=13&FromMonth=05&FromYear=2000&ToDate=13&ToMonth=11&ToYear=2020&Variable=Issuer,1620599552,18:32:32,20210509
9,2018-11-30,VLNS.TO,CAD,2018-11-30,2018-11-30,Q4,14210.0,9440.0,4770.0,0.3356790992258973,0.0,4043384.0,619663.0,0.0,4977444.0,4986884.0,1770.0,347859.0,-4624815.0,-325.46199859254045,-4972674.0,-349.94187192118227,-2451564.0,-7386541.0,-519.8128782547502,0.0,-7387546.0,-519.883603096411,-0.05768126175816903,-0.05768126175816903,128075319.0,128075319.0,https://www.sedar.com/ModifyCompanyDocumentSearchForm.do?lang=EN&company_search=THE VALENS COMPANYINC&document_selection=0&industry_group=A&FromDate=13&FromMonth=05&FromYear=2000&ToDate=13&ToMonth=11&ToYear=2020&Variable=Issuer,https://www.sedar.com/ModifyCompanyDocumentSearchForm.do?lang=EN&company_search=THE VALENS COMPANYINC&document_selection=0&industry_group=A&FromDate=13&FromMonth=05&FromYear=2000&ToDate=13&ToMonth=11&ToYear=2020&Variable=Issuer,1620599552,18:32:32,20210509
10,2018-08-31,VLNS.TO,CAD,2018-08-31,2018-08-31,Q3,14575.0,8700.0,5875.0,0.40308747855917665,0.0,1698130.0,217331.0,0.0,2442021.0,2450721.0,6669.0,436086.0,-2000060.0,-137.22538593481988,-2436146.0,-167.14552315608918,14162.0,-2305550.0,-158.1852487135506,0.0,-2305550.0,-158.1852487135506,-0.03,-0.03,72297422.0,72297422.0,https://www.sedar.com/ModifyCompanyDocumentSearchForm.do?lang=EN&company_search=THE VALENS COMPANYINC&document_selection=0&industry_group=A&FromDate=13&FromMonth=05&FromYear=2000&ToDate=13&ToMonth=11&ToYear=2020&Variable=Issuer,https://www.sedar.com/ModifyCompanyDocumentSearchForm.do?lang=EN&company_search=THE VALENS COMPANYINC&document_selection=0&industry_group=A&FromDate=13&FromMonth=05&FromYear=2000&ToDate=13&ToMonth=11&ToYear=2020&Variable=Issuer,1620599552,18:32:32,20210509
11,2018-05-31,VLNS.TO,CAD,2018-05-31,2018-05-31,Q2,22741.0,13418.0,9323.0,0.4099643815135658,0.0,2264006.0,123455.0,0.0,2553377.0,2566795.0,11497.0,164340.0,-2379714.0,-104.64421089661845,-2544054.0,-111.87080603315597,21219.0,-2441229.0,-107.34923706081527,0.0,-2441229.0,-107.34923706081527,-0.03,-0.03,72254200.0,72254200.0,https://www.sedar.com/ModifyCompanyDocumentSearchForm.do?lang=EN&company_search=THE VALENS COMPANYINC&document_selection=0&industry_group=A&FromDate=13&FromMonth=05&FromYear=2000&ToDate=13&ToMonth=11&ToYear=2020&Variable=Issuer,https://www.sedar.com/ModifyCompanyDocumentSearchForm.do?lang=EN&company_search=THE VALENS COMPANYINC&document_selection=0&industry_group=A&FromDate=13&FromMonth=05&FromYear=2000&ToDate=13&ToMonth=11&ToYear=2020&Variable=Issuer,1620599552,18:32:32,20210509
12,2018-02-28,VLNS.TO,CAD,2018-02-28,2018-02-28,Q1,0.0,0.0,0.0,0.0,0.0,3630432.0,154038.0,0.0,3860381.0,3860381.0,21917.0,61413.0,-3798968.0,0.0,-3860381.0,0.0,32364.0,-3777446.0,0.0,0.0,-3777446.0,0.0,-0.06,-0.06,64782942.0,64782942.0,https://www.sedar.com/ModifyCompanyDocumentSearchForm.do?lang=EN&company_search=THE VALENS COMPANYINC&document_selection=0&industry_group=A&FromDate=13&FromMonth=05&FromYear=2000&ToDate=13&ToMonth=11&ToYear=2020&Variable=Issuer,https://www.sedar.com/ModifyCompanyDocumentSearchForm.do?lang=EN&company_search=THE VALENS COMPANYINC&document_selection=0&industry_group=A&FromDate=13&FromMonth=05&FromYear=2000&ToDate=13&ToMonth=11&ToYear=2020&Variable=Issuer,1620599552,18:32:32,20210509
13,2017-11-30,VLNS.TO,CAD,2017-11-30,2017-11-30,Q4,17320.0,0.0,-7110.0,-0.4105080831408776,0.0,1171371.0,20434.0,0.0,1238785.0,1263215.0,39133.0,41013.0,-1204882.0,-69.56593533487298,-1245895.0,-71.93389145496536,-96144.0,-800095.0,-46.19486143187067,0.0,-800095.0,-46.19486143187067,-0.006247066228271507,-0.006247066228271507,128075319.0,128075319.0,https://www.sedar.com/ModifyCompanyDocumentSearchForm.do?lang=EN&company_search=THE VALENS COMPANYINC&document_selection=0&industry_group=A&FromDate=13&FromMonth=05&FromYear=2000&ToDate=13&ToMonth=11&ToYear=2020&Variable=Issuer,https://www.sedar.com/ModifyCompanyDocumentSearchForm.do?lang=EN&company_search=THE VALENS COMPANYINC&document_selection=0&industry_group=A&FromDate=13&FromMonth=05&FromYear=2000&ToDate=13&ToMonth=11&ToYear=2020&Variable=Issuer,1620599552,18:32:32,20210509
14,2017-08-31,VLNS.TO,CAD,2017-08-31,2017-08-31,Q3,15615.0,0.0,15615.0,1.0,0.0,1069697.0,1291.0,0.0,1097837.0,1097837.0,31045.0,21501.0,-1060721.0,-67.92961895613192,-1082222.0,-69.30656420108869,-18322.0,-1032270.0,-66.10758885686839,0.0,-1032270.0,-66.10758885686839,-0.02,-0.02,56901289.0,56901289.0,https://www.sedar.com/ModifyCompanyDocumentSearchForm.do?lang=EN&company_search=THE VALENS COMPANYINC&document_selection=0&industry_group=A&FromDate=13&FromMonth=05&FromYear=2000&ToDate=13&ToMonth=11&ToYear=2020&Variable=Issuer,https://www.sedar.com/ModifyCompanyDocumentSearchForm.do?lang=EN&company_search=THE VALENS COMPANYINC&document_selection=0&industry_group=A&FromDate=13&FromMonth=05&FromYear=2000&ToDate=13&ToMonth=11&ToYear=2020&Variable=Issuer,1620599552,18:32:32,20210509
15,2017-05-31,VLNS.TO,CAD,2017-05-31,2017-05-31,Q2,7789.0,0.0,7789.0,1.0,0.0,1577242.0,35520.0,0.0,1634516.0,1634516.0,168825.0,21754.0,-1604973.0,-206.05636153549878,-1626727.0,-208.84927461805108,22528.0,-1674201.0,-214.94428039542944,0.0,-1674201.0,-214.94428039542944,-0.03,-0.03,55053586.0,55053586.0,https://www.sedar.com/ModifyCompanyDocumentSearchForm.do?lang=EN&company_search=THE VALENS COMPANYINC&document_selection=0&industry_group=A&FromDate=13&FromMonth=05&FromYear=2000&ToDate=13&ToMonth=11&ToYear=2020&Variable=Issuer,https://www.sedar.com/ModifyCompanyDocumentSearchForm.do?lang=EN&company_search=THE VALENS COMPANYINC&document_selection=0&industry_group=A&FromDate=13&FromMonth=05&FromYear=2000&ToDate=13&ToMonth=11&ToYear=2020&Variable=Issuer,1620599552,18:32:32,20210509
16,2017-02-28,VLNS.TO,CAD,2017-02-28,2017-02-28,Q1,0.0,0.0,0.0,0.0,0.0,900751.0,8039.0,0.0,950767.0,950767.0,3646.0,21021.0,-929746.0,0.0,-950767.0,0.0,-19874.0,-878009.0,0.0,0.0,-878009.0,0.0,-0.02,-0.02,52438078.0,52438078.0,https://www.sedar.com/ModifyCompanyDocumentSearchForm.do?lang=EN&company_search=THE VALENS COMPANYINC&document_selection=0&industry_group=A&FromDate=13&FromMonth=05&FromYear=2000&ToDate=13&ToMonth=11&ToYear=2020&Variable=Issuer,https://www.sedar.com/ModifyCompanyDocumentSearchForm.do?lang=EN&company_search=THE VALENS COMPANYINC&document_selection=0&industry_group=A&FromDate=13&FromMonth=05&FromYear=2000&ToDate=13&ToMonth=11&ToYear=2020&Variable=Issuer,1620599552,18:32:32,20210509
17,2016-10-31,VLNS.TO,CAD,2016-10-31,2016-10-31,Q4,0.0,0.0,0.0,0.0,0.0,123071.0,0.0,0.0,123262.0,123262.0,625.0,191.0,-123071.0,0.0,-123262.0,0.0,4.0,-123883.0,0.0,0.0,-123883.0,0.0,-0.03,-0.03,3772829.0,3772829.0,https://www.sedar.com/ModifyCompanyDocumentSearchForm.do?lang=EN&company_search=THE VALENS COMPANYINC&document_selection=0&industry_group=A&FromDate=13&FromMonth=05&FromYear=2000&ToDate=13&ToMonth=11&ToYear=2020&Variable=Issuer,https://www.sedar.com/ModifyCompanyDocumentSearchForm.do?lang=EN&company_search=THE VALENS COMPANYINC&document_selection=0&industry_group=A&FromDate=13&FromMonth=05&FromYear=2000&ToDate=13&ToMonth=11&ToYear=2020&Variable=Issuer,1620599552,18:32:32,20210509
18,2016-07-31,VLNS.TO,CAD,2016-07-31,2016-07-31,Q3,0.0,0.0,0.0,0.0,0.0,116174.0,263.0,20000.0,116628.0,116628.0,412.0,191.0,-116437.0,0.0,-116628.0,0.0,10885.0,-106155.0,0.0,0.0,-106155.0,0.0,-0.03,-0.03,3643361.0,3643361.0,https://www.sedar.com/ModifyCompanyDocumentSearchForm.do?lang=EN&company_search=THE VALENS COMPANYINC&document_selection=0&industry_group=A&FromDate=13&FromMonth=05&FromYear=2000&ToDate=13&ToMonth=11&ToYear=2020&Variable=Issuer,https://www.sedar.com/ModifyCompanyDocumentSearchForm.do?lang=EN&company_search=THE VALENS COMPANYINC&document_selection=0&industry_group=A&FromDate=13&FromMonth=05&FromYear=2000&ToDate=13&ToMonth=11&ToYear=2020&Variable=Issuer,1620599552,18:32:32,20210509
19,2016-04-30,VLNS.TO,CAD,2016-04-30,2016-04-30,Q2,0.0,0.0,0.0,0.0,0.0,198370.0,263.0,59999.0,198993.0,198993.0,37083.0,360.0,-198633.0,0.0,-198993.0,0.0,-317676.0,-553752.0,0.0,0.0,-553752.0,0.0,-0.004323643339900641,-0.004323643339900641,128075319.0,128075319.0,https://www.sedar.com/ModifyCompanyDocumentSearchForm.do?lang=EN&company_search=THE VALENS COMPANYINC&document_selection=0&industry_group=A&FromDate=13&FromMonth=05&FromYear=2000&ToDate=13&ToMonth=11&ToYear=2020&Variable=Issuer,https://www.sedar.com/ModifyCompanyDocumentSearchForm.do?lang=EN&company_search=THE VALENS COMPANYINC&document_selection=0&industry_group=A&FromDate=13&FromMonth=05&FromYear=2000&ToDate=13&ToMonth=11&ToYear=2020&Variable=Issuer,1620599552,18:32:32,20210509
20,2016-01-31,VLNS.TO,CAD,2016-01-31,2016-01-31,Q1,0.0,0.0,0.0,0.0,0.0,110541.0,263.0,0.0,111164.0,111164.0,2563.0,360.0,-110804.0,0.0,-111164.0,0.0,1013.0,-112714.0,0.0,0.0,-112714.0,0.0,-0.03,-0.03,6073205.0,6073205.0,https://www.sedar.com/ModifyCompanyDocumentSearchForm.do?lang=EN&company_search=THE VALENS COMPANYINC&document_selection=0&industry_group=A&FromDate=13&FromMonth=05&FromYear=2000&ToDate=13&ToMonth=11&ToYear=2020&Variable=Issuer,https://www.sedar.com/ModifyCompanyDocumentSearchForm.do?lang=EN&company_search=THE VALENS COMPANYINC&document_selection=0&industry_group=A&FromDate=13&FromMonth=05&FromYear=2000&ToDate=13&ToMonth=11&ToYear=2020&Variable=Issuer,1620599552,18:32:32,20210509
21,2015-10-31,VLNS.TO,CAD,2015-10-31,2015-10-31,Q4,0.0,0.0,0.0,0.0,0.0,98488.0,0.0,1.0,98848.0,98848.0,950.0,360.0,-98488.0,0.0,-98848.0,0.0,46.0,-99752.0,0.0,0.0,-99752.0,0.0,-0.018368,-0.018368,5430814.0,5430814.0,https://www.sedar.com/ModifyCompanyDocumentSearchForm.do?lang=EN&company_search=THE VALENS COMPANYINC&document_selection=0&industry_group=A&FromDate=13&FromMonth=05&FromYear=2000&ToDate=13&ToMonth=11&ToYear=2020&Variable=Issuer,https://www.sedar.com/ModifyCompanyDocumentSearchForm.do?lang=EN&company_search=THE VALENS COMPANYINC&document_selection=0&industry_group=A&FromDate=13&FromMonth=05&FromYear=2000&ToDate=13&ToMonth=11&ToYear=2020&Variable=Issuer,1620599552,18:32:32,20210509
22,2015-07-31,VLNS.TO,CAD,2015-07-31,2015-07-31,Q3,0.0,0.0,0.0,0.0,0.0,80805.0,0.0,60101.0,81165.0,81165.0,3270.0,360.0,-80805.0,0.0,-81165.0,0.0,60250.0,-24185.0,0.0,0.0,-24185.0,0.0,-0.005825,-0.005825,4152270.0,4152270.0,https://www.sedar.com/ModifyCompanyDocumentSearchForm.do?lang=EN&company_search=THE VALENS COMPANYINC&document_selection=0&industry_group=A&FromDate=13&FromMonth=05&FromYear=2000&ToDate=13&ToMonth=11&ToYear=2020&Variable=Issuer,https://www.sedar.com/ModifyCompanyDocumentSearchForm.do?lang=EN&company_search=THE VALENS COMPANYINC&document_selection=0&industry_group=A&FromDate=13&FromMonth=05&FromYear=2000&ToDate=13&ToMonth=11&ToYear=2020&Variable=Issuer,1620599552,18:32:32,20210509
23,2015-04-30,VLNS.TO,CAD,2015-04-30,2015-04-30,Q2,0.0,0.0,0.0,0.0,0.0,148878.0,262.0,0.0,149684.0,149684.0,20684.0,544.0,-149140.0,0.0,-149684.0,0.0,-7624.0,-177992.0,0.0,0.0,-177992.0,0.0,-0.0013897447329410907,-0.0013897447329410907,128075319.0,128075319.0,https://www.sedar.com/ModifyCompanyDocumentSearchForm.do?lang=EN&company_search=THE VALENS COMPANYINC&document_selection=0&industry_group=A&FromDate=13&FromMonth=05&FromYear=2000&ToDate=13&ToMonth=11&ToYear=2020&Variable=Issuer,https://www.sedar.com/ModifyCompanyDocumentSearchForm.do?lang=EN&company_search=THE VALENS COMPANYINC&document_selection=0&industry_group=A&FromDate=13&FromMonth=05&FromYear=2000&ToDate=13&ToMonth=11&ToYear=2020&Variable=Issuer,1620599552,18:32:32,20210509
24,2015-01-31,VLNS.TO,CAD,2015-01-31,2015-01-31,Q1,0.0,0.0,0.0,0.0,0.0,271004.0,352.0,10165.0,271896.0,271896.0,13025.0,540.0,-271356.0,0.0,-271896.0,0.0,10273.0,-274648.0,0.0,0.0,-274648.0,0.0,-0.097196,-0.097196,2825713.0,2825713.0,https://www.sedar.com/ModifyCompanyDocumentSearchForm.do?lang=EN&company_search=THE VALENS COMPANYINC&document_selection=0&industry_group=A&FromDate=13&FromMonth=05&FromYear=2000&ToDate=13&ToMonth=11&ToYear=2020&Variable=Issuer,https://www.sedar.com/ModifyCompanyDocumentSearchForm.do?lang=EN&company_search=THE VALENS COMPANYINC&document_selection=0&industry_group=A&FromDate=13&FromMonth=05&FromYear=2000&ToDate=13&ToMonth=11&ToYear=2020&Variable=Issuer,1620599552,18:32:32,20210509
25,2014-10-31,VLNS.TO,CAD,2014-10-31,2014-10-31,Q4,0.0,0.0,0.0,0.0,0.0,319632.0,800.0,10000.0,320979.0,320979.0,561.0,547.0,-320432.0,0.0,-320979.0,0.0,10026.0,-311514.0,0.0,0.0,-311514.0,0.0,-0.116822,-0.116822,2666578.0,2666578.0,https://www.sedar.com/ModifyCompanyDocumentSearchForm.do?lang=EN&company_search=THE VALENS COMPANYINC&document_selection=0&industry_group=A&FromDate=13&FromMonth=05&FromYear=2000&ToDate=13&ToMonth=11&ToYear=2020&Variable=Issuer,https://www.sedar.com/ModifyCompanyDocumentSearchForm.do?lang=EN&company_search=THE VALENS COMPANYINC&document_selection=0&industry_group=A&FromDate=13&FromMonth=05&FromYear=2000&ToDate=13&ToMonth=11&ToYear=2020&Variable=Issuer,1620599552,18:32:32,20210509
26,2014-07-31,VLNS.TO,CAD,2014-07-31,2014-07-31,Q3,0.0,0.0,0.0,0.0,0.0,449011.0,9222.0,0.0,458780.0,458780.0,831.0,547.0,-458233.0,0.0,-458780.0,0.0,-72.0,-459683.0,0.0,0.0,-459683.0,0.0,-0.3,-0.3,2594948.0,2594948.0,https://www.sedar.com/ModifyCompanyDocumentSearchForm.do?lang=EN&company_search=THE VALENS COMPANYINC&document_selection=0&industry_group=A&FromDate=13&FromMonth=05&FromYear=2000&ToDate=13&ToMonth=11&ToYear=2020&Variable=Issuer,https://www.sedar.com/ModifyCompanyDocumentSearchForm.do?lang=EN&company_search=THE VALENS COMPANYINC&document_selection=0&industry_group=A&FromDate=13&FromMonth=05&FromYear=2000&ToDate=13&ToMonth=11&ToYear=2020&Variable=Issuer,1620599552,18:32:32,20210509
27,2014-04-30,VLNS.TO,CAD,2014-04-30,2014-04-30,Q2,0.0,0.0,0.0,0.0,0.0,325020.0,10198.0,0.0,371914.0,371914.0,-166.0,541.0,-371373.0,0.0,-371914.0,0.0,76119.0,-295629.0,0.0,0.0,-295629.0,0.0,-0.0023082433236024185,-0.0023082433236024185,128075319.0,128075319.0,https://www.sedar.com/ModifyCompanyDocumentSearchForm.do?lang=EN&company_search=THE VALENS COMPANYINC&document_selection=0&industry_group=A&FromDate=13&FromMonth=05&FromYear=2000&ToDate=13&ToMonth=11&ToYear=2020&Variable=Issuer,https://www.sedar.com/ModifyCompanyDocumentSearchForm.do?lang=EN&company_search=THE VALENS COMPANYINC&document_selection=0&industry_group=A&FromDate=13&FromMonth=05&FromYear=2000&ToDate=13&ToMonth=11&ToYear=2020&Variable=Issuer,1620599552,18:32:32,20210509
28,2014-01-31,VLNS.TO,CAD,2014-01-31,2014-01-31,Q1,0.0,0.0,0.0,0.0,0.0,808629.0,23474.0,0.0,885000.0,885000.0,3380.0,1080.0,-883920.0,0.0,-885000.0,0.0,31612.0,-856768.0,0.0,0.0,-856768.0,0.0,-0.3,-0.3,1924134.0,1924134.0,https://www.sedar.com/ModifyCompanyDocumentSearchForm.do?lang=EN&company_search=THE VALENS COMPANYINC&document_selection=0&industry_group=A&FromDate=13&FromMonth=05&FromYear=2000&ToDate=13&ToMonth=11&ToYear=2020&Variable=Issuer,https://www.sedar.com/ModifyCompanyDocumentSearchForm.do?lang=EN&company_search=THE VALENS COMPANYINC&document_selection=0&industry_group=A&FromDate=13&FromMonth=05&FromYear=2000&ToDate=13&ToMonth=11&ToYear=2020&Variable=Issuer,1620599552,18:32:32,20210509
29,2013-10-31,VLNS.TO,CAD,2013-10-31,2013-10-31,Q4,0.0,0.0,0.0,0.0,0.0,251005.0,10845.0,0.0,262390.0,262390.0,923.0,540.0,-261850.0,0.0,-262390.0,0.0,-2608.0,-265921.0,0.0,0.0,-265921.0,0.0,-0.3,-0.3,1723894.0,1723894.0,https://www.sedar.com/ModifyCompanyDocumentSearchForm.do?lang=EN&company_search=THE VALENS COMPANYINC&document_selection=0&industry_group=A&FromDate=13&FromMonth=05&FromYear=2000&ToDate=13&ToMonth=11&ToYear=2020&Variable=Issuer,https://www.sedar.com/ModifyCompanyDocumentSearchForm.do?lang=EN&company_search=THE VALENS COMPANYINC&document_selection=0&industry_group=A&FromDate=13&FromMonth=05&FromYear=2000&ToDate=13&ToMonth=11&ToYear=2020&Variable=Issuer,1620599552,18:32:32,20210509
30,2013-07-31,VLNS.TO,CAD,2013-07-31,2013-07-31,Q3,0.0,0.0,0.0,0.0,0.0,234601.0,1667.0,0.0,236659.0,236659.0,1249.0,391.0,-236268.0,0.0,-236659.0,0.0,-2428.0,-239978.0,0.0,0.0,-239978.0,0.0,-0.144505,-0.144505,1660688.0,1660688.0,https://www.sedar.com/ModifyCompanyDocumentSearchForm.do?lang=EN&company_search=THE VALENS COMPANYINC&document_selection=0&industry_group=A&FromDate=13&FromMonth=05&FromYear=2000&ToDate=13&ToMonth=11&ToYear=2020&Variable=Issuer,https://www.sedar.com/ModifyCompanyDocumentSearchForm.do?lang=EN&company_search=THE VALENS COMPANYINC&document_selection=0&industry_group=A&FromDate=13&FromMonth=05&FromYear=2000&ToDate=13&ToMonth=11&ToYear=2020&Variable=Issuer,1620599552,18:32:32,20210509
31,2013-04-30,VLNS.TO,CAD,2013-04-30,2013-04-30,Q2,0.0,0.0,0.0,0.0,0.0,573306.0,1561.0,0.0,635403.0,635403.0,1218.0,0.0,-636738.0,0.0,-635403.0,0.0,31837.0,-606119.0,0.0,0.0,-606119.0,0.0,-0.0047325199322751635,-0.0047325199322751635,128075319.0,128075319.0,https://www.sedar.com/ModifyCompanyDocumentSearchForm.do?lang=EN&company_search=THE VALENS COMPANYINC&document_selection=0&industry_group=A&FromDate=13&FromMonth=05&FromYear=2000&ToDate=13&ToMonth=11&ToYear=2020&Variable=Issuer,https://www.sedar.com/ModifyCompanyDocumentSearchForm.do?lang=EN&company_search=THE VALENS COMPANYINC&document_selection=0&industry_group=A&FromDate=13&FromMonth=05&FromYear=2000&ToDate=13&ToMonth=11&ToYear=2020&Variable=Issuer,1620599552,18:32:32,20210509
32,2013-01-31,VLNS.TO,CAD,2013-01-31,2013-01-31,Q1,0.0,0.0,0.0,0.0,0.0,448392.0,3855.0,0.0,584823.0,584823.0,1220.0,0.0,-583815.0,0.0,-584823.0,0.0,-3609.0,-588644.0,0.0,0.0,-588644.0,0.0,-0.3,-0.3,1438605.0,1438605.0,https://www.sedar.com/ModifyCompanyDocumentSearchForm.do?lang=EN&company_search=THE VALENS COMPANYINC&document_selection=0&industry_group=A&FromDate=13&FromMonth=05&FromYear=2000&ToDate=13&ToMonth=11&ToYear=2020&Variable=Issuer,https://www.sedar.com/ModifyCompanyDocumentSearchForm.do?lang=EN&company_search=THE VALENS COMPANYINC&document_selection=0&industry_group=A&FromDate=13&FromMonth=05&FromYear=2000&ToDate=13&ToMonth=11&ToYear=2020&Variable=Issuer,1620599552,18:32:32,20210509
33,2012-10-31,VLNS.TO,CAD,2012-10-31,2012-10-31,Q4,0.0,0.0,0.0,0.0,0.0,461857.0,0.0,0.0,461857.0,461857.0,6230.0,0.0,-461530.0,0.0,-461857.0,0.0,52296.0,-415464.0,0.0,0.0,-415464.0,0.0,-0.3,-0.3,1374438.0,1374438.0,https://www.sedar.com/ModifyCompanyDocumentSearchForm.do?lang=EN&company_search=THE VALENS COMPANYINC&document_selection=0&industry_group=A&FromDate=13&FromMonth=05&FromYear=2000&ToDate=13&ToMonth=11&ToYear=2020&Variable=Issuer,https://www.sedar.com/ModifyCompanyDocumentSearchForm.do?lang=EN&company_search=THE VALENS COMPANYINC&document_selection=0&industry_group=A&FromDate=13&FromMonth=05&FromYear=2000&ToDate=13&ToMonth=11&ToYear=2020&Variable=Issuer,1620599552,18:32:32,20210509
34,2012-07-31,VLNS.TO,CAD,2012-07-31,2012-07-31,Q3,0.0,0.0,0.0,0.0,27397.0,100204.0,0.0,0.0,127601.0,127601.0,129.0,0.0,-127601.0,0.0,-127601.0,0.0,31189.0,-96541.0,0.0,0.0,-96541.0,0.0,-0.15,-0.15,726772.0,726772.0,https://www.sedar.com/ModifyCompanyDocumentSearchForm.do?lang=EN&company_search=THE VALENS COMPANYINC&document_selection=0&industry_group=A&FromDate=13&FromMonth=05&FromYear=2000&ToDate=13&ToMonth=11&ToYear=2020&Variable=Issuer,https://www.sedar.com/ModifyCompanyDocumentSearchForm.do?lang=EN&company_search=THE VALENS COMPANYINC&document_selection=0&industry_group=A&FromDate=13&FromMonth=05&FromYear=2000&ToDate=13&ToMonth=11&ToYear=2020&Variable=Issuer,1620599552,18:32:32,20210509
35,2012-04-30,VLNS.TO,CAD,2012-04-30,2012-04-30,Q2,0.0,0.0,0.0,0.0,0.0,52110.0,0.0,34520.0,52110.0,52110.0,2250.0,0.0,-52110.0,0.0,-52110.0,0.0,7882.0,0.0,0.0,0.0,-46901.0,0.0,-0.0003661985803837818,-0.0003661985803837818,128075319.0,128075319.0,https://www.sedar.com/ModifyCompanyDocumentSearchForm.do?lang=EN&company_search=THE VALENS COMPANYINC&document_selection=0&industry_group=A&FromDate=13&FromMonth=05&FromYear=2000&ToDate=13&ToMonth=11&ToYear=2020&Variable=Issuer,https://www.sedar.com/ModifyCompanyDocumentSearchForm.do?lang=EN&company_search=THE VALENS COMPANYINC&document_selection=0&industry_group=A&FromDate=13&FromMonth=05&FromYear=2000&ToDate=13&ToMonth=11&ToYear=2020&Variable=Issuer,1620599552,18:32:32,20210509
36,2012-01-31,VLNS.TO,CAD,2012-01-31,2012-01-31,Q1,0.0,0.0,0.0,0.0,0.0,5182.0,0.0,0.0,5182.0,5182.0,78.0,0.0,-5182.0,0.0,-5182.0,0.0,0.0,0.0,0.0,0.0,-5250.0,0.0,-0.00722372353365292,-0.00722372353365292,726772.0,726772.0,https://www.sedar.com/ModifyCompanyDocumentSearchForm.do?lang=EN&company_search=THE VALENS COMPANYINC&document_selection=0&industry_group=A&FromDate=13&FromMonth=05&FromYear=2000&ToDate=13&ToMonth=11&ToYear=2020&Variable=Issuer,https://www.sedar.com/ModifyCompanyDocumentSearchForm.do?lang=EN&company_search=THE VALENS COMPANYINC&document_selection=0&industry_group=A&FromDate=13&FromMonth=05&FromYear=2000&ToDate=13&ToMonth=11&ToYear=2020&Variable=Issuer,1620599552,18:32:32,20210509
37,2011-10-31,VLNS.TO,CAD,2011-10-31,2011-10-31,Q4,0.0,0.0,0.0,0.0,0.0,17391.0,0.0,0.0,17391.0,17391.0,242.0,0.0,-17391.0,0.0,-17391.0,0.0,-6550.0,-24183.0,0.0,0.0,-24183.0,0.0,-0.016637255812513546,-0.016637255812513546,1453545.0,1453545.0,https://www.sedar.com/ModifyCompanyDocumentSearchForm.do?lang=EN&company_search=THE VALENS COMPANYINC&document_selection=0&industry_group=A&FromDate=13&FromMonth=05&FromYear=2000&ToDate=13&ToMonth=11&ToYear=2020&Variable=Issuer,https://www.sedar.com/ModifyCompanyDocumentSearchForm.do?lang=EN&company_search=THE VALENS COMPANYINC&document_selection=0&industry_group=A&FromDate=13&FromMonth=05&FromYear=2000&ToDate=13&ToMonth=11&ToYear=2020&Variable=Issuer,1620599552,18:32:32,20210509
38,2011-07-31,VLNS.TO,CAD,2011-07-31,2011-07-31,Q3,0.0,0.0,0.0,0.0,0.0,14030.0,0.0,0.0,14030.0,14030.0,525.0,0.0,-13607.0,0.0,-14030.0,0.0,0.0,-14132.0,0.0,0.0,-14132.0,0.0,-0.019444887805253917,-0.019444887805253917,726772.0,726772.0,https://www.sedar.com/ModifyCompanyDocumentSearchForm.do?lang=EN&company_search=THE VALENS COMPANYINC&document_selection=0&industry_group=A&FromDate=13&FromMonth=05&FromYear=2000&ToDate=13&ToMonth=11&ToYear=2020&Variable=Issuer,https://www.sedar.com/ModifyCompanyDocumentSearchForm.do?lang=EN&company_search=THE VALENS COMPANYINC&document_selection=0&industry_group=A&FromDate=13&FromMonth=05&FromYear=2000&ToDate=13&ToMonth=11&ToYear=2020&Variable=Issuer,1620599552,18:32:32,20210509
39,2011-04-30,VLNS.TO,CAD,2011-04-30,2011-04-30,Q2,0.0,0.0,0.0,0.0,0.0,74211.0,2299.0,0.0,76510.0,76510.0,1879.0,0.0,-681037.0,0.0,-76510.0,0.0,0.0,0.0,0.0,0.0,-683160.0,0.0,-0.005334048787338956,-0.005334048787338956,128075319.0,128075319.0,https://www.sedar.com/ModifyCompanyDocumentSearchForm.do?lang=EN&company_search=THE VALENS COMPANYINC&document_selection=0&industry_group=A&FromDate=13&FromMonth=05&FromYear=2000&ToDate=13&ToMonth=11&ToYear=2020&Variable=Issuer,https://www.sedar.com/ModifyCompanyDocumentSearchForm.do?lang=EN&company_search=THE VALENS COMPANYINC&document_selection=0&industry_group=A&FromDate=13&FromMonth=05&FromYear=2000&ToDate=13&ToMonth=11&ToYear=2020&Variable=Issuer,1620599552,18:32:32,20210509
40,2011-01-31,VLNS.TO,CAD,2011-01-31,2011-01-31,Q1,0.0,0.0,0.0,0.0,0.0,60042.0,2522.0,0.0,62564.0,62564.0,691.0,0.0,-62564.0,0.0,-62564.0,0.0,0.0,0.0,0.0,0.0,-63255.0,0.0,-0.15,-0.15,721332.0,721332.0,https://www.sedar.com/ModifyCompanyDocumentSearchForm.do?lang=EN&company_search=THE VALENS COMPANYINC&document_selection=0&industry_group=A&FromDate=13&FromMonth=05&FromYear=2000&ToDate=13&ToMonth=11&ToYear=2020&Variable=Issuer,https://www.sedar.com/ModifyCompanyDocumentSearchForm.do?lang=EN&company_search=THE VALENS COMPANYINC&document_selection=0&industry_group=A&FromDate=13&FromMonth=05&FromYear=2000&ToDate=13&ToMonth=11&ToYear=2020&Variable=Issuer,1620599552,18:32:32,20210509
41,2010-10-31,VLNS.TO,CAD,2010-10-31,2010-10-31,Q4,0.0,0.0,0.0,0.0,0.0,62838.0,3397.0,0.0,66235.0,66235.0,212.0,0.0,-66235.0,0.0,-66235.0,0.0,0.0,0.0,0.0,0.0,-66424.0,0.0,-0.15,-0.15,639746.0,639746.0,https://www.sedar.com/ModifyCompanyDocumentSearchForm.do?lang=EN&company_search=THE VALENS COMPANYINC&document_selection=0&industry_group=A&FromDate=13&FromMonth=05&FromYear=2000&ToDate=13&ToMonth=11&ToYear=2020&Variable=Issuer,https://www.sedar.com/ModifyCompanyDocumentSearchForm.do?lang=EN&company_search=THE VALENS COMPANYINC&document_selection=0&industry_group=A&FromDate=13&FromMonth=05&FromYear=2000&ToDate=13&ToMonth=11&ToYear=2020&Variable=Issuer,1620599552,18:32:32,20210509
42,2010-07-31,VLNS.TO,CAD,2010-07-31,2010-07-31,Q3,0.0,0.0,0.0,0.0,0.0,116387.0,3723.0,0.0,120110.0,120110.0,692.0,0.0,-119889.0,0.0,-120110.0,0.0,0.0,-120581.0,0.0,0.0,-120581.0,0.0,-0.075,-0.075,1442665.0,1442665.0,https://www.sedar.com/ModifyCompanyDocumentSearchForm.do?lang=EN&company_search=THE VALENS COMPANYINC&document_selection=0&industry_group=A&FromDate=13&FromMonth=05&FromYear=2000&ToDate=13&ToMonth=11&ToYear=2020&Variable=Issuer,https://www.sedar.com/ModifyCompanyDocumentSearchForm.do?lang=EN&company_search=THE VALENS COMPANYINC&document_selection=0&industry_group=A&FromDate=13&FromMonth=05&FromYear=2000&ToDate=13&ToMonth=11&ToYear=2020&Variable=Issuer,1620599552,18:32:32,20210509
43,2010-04-30,VLNS.TO,CAD,2010-04-30,2010-04-30,Q2,0.0,0.0,0.0,0.0,0.0,294530.0,0.0,0.0,297402.0,297402.0,0.0,0.0,-297402.0,0.0,-297402.0,0.0,0.0,0.0,0.0,0.0,-324069.0,0.0,-0.0025303001587682946,-0.0025303001587682946,128075319.0,128075319.0,https://www.sedar.com/ModifyCompanyDocumentSearchForm.do?lang=EN&company_search=THE VALENS COMPANYINC&document_selection=0&industry_group=A&FromDate=13&FromMonth=05&FromYear=2000&ToDate=13&ToMonth=11&ToYear=2020&Variable=Issuer,https://www.sedar.com/ModifyCompanyDocumentSearchForm.do?lang=EN&company_search=THE VALENS COMPANYINC&document_selection=0&industry_group=A&FromDate=13&FromMonth=05&FromYear=2000&ToDate=13&ToMonth=11&ToYear=2020&Variable=Issuer,1620599552,18:32:32,20210509
44,2010-01-31,VLNS.TO,CAD,2010-01-31,2010-01-31,Q1,0.0,0.0,0.0,0.0,0.0,141249.0,0.0,0.0,141249.0,141249.0,0.0,0.0,-141249.0,0.0,-141249.0,0.0,0.0,0.0,0.0,0.0,-141249.0,0.0,-0.3,-0.3,481411.0,481411.0,https://www.sedar.com/ModifyCompanyDocumentSearchForm.do?lang=EN&company_search=THE VALENS COMPANYINC&document_selection=0&industry_group=A&FromDate=13&FromMonth=05&FromYear=2000&ToDate=13&ToMonth=11&ToYear=2020&Variable=Issuer,https://www.sedar.com/ModifyCompanyDocumentSearchForm.do?lang=EN&company_search=THE VALENS COMPANYINC&document_selection=0&industry_group=A&FromDate=13&FromMonth=05&FromYear=2000&ToDate=13&ToMonth=11&ToYear=2020&Variable=Issuer,1620599552,18:32:32,20210509
45,2009-10-31,VLNS.TO,CAD,2009-10-31,2009-10-31,Q4,0.0,0.0,0.0,0.0,0.0,55677.0,0.0,0.0,55677.0,55677.0,0.0,0.0,-55677.0,0.0,-55677.0,0.0,0.0,0.0,0.0,0.0,-56667.0,0.0,-0.11587608965484805,-0.11587608965484805,489031.0,489031.0,https://www.sedar.com/ModifyCompanyDocumentSearchForm.do?lang=EN&company_search=THE VALENS COMPANYINC&document_selection=0&industry_group=A&FromDate=13&FromMonth=05&FromYear=2000&ToDate=13&ToMonth=11&ToYear=2020&Variable=Issuer,https://www.sedar.com/ModifyCompanyDocumentSearchForm.do?lang=EN&company_search=THE VALENS COMPANYINC&document_selection=0&industry_group=A&FromDate=13&FromMonth=05&FromYear=2000&ToDate=13&ToMonth=11&ToYear=2020&Variable=Issuer,1620599552,18:32:32,20210509
46,2009-07-31,VLNS.TO,CAD,2009-07-31,2009-07-31,Q3,0.0,0.0,0.0,0.0,0.0,15221.0,0.0,0.0,15221.0,15221.0,0.0,0.0,-15221.0,0.0,-15221.0,0.0,0.0,0.0,0.0,0.0,-14021.0,0.0,-0.029477619000565544,-0.029477619000565544,475649.0,475649.0,https://www.sedar.com/ModifyCompanyDocumentSearchForm.do?lang=EN&company_search=THE VALENS COMPANYINC&document_selection=0&industry_group=A&FromDate=13&FromMonth=05&FromYear=2000&ToDate=13&ToMonth=11&ToYear=2020&Variable=Issuer,https://www.sedar.com/ModifyCompanyDocumentSearchForm.do?lang=EN&company_search=THE VALENS COMPANYINC&document_selection=0&industry_group=A&FromDate=13&FromMonth=05&FromYear=2000&ToDate=13&ToMonth=11&ToYear=2020&Variable=Issuer,1620599552,18:32:32,20210509
47,2009-04-30,VLNS.TO,CAD,2009-04-30,2009-04-30,Q2,0.0,0.0,0.0,0.0,0.0,23139.0,0.0,0.0,23139.0,23139.0,0.0,0.0,-23139.0,0.0,-23139.0,0.0,0.0,0.0,0.0,0.0,-23249.0,0.0,-0.00018152599721418613,-0.00018152599721418613,128075319.0,128075319.0,https://www.sedar.com/ModifyCompanyDocumentSearchForm.do?lang=EN&company_search=THE VALENS COMPANYINC&document_selection=0&industry_group=A&FromDate=13&FromMonth=05&FromYear=2000&ToDate=13&ToMonth=11&ToYear=2020&Variable=Issuer,https://www.sedar.com/ModifyCompanyDocumentSearchForm.do?lang=EN&company_search=THE VALENS COMPANYINC&document_selection=0&industry_group=A&FromDate=13&FromMonth=05&FromYear=2000&ToDate=13&ToMonth=11&ToYear=2020&Variable=Issuer,1620599552,18:32:32,20210509
48,2009-01-31,VLNS.TO,CAD,2009-01-31,2009-01-31,Q1,0.0,0.0,0.0,0.0,0.0,5080.0,0.0,0.0,5080.0,5080.0,0.0,0.0,-5080.0,0.0,-5080.0,0.0,0.0,0.0,0.0,0.0,-4357.0,0.0,-0.010373834223414818,-0.010373834223414818,419999.0,419999.0,https://www.sedar.com/ModifyCompanyDocumentSearchForm.do?lang=EN&company_search=THE VALENS COMPANYINC&document_selection=0&industry_group=A&FromDate=13&FromMonth=05&FromYear=2000&ToDate=13&ToMonth=11&ToYear=2020&Variable=Issuer,https://www.sedar.com/ModifyCompanyDocumentSearchForm.do?lang=EN&company_search=THE VALENS COMPANYINC&document_selection=0&industry_group=A&FromDate=13&FromMonth=05&FromYear=2000&ToDate=13&ToMonth=11&ToYear=2020&Variable=Issuer,1620599552,18:32:32,20210509
49,2008-10-31,VLNS.TO,CAD,2008-10-31,2008-10-31,Q4,0.0,0.0,0.0,0.0,0.0,21806.0,0.0,0.0,21806.0,21806.0,0.0,0.0,-21806.0,0.0,-21806.0,0.0,0.0,0.0,0.0,0.0,-19954.0,0.0,-0.04771572390210074,-0.04771572390210074,418185.0,418185.0,https://www.sedar.com/ModifyCompanyDocumentSearchForm.do?lang=EN&company_search=THE VALENS COMPANYINC&document_selection=0&industry_group=A&FromDate=13&FromMonth=05&FromYear=2000&ToDate=13&ToMonth=11&ToYear=2020&Variable=Issuer,https://www.sedar.com/ModifyCompanyDocumentSearchForm.do?lang=EN&company_search=THE VALENS COMPANYINC&document_selection=0&industry_group=A&FromDate=13&FromMonth=05&FromYear=2000&ToDate=13&ToMonth=11&ToYear=2020&Variable=Issuer,1620599552,18:32:32,20210509
50,2008-07-31,VLNS.TO,CAD,2008-07-31,2008-07-31,Q3,0.0,0.0,0.0,0.0,0.0,166578.0,0.0,0.0,166578.0,166578.0,0.0,0.0,-166578.0,0.0,-166578.0,0.0,0.0,0.0,0.0,0.0,-165036.0,0.0,-0.600001,-0.600001,306444.0,306444.0,https://www.sedar.com/ModifyCompanyDocumentSearchForm.do?lang=EN&company_search=THE VALENS COMPANYINC&document_selection=0&industry_group=A&FromDate=13&FromMonth=05&FromYear=2000&ToDate=13&ToMonth=11&ToYear=2020&Variable=Issuer,https://www.sedar.com/ModifyCompanyDocumentSearchForm.do?lang=EN&company_search=THE VALENS COMPANYINC&document_selection=0&industry_group=A&FromDate=13&FromMonth=05&FromYear=2000&ToDate=13&ToMonth=11&ToYear=2020&Variable=Issuer,1620599552,18:32:32,20210509
51,2008-04-30,VLNS.TO,CAD,2008-04-30,2008-04-30,Q2,0.0,0.0,0.0,0.0,0.0,15155.0,0.0,0.0,15155.0,15155.0,0.0,0.0,-15155.0,0.0,-15155.0,0.0,0.0,0.0,0.0,0.0,-13040.0,0.0,-0.0001018150889790093,-0.0001018150889790093,128075319.0,128075319.0,https://www.sedar.com/ModifyCompanyDocumentSearchForm.do?lang=EN&company_search=THE VALENS COMPANYINC&document_selection=0&industry_group=A&FromDate=13&FromMonth=05&FromYear=2000&ToDate=13&ToMonth=11&ToYear=2020&Variable=Issuer,https://www.sedar.com/ModifyCompanyDocumentSearchForm.do?lang=EN&company_search=THE VALENS COMPANYINC&document_selection=0&industry_group=A&FromDate=13&FromMonth=05&FromYear=2000&ToDate=13&ToMonth=11&ToYear=2020&Variable=Issuer,1620599552,18:32:32,20210509
52,2008-01-31,VLNS.TO,CAD,2008-01-31,2008-01-31,Q1,0.0,0.0,0.0,0.0,0.0,5225.0,0.0,0.0,5225.0,5225.0,0.0,0.0,-5225.0,0.0,-5225.0,0.0,0.0,0.0,0.0,0.0,-2876.0,0.0,-0.006848,-0.006848,419999.0,419999.0,https://www.sedar.com/ModifyCompanyDocumentSearchForm.do?lang=EN&company_search=THE VALENS COMPANYINC&document_selection=0&industry_group=A&FromDate=13&FromMonth=05&FromYear=2000&ToDate=13&ToMonth=11&ToYear=2020&Variable=Issuer,https://www.sedar.com/ModifyCompanyDocumentSearchForm.do?lang=EN&company_search=THE VALENS COMPANYINC&document_selection=0&industry_group=A&FromDate=13&FromMonth=05&FromYear=2000&ToDate=13&ToMonth=11&ToYear=2020&Variable=Issuer,1620599552,18:32:32,20210509
53,2007-10-31,VLNS.TO,CAD,2007-10-31,2007-10-31,Q4,0.0,0.0,0.0,0.0,0.0,24867.0,0.0,0.0,24867.0,24867.0,0.0,0.0,-24867.0,0.0,-24867.0,0.0,0.0,0.0,0.0,0.0,-22491.0,0.0,-0.05355,-0.05355,419999.0,419999.0,https://www.sedar.com/ModifyCompanyDocumentSearchForm.do?lang=EN&company_search=THE VALENS COMPANYINC&document_selection=0&industry_group=A&FromDate=13&FromMonth=05&FromYear=2000&ToDate=13&ToMonth=11&ToYear=2020&Variable=Issuer,https://www.sedar.com/ModifyCompanyDocumentSearchForm.do?lang=EN&company_search=THE VALENS COMPANYINC&document_selection=0&industry_group=A&FromDate=13&FromMonth=05&FromYear=2000&ToDate=13&ToMonth=11&ToYear=2020&Variable=Issuer,1620599552,18:32:32,20210509
54,2007-07-31,VLNS.TO,CAD,2007-07-31,2007-07-31,Q3,0.0,0.0,0.0,0.0,0.0,11163.0,0.0,0.0,11163.0,11163.0,0.0,0.0,-11163.0,0.0,-11163.0,0.0,0.0,0.0,0.0,0.0,-11163.0,0.0,-0.026579,-0.026579,419999.0,419999.0,https://www.sedar.com/ModifyCompanyDocumentSearchForm.do?lang=EN&company_search=THE VALENS COMPANYINC&document_selection=0&industry_group=A&FromDate=13&FromMonth=05&FromYear=2000&ToDate=13&ToMonth=11&ToYear=2020&Variable=Issuer,https://www.sedar.com/ModifyCompanyDocumentSearchForm.do?lang=EN&company_search=THE VALENS COMPANYINC&document_selection=0&industry_group=A&FromDate=13&FromMonth=05&FromYear=2000&ToDate=13&ToMonth=11&ToYear=2020&Variable=Issuer,1620599552,18:32:32,20210509
