,date,symbol,reportedCurrency,fillingDate,acceptedDate,period,revenue,costOfRevenue,grossProfit,grossProfitRatio,researchAndDevelopmentExpenses,generalAndAdministrativeExpenses,sellingAndMarketingExpenses,otherExpenses,operatingExpenses,costAndExpenses,interestExpense,depreciationAndAmortization,ebitda,ebitdaratio,operatingIncome,operatingIncomeRatio,totalOtherIncomeExpensesNet,incomeBeforeTax,incomeBeforeTaxRatio,incomeTaxExpense,netIncome,netIncomeRatio,eps,epsdiluted,weightedAverageShsOut,weightedAverageShsOutDil,link,finalLink,timestamp,est_time,est_date
0,2021-03-31,GLAD,USD,2021-05-04,2021-05-04 16:08:17,Q2,23748000.0,0.0,0.0,0.0,0.0,1951000.0,0.0,0.0,0.0,0.0,2822000.0,0.0,0.0,0.0,0.0,0.8968755263601146,0.0,21299000.0,0.8968755263601146,0.0,21299000.0,0.8968755263601146,0.65,0.65,32765980,32765980,https://www.sec.gov/Archives/edgar/data/1143513/000119312521150008/0001193125-21-150008-index.htm,https://www.sec.gov/Archives/edgar/data/1143513/000119312521150008/d172091d10q.htm,1620592580,16:36:20,20210509
1,2020-09-30,GLAD,USD,2020-11-10,2020-11-10,Q4,43443000.0,0.0,43443.0,1.0,0.0,1219000.0,0.0,1219.0,1219.0,1219000.0,-9991000.0,0.0,0.0,0.0,42224.0,0.971940243537509,863.0,0.0,0.0,0.0,0.0,0.0,0.81,0.81,31192640,31192640,https://www.sec.gov/Archives/edgar/data/1143513/000119312520290152/0001193125-20-290152-index.htm,https://www.sec.gov/Archives/edgar/data/1143513/000119312520290152/d771405d10k.htm,1620592580,16:36:20,20210509
2,2020-06-30,GLAD,USD,2020-07-29 00:00:00,2020-07-29 16:12:47,Q3,11729000.0,8034000.0,3695000.0,0.3150311194475232,0.0,280000.0,0.0,-2668000.0,-2388000.000000001,5645999.999999999,8874000.0,0.0,23831000.0,2.031802,6083000.0,0.518629039133771,0.0,14957000.0,1.2752152783698525,0.0,14957000.0,1.2752152783698525,0.4795,0.4795,31192640,31192640,https://www.sec.gov/Archives/edgar/data/1143513/000119312520202539/0001193125-20-202539-index.htm,https://www.sec.gov/Archives/edgar/data/1143513/000119312520202539/d901194d10q.htm,1620592580,16:36:20,20210509
3,2020-03-31,GLAD,USD,2020-05-04 00:00:00,2020-05-04 16:06:47,Q2,11492000.0,8080000.0,3412000.0,0.29690219282979463,0.0,313000.0,0.0,-3448000.0,-3135000.0,4945000.0,-34322000.0,0.0,-62097000.0,-5.403498,6547000.0,0.5697006613296206,0.0,-27775000.0,-2.416898712147581,0.0,-27775000.0,-2.416898712147581,-0.89178,-0.89178,31145480,31145480,https://www.sec.gov/Archives/edgar/data/1143513/000119312520132386/0001193125-20-132386-index.html,https://www.sec.gov/Archives/edgar/data/1143513/000119312520132386/d911144d10q.htm,1620592580,16:36:20,20210509
4,2019-12-31,GLAD,USD,2020-02-05 00:00:00,2020-02-05 16:02:35,Q1,12159000.0,8103000.0,4056000.0,0.33358006415001235,0.0,346000.0,0.0,-2716000.0,-2361000.0,5742000.0,-5719000.0,0.0,-5021000.0,-0.412945,6417000.0,0.5277572168763879,0.0,698000.0,0.05740603668064808,0.0,698000.0,0.05740603668064808,0.02288,0.02288,30513530,30513530,https://www.sec.gov/Archives/edgar/data/1143513/000119312520025342/0001193125-20-025342-index.html,https://www.sec.gov/Archives/edgar/data/1143513/000119312520025342/d866830d10q.htm,1620592580,16:36:20,20210509
5,2019-09-30,GLAD,USD,2019-11-13 00:00:00,2019-11-13 16:06:08,Q4,12718000.0,7440000.0,5278000.0,0.4150023588614562,0.0,289000.0,0.0,-2152000.0,-1086000.0000000002,6354000.0,-973000.0,0.0,4418000.0,0.347382,6364000.0,0.5003931435760339,0.0,5391000.0,0.42388740367982386,0.0,5391000.0,0.42388740367982386,0.17705,0.17705,30449270,30449270,https://www.sec.gov/Archives/edgar/data/1143513/000119312519290988/0001193125-19-290988-index.html,https://www.sec.gov/Archives/edgar/data/1143513/000119312519290988/d829426d10k.htm,1620592580,16:36:20,20210509
6,2019-06-30,GLAD,USD,2019-08-05,2019-08-05,Q3,12886000.0,7511000.0,5375000.0,0.41711935433804126,0.0,303000.0,0.0,-1917000.0,-838000.0000000001,6673000.0,2643000.0,0.0,11499000.0,0.892364,6213000.0,0.48215117181437217,0.0,8856000.0,0.6872574887474778,0.0,8856000.0,0.6872574887474778,0.30029,0.30029,29491290,29491290,https://www.sec.gov/Archives/edgar/data/1143513/000119312519212962/0001193125-19-212962-index.htm,https://www.sec.gov/Archives/edgar/data/1143513/000119312519212962/d780771d10q.htm,1620592580,16:36:20,20210509
7,2019-03-31,GLAD,USD,2019-05-01 00:00:00,2019-05-01 16:02:58,Q2,12522000.0,7410000.0,5112000.0,0.4082414949688548,0.0,272000.0,0.0,-1953000.0,-905000.0000000002,6505000.0,3313000.0,0.0,12643000.0,1.009663,6017000.0,0.4805142948410797,0.0,9330000.0,0.7450886439865836,0.0,9330000.0,0.7450886439865836,0.32584,0.32584,28634010,28634010,https://www.sec.gov/Archives/edgar/data/1143513/000119312519132896/0001193125-19-132896-index.html,https://www.sec.gov/Archives/edgar/data/1143513/000119312519132896/d734698d10q.htm,1620592580,16:36:20,20210509
8,2018-12-31,GLAD,USD,2019-02-06 00:00:00,2019-02-06 16:02:35,Q1,11909000.0,7260000.0,4649000.0,0.3903770257788227,0.0,323000.0,0.0,-2436000.0,-1336999.9999999998,5923000.0,-9694000.0,0.0,-13402000.0,-1.125367,5986000.0,0.5026450583592241,0.0,-3708000.0,-0.3113611554286674,0.0,-3708000.0,-0.3113611554286674,-0.13008,-0.13008,28504720,28504720,https://www.sec.gov/Archives/edgar/data/1143513/000119312519029519/0001193125-19-029519-index.html,https://www.sec.gov/Archives/edgar/data/1143513/000119312519029519/d625326d10q.htm,1620592580,16:36:20,20210509
9,2018-09-30,GLAD,USD,2018-11-14 00:00:00,2018-11-14 17:04:40,Q4,11260000.0,6560000.0,4700000.0,0.41740674955595025,0.0,260000.0,0.0,-2240000.0,-1199999.9999999993,5360000.000000001,-15810000.0,0.0,-25720000.0,-2.284192,5900000.0,0.5239786856127886,-2240000.0,-9910000.0,-0.8801065719360568,0.0,-9910000.0,-0.8801065719360568,-0.3533,-0.3533,28050000,28050000,https://www.sec.gov/Archives/edgar/data/1143513/000119312518326819/0001193125-18-326819-index.html,https://www.sec.gov/Archives/edgar/data/1143513/000119312518326819/d624799d10k.htm,1620592580,16:36:20,20210509
10,2018-06-30,GLAD,USD,2018-07-31 00:00:00,2018-07-31 16:10:13,Q3,12380000.0,6900000.0,5480000.0,0.44264943457189015,0.0,270000.0,0.0,-1560000.0,-520000.0000000005,6379999.999999999,6100000.0,0.0,18190000.0,1.469305,6000000.0,0.48465266558966075,-1560000.0,12090000.0,0.9765751211631664,0.0,12090000.0,0.9765751211631664,0.44563,0.44563,27130000,27130000,https://www.sec.gov/Archives/edgar/data/1143513/000119312518233168/0001193125-18-233168-index.html,https://www.sec.gov/Archives/edgar/data/1143513/000119312518233168/d581636d10q.htm,1620592580,16:36:20,20210509
11,2018-03-31,GLAD,USD,2018-05-02 00:00:00,2018-05-02 16:29:04,Q2,11090000.0,6730000.0,4360000.0,0.3931469792605951,0.0,270000.0,0.0,-2300000.0,-1260000.0000000007,5469999.999999999,3690000.0,0.0,12990000.0,1.171326,5610000.0,0.5058611361587015,-2300000.0,9300000.0,0.8385933273219116,0.0,9300000.0,0.8385933273219116,0.34818,0.34818,26710000,26710000,https://www.sec.gov/Archives/edgar/data/1143513/000119312518148736/0001193125-18-148736-index.html,https://www.sec.gov/Archives/edgar/data/1143513/000119312518148736/d579179d10q.htm,1620592580,16:36:20,20210509
12,2017-12-31,GLAD,USD,2018-02-05 00:00:00,2018-02-05 16:08:00,Q1,10860000.0,6240000.0,4620000.0,0.425414364640884,0.0,290000.0,0.0,-2030000.0,-960000.0,5280000.0,1580000.0,0.0,8740000.0,0.804788,5580000.0,0.5138121546961326,-2030000.0,7160000.0,0.6593001841620626,0.0,7160000.0,0.6593001841620626,0.26998,0.26998,26520000,26520000,https://www.sec.gov/Archives/edgar/data/1143513/000119312518032136/0001193125-18-032136-index.html,https://www.sec.gov/Archives/edgar/data/1143513/000119312518032136/d513281d10q.htm,1620592580,16:36:20,20210509
13,2017-09-30,GLAD,USD,2017-11-20 00:00:00,2017-11-20 17:00:28,Q4,10830000.0,5710000.0,5130000.0,0.47368421052631576,0.0,340000.0,0.0,-1770000.0,-360000.0000000003,5350000.0,-40000.0,0.0,5410000.0,0.499538,5490000.0,0.5069252077562327,-1770000.0,5450000.0,0.5032317636195752,0.0,5450000.0,0.5032317636195752,0.20865,0.20865,26120000,26120000,https://www.sec.gov/Archives/edgar/data/1143513/000119312517348201/0001193125-17-348201-index.html,https://www.sec.gov/Archives/edgar/data/1143513/000119312517348201/d497536d10k.htm,1620592580,16:36:20,20210509
14,2017-06-30,GLAD,USD,2017-08-02 00:00:00,2017-08-02 16:08:06,Q3,9630000.0,5340000.0,4290000.0,0.4454828660436137,0.0,230000.0,0.0,-2350000.0,-1090000.0,4250000.0,780000.0,0.0,6940000.0,0.720665,5380000.0,0.5586708203530634,-2350000.0,6160000.0,0.6396677050882659,0.0,6160000.0,0.6396677050882659,0.24081,0.24081,25580000,25580000,https://www.sec.gov/Archives/edgar/data/1143513/000119312517245799/0001193125-17-245799-index.html,https://www.sec.gov/Archives/edgar/data/1143513/000119312517245799/d388097d10q.htm,1620592580,16:36:20,20210509
15,2017-03-31,GLAD,USD,2017-05-03 00:00:00,2017-05-03 16:09:01,Q2,8790000.0,4740000.0,4060000.0,0.46188850967007966,0.0,140000.0,0.0,-2480000.0,-1310000.0,3430000.0,-700000.0,0.0,3960000.0,0.450512,5360000.0,0.6097838452787259,-2480000.0,4660000.0,0.5301478953356087,0.0,4660000.0,0.5301478953356087,0.1826,0.1826,25520000,25520000,https://www.sec.gov/Archives/edgar/data/1143513/000119312517156200/0001193125-17-156200-index.html,https://www.sec.gov/Archives/edgar/data/1143513/000119312517156200/d387624d10q.htm,1620592580,16:36:20,20210509
16,2016-12-31,GLAD,USD,2017-02-08 00:00:00,2017-02-08 16:03:05,Q1,9970000.0,5020000.0,4960000.0,0.4974924774322969,0.0,400000.0,0.0,-1680000.0,-250000.0,4770000.0,-4290000.0,0.0,-3370000.0,-0.338014,5210000.0,0.522567703109328,-1680000.0,920000.0,0.09227683049147442,0.0,920000.0,0.09227683049147442,0.03713,0.03713,24780000,24780000,https://www.sec.gov/Archives/edgar/data/1143513/000119312517034604/0001193125-17-034604-index.html,https://www.sec.gov/Archives/edgar/data/1143513/000119312517034604/d333906d10q.htm,1620592580,16:36:20,20210509
17,2016-09-30,GLAD,USD,2016-11-21 00:00:00,2016-11-21 16:51:07,Q4,9750000.0,5160000.0,4590000.0,0.4707692307692308,0.0,240000.0,0.0,-1580000.0,-310000.0000000005,4849999.999999999,15790000.0,0.0,36490000.0,3.742564,4900000.0,0.5025641025641026,-1580000.0,20700000.0,2.123076923076923,0.0,20700000.0,2.123076923076923,0.88575,0.88575,23370000,23370000,https://www.sec.gov/Archives/edgar/data/1143513/000119312516773798/0001193125-16-773798-index.html,https://www.sec.gov/Archives/edgar/data/1143513/000119312516773798/d263060d10k.htm,1620592580,16:36:20,20210509
18,2016-06-30,GLAD,USD,2016-06-30,2016-06-30,Q3,9840000.0,4870000.0,4970000.0,0.5050813008130082,0.0,430000.0,0.0,-1390000.0,70000.00000000028,4940000.0,610000.0,0.0,6130000.0,0.622967,4910000.0,0.49898373983739835,-1390000.0,5520000.0,0.5609756097560976,0.0,5520000.0,0.5609756097560976,0.2363,0.2363,23360000,23360000,,,1620592580,16:36:20,20210509
19,2016-03-31,GLAD,USD,2016-05-04 00:00:00,2016-05-04 16:38:38,Q2,9460000.0,4940000.0,4520000.0,0.47780126849894294,0.0,390000.0,0.0,-1820000.0,-400000.00000000035,4540000.0,-11060000.0,0.0,-17200000.0,-1.818182,4920000.0,0.5200845665961945,-1820000.0,-6140000.0,-0.6490486257928119,0.0,-6140000.0,-0.6490486257928119,-0.26228,-0.26228,23410000,23410000,https://www.sec.gov/Archives/edgar/data/1143513/000119312516577741/0001193125-16-577741-index.html,https://www.sec.gov/Archives/edgar/data/1143513/000119312516577741/d194139d10q.htm,1620592580,16:36:20,20210509
20,2015-12-31,GLAD,USD,2016-02-08 00:00:00,2016-02-08 16:40:40,Q1,10060000.0,5380000.0,4680000.0,0.46520874751491054,0.0,280000.0,0.0,-1390000.0,-80000.00000000007,5300000.0,-13460000.0,0.0,-22160000.0,-2.202783,4760000.0,0.4731610337972167,-1390000.0,-8700000.0,-0.8648111332007953,0.0,-8700000.0,-0.8648111332007953,-0.38343,-0.38343,22690000,22690000,https://www.sec.gov/Archives/edgar/data/1143513/000119312516453914/0001193125-16-453914-index.html,https://www.sec.gov/Archives/edgar/data/1143513/000119312516453914/d121685d10q.htm,1620592580,16:36:20,20210509
21,2015-09-30,GLAD,USD,2015-11-23 00:00:00,2015-11-23 17:31:17,Q4,10170000.0,5550000.0,4620000.0,0.45427728613569324,0.0,300000.0,0.0,-2180000.0,-859999.9999999994,4690000.000000001,-10180000.0,0.0,-14880000.0,-1.463127,5480000.0,0.5388397246804326,-2180000.0,-4700000.0,-0.46214355948869223,0.0,-4700000.0,-0.46214355948869223,-0.22243,-0.22243,21130000,21130000,https://www.sec.gov/Archives/edgar/data/1143513/000119312515385459/0001193125-15-385459-index.html,https://www.sec.gov/Archives/edgar/data/1143513/000119312515385459/d39091d10k.htm,1620592580,16:36:20,20210509
22,2015-06-30,GLAD,USD,2015-07-29 00:00:00,2015-07-29 16:52:54,Q3,9940000.0,5730000.0,4200000.0,0.4225352112676056,0.0,220000.0,0.0,-1880000.0,-630000.0000000008,5099999.999999999,-1530000.0,0.0,1780000.0,0.179074,4840000.0,0.4869215291750503,-1880000.0,3310000.0,0.3329979879275654,0.0,3310000.0,0.3329979879275654,0.15672,0.15672,21120000,21120000,https://www.sec.gov/Archives/edgar/data/1143513/000119312515268411/0001193125-15-268411-index.html,https://www.sec.gov/Archives/edgar/data/1143513/000119312515268411/d96552d10q.htm,1620592580,16:36:20,20210509
23,2015-03-31,GLAD,USD,2015-05-06 00:00:00,2015-05-06 16:48:01,Q2,9220000.0,5480000.0,3740000.0,0.40563991323210413,0.0,410000.0,0.0,-1390000.0,49999.99999999982,5530000.0,5850000.0,0.0,15390000.0,1.669197,3690000.0,0.4002169197396963,-1390000.0,9540000.0,1.03470715835141,0.0,9540000.0,1.03470715835141,0.45407,0.45407,21010000,21010000,https://www.sec.gov/Archives/edgar/data/1143513/000119312515174705/0001193125-15-174705-index.html,https://www.sec.gov/Archives/edgar/data/1143513/000119312515174705/d918288d10q.htm,1620592580,16:36:20,20210509
24,2014-12-31,GLAD,USD,2014-12-31,2014-12-31,Q1,8730000.0,4150000.0,4570000.0,0.5234822451317297,0.0,260000.0,0.0,-410000.0,889999.9999999997,5040000.0,-3360000.0,0.0,-3030000.0,-0.347079,3690000.0,0.422680412371134,-410000.0,330000.0,0.037800687285223365,0.0,330000.0,0.037800687285223365,0.01571,0.01571,21000000,21000000,,,1620592580,16:36:20,20210509
25,2014-09-30,GLAD,USD,2014-11-12 00:00:00,2014-11-12 16:53:40,Q4,8680000.0,3800000.0,4880000.0,0.5622119815668203,0.0,260000.0,0.0,-820000.0,469999.99999999977,4270000.0,18590000.0,0.0,41590000.0,4.791475,4410000.0,0.5080645161290323,-820000.0,23000000.0,2.6497695852534564,0.0,23000000.0,2.6497695852534564,1.09524,1.09524,21000000,21000000,https://www.sec.gov/Archives/edgar/data/1143513/000119312514409449/0001193125-14-409449-index.html,https://www.sec.gov/Archives/edgar/data/1143513/000119312514409449/d818749d10k.htm,1620592580,16:36:20,20210509
26,2014-06-30,GLAD,USD,2014-07-30 00:00:00,2014-07-30 16:27:10,Q3,10180000.0,4070000.0,6110000.0,0.600196463654224,0.0,180000.0,0.0,-70000.0,2340000.0,6410000.0,-23940000.0,0.0,-44120000.0,-4.333988,3770000.0,0.3703339882121807,-70000.0,-20180000.0,-1.9823182711198428,0.0,-20180000.0,-1.9823182711198428,-0.96095,-0.96095,21000000,21000000,https://www.sec.gov/Archives/edgar/data/1143513/000119312514286972/0001193125-14-286972-index.html,https://www.sec.gov/Archives/edgar/data/1143513/000119312514286972/d755362d10q.htm,1620592580,16:36:20,20210509
27,2014-03-31,GLAD,USD,2014-04-30 00:00:00,2014-04-30 16:16:02,Q2,9330000.0,4160000.0,5170000.0,0.5541264737406216,0.0,330000.0,0.0,-330000.0,689999.9999999995,4849999.999999999,-6590000.0,0.0,-8690000.0,-0.931404,4490000.0,0.4812433011789925,-330000.0,-2100000.0,-0.22508038585209003,0.0,-2100000.0,-0.22508038585209003,-0.1,-0.1,21000000,21000000,https://www.sec.gov/Archives/edgar/data/1143513/000119312514172127/0001193125-14-172127-index.html,https://www.sec.gov/Archives/edgar/data/1143513/000119312514172127/d716207d10q.htm,1620592580,16:36:20,20210509
28,2013-12-31,GLAD,USD,2013-12-31,2013-12-31,Q1,8390000.0,3850000.0,4540000.0,0.5411203814064363,0.0,320000.0,0.0,-880000.0,129999.9999999999,3980000.0,6100000.0,0.0,16610000.0,1.979738,4410000.0,0.5256257449344458,-880000.0,10510000.0,1.2526817640047676,0.0,10510000.0,1.2526817640047676,0.50048,0.50048,21000000,21000000,,,1620592580,16:36:20,20210509
29,2013-09-30,GLAD,USD,2013-11-20 00:00:00,2013-11-19 19:14:10,Q4,9350000.0,3810000.0,5540000.0,0.5925133689839572,0.0,270000.0,0.0,-130000.0,840000.0000000003,4650000.0,23970000.0,0.0,52650000.0,5.631016,4710000.0,0.5037433155080214,-130000.0,28680000.0,3.067379679144385,0.0,28680000.0,3.067379679144385,1.36571,1.36571,21000000,21000000,https://www.sec.gov/Archives/edgar/data/1143513/000119312513447194/0001193125-13-447194-index.html,https://www.sec.gov/Archives/edgar/data/1143513/000119312513447194/d631347d10k.htm,1620592580,16:36:20,20210509
30,2013-06-30,GLAD,USD,2013-07-31 00:00:00,2013-07-31 16:15:57,Q3,8550000.0,3810000.0,4740000.0,0.5543859649122806,0.0,200000.0,0.0,-560000.0,329999.9999999996,4139999.9999999995,-6470000.0,0.0,-8530000.0,-0.997661,4410000.0,0.5157894736842106,-560000.0,-2060000.0,-0.2409356725146199,0.0,-2060000.0,-0.2409356725146199,-0.0981,-0.0981,21000000,21000000,https://www.sec.gov/Archives/edgar/data/1143513/000119312513312582/0001193125-13-312582-index.html,https://www.sec.gov/Archives/edgar/data/1143513/000119312513312582/d542864d10q.htm,1620592580,16:36:20,20210509
31,2013-03-31,GLAD,USD,2013-04-30 00:00:00,2013-04-30 16:31:03,Q2,8420000.0,3730000.0,4700000.0,0.5581947743467933,0.0,240000.0,0.0,-640000.0,279999.9999999998,4010000.0,-7170000.0,0.0,-9930000.0,-1.179335,4410000.0,0.5237529691211401,-640000.0,-2760000.0,-0.32779097387173395,0.0,-2760000.0,-0.32779097387173395,-0.13143,-0.13143,21000000,21000000,https://www.sec.gov/Archives/edgar/data/1143513/000119312513187441/0001193125-13-187441-index.html,https://www.sec.gov/Archives/edgar/data/1143513/000119312513187441/d527748d10q.htm,1620592580,16:36:20,20210509
32,2012-12-31,GLAD,USD,2013-01-29 00:00:00,2013-01-29 16:30:48,Q1,9830000.0,4170000.0,5660000.0,0.5757884028484231,0.0,320000.0,0.0,-200000.0,799999.9999999998,4970000.0,3510000.0,0.0,11880000.0,1.208545,4860000.0,0.49440488301119023,-200000.0,8370000.0,0.8514750762970499,0.0,8370000.0,0.8514750762970499,0.39857,0.39857,21000000,21000000,https://www.sec.gov/Archives/edgar/data/1143513/000119312513028190/0001193125-13-028190-index.html,https://www.sec.gov/Archives/edgar/data/1143513/000119312513028190/d475115d10q.htm,1620592580,16:36:20,20210509
33,2012-09-30,GLAD,USD,2012-11-13 00:00:00,2012-11-13 06:30:16,Q4,10050000.0,4570000.0,5470000.0,0.5442786069651742,0.0,340000.0,0.0,-90000.0,929999.9999999997,5500000.0,920000.0,0.0,6380000.0,0.634826,4540000.0,0.45174129353233833,-90000.0,5460000.0,0.5432835820895522,0.0,5460000.0,0.5432835820895522,0.26,0.26,21000000,21000000,https://www.sec.gov/Archives/edgar/data/1143513/000119312512465358/0001193125-12-465358-index.html,https://www.sec.gov/Archives/edgar/data/1143513/000119312512465358/d437787d10k.htm,1620592580,16:36:20,20210509
34,2012-06-30,GLAD,USD,2012-08-01 00:00:00,2012-08-01 16:31:06,Q3,9960000.0,4510000.0,5450000.0,0.5471887550200804,0.0,280000.0,0.0,-380000.0,580000.0000000001,5090000.0,-15450000.0,0.0,-26030000.0,-2.613454,4870000.0,0.48895582329317266,-380000.0,-10580000.0,-1.0622489959839359,0.0,-10580000.0,-1.0622489959839359,-0.50381,-0.50381,21000000,21000000,https://www.sec.gov/Archives/edgar/data/1143513/000119312512328907/0001193125-12-328907-index.html,https://www.sec.gov/Archives/edgar/data/1143513/000119312512328907/d388820d10q.htm,1620592580,16:36:20,20210509
35,2012-03-31,GLAD,USD,2012-05-01 00:00:00,2012-05-01 16:11:40,Q2,11000000.0,4690000.0,6310000.0,0.5736363636363636,0.0,530000.0,0.0,-120000.0,1090000.0,5780000.0,-6820000.0,0.0,-8420000.0,-0.765455,5220000.0,0.47454545454545455,-120000.0,-1600000.0,-0.14545454545454545,0.0,-1600000.0,-0.14545454545454545,-0.07615,-0.07615,21010000,21010000,https://www.sec.gov/Archives/edgar/data/1143513/000119312512200765/0001193125-12-200765-index.html,https://www.sec.gov/Archives/edgar/data/1143513/000119312512200765/d344022d10q.htm,1620592580,16:36:20,20210509
36,2011-12-31,GLAD,USD,2012-01-31 00:00:00,2012-01-31 16:31:35,Q1,9320000.0,4670000.0,4650000.0,0.4989270386266094,0.0,240000.0,0.0,-450000.0,230000.00000000044,4900000.0,-5710000.0,0.0,-7000000.0,-0.751073,4420000.0,0.4742489270386266,-450000.0,-1290000.0,-0.13841201716738197,0.0,-1290000.0,-0.13841201716738197,-0.06131,-0.06131,21040000,21040000,https://www.sec.gov/Archives/edgar/data/1143513/000119312512032140/0001193125-12-032140-index.html,https://www.sec.gov/Archives/edgar/data/1143513/000119312512032140/d291057d10q.htm,1620592580,16:36:20,20210509
37,2011-09-30,GLAD,USD,2011-11-14 00:00:00,2011-11-14 17:23:48,Q4,9830000.0,4940000.0,4890000.0,0.49745676500508645,0.0,370000.0,0.0,-300000.0,69999.9999999994,5009999.999999999,-5350000.0,0.0,-5890000.0,-0.599186,4810000.0,0.4893184130213632,-300000.0,-540000.0,-0.054933875890132246,0.0,-540000.0,-0.054933875890132246,-0.02567,-0.02567,21040000,21040000,https://www.sec.gov/Archives/edgar/data/1143513/000119312511311480/0001193125-11-311480-index.html,https://www.sec.gov/Archives/edgar/data/1143513/000119312511311480/d255684d10k.htm,1620592580,16:36:20,20210509
38,2011-06-30,GLAD,USD,2011-08-03 00:00:00,2011-08-03 16:30:35,Q3,8980000.0,4440000.0,4540000.0,0.5055679287305123,0.0,200000.0,0.0,-190000.0,9999.999999999787,4450000.0,-18840000.0,0.0,-33150000.0,-3.691537,4530000.0,0.5044543429844098,-190000.0,-14310000.0,-1.5935412026726057,0.0,-14310000.0,-1.5935412026726057,-0.68013,-0.68013,21040000,21040000,https://www.sec.gov/Archives/edgar/data/1143513/000095012311072245/0000950123-11-072245-index.html,https://www.sec.gov/Archives/edgar/data/1143513/000095012311072245/w83899e10vq.htm,1620592580,16:36:20,20210509
39,2011-03-31,GLAD,USD,2011-05-03 00:00:00,2011-05-03 16:48:18,Q2,8400000.0,3690000.0,4710000.0,0.5607142857142857,0.0,380000.0,0.0,-100000.0,280000.00000000023,3970000.0000000005,-12810000.0,0.0,-21190000.0,-2.522619,4430000.0,0.5273809523809524,-100000.0,-8380000.0,-0.9976190476190476,0.0,-8380000.0,-0.9976190476190476,-0.39398,-0.39398,21270000,21270000,https://www.sec.gov/Archives/edgar/data/1143513/000095012311043901/0000950123-11-043901-index.html,https://www.sec.gov/Archives/edgar/data/1143513/000095012311043901/w82595e10vq.htm,1620592580,16:36:20,20210509
40,2010-12-31,GLAD,USD,2010-12-31,2010-12-31,Q1,8010000.0,3200000.0,4810000.0,0.6004993757802747,0.0,220000.0,0.0,-50000.0,169999.99999999994,3370000.0,-2510000.0,0.0,-380000.0,-0.047441,4640000.0,0.5792759051186017,-50000.0,2130000.0,0.26591760299625467,0.0,2130000.0,0.26591760299625467,0.10124,0.10124,21040000,21040000,,,1620592580,16:36:20,20210509
41,2010-09-30,GLAD,USD,2010-11-22 00:00:00,2010-11-22 17:24:22,Q4,7950000.0,3460000.0,4490000.0,0.5647798742138365,0.0,360000.0,0.0,-300000.0,60000.00000000005,3520000.0,-590000.0,0.0,3250000.0,0.408805,4430000.0,0.5572327044025157,-300000.0,3840000.0,0.4830188679245283,0.0,3840000.0,0.4830188679245283,0.18251,0.18251,21040000,21040000,https://www.sec.gov/Archives/edgar/data/1143513/000095012310107890/0000950123-10-107890-index.html,https://www.sec.gov/Archives/edgar/data/1143513/000095012310107890/w80611e10vk.htm,1620592580,16:36:20,20210509
42,2010-06-30,GLAD,USD,2010-08-09 00:00:00,2010-08-09 17:05:55,Q3,7970000.0,3450000.0,4520000.0,0.5671267252195734,0.0,180000.0,0.0,-90000.0,89999.99999999985,3540000.0,-6180000.0,0.0,-7930000.0,-0.994981,4430000.0,0.5558343789209536,-90000.0,-1750000.0,-0.21957340025094102,0.0,-1750000.0,-0.21957340025094102,-0.08317,-0.08317,21040000,21040000,https://www.sec.gov/Archives/edgar/data/1143513/000095012310075145/0000950123-10-075145-index.html,https://www.sec.gov/Archives/edgar/data/1143513/000095012310075145/w79450e10vq.htm,1620592580,16:36:20,20210509
43,2010-03-31,GLAD,USD,2010-05-04 00:00:00,2010-05-04 17:28:50,Q2,9810000.0,4640000.0,5170000.0,0.527013251783894,0.0,700000.0,0.0,-10000.0,700000.0000000002,5340000.0,3510000.0,0.0,11490000.0,1.171254,4470000.0,0.45565749235474007,-10000.0,7980000.0,0.8134556574923547,0.0,7980000.0,0.8134556574923547,0.37856,0.37856,21080000,21080000,https://www.sec.gov/Archives/edgar/data/1143513/000110465910025303/0001104659-10-025303-index.html,https://www.sec.gov/Archives/edgar/data/1143513/000110465910025303/a10-9234_110q.htm,1620592580,16:36:20,20210509
44,2009-12-31,GLAD,USD,2010-02-01 00:00:00,2010-02-01 17:22:30,Q1,9800000.0,5140000.0,4660000.0,0.47551020408163264,0.0,260000.0,0.0,-30000.0,240000.0000000002,5380000.0,1900000.0,0.0,8230000.0,0.839796,4430000.0,0.4520408163265306,-30000.0,6330000.0,0.6459183673469387,0.0,6330000.0,0.6459183673469387,0.30014,0.30014,21090000,21090000,https://www.sec.gov/Archives/edgar/data/1143513/000110465910004213/0001104659-10-004213-index.html,https://www.sec.gov/Archives/edgar/data/1143513/000110465910004213/a10-2804_110q.htm,1620592580,16:36:20,20210509
45,2009-09-30,GLAD,USD,2009-11-23 00:00:00,2009-11-23 17:22:53,Q4,9280000.0,4900000.0,4380000.0,0.47198275862068967,0.0,240000.0,0.0,-10000.0,219999.99999999974,5120000.0,-770000.0,0.0,2620000.0,0.282328,4160000.0,0.4482758620689655,-10000.0,3390000.0,0.36530172413793105,0.0,3390000.0,0.36530172413793105,0.16074,0.16074,21090000,21090000,https://www.sec.gov/Archives/edgar/data/1143513/000110465909066586/0001104659-09-066586-index.html,https://www.sec.gov/Archives/edgar/data/1143513/000110465909066586/a09-34045_110k.htm,1620592580,16:36:20,20210509
46,2009-06-30,GLAD,USD,2009-08-03 00:00:00,2009-08-03 16:33:32,Q3,10600000.0,6030000.0,4570000.0,0.43113207547169813,0.0,250000.0,0.0,-1110000.0,-870000.0000000001,5160000.0,-6220000.0,0.0,-7010000.0,-0.661321,5440000.0,0.5132075471698113,-1110000.0,-790000.0,-0.07452830188679245,0.0,-790000.0,-0.07452830188679245,-0.03746,-0.03746,21090000,21090000,https://www.sec.gov/Archives/edgar/data/1143513/000110465909046580/0001104659-09-046580-index.html,https://www.sec.gov/Archives/edgar/data/1143513/000110465909046580/a09-18907_110q.htm,1620592580,16:36:20,20210509
47,2009-03-31,GLAD,USD,2009-05-05 00:00:00,2009-05-05 16:28:28,Q2,10930000.0,6260000.0,4670000.0,0.4272644098810613,0.0,380000.0,0.0,-1270000.0,-889999.9999999997,5370000.0,4730000.0,0.0,15010000.0,1.373285,5560000.0,0.5086916742909423,-1270000.0,10280000.0,0.9405306495882891,0.0,10280000.0,0.9405306495882891,0.48743,0.48743,21090000,21090000,https://www.sec.gov/Archives/edgar/data/1143513/000110465909029567/0001104659-09-029567-index.html,https://www.sec.gov/Archives/edgar/data/1143513/000110465909029567/a09-12499_110q.htm,1620592580,16:36:20,20210509
48,2008-12-31,GLAD,USD,2009-02-03 00:00:00,2009-02-03 16:43:15,Q1,11810000.0,6950000.0,4860000.0,0.41151566469093986,0.0,260000.0,0.0,-1290000.0,-1020000.0000000005,5929999.999999999,-14980000.0,13253000.0,19133000.0,1.6200677392040643,5880000.0,0.497883149872989,-1290000.0,-9100000.0,-0.7705334462320068,0.0,-9100000.0,-0.7705334462320068,-0.43148,-0.43148,21090000,21090000,https://www.sec.gov/Archives/edgar/data/1143513/000110465909006046/0001104659-09-006046-index.html,https://www.sec.gov/Archives/edgar/data/1143513/000110465909006046/a09-4371_110q.htm,1620592580,16:36:20,20210509
49,2008-09-30,GLAD,USD,2008-12-02 00:00:00,2008-12-02 17:22:37,Q4,11550000.0,6810000.0,4750000.0,0.41125541125541126,0.0,330000.0,0.0,-1690000.0,-1369999.9999999993,5440000.000000001,-20180000.0,45990000.0,52100000.0,4.510822510822511,6110000.0,0.529004329004329,-1690000.0,-14070000.0,-1.2181818181818183,0.0,-14070000.0,-1.2181818181818183,-0.66714,-0.66714,21090000,21090000,https://www.sec.gov/Archives/edgar/data/1143513/000104746908012692/0001047469-08-012692-index.html,https://www.sec.gov/Archives/edgar/data/1143513/000104746908012692/a2189388z10-k.htm,1620592580,16:36:20,20210509
50,2008-06-30,GLAD,USD,2008-08-04 00:00:00,2008-08-04 16:39:49,Q3,11420000.0,6260000.0,5160000.0,0.45183887915936954,0.0,250000.0,0.0,-1790000.0,-1540000.0,4720000.0,-3900000.0,-23135416.0,-16435416.0,-1.4391782837127847,6700000.0,0.5866900175131349,-1790000.0,2800000.0,0.24518388791593695,0.0,2800000.0,0.24518388791593695,0.13889,0.13889,20160000,20160000,https://www.sec.gov/Archives/edgar/data/1143513/000110465908049617/0001104659-08-049617-index.html,https://www.sec.gov/Archives/edgar/data/1143513/000110465908049617/a08-19158_110q.htm,1620592580,16:36:20,20210509
51,2008-03-31,GLAD,USD,2008-05-05 00:00:00,2008-05-05 17:02:10,Q2,11350000.0,6100000.0,5260000.0,0.46343612334801765,0.0,350000.0,0.0,-1540000.0,-1189999.9999999995,4910000.000000001,-18330000.0,24013951.0,30453951.0,2.683167488986784,6440000.0,0.5674008810572687,-1540000.0,-11890000.0,-1.0475770925110133,0.0,-11890000.0,-1.0475770925110133,-0.59839,-0.59839,19870000,19870000,https://www.sec.gov/Archives/edgar/data/1143513/000110465908029952/0001104659-08-029952-index.html,https://www.sec.gov/Archives/edgar/data/1143513/000110465908029952/a08-13375_110q.htm,1620592580,16:36:20,20210509
52,2007-12-31,GLAD,USD,2008-02-05,2008-02-05,Q1,11400000.0,6190000.0,5210000.0,0.4570175438596491,0.0,290000.0,0.0,-2390000.0,-2090000.0000000007,4099999.999999999,-5400000.0,166465.0,7466465.0,0.6549530701754386,7300000.0,0.6403508771929824,-2390000.0,1900000.0,0.16666666666666666,0.0,1900000.0,0.16666666666666666,0.11209,0.11209,16950000,16950000,https://www.sec.gov/Archives/edgar/data/1143513/000110465908007269/0001104659-08-007269-index.htm,https://www.sec.gov/Archives/edgar/data/1143513/000110465908007269/a08-4463_110q.htm,1620592580,16:36:20,20210509
53,2007-09-30,GLAD,USD,2007-12-03 00:00:00,2007-12-03 16:30:12,Q4,10610000.0,5970000.0,4640000.0,0.43732327992459946,0.0,260000.0,0.0,-1290000.0,-1029999.9999999994,4940000.000000001,-4930000.0,5077956.0,10747956.0,1.0130024505183788,5670000.0,0.53440150801131,-1290000.0,740000.0,0.06974552309142319,0.0,740000.0,0.06974552309142319,0.05072,0.05072,14590000,14590000,https://www.sec.gov/Archives/edgar/data/1143513/000104746907009674/0001047469-07-009674-index.html,https://www.sec.gov/Archives/edgar/data/1143513/000104746907009674/a2181444z10-k.htm,1620592580,16:36:20,20210509
54,2007-06-30,GLAD,USD,2007-08-06 00:00:00,2007-08-06 16:11:46,Q3,9200000.0,4970000.0,4240000.0,0.4608695652173913,0.0,240000.0,0.0,-1710000.0,-1469999.9999999998,3500000.0,260000.0,2574446.0,8274446.0,0.8993963043478261,5700000.0,0.6195652173913043,-1710000.0,5960000.0,0.6478260869565218,0.0,5960000.0,0.6478260869565218,0.5488,0.5488,10860000,10860000,https://www.sec.gov/Archives/edgar/data/1143513/000110465907059171/0001104659-07-059171-index.html,https://www.sec.gov/Archives/edgar/data/1143513/000110465907059171/a07-19273_110q.htm,1620592580,16:36:20,20210509
55,2007-03-31,GLAD,USD,2007-05-02 00:00:00,2007-05-02 16:05:40,Q2,8640000.0,4680000.0,3970000.0,0.45949074074074076,0.0,260000.0,0.0,-2010000.0,-1759999.9999999998,2920000.0,-1640000.0,78370.0,5808370.0,0.6722650462962962,5730000.0,0.6631944444444444,-2010000.0,4090000.0,0.47337962962962965,0.0,4090000.0,0.47337962962962965,0.33388,0.33388,12250000,12250000,https://www.sec.gov/Archives/edgar/data/1143513/000110465907034849/0001104659-07-034849-index.html,https://www.sec.gov/Archives/edgar/data/1143513/000110465907034849/a07-12739_110q.htm,1620592580,16:36:20,20210509
56,2006-12-31,GLAD,USD,2006-12-31,2006-12-31,Q1,8230000.0,3760000.0,4480000.0,0.5443499392466585,0.0,270000.0,0.0,-960000.0,-690000.0,3070000.0,-1000000.0,67481.0,5227481.0,0.6351738760631834,5160000.0,0.6269744835965978,-960000.0,4170000.0,0.5066828675577156,0.0,4170000.0,0.5066828675577156,0.3393,0.3393,12290000,12290000,,,1620592580,16:36:20,20210509
57,2006-09-30,GLAD,USD,2006-09-30,2006-09-30,Q4,7350000.0,2210000.0,5130000.0,0.6979591836734694,0.0,460000.0,0.0,-290000.0,169999.99999999994,2380000.0,150000.0,5882905.0,10852905.0,1.4765857142857144,4970000.0,0.6761904761904762,-290000.0,5110000.0,0.6952380952380952,50000.0,5060000.0,0.6884353741496598,0.42991,0.42991,11770000,11770000,,,1620592580,16:36:20,20210509
58,2006-06-30,GLAD,USD,2006-06-30,2006-06-30,Q3,6520000.0,1930000.0,4590000.0,0.7039877300613497,0.0,340000.0,0.0,-540000.0,-199999.99999999997,1730000.0,750000.0,-5798620.0,-1008620.0,-0.15469631901840492,4790000.0,0.7346625766871165,-540000.0,5540000.0,0.8496932515337423,0.0,5540000.0,0.8496932515337423,0.47882,0.47882,11570000,11570000,,,1620592580,16:36:20,20210509
59,2006-03-31,GLAD,USD,2006-03-31,2006-03-31,Q2,7000000.0,2180000.0,4820000.0,0.6885714285714286,0.0,290000.0,0.0,-670000.0,-380000.0000000001,1800000.0,390000.0,-145272.0,5054728.0,0.722104,5200000.0,0.7428571428571429,-670000.0,5590000.0,0.7985714285714286,0.0,5590000.0,0.7985714285714286,0.4844,0.4844,11540000,11540000,,,1620592580,16:36:20,20210509
60,2005-12-31,GLAD,USD,2005-12-31,2005-12-31,Q1,6030000.0,1780000.0,4250000.0,0.7048092868988391,0.0,300000.0,0.0,-550000.0,-240000.0,1540000.0,3790000.0,58891.0,4548891.0,0.7543766169154229,4490000.0,0.7446102819237148,-550000.0,8280000.0,1.373134328358209,50000.0,8230000.0,1.364842454394693,0.71132,0.71132,11570000,11570000,,,1620592580,16:36:20,20210509
61,2005-09-30,GLAD,USD,2005-12-13,2005-12-13,Q4,5860000.0,1930000.0,3930000.0,0.6706484641638225,0.0,160000.0,0.0,-100000.0,50000.000000000044,1980000.0,-1470000.0,1575418.0,5455418.0,0.9309587030716724,3880000.0,0.6621160409556314,-100000.0,2410000.0,0.4112627986348123,70000.0,2340000.0,0.3993174061433447,0.20138,0.20138,11620000,11620000,https://www.sec.gov/Archives/edgar/data/1143513/000110465905060524/0001104659-05-060524-index.htm,https://www.sec.gov/Archives/edgar/data/1143513/000110465905060524/a05-21490_110k.htm,1620592580,16:36:20,20210509
62,2005-06-30,GLAD,USD,2005-06-30,2005-06-30,Q3,6130000.0,1850000.0,4280000.0,0.6982055464926591,0.0,150000.0,0.0,-240000.0,-90000.00000000007,1760000.0,-440000.0,540254.0,4910254.0,0.8010202283849919,4370000.0,0.7128874388254486,-240000.0,3930000.0,0.6411092985318108,0.0,3930000.0,0.6411092985318108,0.33938,0.33938,11580000,11580000,,,1620592580,16:36:20,20210509
63,2005-03-31,GLAD,USD,2005-05-09 00:00:00,2005-05-09 16:04:15,Q2,5890000.0,1660000.0,4220000.0,0.7164685908319185,0.0,240000.0,0.0,-450000.0,-199999.99999999997,1460000.0,-160000.0,-23535.0,4406465.0,0.7481264855687606,4430000.0,0.7521222410865874,-450000.0,4280000.0,0.7266553480475382,0.0,4280000.0,0.7266553480475382,0.36833,0.36833,11620000,11620000,https://www.sec.gov/Archives/edgar/data/1143513/000110465905021668/0001104659-05-021668-index.html,https://www.sec.gov/Archives/edgar/data/1143513/000110465905021668/a05-8779_110q.htm,1620592580,16:36:20,20210509
64,2004-12-31,GLAD,USD,2005-02-09,2005-02-09,Q1,6080000.0,1360000.0,4720000.0,0.7763157894736842,0.0,190000.0,0.0,-290000.0,-100000.00000000009,1260000.0,270000.0,117178.0,4937178.0,0.8120358552631579,4820000.0,0.7927631578947368,-290000.0,5090000.0,0.837171052631579,140000.0,4950000.0,0.8141447368421053,0.42636,0.42636,11610000,11610000,https://www.sec.gov/Archives/edgar/data/1143513/000110465905004932/0001104659-05-004932-index.htm,https://www.sec.gov/Archives/edgar/data/1143513/000110465905004932/a05-2939_110q.htm,1620592580,16:36:20,20210509
65,2004-09-30,GLAD,USD,2004-12-14 00:00:00,2004-12-14 17:25:45,Q4,5350000.0,2040000.0,3310000.0,0.6186915887850467,0.0,790000.0,0.0,0.0,790000.0,2830000.0,-1770000.0,4039962.0,6559962.0,1.2261611214953272,2520000.0,0.47102803738317756,0.0,750000.0,0.14018691588785046,0.0,750000.0,0.14018691588785046,0.07232,0.07232,10370000,10370000,https://www.sec.gov/Archives/edgar/data/1143513/000110465904039563/0001104659-04-039563-index.html,https://www.sec.gov/Archives/edgar/data/1143513/000110465904039563/a04-14723_110k.htm,1620592580,16:36:20,20210509
66,2004-06-30,GLAD,USD,2004-08-10 00:00:00,2004-08-10 16:22:28,Q3,6710000.0,380000.0,6330000.0,0.9433681073025335,0.0,1620000.0,0.0,0.0,1620000.0,2000000.0,900000.0,10000.0,4720000.0,0.7034277198211625,4710000.0,0.7019374068554396,0.0,5610000.0,0.8360655737704918,0.0,5610000.0,0.8360655737704918,0.54466,0.54466,10300000,10300000,https://www.sec.gov/Archives/edgar/data/1143513/000110465904023647/0001104659-04-023647-index.html,https://www.sec.gov/Archives/edgar/data/1143513/000110465904023647/a04-9126_110q.htm,1620592580,16:36:20,20210509
67,2004-03-31,GLAD,USD,2004-05-13 00:00:00,2004-05-13 16:40:43,Q2,4370000.0,440000.0,3930000.0,0.8993135011441648,0.0,800000.0,0.0,0.0,800000.0,1240000.0,-300000.0,-1550215.0,1579785.0,0.36150686498855833,3130000.0,0.7162471395881007,0.0,2830000.0,0.6475972540045767,0.0,2830000.0,0.6475972540045767,0.27264,0.27264,10380000,10380000,https://www.sec.gov/Archives/edgar/data/1143513/000110465904014309/0001104659-04-014309-index.html,https://www.sec.gov/Archives/edgar/data/1143513/000110465904014309/a04-5947_110q.htm,1620592580,16:36:20,20210509
68,2003-12-31,GLAD,USD,2003-12-31,2003-12-31,Q1,3970000.0,320000.0,3650000.0,0.9193954659949622,0.0,720000.0,0.0,0.0,710000.0,1030000.0,-1560000.0,10000.0,2950000.0,0.743073047858942,2940000.0,0.7405541561712846,0.0,1380000.0,0.34760705289672544,0.0,1380000.0,0.34760705289672544,0.13359,0.13359,10330000,10330000,,,1620592580,16:36:20,20210509
69,2003-09-30,GLAD,USD,2003-12-11 00:00:00,2003-12-11 16:08:51,Q4,4000000.0,270000.0,3730000.0,0.9325,0.0,890000.0,0.0,0.0,879999.9999999999,1150000.0,-220000.0,9999.999999999998,2860000.0,0.715,2850000.0,0.7125,0.0,2630000.0,0.6575,0.0,2630000.0,0.6575,0.25609,0.25609,10270000,10270000,https://www.sec.gov/Archives/edgar/data/1143513/000110465903028292/0001104659-03-028292-index.html,https://www.sec.gov/Archives/edgar/data/1143513/000110465903028292/a03-5810_110k.htm,1620592580,16:36:20,20210509
70,2003-06-30,GLAD,USD,2003-08-14 00:00:00,2003-08-14 10:14:20,Q3,4060000.0,160000.0,3900000.0,0.9605911330049262,0.0,780000.0,0.0,0.0,779999.9999999999,939999.9999999999,-750000.0,10000.0,3130000.0,0.770935960591133,3120000.0,0.7684729064039408,0.0,2370000.0,0.583743842364532,0.0,2370000.0,0.583743842364532,0.23099,0.23099,10260000,10260000,https://www.sec.gov/Archives/edgar/data/1143513/000110465903018431/0001104659-03-018431-index.html,https://www.sec.gov/Archives/edgar/data/1143513/000110465903018431/a03-1533_110q.htm,1620592580,16:36:20,20210509
71,2003-03-31,GLAD,USD,2003-05-12 00:00:00,2003-05-12 09:40:44,Q2,3860000.0,90000.0,3770000.0,0.9766839378238342,0.0,850000.0,0.0,0.0,850000.0,940000.0,740000.0,7026.0,2927026.0,0.7582968911917098,2920000.0,0.7564766839378239,0.0,3660000.0,0.9481865284974094,0.0,3660000.0,0.9481865284974094,0.35847,0.35847,10210000,10210000,https://www.sec.gov/Archives/edgar/data/1143513/000110465903008994/0001104659-03-008994-index.html,https://www.sec.gov/Archives/edgar/data/1143513/000110465903008994/j0588_10q.htm,1620592580,16:36:20,20210509
72,2002-12-31,GLAD,USD,2003-02-10 00:00:00,2003-02-10 14:02:12,Q1,3240000.0,120000.0,3120000.0,0.9629629629629629,0.0,710000.0,0.0,0.0,710000.0,830000.0,0.0,10000.0,2420000.0,0.7469135802469136,2410000.0,0.7438271604938271,0.0,2410000.0,0.7438271604938271,0.0,2410000.0,0.7438271604938271,0.23814,0.23814,10120000,10120000,https://www.sec.gov/Archives/edgar/data/1143513/000110465903001366/0001104659-03-001366-index.html,https://www.sec.gov/Archives/edgar/data/1143513/000110465903001366/j7066_10q.htm,1620592580,16:36:20,20210509
73,2002-09-30,GLAD,USD,2002-12-11 00:00:00,2002-12-11 16:46:18,Q4,3700000.0,220000.0,3480000.0,0.9405405405405406,0.0,700000.0,0.0,0.0,700000.0000000001,920000.0000000001,0.0,10000.0,2790000.0,0.754054054054054,2780000.0,0.7513513513513513,0.0,2780000.0,0.7513513513513513,0.0,2780000.0,0.7513513513513513,0.27362,0.27362,10160000,10160000,https://www.sec.gov/Archives/edgar/data/1143513/000104746902006594/0001047469-02-006594-index.html,https://www.sec.gov/Archives/edgar/data/1143513/000104746902006594/a2095344z10-k.htm,1620592580,16:36:20,20210509
74,2002-06-30,GLAD,USD,2002-08-14 00:00:00,2002-08-14 18:22:45,Q3,2920000.0,120000.0,2800000.0,0.958904109589041,0.0,570000.0,0.0,0.0,570000.0,690000.0,0.0,0.0,2230000.0,0.763699,2230000.0,0.7636986301369864,0.0,2230000.0,0.7636986301369864,0.0,2230000.0,0.7636986301369864,0.21863,0.21863,10200000,10200000,https://www.sec.gov/Archives/edgar/data/1143513/000110465902004218/0001104659-02-004218-index.html,https://www.sec.gov/Archives/edgar/data/1143513/000110465902004218/j4276_10q.htm,1620592580,16:36:20,20210509
75,2002-03-31,GLAD,USD,2002-05-14 00:00:00,2002-05-14 17:24:00,Q2,2150000.0,110000.0,2040000.0,0.9488372093023256,0.0,630000.0,0.0,0.0,630000.0,740000.0,0.0,0.0,1410000.0,0.655814,1410000.0,0.6558139534883721,0.0,1410000.0,0.6558139534883721,0.0,1410000.0,0.6558139534883721,0.13878,0.13878,10160000,10160000,https://www.sec.gov/Archives/edgar/data/1143513/000091205702020315/0000912057-02-020315-index.html,https://www.sec.gov/Archives/edgar/data/1143513/000091205702020315/a2079772z10-q.txt,1620592580,16:36:20,20210509
76,2001-12-31,GLAD,USD,2002-02-14 00:00:00,2002-02-14 00:00:00,Q1,1690000.0,100000.0,1590000.0,0.9408284023668639,0.0,390000.0,0.0,0.0,390000.0,490000.0,0.0,0.0,1200000.0,0.710059,1200000.0,0.7100591715976331,0.0,1200000.0,0.7100591715976331,0.0,1200000.0,0.7100591715976331,0.11823,0.11823,10150000,10150000,https://www.sec.gov/Archives/edgar/data/1143513/000091205702006301/0000912057-02-006301-index.html,https://www.sec.gov/Archives/edgar/data/1143513/000091205702006301/a2070890z10-q.txt,1620592580,16:36:20,20210509
