,date,symbol,reportedCurrency,fillingDate,acceptedDate,period,revenue,costOfRevenue,grossProfit,grossProfitRatio,researchAndDevelopmentExpenses,generalAndAdministrativeExpenses,sellingAndMarketingExpenses,otherExpenses,operatingExpenses,costAndExpenses,interestExpense,depreciationAndAmortization,ebitda,ebitdaratio,operatingIncome,operatingIncomeRatio,totalOtherIncomeExpensesNet,incomeBeforeTax,incomeBeforeTaxRatio,incomeTaxExpense,netIncome,netIncomeRatio,eps,epsdiluted,weightedAverageShsOut,weightedAverageShsOutDil,link,finalLink,timestamp,est_time,est_date
0,2020-12-31,GNSS,USD,2021-02-10,2021-02-10 12:26:16,Q1,8028000.0,4324000.0,3704000.0,0.4613851519681116,1066000.0,3331000.0,0.0,69000.0,4397000.0,8721000.0,0.0,451000.0,-242000.0,-0.03014449427005481,-693000.0,-0.08632286995515695,69000.0,-624000.0,-0.07772795216741404,-5000.0,-619000.0,-0.07710513203786747,-0.02,-0.02,33574000.0,33574000.0,https://www.sec.gov/Archives/edgar/data/924383/000143774921002411/0001437749-21-002411-index.htm,https://www.sec.gov/Archives/edgar/data/924383/000143774921002411/lrad20201231_10q.htm,1620592685,16:38:05,20210509
1,2020-09-30,GNSS,USD,2020-12-10,2020-12-09 17:39:49,Q4,13980429.0,6424608.0,7555821.0,0.540457020310321,1321631.0,3159770.0,0.0,-74889.0,4481401.0,10906009.0,0.0,333248.0,3407668.0,0.24374559607577134,3074420.0,0.21990884542956443,-74889.0,2999531.0,0.2145521428562743,-6448490.0,9448021.0,0.6758033676935092,0.283814476104214,0.283814476104214,33289426.0,33289426.0,https://www.sec.gov/Archives/edgar/data/924383/000143774920025049/0001437749-20-025049-index.htm,https://www.sec.gov/Archives/edgar/data/924383/000143774920025049/lrad20200930_10k.htm,1620592685,16:38:05,20210509
2,2020-06-30,GNSS,USD,2020-08-11,2020-08-10 21:16:08,Q3,11971096.0,5499914.0,6471182.0,0.540567212893456,1199635.0,3330365.0,0.0,36227.0,4530000.0,10029914.0,0.0,358316.0,2299498.0,0.19208750811120384,1941182.0,0.16215574580639902,36227.0,1977409.0,0.16518195159407292,473332.0,1504077.0,0.12564238061410585,0.05,0.04,33289426.0,34280915.0,https://www.sec.gov/Archives/edgar/data/924383/000143774920017390/0001437749-20-017390-index.htm,https://www.sec.gov/Archives/edgar/data/924383/000143774920017390/lrad20200630_10q.htm,1620592685,16:38:05,20210509
3,2020-03-31,GNSS,USD,2020-05-12,2020-05-11 18:44:34,Q2,8276773.0,4266881.0,4009892.0,0.4844752900677595,948811.0,2732340.0,0.0,69602.0,3681151.0,7948032.0,0.0,353517.0,682258.0,0.0824304351466447,328741.0,0.0397184989850513,69602.0,398343.0,0.04812781503129299,96768.0,301575.0,0.03643630192588343,0.009112514925397488,0.008940159671563006,33094596.0,33732619.0,https://www.sec.gov/Archives/edgar/data/924383/000143774920010345/0001437749-20-010345-index.htm,https://www.sec.gov/Archives/edgar/data/924383/000143774920010345/lrad20200331_10q.htm,1620592685,16:38:05,20210509
4,2019-12-31,GNSS,USD,2020-02-11,2020-02-10 19:28:05,Q1,8781702.0,4179597.0,4602105.0,0.5240561567677883,1083923.0,2821525.0,0.0,96060.0,3905448.0,8085045.0,0.0,353919.0,1050576.0,0.11963239016764632,696657.0,0.07933052157770783,96060.0,792717.0,0.09026917561083261,172390.0,620327.0,0.07063858463883198,0.018810462140172325,0.018401530437589103,32977765.0,33710620.0,https://www.sec.gov/Archives/edgar/data/924383/000143774920002201/0001437749-20-002201-index.htm,https://www.sec.gov/Archives/edgar/data/924383/000143774919024099/lrad20190930_10k.htm,1620592685,16:38:05,20210509
5,2019-09-30,GNSS,USD,2019-12-10,2019-12-09 21:09:29,Q4,7746079.0,4171331.0,3574748.0,0.4614912912713645,996936.0,2853169.0,0.0,94261.0,3850105.0,8021436.0,0.0,201572.0,-73785.0,-0.009525464431746695,-275357.0,-0.035547920438198474,94261.0,-181096.0,-0.023379054099499887,-103257.0,-77839.0,-0.010048825993125038,-0.002385,-0.002385,32698966.0,32698966.0,https://www.sec.gov/Archives/edgar/data/924383/000143774919024099/0001437749-19-024099-index.htm,https://www.sec.gov/Archives/edgar/data/924383/000143774919024099/lrad20190930_10k.htm,1620592685,16:38:05,20210509
6,2019-06-30,GNSS,USD,2019-08-12,2019-08-12 17:27:56,Q3,8863726.0,4261733.0,4601993.0,0.5191939597410841,1202686.0,2712846.0,0.0,69890.0,3915532.0,8177265.0,0.0,205680.0,892141.0,0.10065078726485904,686461.0,0.07744609885278493,69890.0,756351.0,0.08533104475476791,118310.0,638041.0,0.07198338486546177,0.019586759440134646,0.019118606761433128,32575118.0,33372777.0,https://www.sec.gov/Archives/edgar/data/924383/000143774919016400/0001437749-19-016400-index.htm,https://www.sec.gov/Archives/edgar/data/924383/000143774919016400/lrad20190630_10q.htm,1620592685,16:38:05,20210509
7,2019-03-31,GNSS,USD,2019-05-07,2019-05-07 17:27:43,Q2,10191691.0,5001183.0,5190508.0,0.5092882034983204,1279744.0,2475378.0,0.0,17608.0,3755122.0,8756305.0,0.0,216370.0,1651756.0,0.16206888533021654,1435386.0,0.14083884607569047,17608.0,1452994.0,0.1425665279687149,274144.0,1178850.0,0.11566775327077715,0.0361777424131237,0.03563929352662426,32584952.0,33077255.0,https://www.sec.gov/Archives/edgar/data/924383/000143774919009020/0001437749-19-009020-index.htm,https://www.sec.gov/Archives/edgar/data/924383/000143774919009020/lrad20190331_10q.htm,1620592685,16:38:05,20210509
8,2018-12-31,GNSS,USD,2019-02-12,2019-02-12 17:16:28,Q1,10177559.0,5088301.0,5089258.0,0.5000470152027613,1048375.0,2751008.0,0.0,39068.0,3799383.0,8887684.0,0.0,201267.0,1491142.0,0.14651273453683736,1289875.0,0.12673716752710545,39068.0,1328943.0,0.13057580899309942,283003.0,1045940.0,0.10276923965756425,0.03179533476100346,0.031156181672525218,32896021.0,33570866.0,https://www.sec.gov/Archives/edgar/data/924383/000143774919002354/0001437749-19-002354-index.htm,https://www.sec.gov/Archives/edgar/data/924383/000143774918022542/lrad20180930_10k.htm,1620592685,16:38:05,20210509
9,2018-09-30,GNSS,USD,2018-12-21,2018-12-21 17:25:00,Q4,3295708.0,2248379.0,1047329.0,0.3177857382996309,858669.0,3082257.0,0.0,33129.0,3940926.0,6189305.0,0.0,145887.0,-2747710.0,-0.8337237400886244,-2893597.0,-0.8779894942149001,33129.0,-2860468.0,-0.8679373293993279,-417990.0,-2442478.0,-0.7411087390023631,-0.07,-0.07,33020947.0,33020947.0,https://www.sec.gov/Archives/edgar/data/924383/000143774918022542/0001437749-18-022542-index.htm,https://www.sec.gov/Archives/edgar/data/924383/000143774918022542/lrad20180930_10k.htm,1620592685,16:38:05,20210509
10,2018-06-30,GNSS,USD,2018-08-14,2018-08-14 16:26:26,Q3,7514068.0,3815203.0,3698865.0,0.4922586540340066,972857.0,2904135.0,0.0,24159.0,3876992.0,7692195.0,0.0,143391.0,-34736.0,-0.004622795534988504,-178127.0,-0.023705800905714454,24159.0,-153968.0,-0.020490631705755123,-73749.0,-80219.0,-0.010675841634651163,-0.002483,-0.002483,32306207.0,32306207.0,https://www.sec.gov/Archives/edgar/data/924383/000143774918015606/0001437749-18-015606-index.htm,https://www.sec.gov/Archives/edgar/data/924383/000143774918015606/lrad20180630_10q.htm,1620592685,16:38:05,20210509
11,2018-03-31,GNSS,USD,2018-05-18,2018-05-18 17:16:41,Q2,7868448.0,3832468.0,4035980.0,0.5129321563795046,913935.0,2517891.0,0.0,15205.0,3431826.0,7264294.0,0.0,133704.0,737858.0,0.09377427416435871,604154.0,0.07678185075379541,15205.0,619359.0,0.07871425216256116,158451.0,460908.0,0.05857673584422239,0.014280364387428081,0.01384141111352625,32275647.0,33299206.0,https://www.sec.gov/Archives/edgar/data/924383/000143774918010384/0001437749-18-010384-index.htm,https://www.sec.gov/Archives/edgar/data/924383/000143774918010384/lrad20180331_10q.htm,1620592685,16:38:05,20210509
12,2017-12-31,GNSS,USD,2018-02-09,2018-02-09 06:05:01,Q1,7628567.0,3671027.0,3957540.0,0.5187789528492048,778037.0,2188398.0,0.0,34530.0,2966435.0,6637462.0,0.0,60105.0,1051210.0,0.13779914366616955,991105.0,0.12992020650798505,34530.0,1025635.0,0.1344466136300566,2708888.0,-1683253.0,-0.2206512704155315,-0.05,-0.05,32236039.0,32236039.0,https://www.sec.gov/Archives/edgar/data/924383/000143774918002109/0001437749-18-002109-index.htm,https://www.sec.gov/Archives/edgar/data/924383/000143774917020614/lrad20170930_10k.htm,1620592685,16:38:05,20210509
13,2017-09-30,GNSS,USD,2017-12-13,2017-12-13 09:08:36,Q4,7500898.0,3090081.0,4410817.0,0.5880385255205444,641159.0,2687053.0,0.0,33702.0,3328212.0,6418293.0,0.0,59424.0,1142029.0,0.15225230365750875,1082605.0,0.14433005221508144,33702.0,1116307.0,0.14882311424578765,950569.0,165738.0,0.02209575440167297,0.005141388493791064,0.005141388493791064,32236039.0,32236039.0,https://www.sec.gov/Archives/edgar/data/924383/000143774917020614/0001437749-17-020614-index.htm,https://www.sec.gov/Archives/edgar/data/924383/000143774917020614/lrad20170930_10k.htm,1620592685,16:38:05,20210509
14,2017-06-30,GNSS,USD,2017-08-09,2017-08-09 16:17:19,Q3,4129554.0,2420126.0,1709428.0,0.41394978731359366,666244.0,2039755.0,0.0,32682.0,2705999.0,5126125.0,0.0,31025.0,-965546.0,-0.23381362733118394,-996571.0,-0.24132654519107874,32682.0,-963889.0,-0.23341237334588674,-435726.0,-528163.0,-0.1278983154113011,-0.02,-0.02,31861916.0,31861916.0,https://www.sec.gov/Archives/edgar/data/924383/000143774917014284/0001437749-17-014284-index.htm,https://www.sec.gov/Archives/edgar/data/924383/000143774917014284/lrad20170630_10q.htm,1620592685,16:38:05,20210509
15,2017-03-31,GNSS,USD,2017-05-03,2017-05-03 16:23:17,Q2,5742391.0,2808546.0,2933845.0,0.5109100024710961,605239.0,1893045.0,0.0,32074.0,2498284.0,5306830.0,0.0,30328.0,465889.0,0.08113153562688434,435561.0,0.07585011191331277,32074.0,467635.0,0.0814355901574797,169285.0,298350.0,0.051955709738330254,0.009382045083313095,0.009363260030111818,31800103.0,31863902.0,https://www.sec.gov/Archives/edgar/data/924383/000143774917007859/0001437749-17-007859-index.htm,https://www.sec.gov/Archives/edgar/data/924383/000143774917007859/lrad20170331_10q.htm,1620592685,16:38:05,20210509
16,2016-12-31,GNSS,USD,2017-02-08,2017-02-08 16:21:43,Q1,2941334.0,1716824.0,1224510.0,0.4163111023773567,587410.0,1966436.0,0.0,30128.0,2553846.0,4270670.0,0.0,32506.0,-1296830.0,-0.44089858547176214,-1329336.0,-0.4519500335562027,30128.0,-1299208.0,-0.4417070621697502,-486528.0,-812680.0,-0.2762964015647322,-0.03,-0.03,31800103.0,31800103.0,https://www.sec.gov/Archives/edgar/data/924383/000143774917001924/0001437749-17-001924-index.htm,https://www.sec.gov/Archives/edgar/data/924383/000143774916043040/lrad20160818_10k.htm,1620592685,16:38:05,20210509
17,2016-09-30,GNSS,USD,2016-12-07,2016-12-07 16:23:40,Q4,4895330.0,2594071.0,2301259.0,0.4700927210218719,596732.0,1571780.0,0.0,30028.0,2168512.0,4762583.0,0.0,33849.0,166596.0,0.03403161788888594,132747.0,0.027117068716511452,30028.0,162775.0,0.033251078068281405,676560.0,-513785.0,-0.1049541093246012,-0.016156708674811525,-0.016156708674811525,31800103.0,31800103.0,https://www.sec.gov/Archives/edgar/data/924383/000143774916043040/0001437749-16-043040-index.htm,https://www.sec.gov/Archives/edgar/data/924383/000143774916043040/lrad20160818_10k.htm,1620592685,16:38:05,20210509
18,2016-06-30,GNSS,USD,2016-08-02,2016-08-02 16:21:28,Q3,5042169.0,2601731.0,2440438.0,0.4840055936244898,632416.0,1568226.0,0.0,30512.0,2200642.0,4802373.0,0.0,36298.0,276094.0,0.05475699049357528,239796.0,0.04755810445861692,30512.0,270308.0,0.05360946846486105,-6614.0,276922.0,0.054921205536744205,0.008708553104100956,0.008691482471466646,31798853.0,31861308.0,https://www.sec.gov/Archives/edgar/data/924383/000143774916036213/0001437749-16-036213-index.htm,https://www.sec.gov/Archives/edgar/data/924383/000143774916036213/lrad20160531_10q.htm,1620592685,16:38:05,20210509
19,2016-03-31,GNSS,USD,2016-05-10,2016-05-10 16:22:09,Q2,3601974.0,1970512.0,1631462.0,0.4529355292403554,597635.0,2276694.0,0.0,31693.0,2874329.0,4844841.0,0.0,40662.0,-1202205.0,-0.3337628200536706,-1242867.0,-0.3450516300228708,31693.0,-1211174.0,-0.3362528435796594,-546511.0,-664663.0,-0.1845274285711113,-0.02,-0.02,31828167.0,31828167.0,https://www.sec.gov/Archives/edgar/data/924383/000143774916031441/0001437749-16-031441-index.htm,https://www.sec.gov/Archives/edgar/data/924383/000143774916031441/lrad20160208_10q.htm,1620592685,16:38:05,20210509
20,2015-12-31,GNSS,USD,2016-02-04,2016-02-04 16:22:20,Q1,2821532.0,1523170.0,1298362.0,0.4601620679829256,561202.0,1460092.0,0.0,33264.0,2021294.0,3544464.0,0.0,56884.0,-666048.0,-0.23605899206530354,-722932.0,-0.25621967073207036,33264.0,-689668.0,-0.24443033075648266,-309595.0,-380073.0,-0.1347044796940102,-0.01,-0.01,32462220.0,32462220.0,https://www.sec.gov/Archives/edgar/data/924383/000143774916024772/0001437749-16-024772-index.htm,https://www.sec.gov/Archives/edgar/data/924383/000143774915021734/lrad20150930_10k.htm,1620592685,16:38:05,20210509
21,2015-09-30,GNSS,USD,2015-12-03,2015-12-03 16:32:36,Q4,4406647.0,2235062.0,2171585.0,0.4927975851026869,461426.0,1126390.0,0.0,32849.0,1587816.0,3822878.0,0.0,55745.0,639514.0,0.1451248534316454,583769.0,0.1324746456886608,32849.0,616618.0,0.13992906624923668,-8339000.0,8955618.0,2.032297572281147,0.27587817469045556,0.27587817469045556,32462220.0,32462220.0,https://www.sec.gov/Archives/edgar/data/924383/000143774915021734/0001437749-15-021734-index.htm,https://www.sec.gov/Archives/edgar/data/924383/000143774915021734/lrad20150930_10k.htm,1620592685,16:38:05,20210509
22,2015-06-30,GNSS,USD,2015-08-06,2015-08-06 16:21:56,Q3,3505915.0,1804905.0,1701010.0,0.48518289804516085,519991.0,1286095.0,0.0,31863.0,1806086.0,3610991.0,0.0,62495.0,-42581.0,-0.012145474148688716,-105076.0,-0.029971063188925003,31863.0,-73213.0,-0.020882708223102956,-9266.0,-63947.0,-0.018239746257396428,-0.001928861691383698,-0.0018892420858979263,33152714.0,33847965.0,https://www.sec.gov/Archives/edgar/data/924383/000143774915015071/0001437749-15-015071-index.htm,https://www.sec.gov/Archives/edgar/data/924383/000143774915015071/lrad20150630_10q.htm,1620592685,16:38:05,20210509
23,2015-03-31,GNSS,USD,2015-05-07,2015-05-07 16:22:18,Q2,4486230.0,2189425.0,2296805.0,0.51196773237217,569418.0,1466197.0,0.0,30921.0,2035615.0,4225040.0,0.0,57990.0,319180.0,0.07114659747716903,261190.0,0.058220376574540315,30921.0,292111.0,0.06511280072577644,1600.0,290511.0,0.06475615383072202,0.008736195792115762,0.00858282026703821,33253719.0,33847965.0,https://www.sec.gov/Archives/edgar/data/924383/000143774915009305/0001437749-15-009305-index.htm,https://www.sec.gov/Archives/edgar/data/924383/000143774915009305/lrad20150331_10q.htm,1620592685,16:38:05,20210509
24,2014-12-31,GNSS,USD,2015-02-05,2015-02-05 16:16:25,Q1,4385428.0,2026271.0,2359157.0,0.5379536501340348,477704.0,1402021.0,0.0,26202.0,1879725.0,3905996.0,0.0,62084.0,541516.0,0.12348076402120842,479432.0,0.10932387899197069,26202.0,505634.0,0.11529866640154621,0.0,505634.0,0.11529866640154621,0.02,0.01,33236489.0,33785996.0,https://www.sec.gov/Archives/edgar/data/924383/000143774915001883/0001437749-15-001883-index.htm,https://www.sec.gov/Archives/edgar/data/924383/000143774914021173/lrad20140930_10k.htm,1620592685,16:38:05,20210509
25,2014-09-30,GNSS,USD,2014-11-20,2014-11-20 16:19:36,Q4,7377318.0,3336866.0,4040452.0,0.5476857578865382,889570.0,2415210.0,0.0,5112.0,3304780.0,6641646.0,0.0,62441.0,798113.0,0.10818470886032024,735672.0,0.09972079284097554,5112.0,740784.0,0.10041372759043327,14000.0,726784.0,0.0985160189651578,0.021867050999279738,0.021867050999279738,33236489.0,33236489.0,https://www.sec.gov/Archives/edgar/data/924383/000143774914021173/0001437749-14-021173-index.htm,https://www.sec.gov/Archives/edgar/data/924383/000143774914021173/lrad20140930_10k.htm,1620592685,16:38:05,20210509
26,2014-06-30,GNSS,USD,2014-08-07,2014-08-07 16:22:56,Q3,8004088.0,2955292.0,5048796.0,0.6307771728646662,622273.0,2488284.0,0.0,5128.0,3110557.0,6065849.0,0.0,60098.0,1998337.0,0.249664546416781,1938239.0,0.24215613321592666,5128.0,1943367.0,0.24279680583221974,552.0,1942815.0,0.24272784107321158,0.058799874411120535,0.05854398014751233,33041142.0,33185564.0,https://www.sec.gov/Archives/edgar/data/924383/000143774914014601/0001437749-14-014601-index.htm,https://www.sec.gov/Archives/edgar/data/924383/000143774914014601/lrad20140630_10q.htm,1620592685,16:38:05,20210509
27,2014-03-31,GNSS,USD,2014-05-07,2014-05-07 16:15:19,Q2,5387306.0,2658050.0,2729256.0,0.5066086834495758,575851.0,1630965.0,0.0,5086.0,2206816.0,4864866.0,0.0,52233.0,574673.0,0.10667168339797294,522440.0,0.09697611384985372,5086.0,527526.0,0.09792018496814549,1600.0,525926.0,0.09762319051488814,0.015872739457441113,0.01545000399377107,33133915.0,34040509.0,https://www.sec.gov/Archives/edgar/data/924383/000143774914008202/0001437749-14-008202-index.htm,https://www.sec.gov/Archives/edgar/data/924383/000143774914008202/lrad20140331_10q.htm,1620592685,16:38:05,20210509
28,2013-12-31,GNSS,USD,2014-02-04,2014-02-04 16:17:39,Q1,3822630.0,1878079.0,1944551.0,0.5086945375304437,393541.0,1424544.0,0.0,5197.0,1818085.0,3696164.0,0.0,35203.0,161669.0,0.04229261006165912,126466.0,0.033083505335331956,5197.0,131663.0,0.034443040524455674,100.0,131563.0,0.034416880524664954,0.003983,0.00393,33028646.0,33473582.0,https://www.sec.gov/Archives/edgar/data/924383/000143774914001493/0001437749-14-001493-index.htm,https://www.sec.gov/Archives/edgar/data/924383/000143774913015128/lrad20130930_10k.htm,1620592685,16:38:05,20210509
29,2013-09-30,GNSS,USD,2013-11-21,2013-11-21 16:17:42,Q4,8760369.0,4278416.0,4481953.0,0.5116169193329642,539267.0,1288435.0,0.0,277027.0,1827702.0,6106118.0,0.0,39822.0,2694073.0,0.30752962574978293,2654251.0,0.30298392681860775,277027.0,2931278.0,0.3346066815222053,302.0,2930976.0,0.3345722080884949,0.08874042248053401,0.08874042248053401,33028646.0,33028646.0,https://www.sec.gov/Archives/edgar/data/924383/000143774913015128/0001437749-13-015128-index.htm,https://www.sec.gov/Archives/edgar/data/924383/000143774913015128/lrad20130930_10k.htm,1620592685,16:38:05,20210509
30,2013-06-30,GNSS,USD,2013-08-06,2013-08-06 16:22:50,Q3,2157644.0,1242190.0,915454.0,0.424284080228249,423434.0,1607237.0,0.0,6807.0,2030671.0,3272861.0,0.0,38961.0,-1076256.0,-0.4988107398625538,-1115217.0,-0.5168679355815881,6807.0,-1108410.0,-0.5137131055910984,0.0,-1108410.0,-0.5137131055910984,-0.03,-0.03,32428095.0,32428095.0,https://www.sec.gov/Archives/edgar/data/924383/000143774913010002/0001437749-13-010002-index.htm,https://www.sec.gov/Archives/edgar/data/924383/000143774913010002/lrad20130727_10q.htm,1620592685,16:38:05,20210509
31,2013-03-31,GNSS,USD,2013-05-08,2013-05-08 16:25:31,Q2,3189810.0,1827741.0,1362069.0,0.4270063107207012,456747.0,1370259.0,0.0,7159.0,1827006.0,3654747.0,0.0,36808.0,-428129.0,-0.13421771202673513,-464937.0,-0.14575695731093702,7159.0,-457778.0,-0.14351262300889395,1600.0,-459378.0,-0.14401422028271277,-0.01,-0.01,32399199.0,32399199.0,https://www.sec.gov/Archives/edgar/data/924383/000119312513207575/0001193125-13-207575-index.htm,https://www.sec.gov/Archives/edgar/data/924383/000119312513207575/d501422d10q.htm,1620592685,16:38:05,20210509
32,2012-12-31,GNSS,USD,2013-02-06,2013-02-06 16:21:23,Q1,2980107.0,1494284.0,1485823.0,0.4985804200990099,421921.0,1172475.0,0.0,8197.0,1594396.0,3088680.0,0.0,30716.0,-77857.0,-0.02612557200127378,-108573.0,-0.03643258446760469,8197.0,-100376.0,-0.033682012088827686,0.0,-100376.0,-0.033682012088827686,-0.003098,-0.003098,32399199.0,32399199.0,https://www.sec.gov/Archives/edgar/data/924383/000119312513041141/0001193125-13-041141-index.htm,https://www.sec.gov/Archives/edgar/data/924383/000119312512490634/d409824d10k.htm,1620592685,16:38:05,20210509
33,2012-09-30,GNSS,USD,2012-12-04,2012-12-04 16:31:27,Q4,5619351.0,2781265.0,2838086.0,0.5050558329600696,434508.0,1171383.0,0.0,0.0,1605891.0,4387156.0,0.0,26986.0,1259181.0,0.22407943550776593,1232195.0,0.2192771015727617,0.0,1239588.0,0.22059273392959436,2.0,1239586.0,0.22059237801660725,0.038259773027104774,0.038259773027104774,32399199.0,32399199.0,https://www.sec.gov/Archives/edgar/data/924383/000119312512490634/0001193125-12-490634-index.htm,https://www.sec.gov/Archives/edgar/data/924383/000119312512490634/d409824d10k.htm,1620592685,16:38:05,20210509
34,2012-06-30,GNSS,USD,2012-08-07,2012-08-07 15:57:02,Q3,3160911.0,1586018.0,1574893.0,0.4982402225181285,414457.0,1120358.0,0.0,0.0,1534815.0,3120833.0,0.0,21934.0,62012.0,0.01961839482351765,40078.0,0.012679256075226413,0.0,46858.0,0.014824207325040155,-153518.0,200376.0,0.06339185127325635,0.01,0.005983,32374499.0,33492944.0,https://www.sec.gov/Archives/edgar/data/924383/000119312512340807/0001193125-12-340807-index.htm,https://www.sec.gov/Archives/edgar/data/924383/000119312512340807/d361091d10q.htm,1620592685,16:38:05,20210509
35,2012-03-31,GNSS,USD,2012-05-07,2012-05-07 16:35:08,Q2,2400441.0,1083438.0,1317003.0,0.54865043548248,429390.0,1193294.0,0.0,0.0,1622684.0,2706122.0,0.0,22235.0,-283446.0,-0.1180808026525126,-305681.0,-0.12734368393141093,0.0,-298903.0,-0.12452003611003144,-7015.0,-291888.0,-0.12159765643063088,-0.01,-0.01,32374499.0,32374499.0,https://www.sec.gov/Archives/edgar/data/924383/000119312512215173/0001193125-12-215173-index.htm,https://www.sec.gov/Archives/edgar/data/924383/000119312512215173/d335533d10q.htm,1620592685,16:38:05,20210509
36,2011-12-31,GNSS,USD,2012-02-07,2012-02-07 16:47:47,Q1,3611635.0,1863041.0,1748594.0,0.4841557909367918,381318.0,1056559.0,0.0,0.0,1437877.0,3300918.0,0.0,22776.0,333493.0,0.09233851150517702,310717.0,0.08603222640161588,0.0,323661.0,0.0896161987576264,9715.0,313946.0,0.0869262813102653,0.009697323810323675,0.00949581265471158,32374499.0,33061520.0,https://www.sec.gov/Archives/edgar/data/924383/000119312512043870/0001193125-12-043870-index.htm,https://www.sec.gov/Archives/edgar/data/924383/000119312511330669/d160135d10k.htm,1620592685,16:38:05,20210509
37,2011-09-30,GNSS,USD,2011-12-05,2011-12-05 17:21:30,Q4,6416475.0,3252074.0,3164401.0,0.49316813359360084,924850.0,1901008.0,0.0,0.0,2825858.0,6077932.0,0.0,22830.0,361373.0,0.05631955240221461,338543.0,0.052761524045523436,0.0,372825.0,0.05810433298656973,1207.0,357841.0,0.055769094401521085,0.01105317490781865,0.01105317490781865,32374499.0,32374499.0,https://www.sec.gov/Archives/edgar/data/924383/000119312511330669/0001193125-11-330669-index.htm,https://www.sec.gov/Archives/edgar/data/924383/000119312511330669/d160135d10k.htm,1620592685,16:38:05,20210509
38,2011-06-30,GNSS,USD,2011-08-09,2011-08-09 16:15:51,Q3,2381883.0,1477023.0,904860.0,0.379892715133363,514178.0,1118729.0,0.0,0.0,1632907.0,3109930.0,0.0,31369.0,-696678.0,-0.29249043718772083,-728047.0,-0.3056602696270136,0.0,-723552.0,-0.30377310724330286,-38112.0,-683834.0,-0.2870980648503726,-0.02,-0.02,32335846.0,32335846.0,https://www.sec.gov/Archives/edgar/data/924383/000119312511216507/0001193125-11-216507-index.htm,https://www.sec.gov/Archives/edgar/data/924383/000119312511216507/d10q.htm,1620592685,16:38:05,20210509
39,2011-03-31,GNSS,USD,2011-05-04,2011-05-04 16:29:58,Q2,15503075.0,4635260.0,10867815.0,0.7010102834437684,665690.0,4390379.0,0.0,0.0,5056069.0,9691329.0,0.0,35688.0,5847434.0,0.37717897900900305,5811746.0,0.37487698408219017,0.0,5816252.0,0.3751676360979999,112095.0,5704262.0,0.367943907902142,0.18,0.17,31687779.0,32606414.0,https://www.sec.gov/Archives/edgar/data/924383/000119312511126170/0001193125-11-126170-index.htm,https://www.sec.gov/Archives/edgar/data/924383/000119312511126170/d10q.htm,1620592685,16:38:05,20210509
40,2010-12-31,GNSS,USD,2011-02-03,2011-02-02 20:16:01,Q1,2205389.0,1213013.0,992376.0,0.44997775902573195,379220.0,1053727.0,0.0,0.0,1432947.0,2645960.0,0.0,48304.0,-392267.0,-0.1778674873230981,-440571.0,-0.19977019927096762,0.0,-355367.0,-0.16113574521320276,0.0,-355367.0,-0.16113574521320276,-0.01,-0.01,30633109.0,30633109.0,https://www.sec.gov/Archives/edgar/data/924383/000119312511022176/0001193125-11-022176-index.htm,https://www.sec.gov/Archives/edgar/data/924383/000119312510272302/d10k.htm,1620592685,16:38:05,20210509
41,2010-09-30,GNSS,USD,2010-12-01,2010-12-01 17:00:23,Q4,4691458.0,1967981.0,2723477.0,0.5805182525347131,522906.0,1159898.0,0.0,0.0,1682804.0,3650785.0,0.0,65683.0,1106356.0,0.23582349026677848,1040673.0,0.22182293862590266,98.0,1041451.0,0.22198877193401284,59555.0,932835.0,0.19883690741769403,0.030451855213259615,0.030451855213259615,30633109.0,30633109.0,https://www.sec.gov/Archives/edgar/data/924383/000119312510272302/0001193125-10-272302-index.htm,https://www.sec.gov/Archives/edgar/data/924383/000119312510272302/d10k.htm,1620592685,16:38:05,20210509
42,2010-06-30,GNSS,USD,2010-08-04,2010-08-04 17:26:58,Q3,3099898.0,1581734.0,1518164.0,0.4897464368182437,495448.0,1017925.0,0.0,0.0,1513373.0,3095107.0,0.0,64184.0,68975.0,0.022250732120863332,4791.0,0.001545534724045759,74293.0,79214.0,0.02555374402641635,11487.0,67727.0,0.021848138229064312,0.00221247235022078,0.002177376502916071,30611456.0,31104864.0,https://www.sec.gov/Archives/edgar/data/924383/000119312510177440/0001193125-10-177440-index.htm,https://www.sec.gov/Archives/edgar/data/924383/000119312510177440/d10q.htm,1620592685,16:38:05,20210509
43,2010-03-31,GNSS,USD,2010-05-04,2010-05-04 17:11:55,Q2,3556850.0,1683268.0,1873582.0,0.5267531664253483,491883.0,1283419.0,0.0,0.0,1775302.0,3458570.0,782.0,68623.0,166903.0,0.046924385340961806,98280.0,0.02763119051970142,76510.0,174054.0,0.04893487214810858,10231.0,163823.0,0.04605845059533014,0.005356934806394759,0.005254968608216161,30581481.0,31174877.0,https://www.sec.gov/Archives/edgar/data/924383/000119312510106737/0001193125-10-106737-index.htm,https://www.sec.gov/Archives/edgar/data/924383/000119312510106737/d10q.htm,1620592685,16:38:05,20210509
44,2009-12-31,GNSS,USD,2010-02-02,2010-02-02 16:39:58,Q1,5345869.0,2287301.0,3058568.0,0.5721367283784918,551921.0,1198201.0,0.0,0.0,1750122.0,4037423.0,783.0,72880.0,1381326.0,0.2583912924166305,1308446.0,0.24475833582902987,597016.0,1904726.0,0.35629866725129256,85498.0,1819228.0,0.3403053834652514,0.05954432923946186,0.05843895356307661,30552498.0,31130400.0,https://www.sec.gov/Archives/edgar/data/924383/000119312510019599/0001193125-10-019599-index.htm,https://www.sec.gov/Archives/edgar/data/924383/000119312509245063/d10k.htm,1620592685,16:38:05,20210509
45,2009-09-30,GNSS,USD,2009-12-01,2009-12-01 16:29:24,Q4,3055073.0,1851248.0,1203825.0,0.3940413207802236,746345.0,1584992.0,0.0,0.0,2331337.0,4182585.0,782.0,79649.0,-1047863.0,-0.342991149474988,-1127512.0,-0.3690622122613764,0.0,0.0,0.0,0.0,-1176719.0,-0.38516886503203035,-0.038514657623085355,-0.038514657623085355,30552498.0,30552498.0,https://www.sec.gov/Archives/edgar/data/924383/000119312509245063/0001193125-09-245063-index.htm,https://www.sec.gov/Archives/edgar/data/924383/000119312509245063/d10k.htm,1620592685,16:38:05,20210509
46,2009-06-30,GNSS,USD,2009-08-03,2009-08-03 16:42:18,Q3,4404040.0,2416237.0,1987803.0,0.45135897948247516,459506.0,1395777.0,0.0,0.0,1855283.0,4271520.0,783.0,80985.0,213505.0,0.04847935077792209,132520.0,0.03009055321931681,0.0,0.0,0.0,0.0,136184.0,0.030922516598396017,0.004459595022507227,0.00431698563175159,30537302.0,31546086.0,https://www.sec.gov/Archives/edgar/data/924383/000119312509162271/0001193125-09-162271-index.htm,https://www.sec.gov/Archives/edgar/data/924383/000119312509162271/d10q.htm,1620592685,16:38:05,20210509
47,2009-03-31,GNSS,USD,2009-04-30,2009-04-29 20:13:36,Q2,5872482.0,2755625.0,3116857.0,0.5307563309687454,448650.0,1797917.0,0.0,0.0,2246567.0,5002192.0,0.0,81917.0,952207.0,0.16214728286949198,870290.0,0.1481979851108952,0.0,0.0,0.0,0.0,878811.0,0.14964898998413279,0.028780253561077874,0.02870838577524477,30535207.0,30611648.0,https://www.sec.gov/Archives/edgar/data/924383/000119312509092489/0001193125-09-092489-index.htm,https://www.sec.gov/Archives/edgar/data/924383/000119312509092489/d10q.htm,1620592685,16:38:05,20210509
48,2008-12-31,GNSS,USD,2009-02-05,2009-02-05 16:30:21,Q1,2493243.0,1350972.0,1142271.0,0.4581466788435784,452458.0,1586960.0,0.0,0.0,2039418.0,3390390.0,0.0,69831.0,-827316.0,-0.3318232518851953,-897147.0,-0.3598313521786685,0.0,0.0,0.0,0.0,-881029.0,-0.35336667946124783,-0.03,-0.03,30535207.0,30535207.0,https://www.sec.gov/Archives/edgar/data/924383/000119312509020060/0001193125-09-020060-index.htm,https://www.sec.gov/Archives/edgar/data/924383/000119312508247995/d10k.htm,1620592685,16:38:05,20210509
49,2008-09-30,GNSS,USD,2008-12-04,2008-12-04 16:58:01,Q4,3857692.0,2376267.0,1481425.0,0.38401847529559124,519260.0,1988773.0,0.0,0.0,2508033.0,4884300.0,0.0,71549.0,-955059.0,-0.24757264188017084,-1026608.0,-0.2661197420633892,0.0,0.0,0.0,0.0,-983003.0,-0.25481635133131414,-0.0321924459198852,-0.0321924459198852,30535207.0,30535207.0,https://www.sec.gov/Archives/edgar/data/924383/000119312508247995/0001193125-08-247995-index.htm,https://www.sec.gov/Archives/edgar/data/924383/000119312508247995/d10k.htm,1620592685,16:38:05,20210509
50,2008-06-30,GNSS,USD,2008-08-05,2008-08-04 18:49:54,Q3,2748234.0,1703912.0,1044322.0,0.37999748201936223,858174.0,1730634.0,0.0,0.0,2588808.0,4292720.0,0.0,82960.0,-1461526.0,-0.5318055158330768,-1544486.0,-0.561992173883301,0.0,0.0,0.0,0.0,-1519905.0,-0.5530478845687813,-0.05,-0.05,30535207.0,30535207.0,https://www.sec.gov/Archives/edgar/data/924383/000119312508165208/0001193125-08-165208-index.htm,https://www.sec.gov/Archives/edgar/data/924383/000119312508165208/d10q.htm,1620592685,16:38:05,20210509
51,2008-03-31,GNSS,USD,2008-05-09,2008-05-09 16:15:08,Q2,2048372.0,1317319.0,731053.0,0.35689464608967514,1166849.0,1753881.0,0.0,0.0,2920730.0,4238049.0,0.0,95615.0,-2094062.0,-1.022305518724138,-2189677.0,-1.0689840517249796,0.0,0.0,0.0,0.0,-2133375.0,-1.041497833401355,-0.07,-0.07,30535207.0,30535207.0,https://www.sec.gov/Archives/edgar/data/924383/000119312508109784/0001193125-08-109784-index.htm,https://www.sec.gov/Archives/edgar/data/924383/000119312508109784/d10q.htm,1620592685,16:38:05,20210509
52,2007-12-31,GNSS,USD,2008-02-11,2008-02-11 17:24:20,Q1,2535644.0,1381715.0,1153929.0,0.4550832056866027,810178.0,2029353.0,0.0,0.0,2839531.0,4221246.0,0.0,102390.0,-1583212.0,-0.6243826026050976,-1685602.0,-0.6647628768076276,0.0,0.0,0.0,0.0,-1723993.0,-0.6799034091536509,-0.06,-0.06,30535207.0,30535207.0,https://www.sec.gov/Archives/edgar/data/924383/000119312508025931/0001193125-08-025931-index.htm,https://www.sec.gov/Archives/edgar/data/924383/000119312508002436/d10k.htm,1620592685,16:38:05,20210509
53,2007-09-30,GNSS,USD,2008-01-07,2008-01-07 16:10:40,Q4,1582688.0,2266313.0,-683625.0,-0.4319392072221436,631969.0,1771993.0,0.0,0.0,2403962.0,4670275.0,0.0,105510.0,-2982077.0,-1.884185006773287,-3087587.0,-1.9508500727875615,-28501.0,0.0,0.0,0.0,-3002786.0,-1.8972697082431913,-0.09833848514601522,-0.09833848514601522,30535207.0,30535207.0,https://www.sec.gov/Archives/edgar/data/924383/000119312508002436/0001193125-08-002436-index.htm,https://www.sec.gov/Archives/edgar/data/924383/000119312508002436/d10k.htm,1620592685,16:38:05,20210509
54,2007-06-30,GNSS,USD,2007-08-08,2007-08-08 17:11:31,Q3,2152571.0,1154336.0,998235.0,0.4637408011164324,492835.0,1551804.0,0.0,0.0,2044639.0,3198975.0,0.0,122857.0,-923547.0,-0.4290436877575699,-1046404.0,-0.4861182279237247,-54510.0,0.0,0.0,0.0,-1011366.0,-0.46984094833573437,-0.03,-0.03,30535207.0,30535207.0,https://www.sec.gov/Archives/edgar/data/924383/000119312507175762/0001193125-07-175762-index.htm,https://www.sec.gov/Archives/edgar/data/924383/000119312507175762/d10q.htm,1620592685,16:38:05,20210509
55,2007-03-31,GNSS,USD,2007-05-02,2007-05-02 17:25:16,Q2,2261417.0,1154012.0,1107405.0,0.48969517784645644,575092.0,1655130.0,0.0,0.0,2230222.0,3384234.0,0.0,131154.0,-991663.0,-0.4385139936597275,-1122817.0,-0.4965103738054503,0.0,0.0,0.0,0.0,-1032909.0,-0.4567530004417584,-0.03,-0.03,30142426.0,30142426.0,https://www.sec.gov/Archives/edgar/data/924383/000119312507099729/0001193125-07-099729-index.htm,https://www.sec.gov/Archives/edgar/data/924383/000119312507099729/d10q.htm,1620592685,16:38:05,20210509
56,2006-12-31,GNSS,USD,2007-02-09,2007-02-08 21:30:09,Q1,3904205.0,1947913.0,1956292.0,0.501073073775583,541515.0,2012069.0,0.0,0.0,2553584.0,4501497.0,0.0,119679.0,-477613.0,-0.12233297175737443,-597292.0,-0.15298684367239937,0.0,0.0,0.0,0.0,-513785.0,-0.13159785410858293,-0.02,-0.02,30089640.0,30089640.0,https://www.sec.gov/Archives/edgar/data/924383/000119312507024607/0001193125-07-024607-index.htm,https://www.sec.gov/Archives/edgar/data/924383/000119312507002417/d10k.htm,1620592685,16:38:05,20210509
57,2006-09-30,GNSS,USD,2007-01-08,2007-01-05 21:55:29,Q4,2392873.0,1839626.0,553247.0,0.23120616932031077,381720.0,2967405.0,0.0,0.0,3349125.0,5188751.0,0.0,117912.0,-2677966.0,-1.1191425537418827,-2795878.0,-1.1684188839106797,-737300.0,0.0,0.0,0.0,-3457656.0,-1.4449809914692506,-0.11491184341188529,-0.11491184341188529,30089640.0,30089640.0,https://www.sec.gov/Archives/edgar/data/924383/000119312507002417/0001193125-07-002417-index.htm,https://www.sec.gov/Archives/edgar/data/924383/000119312507002417/d10k.htm,1620592685,16:38:05,20210509
58,2006-06-30,GNSS,USD,2006-08-09,2006-08-09 17:09:57,Q3,3164779.0,2119245.0,1045534.0,0.3303655642305513,459904.0,2147608.0,0.0,0.0,2607512.0,4726757.0,0.0,120057.0,-1441921.0,-0.4556150682243531,-1561978.0,-0.4935504185284344,669300.0,0.0,0.0,0.0,-849336.0,-0.26837134599287976,-0.03,-0.03,24485215.0,24485215.0,https://www.sec.gov/Archives/edgar/data/924383/000119312506167954/0001193125-06-167954-index.htm,https://www.sec.gov/Archives/edgar/data/924383/000119312506167954/d10q.htm,1620592685,16:38:05,20210509
59,2006-03-31,GNSS,USD,2006-05-10,2006-05-10 16:31:30,Q2,1465628.0,1277415.0,188213.0,0.1284179887392981,502217.0,2047085.0,0.0,0.0,2549302.0,3826717.0,0.0,113257.0,-2247832.0,-1.5336988649234322,-2361089.0,-1.6109742717797422,-339500.0,0.0,0.0,0.0,-2630292.0,-1.7946518489002667,-0.11,-0.11,24382731.0,24382731.0,https://www.sec.gov/Archives/edgar/data/924383/000119312506107678/0001193125-06-107678-index.htm,https://www.sec.gov/Archives/edgar/data/924383/000119312506107678/d10q.htm,1620592685,16:38:05,20210509
60,2005-12-31,GNSS,USD,2006-02-09,2006-02-09 17:15:48,Q1,1899378.0,835240.0,1064138.0,0.5602560417147087,565993.0,2375124.0,0.0,0.0,1941117.0,2776357.0,0.0,111972.0,-765007.0,-0.4027671163928402,-876979.0,-0.4617190469722193,1032200.0,0.0,0.0,0.0,-770516.0,-0.4056675395840112,-0.03,-0.03,24302848.0,24302848.0,https://www.sec.gov/Archives/edgar/data/924383/000119312506025397/0001193125-06-025397-index.htm,https://www.sec.gov/Archives/edgar/data/924383/000101968705003508/atc_10k-093005.htm,1620592685,16:38:05,20210509
61,2005-09-30,GNSS,USD,2005-12-29,2005-12-29 14:23:07,Q4,1575442.0,1650900.0,-75458.0,-0.047896399867465765,440056.0,2364464.0,0.0,0.0,2804520.0,4455420.0,0.0,656878.0,-2223100.0,-1.4110960606610716,-2879978.0,-1.8280444472091006,0.0,0.0,0.0,0.0,-2354072.0,-1.4942295558960597,-0.09686403832176377,-0.09686403832176377,24302848.0,24302848.0,https://www.sec.gov/Archives/edgar/data/924383/000101968705003508/0001019687-05-003508-index.htm,https://www.sec.gov/Archives/edgar/data/924383/000101968705003508/atc_10k-093005.htm,1620592685,16:38:05,20210509
62,2005-06-30,GNSS,USD,2005-08-09,2005-08-09 17:28:56,Q3,1393797.0,991790.0,402007.0,0.28842578940835717,1268468.0,2879021.0,0.0,0.0,4147489.0,5139279.0,0.0,199845.0,-3545637.0,-2.5438690139238354,-3745482.0,-2.687250725894804,267931.0,0.0,0.0,0.0,-3592768.0,-2.5776838377468168,-0.17,-0.17,21328989.0,21328989.0,https://www.sec.gov/Archives/edgar/data/924383/000101968705002158/0001019687-05-002158-index.htm,https://www.sec.gov/Archives/edgar/data/924383/000101968705002158/atco_10q-063005.htm,1620592685,16:38:05,20210509
63,2005-03-31,GNSS,USD,2005-05-10,2005-05-10 16:41:19,Q2,2817393.0,1453966.0,1363427.0,0.4839321315840566,1452393.0,2094036.0,0.0,0.0,3546429.0,5000395.0,0.0,191383.0,-1991619.0,-0.7069013801056508,-2183002.0,-0.774830490456958,682210.0,0.0,0.0,0.0,-1613016.0,-0.5725207665384275,-0.15,-0.15,20665004.0,20665004.0,https://www.sec.gov/Archives/edgar/data/924383/000101968705001302/0001019687-05-001302-index.htm,https://www.sec.gov/Archives/edgar/data/924383/000101968705001302/atco_10q-033105.htm,1620592685,16:38:05,20210509
64,2004-12-31,GNSS,USD,2005-02-11,2005-02-11 07:14:58,Q1,4408913.0,1527703.0,2881210.0,0.6534966782061701,1460615.0,1995915.0,0.0,0.0,3456530.0,4984233.0,0.0,119460.0,-455860.0,-0.10339509988062817,-575320.0,-0.13049021380099812,-950141.0,0.0,0.0,0.0,-1526850.0,-0.34630985006962034,-0.09,-0.09,19812515.0,19812515.0,https://www.sec.gov/Archives/edgar/data/924383/000101968705000351/0001019687-05-000351-index.htm,https://www.sec.gov/Archives/edgar/data/924383/000101968704002933/atc_10k-093004.htm,1620592685,16:38:05,20210509
65,2004-09-30,GNSS,USD,2004-12-28,2004-12-28 16:45:24,Q4,1377240.0,1109800.0,267440.0,0.1941854723940635,1005266.0,1543410.0,0.0,0.0,2548676.0,3658476.0,0.0,75028.0,-2206208.0,-1.6019052597949521,-2281236.0,-1.6563823298771456,0.0,0.0,0.0,0.0,-2268402.0,-1.6470636926025966,-0.11449338965800152,-0.11449338965800152,19812515.0,19812515.0,https://www.sec.gov/Archives/edgar/data/924383/000101968704002933/0001019687-04-002933-index.htm,https://www.sec.gov/Archives/edgar/data/924383/000101968704002933/atc_10k-093004.htm,1620592685,16:38:05,20210509
66,2004-06-30,GNSS,USD,2004-08-04,2004-08-04 07:54:25,Q3,2107281.0,1006319.0,1100962.0,0.5224561888044357,890299.0,1614351.0,0.0,0.0,2504650.0,3510969.0,0.0,58896.0,-1344792.0,-0.6381645352470791,-1403688.0,-0.6661133470097248,0.0,0.0,0.0,0.0,-1390411.0,-0.6598128109160573,-0.09,-0.09,19719657.0,19719657.0,https://www.sec.gov/Archives/edgar/data/924383/000101968704001682/0001019687-04-001682-index.htm,https://www.sec.gov/Archives/edgar/data/924383/000101968704001682/atco_10q-063004.htm,1620592685,16:38:05,20210509
67,2004-03-31,GNSS,USD,2004-05-05,2004-05-05 08:30:09,Q2,1493250.0,945224.0,548026.0,0.36700217646074,644248.0,1079472.0,0.0,0.0,1723720.0,2668944.0,0.0,51828.0,-1123866.0,-0.7526308387744852,-1175694.0,-0.7873390256152687,0.0,0.0,0.0,0.0,-1165196.0,-0.7803087225849656,-0.08,-0.08,19508387.0,19508387.0,https://www.sec.gov/Archives/edgar/data/924383/000101968704000989/0001019687-04-000989-index.htm,https://www.sec.gov/Archives/edgar/data/924383/000101968704000989/atc0331_10q.htm,1620592685,16:38:05,20210509
68,2003-12-31,GNSS,USD,2004-02-12,2004-02-12 12:53:46,Q1,774778.0,408478.0,366300.0,0.4727805900528926,448971.0,1072314.0,0.0,0.0,1521285.0,1929763.0,0.0,54196.0,-1100789.0,-1.4207798879162805,-1154985.0,-1.4907302478903635,0.0,0.0,0.0,0.0,-1136427.0,-1.4667775801584453,-0.07,-0.07,19376717.0,19376717.0,https://www.sec.gov/Archives/edgar/data/924383/000101968704000287/0001019687-04-000287-index.htm,https://www.sec.gov/Archives/edgar/data/924383/000101968703002557/atco_10k-093003.htm,1620592685,16:38:05,20210509
69,2003-09-30,GNSS,USD,2003-12-29,2003-12-29 06:08:30,Q4,340573.0,685557.0,-344984.0,-1.0129517019845966,470256.0,2420106.0,0.0,0.0,2865849.0,3551406.0,0.0,51732.0,-3159101.0,-9.27584100912286,-3210833.0,-9.427737959262771,24513.0,0.0,0.0,0.0,-3208410.0,-9.420623478666835,-0.16558068118556926,-0.16558068118556926,19376717.0,19376717.0,https://www.sec.gov/Archives/edgar/data/924383/000101968703002557/0001019687-03-002557-index.htm,https://www.sec.gov/Archives/edgar/data/924383/000101968703002557/atco_10k-093003.htm,1620592685,16:38:05,20210509
70,2003-06-30,GNSS,USD,2003-06-30,2003-06-30,Q3,313612.0,186101.0,127511.0,0.4065883958521995,714376.0,778296.0,0.0,0.0,1492672.0,1678773.0,0.0,158590.0,-1206571.0,-3.84733683660064,-1365161.0,-4.353025394436437,-800.0,-1432652.0,-4.568230807494611,0.0,-1432652.0,-4.568230807494611,-0.13,-0.13,15447015.0,15447015.0,,,1620592685,16:38:05,20210509
71,2003-03-31,GNSS,USD,2003-05-15,2003-05-14 21:08:58,Q2,237942.0,350784.0,-112842.0,-0.4742416219078599,727298.0,908992.0,0.0,0.0,1636290.0,1987074.0,0.0,168156.0,-1580976.0,-6.6443755200847265,-1749132.0,-7.351085558665557,-1667.0,-1854306.0,-7.793100839700431,0.0,-1854306.0,-7.793100839700431,-0.14,-0.14,14897662.0,14897662.0,https://www.sec.gov/Archives/edgar/data/924383/000089843003002998/0000898430-03-002998-index.htm,https://www.sec.gov/Archives/edgar/data/924383/000089843003002998/d10q.htm,1620592685,16:38:05,20210509
72,2002-12-31,GNSS,USD,2003-02-12,2003-02-12 16:51:29,Q1,423299.0,321635.0,101664.0,0.24017065951018074,581421.0,756317.0,0.0,0.0,1337738.0,1659373.0,0.0,576134.0,-659940.0,-1.5590398276395645,-1236074.0,-2.920096669257428,0.0,0.0,0.0,0.0,-1731645.0,-4.090831776120425,-0.13,-0.13,14354598.0,14354598.0,https://www.sec.gov/Archives/edgar/data/924383/000103221003000173/0001032210-03-000173-index.htm,https://www.sec.gov/Archives/edgar/data/924383/000095016802003916/d10k.htm,1620592685,16:38:05,20210509
73,2002-09-30,GNSS,USD,2002-12-23,2002-12-23 17:16:57,Q4,319007.0,286001.0,33006.0,0.10346481425172488,738086.0,1182450.0,0.0,0.0,1941228.0,2227229.0,0.0,596956.0,-1311266.0,-4.110461525922629,-1908222.0,-5.981755886234471,-20692.0,0.0,0.0,0.0,-2383440.0,-7.4714347961016525,-0.1660401775096732,-0.1660401775096732,14354598.0,14354598.0,https://www.sec.gov/Archives/edgar/data/924383/000095016802003916/0000950168-02-003916-index.htm,https://www.sec.gov/Archives/edgar/data/924383/000095016802003916/d10k.htm,1620592685,16:38:05,20210509
74,2002-06-30,GNSS,USD,2002-08-14,2002-08-14 15:59:17,Q3,235691.0,158998.0,76693.0,0.32539638764314294,1002980.0,760967.0,0.0,0.0,1763947.0,1922945.0,0.0,587466.0,-1099788.0,-4.666228239516995,-1687254.0,-7.158754470896215,0.0,0.0,0.0,0.0,-2152066.0,-9.130878989863847,-0.16,-0.16,14291087.0,14291087.0,https://www.sec.gov/Archives/edgar/data/924383/000089843002003157/0000898430-02-003157-index.htm,https://www.sec.gov/Archives/edgar/data/924383/000089843002003157/d10q.htm,1620592685,16:38:05,20210509
75,2002-03-31,GNSS,USD,2002-03-31,2002-03-31,Q2,199433.0,122385.0,77048.0,0.38633526046341377,987060.0,610463.0,0.0,0.0,1597523.0,1719908.0,0.0,587076.0,-933399.0,-4.680263547156188,-1520475.0,-7.623989008840062,0.0,0.0,0.0,0.0,-1975483.0,-9.905497084233803,-0.14,-0.14,14273238.0,14273238.0,,,1620592685,16:38:05,20210509
76,2001-12-31,GNSS,USD,2002-02-14,2002-02-14,Q1,256621.0,116459.0,140162.0,0.5461828922808344,893937.0,492656.0,0.0,0.0,1386593.0,1503052.0,0.0,585750.0,-660681.0,-2.5745398856679693,-1246431.0,-4.857088858667062,-800.0,0.0,0.0,0.0,-1709141.0,-6.6601759014266175,-0.12,-0.12,13880862.0,13880862.0,https://www.sec.gov/Archives/edgar/data/924383/000102140802002396/0001021408-02-002396-index.htm,https://www.sec.gov/Archives/edgar/data/924383/000102140802002396/d10q.txt,1620592685,16:38:05,20210509
77,2001-09-30,GNSS,USD,2001-12-27 00:00:00,2001-12-27 00:00:00,Q4,171968.0,100787.0,71181.0,0.4139200316337923,769847.0,625505.0,0.0,0.0,1395352.0,1496139.0,0.0,170695.0,-1153476.0,-6.707503721622627,-1324171.0,-7.700101181615184,0.0,0.0,0.0,0.0,-1316719.0,-7.656767538146632,-0.09485859019418247,-0.09485859019418247,13880862.0,13880862.0,https://www.sec.gov/Archives/edgar/data/924383/000102140801511695/0001021408-01-511695-index.html,https://www.sec.gov/Archives/edgar/data/924383/000102140801511695/d10k.txt,1620592685,16:38:05,20210509
78,2001-06-30,GNSS,USD,2001-08-10 00:00:00,2001-08-10 00:00:00,Q3,150318.0,109516.0,40802.0,0.2714378850170971,770848.0,545272.0,0.0,0.0,1316121.0,1425637.0,0.0,158576.0,-1116743.0,-7.429203422078527,-1275319.0,-8.48414028925345,0.0,-1256548.0,-8.35926502481406,0.0,-1256548.0,-8.35926502481406,-0.09,-0.09,13677390.0,13677390.0,https://www.sec.gov/Archives/edgar/data/924383/000102140801504864/0001021408-01-504864-index.html,https://www.sec.gov/Archives/edgar/data/924383/000102140801504864/d10q.txt,1620592685,16:38:05,20210509
79,2001-03-31,GNSS,USD,2001-03-31,2001-03-31,Q2,340334.0,41159.0,299175.0,0.8790629205427609,731494.0,537718.0,0.0,0.0,1269212.0,1310371.0,0.0,151704.0,-818333.0,-2.4044996973561266,-970037.0,-2.8502500484817856,2200.0,0.0,0.0,0.0,-1079372.0,-3.171507989210599,-0.08,-0.08,13578428.0,13578428.0,,,1620592685,16:38:05,20210509
80,2000-12-31,GNSS,USD,2000-12-31,2000-12-31,Q1,192722.0,34118.0,158604.0,0.8229677981756105,863920.0,611195.0,0.0,0.0,1616107.0,1650225.0,0.0,140992.0,-1316511.0,-6.831140191571279,-1457503.0,-7.5627224707091045,0.0,0.0,0.0,0.0,-1393580.0,-7.231037452911448,-0.11,-0.11,13287642.0,13287642.0,,,1620592685,16:38:05,20210509
81,2000-09-30,GNSS,USD,2000-12-29 00:00:00,2000-12-29 00:00:00,Q4,291796.0,137614.0,154182.0,0.5283896969115409,747269.0,682477.0,0.0,0.0,1566832.0,1704446.0,0.0,137086.0,-1275564.0,-4.37142387147185,-1412650.0,-4.841224691222635,-59.0,0.0,0.0,0.0,-1329692.0,-4.5569233299976695,-0.10006982427732475,-0.10006982427732475,13287642.0,13287642.0,https://www.sec.gov/Archives/edgar/data/924383/000089843000004014/0000898430-00-004014-index.html,https://www.sec.gov/Archives/edgar/data/924383/000089843000004014/0000898430-00-004014-0001.txt,1620592685,16:38:05,20210509
82,2000-06-30,GNSS,USD,2000-08-11 00:00:00,2000-08-11 00:00:00,Q3,340074.0,137343.0,202731.0,0.5961378993983663,431221.0,663735.0,0.0,0.0,1122544.0,1259887.0,0.0,27588.0,-892225.0,-2.623620153260761,-919813.0,-2.7047436734357815,0.0,0.0,0.0,0.0,-824475.0,-2.4243988073184073,-0.08,-0.08,11902024.0,11902024.0,https://www.sec.gov/Archives/edgar/data/924383/000107299300000593/0001072993-00-000593-index.html,https://www.sec.gov/Archives/edgar/data/924383/000107299300000593/0001072993-00-000593-0001.txt,1620592685,16:38:05,20210509
83,2000-03-31,GNSS,USD,2000-04-28 00:00:00,2000-04-28 00:00:00,Q2,179261.0,185942.0,-6681.0,-0.03726967940600577,538828.0,702472.0,0.0,0.0,1272456.0,1458398.0,0.0,0.0,-2125176.0,-11.855205538293326,-1279137.0,-7.135612319467145,877195.0,0.0,0.0,0.0,-372344.0,-2.0771054495958405,-0.25,-0.25,11702323.0,11702323.0,https://www.sec.gov/Archives/edgar/data/924383/000107299300000333/0001072993-00-000333-index.html,https://www.sec.gov/Archives/edgar/data/924383/0001072993-00-000333.txt,1620592685,16:38:05,20210509
84,1999-12-31,GNSS,USD,1999-12-31,1999-12-31,Q1,600000.0,400000.0,200000.0,0.3333333333333333,400000.0,500000.0,0.0,0.0,900000.0,1300000.0,0.0,0.0,-800000.0,-1.3333333333333333,-700000.0,-1.1666666666666667,100000.0,0.0,0.0,0.0,-500000.0,-0.8333333333333334,-0.05,-0.05,11504623.0,11504623.0,,,1620592685,16:38:05,20210509
85,1999-09-30,GNSS,USD,1999-09-30,1999-09-30,Q4,200000.0,200000.0,0.0,0.0,300000.0,600000.0,0.0,0.0,900000.0,1100000.0,0.0,0.0,-900000.0,-4.5,-900000.0,-4.5,0.0,0.0,0.0,0.0,-900000.0,-4.5,-0.07822942133783958,-0.07822942133783958,11504623.0,11504623.0,,,1620592685,16:38:05,20210509
86,1999-06-30,GNSS,USD,1999-06-30,1999-06-30,Q3,300000.0,200000.0,100000.0,0.3333333333333333,200000.0,500000.0,0.0,0.0,700000.0,900000.0,0.0,0.0,-600000.0,-2.0,-600000.0,-2.0,0.0,0.0,0.0,0.0,-600000.0,-2.0,-0.06,-0.06,10000000.0,10000000.0,,,1620592685,16:38:05,20210509
87,1999-03-31,GNSS,USD,1999-03-31,1999-03-31,Q2,100000.0,100000.0,0.0,0.0,300000.0,500000.0,0.0,0.0,800000.0,900000.0,0.0,0.0,-800000.0,-8.0,-800000.0,-8.0,0.0,0.0,0.0,0.0,-700000.0,-7.0,-0.08,-0.08,8750000.0,8750000.0,,,1620592685,16:38:05,20210509
88,1998-12-31,GNSS,USD,1999-02-12,1999-02-12,Q1,200000.0,100000.0,100000.0,0.5,200000.0,600000.0,0.0,0.0,800000.0,900000.0,0.0,0.0,-700000.0,-3.5,-700000.0,-3.5,0.0,0.0,0.0,0.0,-800000.0,-4.0,-0.11,-0.11,11374000.0,11374000.0,https://www.sec.gov/Archives/edgar/data/924383/0000936392-99-000170-index.html,https://www.sec.gov/Archives/edgar/data/924383/,1620592685,16:38:05,20210509
89,1998-09-30,GNSS,USD,1998-09-30,1998-09-30,Q4,80000.0,30000.0,50000.0,0.625,250000.0,1110000.0,0.0,0.0,1360000.0,1390000.0,-920000.0,30000.0,-1280000.0,-16.0,-1310000.0,-16.375,20000.0,-2210000.0,-27.625,0.0,-2210000.0,-27.625,-0.19403,-0.19403,11390000.0,11390000.0,,,1620592685,16:38:05,20210509
90,1998-06-30,GNSS,USD,1998-08-10,1998-08-10,Q3,80000.0,90000.0,-20000.0,-0.25,270000.0,870000.0,0.0,0.0,1140000.0,1230000.0,-920000.0,30000.0,-1120000.0,-14.0,-1150000.0,-14.375,30000.0,-2040000.0,-25.5,0.0,-2040000.0,-25.5,-0.18133,-0.18133,11250000.0,11250000.0,https://www.sec.gov/Archives/edgar/data/924383/0000936392-98-001130-index.html,https://www.sec.gov/Archives/edgar/data/924383/,1620592685,16:38:05,20210509
91,1998-03-31,GNSS,USD,1998-03-31,1998-03-31,Q2,20000.0,180000.0,-160000.0,-8.0,260000.0,520000.0,0.0,0.0,780000.0,960000.0,0.0,40000.00000000001,-900000.0,-45.0,-940000.0,-47.0,40000.0,-900000.0,-45.0,0.0,-900000.0,-45.0,-0.08272,-0.08272,10880000.0,10880000.0,,,1620592685,16:38:05,20210509
92,1997-12-31,GNSS,USD,1997-12-31,1997-12-31,Q1,60000.0,100000.0,-40000.0,-0.6666666666666666,190000.0,480000.0,0.0,0.0,680000.0,780000.0,-10000.0,30000.0,-690000.0,-11.5,-720000.0,-12.0,60000.0,-660000.0,-11.0,0.0,-660000.0,-11.0,-0.06548,-0.06548,10080000.0,10080000.0,,,1620592685,16:38:05,20210509
93,1997-09-30,GNSS,USD,1997-09-30,1997-09-30,Q4,200000.0,190000.0,10000.0,0.05,170000.0,650000.0,0.0,0.0,810000.0,1000000.0,-10000.0,30000.0,-780000.0,-3.9,-810000.0,-4.05,10000.0,-800000.0,-4.0,0.0,-800000.0,-4.0,-0.0863,-0.0863,9270000.0,9270000.0,,,1620592685,16:38:05,20210509
94,1997-06-30,GNSS,USD,1997-06-30,1997-06-30,Q3,90000.0,80000.0,10000.0,0.1111111111111111,190000.0,360000.0,0.0,0.0,550000.0,630000.0,-10000.0,30000.000000000007,-510000.0,-5.666666666666667,-540000.0,-6.0,10000.0,-540000.0,-6.0,0.0,-540000.0,-6.0,-0.05654,-0.05654,9550000.0,9550000.0,,,1620592685,16:38:05,20210509
95,1997-03-31,GNSS,USD,1997-03-31,1997-03-31,Q2,80000.0,70000.0,10000.0,0.125,110000.0,370000.0,0.0,0.0,480000.00000000006,550000.0,-130000.0,20000.0,-450000.0,-5.625,-470000.0,-5.875,0.0,-590000.0,-7.375,0.0,-590000.0,-7.375,-0.06455,-0.06455,9140000.0,9140000.0,,,1620592685,16:38:05,20210509
96,1996-12-31,GNSS,USD,1996-12-31,1996-12-31,Q1,600000.0,480000.0,130000.0,0.21666666666666667,100000.0,240000.0,0.0,0.0,339999.99999999994,820000.0,0.0,20000.0,-190000.0,-0.31666666666666665,-210000.0,-0.35,0.0,-210000.0,-0.35,0.0,-210000.0,-0.35,-0.02422,-0.02422,8670000.0,8670000.0,,,1620592685,16:38:05,20210509
97,1996-09-30,GNSS,USD,1996-09-30,1996-09-30,Q4,200000.0,200000.0,10000.0,0.05,80000.0,230000.0,0.0,0.0,310000.0,510000.0,-30000.0,10000.00000000001,-300000.0,-1.5,-310000.0,-1.55,0.0,-340000.0,-1.7,0.0,-340000.0,-1.7,-0.04558,-0.04558,7460000.0,7460000.0,,,1620592685,16:38:05,20210509
