,date,symbol,reportedCurrency,fillingDate,acceptedDate,period,revenue,costOfRevenue,grossProfit,grossProfitRatio,researchAndDevelopmentExpenses,generalAndAdministrativeExpenses,sellingAndMarketingExpenses,otherExpenses,operatingExpenses,costAndExpenses,interestExpense,depreciationAndAmortization,ebitda,ebitdaratio,operatingIncome,operatingIncomeRatio,totalOtherIncomeExpensesNet,incomeBeforeTax,incomeBeforeTaxRatio,incomeTaxExpense,netIncome,netIncomeRatio,eps,epsdiluted,weightedAverageShsOut,weightedAverageShsOutDil,link,finalLink,timestamp,est_time,est_date
0,2020-12-31,PRTA,USD,2021-02-26,2021-02-26 16:40:06,Q4,360000.0,0.0,0.0,0.0,20760000.0,9908000.0,0.0,-65000.0,30668000.0,30668000.0,0.0,1748000.0,-28560000.0,-79.33333333333333,-30308000.0,-84.18888888888888,-65000.0,-30363000.0,-84.34166666666667,353000.0,-30716000.0,-85.32222222222222,-0.7694967056642533,-0.7694967056642533,39917000,39917000,https://www.sec.gov/Archives/edgar/data/1559053/000155905321000008/0001559053-21-000008-index.htm,https://www.sec.gov/Archives/edgar/data/1559053/000155905321000008/prta-20201231.htm,1620596820,17:47:00,20210509
1,2020-09-30,PRTA,USD,2020-11-04,2020-11-04 16:51:55,Q3,157000.0,0.0,157000.0,1.0,21605000.0,9398000.0,0.0,11000.0,31003000.0,31003000.0,0.0,1760000.0,-29086000.0,-185.2611464968153,-30846000.0,-196.47133757961782,11000.0,-30792000.0,-196.12738853503186,-215000.0,-30577000.0,-194.7579617834395,-0.77,-0.77,39917000,39917000,https://www.sec.gov/Archives/edgar/data/1559053/000155905320000040/0001559053-20-000040-index.htm,https://www.sec.gov/Archives/edgar/data/1559053/000155905320000040/prta-20200930.htm,1620596820,17:47:00,20210509
2,2020-06-30,PRTA,USD,2020-08-06,2020-08-06 16:31:54,Q2,195000.0,0.0,0.0,0.0,17271000.0,9656000.0,0.0,16000.0,26927000.0,26927000.0,0.0,1740000.0,-24992000.0,-128.16410256410256,-26732000.0,-137.0871794871795,16000.0,-26537000.0,-136.0871794871795,-255000.0,-26282000.0,-134.77948717948718,-0.66,-0.66,39911000,39911000,https://www.sec.gov/Archives/edgar/data/1559053/000155905320000026/0001559053-20-000026-index.htm,https://www.sec.gov/Archives/edgar/data/1559053/000155905320000026/prta-20200630.htm,1620596820,17:47:00,20210509
3,2020-03-31,PRTA,USD,2020-05-06,2020-05-06 16:29:05,Q1,141000.0,0.0,0.0,0.0,15248000.0,9741000.0,0.0,-24000.0,24989000.0,24989000.0,0.0,1729000.0,-23119000.0,-163.96453900709218,-24848000.0,-176.22695035460993,-24000.0,-23735000.0,-168.33333333333334,-166000.0,-23569000.0,-167.15602836879432,-0.59,-0.59,39909000,39909000,https://www.sec.gov/Archives/edgar/data/1559053/000155905320000013/0001559053-20-000013-index.htm,https://www.sec.gov/Archives/edgar/data/1559053/000155905320000005/prta201910-k.htm,1620596820,17:47:00,20210509
4,2019-12-31,PRTA,USD,2020-03-03,2020-03-03 17:11:41,Q4,256000.0,0.0,0.0,0.0,15471000.0,8059000.0,0.0,20000.0,23530000.0,23530000.0,0.0,1733000.0,-21541000.0,-84.14453125,-23274000.0,-90.9140625,20000.0,-21685000.0,-84.70703125,-131000.0,-21554000.0,-84.1953125,-0.54,-0.54,39897000,39897000,https://www.sec.gov/Archives/edgar/data/1559053/000155905320000005/0001559053-20-000005-index.htm,https://www.sec.gov/Archives/edgar/data/1559053/000155905320000005/prta201910-k.htm,1620596820,17:47:00,20210509
5,2019-09-30,PRTA,USD,2019-11-05,2019-11-05 16:20:35,Q3,205000.0,0.0,0.0,0.0,12486000.0,8691000.0,0.0,-42000.0,21177000.0,21177000.0,0.0,1712000.0,-19260000.0,-93.95121951219512,-20972000.0,-102.30243902439024,-42000.0,-18980000.0,-92.58536585365853,468000.0,-19448000.0,-94.86829268292684,-0.49,-0.49,39897000,39897000,https://www.sec.gov/Archives/edgar/data/1559053/000155905319000035/0001559053-19-000035-index.htm,https://www.sec.gov/Archives/edgar/data/1559053/000155905319000035/prta2019q310-q.htm,1620596820,17:47:00,20210509
6,2019-06-30,PRTA,USD,2019-08-06,2019-08-06 16:14:42,Q2,167000.0,0.0,0.0,0.0,9583000.0,9081000.0,0.0,235000.0,18664000.0,18664000.0,0.0,1694000.0,-16803000.0,-100.61676646706587,-18497000.0,-110.76047904191617,235000.0,-15966000.0,-95.60479041916167,-156000.0,-15810000.0,-94.67065868263474,-0.4,-0.4,39872000,39872000,https://www.sec.gov/Archives/edgar/data/1559053/000155905319000023/0001559053-19-000023-index.htm,https://www.sec.gov/Archives/edgar/data/1559053/000155905319000023/prta2019q210-q.htm,1620596820,17:47:00,20210509
7,2019-03-31,PRTA,USD,2019-05-07,2019-05-07 16:33:10,Q1,186000.0,0.0,0.0,0.0,13296000.0,9905000.0,0.0,-17000.0,23201000.0,23201000.0,0.0,1681000.0,-21334000.0,-114.6989247311828,-23015000.0,-123.73655913978494,44000.0,-20667000.0,-111.11290322580645,198000.0,-20865000.0,-112.1774193548387,-0.52,-0.52,39864000,39864000,https://www.sec.gov/Archives/edgar/data/1559053/000155905319000013/0001559053-19-000013-index.htm,https://www.sec.gov/Archives/edgar/data/1559053/000155905319000007/prta201810-k.htm,1620596820,17:47:00,20210509
8,2018-12-31,PRTA,USD,2019-03-15,2019-03-15 16:27:06,Q4,194000.0,0.0,0.0,0.0,16510000.0,8026000.0,0.0,-25000.0,24536000.0,24536000.0,936000.0,826000.0,-23516000.0,-121.21649484536083,-24342000.0,-125.47422680412372,1562000.0,-21910000.0,-112.9381443298969,551000.0,-22461000.0,-115.77835051546391,-0.56,-0.56,39864000,39864000,https://www.sec.gov/Archives/edgar/data/1559053/000155905319000007/0001559053-19-000007-index.htm,https://www.sec.gov/Archives/edgar/data/1559053/000155905319000007/prta201810-k.htm,1620596820,17:47:00,20210509
9,2018-09-30,PRTA,USD,2018-11-06,2018-11-06 16:31:30,Q3,255000.0,0.0,0.0,0.0,18515000.0,9235000.0,0.0,-65000.0,27750000.0,27750000.0,936000.0,794000.0,-26701000.0,-104.70980392156862,-27495000.0,-107.82352941176471,3107000.0,-23597000.0,-92.53725490196078,962000.0,-24559000.0,-96.30980392156863,-0.62,-0.62,39850000,39850000,https://www.sec.gov/Archives/edgar/data/1559053/000155905318000034/0001559053-18-000034-index.htm,https://www.sec.gov/Archives/edgar/data/1559053/000155905318000034/prta2018q310-q.htm,1620596820,17:47:00,20210509
10,2018-06-30,PRTA,USD,2018-08-07,2018-08-07 16:27:53,Q2,279000.0,0.0,0.0,0.0,31452000.0,10992000.0,0.0,410000.0,42444000.0,42444000.0,917000.0,799000.0,-41366000.0,-148.2652329749104,-42165000.0,-151.1290322580645,-20494000.0,-61828000.0,-221.6057347670251,-1946000.0,-59882000.0,-214.63082437275986,-1.5,-1.5,39824000,39824000,https://www.sec.gov/Archives/edgar/data/1559053/000155905318000025/0001559053-18-000025-index.htm,https://www.sec.gov/Archives/edgar/data/1559053/000155905318000025/prta2018q210-q.htm,1620596820,17:47:00,20210509
11,2018-03-31,PRTA,USD,2018-05-09,2018-05-08 17:34:55,Q1,227000.0,0.0,0.0,0.0,34706000.0,14229000.0,0.0,-272000.0,48935000.0,48935000.0,908000.0,797000.0,-47911000.0,-211.06167400881057,-48708000.0,-214.5726872246696,-272000.0,-48780000.0,-214.88986784140968,-37000.0,-48743000.0,-214.72687224669605,-1.26,-1.26,38684000,38684000,https://www.sec.gov/Archives/edgar/data/1559053/000155905318000014/0001559053-18-000014-index.htm,https://www.sec.gov/Archives/edgar/data/1559053/000155905318000008/prta201710-k.htm,1620596820,17:47:00,20210509
12,2017-12-31,PRTA,USD,2018-02-26,2018-02-23 17:43:08,Q4,229000.0,0.0,0.0,0.0,33502000.0,14044000.0,0.0,-240000.0,47546000.0,47546000.0,929000.0,782000.0,-46535000.0,-203.20960698689956,-47317000.0,-206.6244541484716,-240000.0,-47471000.0,-207.29694323144105,287000.0,-47758000.0,-208.55021834061137,-1.24,-1.24,38455000,38455000,https://www.sec.gov/Archives/edgar/data/1559053/000155905318000008/0001559053-18-000008-index.htm,https://www.sec.gov/Archives/edgar/data/1559053/000155905318000008/prta201710-k.htm,1620596820,17:47:00,20210509
13,2017-09-30,PRTA,USD,2017-11-07,2017-11-07 16:21:41,Q3,219000.0,0.0,0.0,0.0,41315000.0,12438000.0,0.0,-683000.0,53753000.0,53753000.0,929000.0,767000.0,-52767000.0,-240.94520547945206,-53534000.0,-244.44748858447488,-683000.0,-54099000.0,-247.02739726027397,-1705000.0,-52394000.0,-239.2420091324201,-1.37,-1.37,38292000,38292000,https://www.sec.gov/Archives/edgar/data/1559053/000155905317000031/0001559053-17-000031-index.htm,https://www.sec.gov/Archives/edgar/data/1559053/000155905317000031/prta2017q310-q.htm,1620596820,17:47:00,20210509
14,2017-06-30,PRTA,USD,2017-08-09,2017-08-08 17:36:28,Q2,26812000.0,0.0,0.0,0.0,34032000.0,10912000.0,0.0,-874000.0,44944000.0,44944000.0,914000.0,759000.0,-17373000.0,-0.6479561390422199,-18132000.0,-0.6762643592421304,-874000.0,-18988000.0,-0.7081903625242428,-1287000.0,-17701000.0,-0.6601894674026555,-0.46,-0.46,38073000,38073000,https://www.sec.gov/Archives/edgar/data/1559053/000155905317000025/0001559053-17-000025-index.htm,https://www.sec.gov/Archives/edgar/data/1559053/000155905317000025/prta2017q210-q.htm,1620596820,17:47:00,20210509
15,2017-03-31,PRTA,USD,2017-05-09,2017-05-09 16:16:37,Q1,259000.0,0.0,0.0,0.0,25698000.0,10832000.0,0.0,-410000.0,36530000.0,36530000.0,0.0,759000.0,-35512000.0,-137.1119691119691,-36271000.0,-140.04247104247105,-410000.0,-37045000.0,-143.03088803088804,-1661000.0,-35384000.0,-136.6177606177606,-0.99,-0.99,35758000,35758000,https://www.sec.gov/Archives/edgar/data/1559053/000155905317000013/0001559053-17-000013-index.htm,https://www.sec.gov/Archives/edgar/data/1559053/000155905317000005/prta201610-k.htm,1620596820,17:47:00,20210509
16,2016-12-31,PRTA,USD,2017-02-27,2017-02-24 17:35:34,Q4,171000.0,0.0,0.0,0.0,39844000.0,9604000.0,0.0,576000.0,49448000.0,49448000.0,0.0,918000.0,-48359000.0,-282.80116959064327,-49277000.0,-288.16959064327483,576000.0,-48550000.0,-283.91812865497076,353000.0,-48903000.0,-285.9824561403509,-1.41,-1.41,34603000,34603000,https://www.sec.gov/Archives/edgar/data/1559053/000155905317000005/0001559053-17-000005-index.htm,https://www.sec.gov/Archives/edgar/data/1559053/000155905317000005/prta201610-k.htm,1620596820,17:47:00,20210509
17,2016-09-30,PRTA,USD,2016-11-02,2016-11-01 17:36:06,Q3,286000.0,0.0,0.0,0.0,26838000.0,16136000.0,0.0,-268000.0,42974000.0,42974000.0,0.0,830000.0,-41858000.0,-146.35664335664336,-42688000.0,-149.25874125874125,-268000.0,-42818000.0,-149.71328671328672,421000.0,-43239000.0,-151.1853146853147,-1.26,-1.26,34413000,34413000,https://www.sec.gov/Archives/edgar/data/1559053/000155905316000084/0001559053-16-000084-index.htm,https://www.sec.gov/Archives/edgar/data/1559053/000155905316000084/prta2016q310-q.htm,1620596820,17:47:00,20210509
18,2016-06-30,PRTA,USD,2016-08-02,2016-08-02 17:01:09,Q2,333000.0,0.0,0.0,0.0,32359000.0,8134000.0,0.0,-86000.0,40493000.0,40493000.0,0.0,428000.0,-39732000.0,-119.31531531531532,-40160000.0,-120.6006006006006,-86000.0,-40256000.0,-120.88888888888889,189000.0,-40445000.0,-121.45645645645645,-1.18,-1.18,34358000,34358000,https://www.sec.gov/Archives/edgar/data/1559053/000155905316000074/0001559053-16-000074-index.htm,https://www.sec.gov/Archives/edgar/data/1559053/000155905316000074/prta2016q210-q.htm,1620596820,17:47:00,20210509
19,2016-03-31,PRTA,USD,2016-05-04,2016-05-03 17:42:46,Q1,265000.0,0.0,0.0,0.0,20493000.0,7182000.0,0.0,-207000.0,27675000.0,27675000.0,0.0,251000.0,-27159000.0,-102.48679245283019,-27410000.0,-103.43396226415095,-207000.0,-27340000.0,-103.16981132075472,181000.0,-27521000.0,-103.85283018867925,-0.81,-0.81,34026000,34026000,https://www.sec.gov/Archives/edgar/data/1559053/000155905316000058/0001559053-16-000058-index.htm,https://www.sec.gov/Archives/edgar/data/1559053/000155905316000051/prta201510-k.htm,1620596820,17:47:00,20210509
20,2015-12-31,PRTA,USD,2016-02-25,2016-02-25 16:45:57,Q4,307000.0,0.0,0.0,0.0,17890000.0,6629000.0,0.0,-23000.0,24519000.0,24519000.0,0.0,218000.0,-23994000.0,-78.15635179153094,-24212000.0,-78.86644951140065,-23000.0,-24155000.0,-78.68078175895765,2000.0,-24157000.0,-78.68729641693811,-0.76,-0.76,31611000,31611000,https://www.sec.gov/Archives/edgar/data/1559053/000155905316000051/0001559053-16-000051-index.htm,https://www.sec.gov/Archives/edgar/data/1559053/000155905316000051/prta201510-k.htm,1620596820,17:47:00,20210509
21,2015-09-30,PRTA,USD,2015-11-02,2015-11-02 16:22:39,Q3,429000.0,0.0,0.0,0.0,17185000.0,5905000.0,0.0,-127000.0,23090000.0,23090000.0,0.0,200000.0,-22461000.0,-52.35664335664335,-22661000.0,-52.82284382284382,-127000.0,-22738000.0,-53.002331002331005,238000.0,-22976000.0,-53.557109557109555,-0.73,-0.73,31441000,31441000,https://www.sec.gov/Archives/edgar/data/1559053/000155905315000042/0001559053-15-000042-index.htm,https://www.sec.gov/Archives/edgar/data/1559053/000155905315000042/prta2015q310-q.htm,1620596820,17:47:00,20210509
22,2015-06-30,PRTA,USD,2015-08-05,2015-08-04 18:03:38,Q2,278000.0,0.0,0.0,0.0,12791000.0,5522000.0,0.0,-87000.0,18313000.0,18313000.0,0.0,195000.0,-17840000.0,-64.1726618705036,-18035000.0,-64.87410071942446,-87000.0,-18082000.0,-65.0431654676259,195000.0,-18277000.0,-65.74460431654676,-0.59,-0.59,30792000,30792000,https://www.sec.gov/Archives/edgar/data/1559053/000155905315000034/0001559053-15-000034-index.htm,https://www.sec.gov/Archives/edgar/data/1559053/000155905315000034/prta2015q210-q.htm,1620596820,17:47:00,20210509
23,2015-03-31,PRTA,USD,2015-05-06,2015-05-05 17:38:07,Q1,593000.0,0.0,0.0,0.0,10573000.0,5049000.0,0.0,67000.0,15622000.0,15622000.0,0.0,193000.0,-14836000.0,-25.018549747048905,-15029000.0,-25.344013490725125,67000.0,-14936000.0,-25.18718381112985,266000.0,-15202000.0,-25.63575042158516,-0.55,-0.55,27401000,27401000,https://www.sec.gov/Archives/edgar/data/1559053/000155905315000023/0001559053-15-000023-index.htm,https://www.sec.gov/Archives/edgar/data/1559053/000155905315000006/prta201410-k.htm,1620596820,17:47:00,20210509
24,2014-12-31,PRTA,USD,2015-03-13,2015-03-12 18:37:10,Q4,2013000.0,0.0,0.0,0.0,10107000.0,5011000.0,0.0,93000.0,15118000.0,15118000.0,0.0,194000.0,-12911000.0,-6.413810233482365,-13105000.0,-6.510183805265773,93000.0,-12987000.0,-6.451564828614009,123000.0,-13110000.0,-6.512667660208644,-0.48,-0.48,27384000,27384000,https://www.sec.gov/Archives/edgar/data/1559053/000155905315000006/0001559053-15-000006-index.htm,https://www.sec.gov/Archives/edgar/data/1559053/000155905315000006/prta201410-k.htm,1620596820,17:47:00,20210509
25,2014-09-30,PRTA,USD,2014-11-04,2014-11-03 17:40:04,Q3,1486000.0,0.0,0.0,0.0,10388000.0,4230000.0,0.0,172000.0,14618000.0,14618000.0,0.0,192000.0,-12940000.0,-8.707940780619111,-13132000.0,-8.8371467025572,172000.0,-12941000.0,-8.708613728129206,241000.0,-13182000.0,-8.87079407806191,-0.48,-0.48,27370000,27370000,https://www.sec.gov/Archives/edgar/data/1559053/000155905314000052/0001559053-14-000052-index.htm,https://www.sec.gov/Archives/edgar/data/1559053/000155905314000052/prta2014q310-q.htm,1620596820,17:47:00,20210509
26,2014-06-30,PRTA,USD,2014-08-05,2014-08-04 17:56:06,Q2,15121000.0,0.0,0.0,0.0,8615000.0,4937000.0,0.0,1000.0,13552000.0,13552000.0,0.0,182000.0,1751000.0,0.11579921962833147,1569000.0,0.1037629786389789,1000.0,1586000.0,0.10488724290721513,296000.0,1290000.0,0.08531181800145493,0.05874584452843937,0.05633679797362215,21959000,22898000,https://www.sec.gov/Archives/edgar/data/1559053/000155905314000047/0001559053-14-000047-index.htm,https://www.sec.gov/Archives/edgar/data/1559053/000155905314000047/prta2014q210-q.htm,1620596820,17:47:00,20210509
27,2014-03-31,PRTA,USD,2014-05-05,2014-05-05 16:21:17,Q1,32234000.0,0.0,0.0,0.0,9342000.0,4873000.0,0.0,-35000.0,14215000.0,14215000.0,0.0,175000.0,18194000.0,0.5644350685611467,18019000.0,0.5590060184897934,-35000.0,18003000.0,0.5585096481975553,151000.0,17852000.0,0.5538251535645592,0.82,0.78,21884000,22942000,https://www.sec.gov/Archives/edgar/data/1559053/000155905314000032/0001559053-14-000032-index.htm,https://www.sec.gov/Archives/edgar/data/1559053/000155905314000007/prta201310-k.htm,1620596820,17:47:00,20210509
28,2013-12-31,PRTA,USD,2014-03-07,2014-03-06 20:10:25,Q4,167000.0,0.0,0.0,0.0,5600000.0,5269000.0,0.0,0.0,10869000.0,10869000.0,204000.0,232000.0,-10470000.0,-62.69461077844311,-10702000.0,-64.08383233532935,0.0,-10906000.0,-65.30538922155688,148000.0,-11054000.0,-66.19161676646706,-0.52,-0.52,21394000,21394000,https://www.sec.gov/Archives/edgar/data/1559053/000155905314000007/0001559053-14-000007-index.htm,https://www.sec.gov/Archives/edgar/data/1559053/000155905314000007/prta201310-k.htm,1620596820,17:47:00,20210509
29,2013-09-30,PRTA,USD,2013-11-12,2013-11-12 16:13:32,Q3,171000.0,0.0,0.0,0.0,6348000.0,3389000.0,0.0,0.0,9737000.0,9737000.0,0.0,144000.0,-9422000.0,-55.099415204678365,-9566000.0,-55.941520467836256,0.0,-9552000.0,-55.85964912280702,137000.0,-9689000.0,-56.66081871345029,-0.55,-0.55,17679000,17679000,https://www.sec.gov/Archives/edgar/data/1559053/000155905313000010/0001559053-13-000010-index.htm,https://www.sec.gov/Archives/edgar/data/1559053/000155905313000010/prta2013q310q.htm,1620596820,17:47:00,20210509
30,2013-06-30,PRTA,USD,2013-08-13,2013-08-12 17:32:11,Q2,167000.0,0.0,0.0,0.0,8147000.0,3212000.0,0.0,0.0,11359000.0,11359000.0,0.0,147000.0,-11045000.0,-66.1377245508982,-11192000.0,-67.01796407185628,0.0,-11178000.0,-66.93413173652695,124000.0,-11302000.0,-67.67664670658682,-0.64,-0.64,17679000,17679000,https://www.sec.gov/Archives/edgar/data/1559053/000119312513331182/0001193125-13-331182-index.htm,https://www.sec.gov/Archives/edgar/data/1559053/000119312513331182/d539909d10q.htm,1620596820,17:47:00,20210509
31,2013-03-31,PRTA,USD,2013-05-15,2013-05-14 21:09:15,Q1,171000.0,0.0,0.0,0.0,5957000.0,3181000.0,0.0,0.0,9138000.0,9138000.0,0.0,137000.0,-8830000.0,-51.63742690058479,-8967000.0,-52.43859649122807,0.0,-8945000.0,-52.30994152046784,6000.0,-8951000.0,-52.345029239766085,-0.51,-0.51,17679000,17679000,https://www.sec.gov/Archives/edgar/data/1559053/000119312513220259/0001193125-13-220259-index.htm,https://www.sec.gov/Archives/edgar/data/1559053/000119312513220259/d507555d10q.htm,1620596820,17:47:00,20210509
32,2012-12-31,PRTA,USD,2013-03-29 00:00:00,2013-03-28 20:01:49,Q4,575000.0,0.0,0.0,0.0,9833000.0,2962000.0,0.0,0.0,12795000.0,12795000.0,0.0,162000.0,-12058000.0,-20.970434782608695,-12220000.0,-21.252173913043478,0.0,-12215000.0,-21.243478260869566,6000.0,-12221000.0,-21.25391304347826,-0.82,-0.82,14886000,14886000,https://www.sec.gov/Archives/edgar/data/1559053/000119312513133056/0001193125-13-133056-index.html,https://www.sec.gov/Archives/edgar/data/1559053/000119312513133056/d507548d10k.htm,1620596820,17:47:00,20210509
33,2012-09-30,PRTA,USD,2012-09-30,2012-09-30,Q3,944000.0,0.0,0.0,0.0,7530000.0,2082000.0,0.0,0.0,9612000.0,9612000.0,0.0,78000.0,-8590000.0,-9.099576271186441,-8668000.0,-9.182203389830509,0.0,-8668000.0,-9.182203389830509,0.0,-8668000.0,-9.182203389830509,-0.490299,-0.490299,17679000,17679000,,,1620596820,17:47:00,20210509
34,2012-06-30,PRTA,USD,2012-06-30,2012-06-30,Q2,735000.0,0.0,0.0,0.0,8019000.0,2427000.0,0.0,0.0,10446000.0,10446000.0,0.0,115000.0,-9596000.0,-13.05578231292517,-9711000.0,-13.212244897959184,0.0,-9711000.0,-13.212244897959184,0.0,-9711000.0,-13.212244897959184,-0.549296,-0.549296,17679000,17679000,,,1620596820,17:47:00,20210509
35,2012-03-31,PRTA,USD,2012-03-31,2012-03-31,Q1,404000.0,0.0,0.0,0.0,8757000.0,2458000.0,0.0,0.0,11215000.0,11215000.0,0.0,113000.0,-10698000.0,-26.480198019801982,-10811000.0,-26.75990099009901,0.0,-10811000.0,-26.75990099009901,0.0,-10811000.0,-26.75990099009901,-0.611516,-0.611516,17679000,17679000,,,1620596820,17:47:00,20210509
