,date,symbol,reportedCurrency,fillingDate,acceptedDate,period,revenue,costOfRevenue,grossProfit,grossProfitRatio,researchAndDevelopmentExpenses,generalAndAdministrativeExpenses,sellingAndMarketingExpenses,otherExpenses,operatingExpenses,costAndExpenses,interestExpense,depreciationAndAmortization,ebitda,ebitdaratio,operatingIncome,operatingIncomeRatio,totalOtherIncomeExpensesNet,incomeBeforeTax,incomeBeforeTaxRatio,incomeTaxExpense,netIncome,netIncomeRatio,eps,epsdiluted,weightedAverageShsOut,weightedAverageShsOutDil,link,finalLink,timestamp,est_time,est_date
0,2020-12-31,SLGD,USD,2021-03-29,2021-03-29 17:09:08,Q4,9138000.0,6388000.0,2750000.0,0.3009411249726417,0.0,440000.0,2631000.0,0.0,4266000.0,10654000.0,130000.0,454000.0,-1062000.0,-0.11621799080761655,-1516000.0,-0.16590063471219085,-107000.0,-1753000.0,-0.1918362880280149,-520000.0,-1233000.0,-0.13493105712409717,-0.09879807692307692,-0.09879807692307692,12480000,12480000,https://www.sec.gov/Archives/edgar/data/88000/000156459021016166/0001564590-21-016166-index.htm,https://www.sec.gov/Archives/edgar/data/88000/000156459021016166/slgd-10k_20201231.htm,1620598005,18:06:45,20210509
1,2020-09-30,SLGD,USD,2020-11-12,2020-11-12 16:01:05,Q3,7197000.0,3973000.0,3224000.0,0.44796442962345423,0.0,1377000.0,2337000.0,169.0,3714000.0,7687000.0,137000.0,454000.0,-36000.0,-0.005002084201750729,-490000.0,-0.0680839238571627,0.0,-627000.0,-0.08711963318049187,-110000.0,-517000.0,-0.07183548700847575,-0.04,-0.04,12480000,12480000,https://www.sec.gov/Archives/edgar/data/88000/000156459020053537/0001564590-20-053537-index.htm,https://www.sec.gov/Archives/edgar/data/88000/000156459020053537/slgd-10q_20200930.htm,1620598005,18:06:45,20210509
2,2020-06-30,SLGD,USD,2020-08-11,2020-08-11 16:46:03,Q2,6083000.0,3215000.0,2868000.0,0.4714778891994082,0.0,1503000.0,1755000.0,0.0,3258000.0,6473000.0,74000.0,293000.0,-97000.0,-0.01594607923721848,-390000.0,-0.06411310208778563,350000.0,-112000.0,-0.018411967779056387,-34000.0,-78000.0,-0.012822620417557126,-0.01,-0.01,12462000,12462000,https://www.sec.gov/Archives/edgar/data/88000/000156459020039342/0001564590-20-039342-index.htm,https://www.sec.gov/Archives/edgar/data/88000/000156459020039342/slgd-10q_20200630.htm,1620598005,18:06:45,20210509
3,2020-03-31,SLGD,USD,2020-05-11,2020-05-11 06:04:51,Q1,7854000.0,4390000.0,3464000.0,0.4410491469314999,0.0,1404000.0,1810000.0,0.0,3214000.0,7604000.0,4000.0,229000.0,479000.0,0.06098803157626687,250000.0,0.03183091418385536,0.0,247000.0,0.0314489432136491,-30000.0,277000.0,0.03526865291571174,0.022227571818327716,0.02197017766497462,12462000,12608000,https://www.sec.gov/Archives/edgar/data/88000/000156459020023792/0001564590-20-023792-index.htm,https://www.sec.gov/Archives/edgar/data/88000/000156459020011280/slgd-10k_20191231.htm,1620598005,18:06:45,20210509
4,2019-12-31,SLGD,USD,2020-03-17,2020-03-17 06:11:46,Q4,8085000.0,4767000.0,3318000.0,0.4103896103896104,0.0,1516000.0,1823000.0,0.0,3339000.0,8106000.0,8000.0,244000.0,223000.0,0.027581941867656154,-21000.0,-0.0025974025974025974,-342000.0,-367000.0,-0.04539270253555968,-369000.0,2000.0,0.0002473716759431045,0.00016048788316482104,0.00016048788316482104,12462000,12462000,https://www.sec.gov/Archives/edgar/data/88000/000156459020011280/0001564590-20-011280-index.htm,https://www.sec.gov/Archives/edgar/data/88000/000156459020011280/slgd-10k_20191231.htm,1620598005,18:06:45,20210509
5,2019-09-30,SLGD,USD,2019-11-12,2019-11-12 16:29:31,Q3,7178000.0,4235000.0,2943000.0,0.4100027862914461,0.0,1223000.0,1474000.0,0.0,2697000.0,6932000.0,5000.0,183000.0,429000.0,0.059765951518528836,246000.0,0.034271384786848706,0.0,269000.0,0.03747561994984675,-118000.0,387000.0,0.05391473948174979,0.03,0.03,12462000,12462000,https://www.sec.gov/Archives/edgar/data/88000/000156459019042955/0001564590-19-042955-index.htm,https://www.sec.gov/Archives/edgar/data/88000/000156459019042955/slgd-10q_20190930.htm,1620598005,18:06:45,20210509
6,2019-06-30,SLGD,USD,2019-08-07,2019-08-07 06:02:05,Q2,6382000.0,4442000.0,1940000.0,0.30397994359135067,0.0,1158000.0,1556000.0,0.0,2714000.0,7156000.0,4000.0,183000.0,-591000.0,-0.09260419931056095,-774000.0,-0.12127859605139454,110000.0,-638000.0,-0.09996866186148542,78000.0,-716000.0,-0.1121905358821686,-0.06,-0.06,12436000,12436000,https://www.sec.gov/Archives/edgar/data/88000/000156459019029608/0001564590-19-029608-index.htm,https://www.sec.gov/Archives/edgar/data/88000/000156459019029608/slgd-10q_20190630.htm,1620598005,18:06:45,20210509
7,2019-03-31,SLGD,USD,2019-05-10,2019-05-10 06:02:35,Q1,6805000.0,4200000.0,2605000.0,0.3828067597354886,0.0,1223000.0,1842000.0,0.0,3065000.0,7265000.0,5000.0,186000.0,-274000.0,-0.04026451138868479,-460000.0,-0.06759735488611315,0.0,-434000.0,-0.06377663482733284,-104000.0,-330000.0,-0.048493754592211606,-0.03,-0.03,12408000,12408000,https://www.sec.gov/Archives/edgar/data/88000/000156459019018242/0001564590-19-018242-index.htm,https://www.sec.gov/Archives/edgar/data/88000/000156459019008533/slgd-10k_20181231.htm,1620598005,18:06:45,20210509
8,2018-12-31,SLGD,USD,2019-03-20,2019-03-20 06:07:35,Q4,9137000.0,6203000.0,2934000.0,0.321111962350881,0.0,-346000.0,3300000.0,0.0,2954000.0,9157000.0,5000.0,192000.0,172000.0,0.018824559483419066,-20000.0,-0.002188902265513845,0.0,-8000.0,-0.000875560906205538,-80000.0,72000.0,0.00788004815584984,0.005802707930367505,0.005802707930367505,12408000,12408000,https://www.sec.gov/Archives/edgar/data/88000/000156459019008533/0001564590-19-008533-index.htm,https://www.sec.gov/Archives/edgar/data/88000/000156459019008533/slgd-10k_20181231.htm,1620598005,18:06:45,20210509
9,2018-09-30,SLGD,USD,2018-11-13,2018-11-13 09:36:39,Q3,9686000.0,4808000.0,4878000.0,0.503613462729713,0.0,1403000.0,2063000.0,0.0,3466000.0,8274000.0,5000.0,192800.0,1604800.0,0.16568242824695437,1412000.0,0.14577741069584968,0.0,1407000.0,0.1452612017344621,340000.0,1067000.0,0.11015899236010737,0.08773228087485611,0.08508771929824561,12162000,12540000,https://www.sec.gov/Archives/edgar/data/88000/000156459018029153/0001564590-18-029153-index.htm,https://www.sec.gov/Archives/edgar/data/88000/000156459018029153/slgd-10q_20180930.htm,1620598005,18:06:45,20210509
10,2018-06-30,SLGD,USD,2018-08-13,2018-08-13 06:07:37,Q2,10806600.0,5429000.0,5377600.0,0.49762182370033126,0.0,1431200.0,2186100.0,0.0,3617300.0,9046300.0,47700.0,226700.0,1987000.0,0.18386911702107972,1760300.0,0.1628911961208891,0.0,1712600.0,0.1584772268798697,428700.0,1283900.0,0.11880702533636851,0.11,0.1,12023935,12548947,https://www.sec.gov/Archives/edgar/data/88000/000156459018021355/0001564590-18-021355-index.htm,https://www.sec.gov/Archives/edgar/data/88000/000156459018021355/slgd-10q_20180630.htm,1620598005,18:06:45,20210509
11,2018-03-31,SLGD,USD,2018-05-15,2018-04-02 06:07:02,Q1,7428000.0,4407500.0,3020500.0,0.4066370490037695,0.0,1093200.0,2168900.0,0.0,3262100.0,7669600.0,24100.0,206500.0,-35100.0,-0.004725363489499192,-241600.0,-0.0325255788906839,0.0,-265700.0,-0.03577005923532579,-69400.0,-196300.0,-0.026427032848680667,-0.02,-0.02,11929062,11929062,https://www.sec.gov/Archives/edgar/data/88000/000156459018013515/0001564590-18-013515-index.htm,https://www.sec.gov/Archives/edgar/data/88000/000156459018007324/slgd-10k_20171231.htm,1620598005,18:06:45,20210509
12,2017-12-31,SLGD,USD,2018-04-02,2018-04-02 06:07:02,Q4,11529200.0,6171100.0,5358100.0,0.4647416993373348,0.0,1147800.0,2016900.0,0.0,3164700.0,9335800.0,34400.0,208500.0,2401900.0,0.2083318877285501,2193400.0,0.1902473718905041,0.0,2159000.0,0.187263643617944,927800.0,1231200.0,0.10678971654581411,0.1032101266637729,0.1032101266637729,11929062,11929062,https://www.sec.gov/Archives/edgar/data/88000/000156459018007324/0001564590-18-007324-index.htm,https://www.sec.gov/Archives/edgar/data/88000/000156459018007324/slgd-10k_20171231.htm,1620598005,18:06:45,20210509
13,2017-09-30,SLGD,USD,2017-11-14,2017-11-14 06:05:03,Q3,10340600.0,5420000.0,4920600.0,0.4758524650407133,0.0,1062700.0,1693200.0,0.0,2755900.0,8175900.0,26400.0,202900.0,2367600.0,0.22896156896118214,2164700.0,0.20933988356575053,0.0,2138300.0,0.20678684022203742,663500.0,1474800.0,0.14262228497379262,0.12408042881953894,0.11931962570789394,11885839,12360079,https://www.sec.gov/Archives/edgar/data/88000/000156459017023642/0001564590-17-023642-index.htm,https://www.sec.gov/Archives/edgar/data/88000/000156459017023642/slgd-10q_20170930.htm,1620598005,18:06:45,20210509
14,2017-06-30,SLGD,USD,2017-08-14,2017-08-14 06:03:48,Q2,9873800.0,5606800.0,4267000.0,0.4321537807125929,0.0,1023300.0,1818000.0,0.0,2841300.0,8448100.0,33200.0,196900.0,1622600.0,0.164333893738986,1425700.0,0.14439222994186635,0.0,1392500.0,0.14102979602584617,517200.0,875300.0,0.08864874718953189,0.07380315241400727,0.07124220755289487,11859927,12286256,https://www.sec.gov/Archives/edgar/data/88000/000156459017017499/0001564590-17-017499-index.htm,https://www.sec.gov/Archives/edgar/data/88000/000156459017017499/slgd-10q_20170630.htm,1620598005,18:06:45,20210509
15,2017-03-31,SLGD,USD,2017-05-15,2017-05-15 06:08:18,Q1,10442600.0,5622200.0,4820400.0,0.4616091777909716,0.0,1080300.0,1898500.0,0.0,2978800.0,8601000.0,41900.0,191600.0,2033200.0,0.19470246873384023,1841600.0,0.17635454771800127,0.0,1799700.0,0.17234213701568574,718600.0,1081100.0,0.10352785704709555,0.09180616983997057,0.08947805598474197,11775897,12082292,https://www.sec.gov/Archives/edgar/data/88000/000156459017010873/0001564590-17-010873-index.htm,https://www.sec.gov/Archives/edgar/data/88000/000156459017005736/slgd-10k_20161231.htm,1620598005,18:06:45,20210509
16,2016-12-31,SLGD,USD,2017-03-31,2017-03-31 10:01:33,Q4,10953600.0,6582100.0,4371500.0,0.39909253578732107,0.0,1138700.0,1794300.0,0.0,2933000.0,9515100.0,47300.0,193100.0,1631600.0,0.14895559450774173,1438500.0,0.13132668711656442,0.0,1391200.0,0.12700847210049665,550200.0,841000.0,0.07677841075080338,0.07141706487412382,0.07141706487412382,11775897,11775897,https://www.sec.gov/Archives/edgar/data/88000/000156459017005736/0001564590-17-005736-index.htm,https://www.sec.gov/Archives/edgar/data/88000/000156459017005736/slgd-10k_20161231.htm,1620598005,18:06:45,20210509
17,2016-09-30,SLGD,USD,2016-11-14,2016-11-14 11:01:42,Q3,9936900.0,5830600.0,4106300.0,0.4132375288067707,0.0,1218800.0,1809000.0,0.0,3027800.0,8858400.0,60400.0,189800.0,1268300.0,0.12763537924302348,1078500.0,0.10853485493463756,1000.0,1019100.0,0.10255713552516378,415500.0,603600.0,0.06074329016091538,0.051380655064195174,0.05018309012769917,11747612,12027956,https://www.sec.gov/Archives/edgar/data/88000/000156459016029148/0001564590-16-029148-index.htm,https://www.sec.gov/Archives/edgar/data/88000/000156459016029148/slgd-10q_20160930.htm,1620598005,18:06:45,20210509
18,2016-06-30,SLGD,USD,2016-08-22,2016-08-22 11:31:43,Q2,6482000.0,3766900.0,2715100.0,0.41886763344646716,0.0,1261100.0,2066000.0,0.0,3327100.0,7094000.0,9700.0,29800.0,-582200.0,-0.08981795742054921,-612000.0,-0.09441530391854366,5400.0,-616300.0,-0.09507867941993212,-269700.0,-346600.0,-0.05347115087935822,-0.03,-0.03,11733734,11733734,https://www.sec.gov/Archives/edgar/data/88000/000156459016024592/0001564590-16-024592-index.htm,https://www.sec.gov/Archives/edgar/data/88000/000156459016024592/slgd-10q_20160630.htm,1620598005,18:06:45,20210509
19,2016-03-31,SLGD,USD,2016-05-16,2016-05-16 11:01:49,Q1,7855900.0,3857100.0,3998800.0,0.509018699321529,0.0,953100.0,1735900.0,0.0,2689000.0,6546100.0,7400.0,45300.0,1355100.0,0.17249455823012003,1309800.0,0.16672819155029978,6200.0,1308600.0,0.16657544011507275,552100.0,756500.0,0.0962970506243715,0.06459879367196536,0.06342685797514976,11710745,11927124,https://www.sec.gov/Archives/edgar/data/88000/000156459016019456/0001564590-16-019456-index.htm,https://www.sec.gov/Archives/edgar/data/88000/000156459016015579/slgd-10k_20151231.htm,1620598005,18:06:45,20210509
20,2015-12-31,SLGD,USD,2016-03-30,2016-03-30 11:01:20,Q4,7432700.0,4766000.0,2666700.0,0.3587794475762509,0.0,824300.0,1712300.0,0.0,2536600.0,7302600.0,7300.0,42000.0,172100.0,0.0231544391674627,130100.0,0.017503733501957566,10800.0,133600.0,0.01797462564074966,-127000.0,260600.0,0.035061283248348514,0.02225306758878278,0.02225306758878278,11710745,11710745,https://www.sec.gov/Archives/edgar/data/88000/000156459016015579/0001564590-16-015579-index.htm,https://www.sec.gov/Archives/edgar/data/88000/000156459016015579/slgd-10k_20151231.htm,1620598005,18:06:45,20210509
21,2015-09-30,SLGD,USD,2015-11-13,2015-11-13 11:20:44,Q3,7548100.0,4284600.0,3263500.0,0.4323604615731111,0.0,733200.0,1865200.0,0.0,2598400.0,6883000.0,7400.0,39400.0,704500.0,0.0933347464924948,665100.0,0.08811488983982724,6800.0,664500.0,0.08803539963699474,191500.0,473000.0,0.0626647765662882,0.040547047390583194,0.03965500314934502,11665461,11927877,https://www.sec.gov/Archives/edgar/data/88000/000156459015010694/0001564590-15-010694-index.htm,https://www.sec.gov/Archives/edgar/data/88000/000156459015010694/slgd-10q_20150930.htm,1620598005,18:06:45,20210509
22,2015-06-30,SLGD,USD,2015-08-14,2015-08-14 11:12:09,Q2,7259400.0,4018600.0,3240800.0,0.44642807945560237,0.0,791500.0,1665900.0,0.0,2457400.0,6476000.0,7300.0,39900.0,823300.0,0.11341157671432901,783400.0,0.10791525470424553,5200.0,781300.0,0.10762597459845166,-2581400.0,3362700.0,0.4632201008347797,0.29,0.28,11628749,11917643,https://www.sec.gov/Archives/edgar/data/88000/000156459015007346/0001564590-15-007346-index.htm,https://www.sec.gov/Archives/edgar/data/88000/000156459015007346/slgd-10q_20150630.htm,1620598005,18:06:45,20210509
23,2015-03-31,SLGD,USD,2015-05-14,2015-05-14 10:23:59,Q1,6948200.0,3739400.0,3208800.0,0.461817449123514,0.0,909200.0,1600400.0,4100.0,2509600.0,6249000.0,7300.0,39500.0,738700.0,0.10631530468322731,699200.0,0.1006303790909876,4100.0,696000.0,0.10016982815693273,12400.0,683600.0,0.09838519328747014,0.05914886035911042,0.05756830825892163,11557281,11874589,https://www.sec.gov/Archives/edgar/data/88000/000156459015004249/0001564590-15-004249-index.htm,https://www.sec.gov/Archives/edgar/data/88000/000156459015002120/slgd-10k_20141231.htm,1620598005,18:06:45,20210509
24,2014-12-31,SLGD,USD,2015-03-30,2015-03-30 13:14:57,Q4,6914700.0,3929800.0,2984900.0,0.4316745484258175,0.0,693400.0,1688000.0,8800.0,2381400.0,6311200.0,7400.0,40700.0,644200.0,0.09316383935673275,603500.0,0.08727782839457966,8800.0,604900.0,0.08748029560212302,23500.0,581400.0,0.08408173890407393,0.05030594998944821,0.05030594998944821,11557281,11557281,https://www.sec.gov/Archives/edgar/data/88000/000156459015002120/0001564590-15-002120-index.htm,https://www.sec.gov/Archives/edgar/data/88000/000156459015002120/slgd-10k_20141231.htm,1620598005,18:06:45,20210509
25,2014-09-30,SLGD,USD,2014-11-14,2014-11-14 09:20:11,Q3,6211100.0,3495300.0,2715800.0,0.4372494405177827,0.0,770200.0,1259200.0,31200.0,2029400.0,5524700.0,7300.0,40100.0,726500.0,0.11696800888731465,686400.0,0.11051182560255027,31200.0,710300.0,0.11435977524110061,4600.0,705700.0,0.11361916568723736,0.06116806474020345,0.05959922498204929,11537066,11840758,https://www.sec.gov/Archives/edgar/data/88000/000156459014005717/0001564590-14-005717-index.htm,https://www.sec.gov/Archives/edgar/data/88000/000156459014005717/slgd-10q_20140930.htm,1620598005,18:06:45,20210509
26,2014-06-30,SLGD,USD,2014-08-14,2014-08-14 10:34:54,Q2,5734000.0,3290000.0,2444000.0,0.4262295081967213,0.0,741800.0,1382300.0,3600.0,2124100.0,5414100.0,7300.0,57000.0,376900.0,0.06573072898500175,319900.0,0.05579002441576561,3600.0,316200.0,0.05514475061039414,7400.0,308800.0,0.053854202999651206,0.02685071930451072,0.026182076672787123,11500623,11794328,https://www.sec.gov/Archives/edgar/data/88000/000156459014003720/0001564590-14-003720-index.htm,https://www.sec.gov/Archives/edgar/data/88000/000156459014003720/slgd-10q_20140630.htm,1620598005,18:06:45,20210509
27,2014-03-31,SLGD,USD,2014-05-14,2014-05-14 09:50:53,Q1,5483800.0,2976600.0,2507200.0,0.45720121083919907,0.0,670500.0,1332100.0,8600.0,2002600.0,4979200.0,7200.0,35800.0,540400.0,0.09854480469747255,504600.0,0.0920164849192166,8600.0,506000.0,0.09227178234071265,8400.0,497600.0,0.09073999781173639,0.04347066429045672,0.042666681300469474,11446800,11662496,https://www.sec.gov/Archives/edgar/data/88000/000156459014002140/0001564590-14-002140-index.htm,https://www.sec.gov/Archives/edgar/data/88000/000156459014001031/slgd-10k_20131231.htm,1620598005,18:06:45,20210509
28,2013-12-31,SLGD,USD,2014-03-28,2014-03-28 09:46:32,Q4,5049900.0,2832400.0,2217500.0,0.43911760628923346,0.0,759600.0,1392100.0,3900.0,2151700.0,4984100.0,7300.0,21200.0,87000.0,0.017228063922057862,65800.0,0.013029960989326522,3900.0,62400.0,0.012356680330303571,14500.0,47900.0,0.009485336343293927,0.004184575601914945,0.004184575601914945,11446800,11446800,https://www.sec.gov/Archives/edgar/data/88000/000156459014001031/0001564590-14-001031-index.htm,https://www.sec.gov/Archives/edgar/data/88000/000156459014001031/slgd-10k_20131231.htm,1620598005,18:06:45,20210509
29,2013-09-30,SLGD,USD,2013-11-13,2013-11-13 11:17:44,Q3,5008500.0,2639400.0,2369100.0,0.473015873015873,0.0,604400.0,1163300.0,8700.0,1767700.0,4407100.0,7100.0,40600.0,642000.0,0.1281820904462414,601400.0,0.12007587101926724,8700.0,603000.0,0.12039532794249776,70700.0,532300.0,0.10627932514724968,0.0471650048600423,0.04631756639170234,11285910,11492400,https://www.sec.gov/Archives/edgar/data/88000/000156459013001303/0001564590-13-001303-index.htm,https://www.sec.gov/Archives/edgar/data/88000/000156459013001303/slgd-10q_20130930.htm,1620598005,18:06:45,20210509
30,2013-06-30,SLGD,USD,2013-08-09,2013-08-09 12:28:20,Q2,4502100.0,2415500.0,2086600.0,0.463472601674774,0.0,643800.0,1307600.0,4000.0,1951400.0,4366900.0,7000.0,40800.0,176000.0,0.03909286777281713,135200.0,0.03003043024366407,4000.0,132200.0,0.02936407454299105,9000.0,123200.0,0.027365007440971992,0.01098667277354452,0.010828651099015797,11213586,11377225,https://www.sec.gov/Archives/edgar/data/88000/000156459013000291/0001564590-13-000291-index.htm,https://www.sec.gov/Archives/edgar/data/88000/000156459013000291/slgd-10q_20130630.htm,1620598005,18:06:45,20210509
31,2013-03-31,SLGD,USD,2013-05-14,2013-05-14 16:43:11,Q1,4731700.0,2582500.0,2149200.0,0.45421307352537144,0.0,774400.0,1393100.0,17400.0,2167500.0,4750000.0,58600.0,32400.0,14100.0,0.0029799015153116216,-18300.0,-0.0038675317539150836,17400.0,-59500.0,-0.012574761713549041,0.0,-59500.0,-0.012574761713549041,-0.01,-0.01,11091550,11091550,https://www.sec.gov/Archives/edgar/data/88000/000156459013000023/0001564590-13-000023-index.htm,https://www.sec.gov/Archives/edgar/data/88000/000119312513133774/d445632d10k.htm,1620598005,18:06:45,20210509
32,2012-12-31,SLGD,USD,2013-03-29,2013-03-29 09:43:56,Q4,4417800.0,2500100.0,1917700.0,0.4340848386074517,0.0,728400.0,1113800.0,143700.0,1842200.0,4342300.0,99500.0,62200.0,137700.0,0.03116936031508896,75500.0,0.017089954275883924,-436100.0,-460100.0,-0.10414686042826746,0.0,-460100.0,-0.10414686042826746,-0.04148202911225212,-0.04148202911225212,11091550,11091550,https://www.sec.gov/Archives/edgar/data/88000/000119312513133774/0001193125-13-133774-index.htm,https://www.sec.gov/Archives/edgar/data/88000/000119312513133774/d445632d10k.htm,1620598005,18:06:45,20210509
33,2012-09-30,SLGD,USD,2012-11-14,2012-11-14 09:36:22,Q3,3867700.0,2287500.0,1580200.0,0.4085632287923055,0.0,707900.0,1061400.0,32100.0,1769300.0,4056800.0,67200.0,119500.0,-69600.0,-0.017995190940352148,-189100.0,-0.04889210641983608,-254800.0,-511100.0,-0.1321457196783618,0.0,-511100.0,-0.1321457196783618,-0.05,-0.05,10937000,10937000,https://www.sec.gov/Archives/edgar/data/88000/000119312512469209/0001193125-12-469209-index.htm,https://www.sec.gov/Archives/edgar/data/88000/000119312512469209/d399090d10q.htm,1620598005,18:06:45,20210509
34,2012-06-30,SLGD,USD,2012-08-14,2012-08-14 16:36:01,Q2,3717500.0,2097800.0,1619700.0,0.4356960322797579,0.0,668600.0,1272000.0,32300.0,1940600.0,4038400.0,66000.0,115300.0,-205600.0,-0.055305985205110965,-320900.0,-0.08632145258910558,32300.0,-354600.0,-0.0953866845998655,0.0,-354600.0,-0.0953866845998655,-0.03,-0.03,10937000,10937000,https://www.sec.gov/Archives/edgar/data/88000/000119312512355748/0001193125-12-355748-index.htm,https://www.sec.gov/Archives/edgar/data/88000/000119312512355748/d352623d10q.htm,1620598005,18:06:45,20210509
35,2012-03-31,SLGD,USD,2012-05-21,2012-05-21 12:57:33,Q1,4038400.0,2189400.0,1849000.0,0.45785459587955624,0.0,687300.0,1178300.0,32300.0,1865600.0,4055000.0,61800.0,123300.0,106700.0,0.026421354992076068,-16600.0,-0.00411053882725832,32300.0,-46100.0,-0.01141541204437401,0.0,-46100.0,-0.01141541204437401,-0.004218228640436543,-0.004218228640436543,10928758,10928758,https://www.sec.gov/Archives/edgar/data/88000/000119312512241315/0001193125-12-241315-index.htm,https://www.sec.gov/Archives/edgar/data/88000/000119312512142487/d280765d10k.htm,1620598005,18:06:45,20210509
36,2011-12-31,SLGD,USD,2012-03-30,2012-03-30 12:13:21,Q4,3679700.0,2251400.0,1428300.0,0.3881566432046091,0.0,504400.0,1708400.0,0.0,2212800.0,4464200.0,53900.0,127900.0,-656600.0,-0.17843845965703725,-784500.0,-0.21319672799412995,0.0,-800900.0,-0.2176536130662826,0.0,-800900.0,-0.2176536130662826,-0.07328371622832164,-0.07328371622832164,10928758,10928758,https://www.sec.gov/Archives/edgar/data/88000/000119312512142487/0001193125-12-142487-index.htm,https://www.sec.gov/Archives/edgar/data/88000/000119312512142487/d280765d10k.htm,1620598005,18:06:45,20210509
37,2011-09-30,SLGD,USD,2011-11-14,2011-11-14 15:19:40,Q3,4071400.0,2275300.0,1796100.0,0.44115046421378395,0.0,601000.0,1185300.0,0.0,1786300.0,4061600.0,59200.0,124800.0,134600.0,0.033059881121972785,9800.0,0.002407034435329371,0.0,-9700.0,-0.0023824728594586627,0.0,-9700.0,-0.0023824728594586627,-0.0008900307381749782,-0.0008900307381749782,10898500,10898500,https://www.sec.gov/Archives/edgar/data/88000/000119312511310636/0001193125-11-310636-index.htm,https://www.sec.gov/Archives/edgar/data/88000/000119312511310636/d227177d10q.htm,1620598005,18:06:45,20210509
38,2011-06-30,SLGD,USD,2011-08-12,2011-08-12 14:29:49,Q2,3996800.0,2035800.0,1961000.0,0.49064251401120895,0.0,604900.0,1293200.0,42400.0,1898100.0,3933900.0,54300.0,124800.0,187700.0,0.04696257005604484,62900.0,0.015737590072057647,42400.0,51000.0,0.012760208166533227,0.0,51000.0,0.012760208166533227,0.01,0.004177674018553787,10898500,12207750,https://www.sec.gov/Archives/edgar/data/88000/000119312511221114/0001193125-11-221114-index.htm,https://www.sec.gov/Archives/edgar/data/88000/000119312511221114/d10q.htm,1620598005,18:06:45,20210509
39,2011-03-31,SLGD,USD,2011-05-10,2011-05-10 15:24:12,Q1,3868400.0,1991000.0,1877400.0,0.48531692689484024,0.0,607800.0,1113500.0,0.0,1721300.0,3712300.0,69900.0,124800.0,280900.0,0.07261400062041154,156100.0,0.04035260055837039,0.0,125800.0,0.032519904870230584,0.0,125800.0,0.032519904870230584,0.011542872872413635,0.010365213092467095,10898500,12136750,https://www.sec.gov/Archives/edgar/data/88000/000119312511134103/0001193125-11-134103-index.htm,https://www.sec.gov/Archives/edgar/data/88000/000119312511081248/d10k.htm,1620598005,18:06:45,20210509
40,2010-12-31,SLGD,USD,2011-03-29,2011-03-29 16:01:45,Q4,3852400.0,2108600.0,1743800.0,0.4526528917038729,0.0,616100.0,1156200.0,0.0,1772300.0,3880900.0,67900.0,129500.0,101000.0,0.026217422905201952,-28500.0,-0.0073979856712698576,0.0,-54800.0,-0.014224898764406604,0.0,-54800.0,-0.014224898764406604,-0.005028214891957609,-0.005028214891957609,10898500,10898500,https://www.sec.gov/Archives/edgar/data/88000/000119312511081248/0001193125-11-081248-index.htm,https://www.sec.gov/Archives/edgar/data/88000/000119312510072926/d10k.htm,1620598005,18:06:45,20210509
41,2009-12-31,SLGD,USD,2010-03-31,2010-03-31 12:30:59,Q4,3359100.0,1947200.0,1411900.0,0.42032091929385845,0.0,620100.0,1110400.0,0.0,1730500.0,3677700.0,78600.0,138600.0,-180000.0,-0.053585781905867644,-318600.0,-0.09484683397338572,0.0,-376100.0,-0.11196451430442678,0.0,-376100.0,-0.11196451430442678,-0.03450933614717622,-0.03450933614717622,10898500,10898500,https://www.sec.gov/Archives/edgar/data/88000/000119312510072926/0001193125-10-072926-index.htm,https://www.sec.gov/Archives/edgar/data/88000/000119312509055630/d10k.htm,1620598005,18:06:45,20210509
42,2008-12-31,SLGD,USD,2009-03-16,2009-03-16 17:25:46,Q4,3797700.0,2090700.0,1707000.0,0.4494825815625247,0.0,-3276300.0,5012400.0,0.0,1736100.0,3826800.0,65900.0,89100.0,60000.0,0.015799036258788215,-29100.0,-0.007662532585512284,0.0,-91300.0,-0.024040866840456067,0.0,-91300.0,-0.024040866840456067,-0.008377299628389227,-0.008377299628389227,10898500,10898500,https://www.sec.gov/Archives/edgar/data/88000/000119312509055630/0001193125-09-055630-index.htm,https://www.sec.gov/Archives/edgar/data/88000/000103570408000120/d53455e10ksb.htm,1620598005,18:06:45,20210509
43,2007-12-31,SLGD,USD,2008-03-14,2008-03-14 17:00:51,Q4,5108400.0,2821200.0,2287200.0,0.44773314540756404,0.0,2068300.0,65000.0,0.0,2133300.0,4954500.0,107200.0,118700.0,272600.0,0.05336308824680918,153900.0,0.030126849894291756,100.0,58500.0,0.011451726568005638,0.0,58500.0,0.011451726568005638,0.005367711152910951,0.005367711152910951,10898500,10898500,https://www.sec.gov/Archives/edgar/data/88000/000103570408000120/0001035704-08-000120-index.htm,https://www.sec.gov/Archives/edgar/data/88000/000103570407000210/d42536e10ksb.htm,1620598005,18:06:45,20210509
44,2006-12-31,SLGD,USD,2007-03-14,2007-03-14 17:07:35,Q4,4012100.0,2389800.0,1622300.0,0.40435183569701655,0.0,1989000.0,496600.0,0.0,2485600.0,4875400.0,104500.0,117600.0,-745700.0,-0.1858627651354652,-863300.0,-0.21517409835248374,0.0,-935800.0,-0.23324443558236335,0.0,-938000.0,-0.23379277685002867,-0.0923855768189026,-0.0923855768189026,10153100,10153100,https://www.sec.gov/Archives/edgar/data/88000/000103570407000210/0001035704-07-000210-index.htm,https://www.sec.gov/Archives/edgar/data/88000/000095013406005168/d33220e10vk.htm,1620598005,18:06:45,20210509
45,2005-12-31,SLGD,USD,2006-03-15,2006-03-15 16:00:28,Q4,6385900.0,3762000.0,2623900.0,0.41088961618565906,0.0,2194500.0,644900.0,0.0,2839400.0,6601400.0,45000.0,116900.0,-98600.0,-0.015440266837877198,-215500.0,-0.03374622214566467,0.0,0.0,0.0,0.0,-248400.0,-0.03889819759156893,-0.02446543420236184,-0.02446543420236184,10153100,10153100,https://www.sec.gov/Archives/edgar/data/88000/000095013406005168/0000950134-06-005168-index.htm,https://www.sec.gov/Archives/edgar/data/88000/000104746905007163/a2153908z10-k.htm,1620598005,18:06:45,20210509
46,2004-12-31,SLGD,USD,2005-03-21,2005-03-21 15:40:54,Q4,7013600.0,4057600.0,2956000.0,0.4214668643777803,0.0,2427700.0,405300.0,0.0,2833000.0,6890600.0,49500.0,129500.0,252500.0,0.03600148283335235,123000.0,0.017537355994068665,0.0,0.0,0.0,0.0,83400.0,0.011891182844758754,0.00821423998581714,0.00821423998581714,10153100,10153100,https://www.sec.gov/Archives/edgar/data/88000/000104746905007163/0001047469-05-007163-index.htm,https://www.sec.gov/Archives/edgar/data/88000/000104746904007490/a2130567z10-k.htm,1620598005,18:06:45,20210509
47,2003-12-31,SLGD,USD,2004-03-11,2004-03-11 15:17:12,Q4,7103400.0,3645000.0,3458400.0,0.4868654447166146,0.0,2507600.0,172100.0,0.0,2679700.0,6324700.0,48300.0,139700.0,918400.0,0.12929019905960526,778700.0,0.10962356054846975,0.0,742100.0,0.10447109834727032,0.0,742100.0,0.10447109834727032,0.0730909771399868,0.0730909771399868,10153100,10153100,https://www.sec.gov/Archives/edgar/data/88000/000104746904007490/0001047469-04-007490-index.htm,https://www.sec.gov/Archives/edgar/data/88000/000104746903013385/a2108485z10-k.htm,1620598005,18:06:45,20210509
48,2002-12-31,SLGD,USD,2003-04-15,2003-04-15 14:51:28,Q4,7799200.0,4069100.0,3730100.0,0.47826700174376857,0.0,2206100.0,452100.0,0.0,2658200.0,6727300.0,60000.0,149400.0,1221300.0,0.1565929838957842,1071900.0,0.13743717304338907,-42800.0,1023100.0,0.13118012103805518,2900.0,1020200.0,0.1308082880295415,0.10048162630132669,0.10048162630132669,10153100,10153100,https://www.sec.gov/Archives/edgar/data/88000/000104746903013385/0001047469-03-013385-index.htm,https://www.sec.gov/Archives/edgar/data/88000/000104746903013385/a2108485z10-k.htm,1620598005,18:06:45,20210509
49,2002-03-31,SLGD,USD,2002-05-07,2002-05-07 13:49:37,Q1,5295500.0,3085300.0,2210200.0,0.41737324143140403,0.0,2543600.0,377100.0,0.0,2989200.0,6074500.0,68500.0,202200.0,-576800.0,-0.10892267019167218,-779000.0,-0.1471060334246058,20800.0,-779000.0,-0.1471060334246058,0.0,-779000.0,-0.1471060334246058,-0.08,-0.08,10153100,10153100,https://www.sec.gov/Archives/edgar/data/88000/000091205702018904/0000912057-02-018904-index.htm,https://www.sec.gov/Archives/edgar/data/88000/000091205702011836/a2073806z10-k405.htm,1620598005,18:06:45,20210509
50,2001-12-31,SLGD,USD,2002-03-27,2002-03-27 00:00:00,Q4,3646000.0,2718900.0,927100.0,0.2542786615469007,0.0,1732600.0,-462100.0,0.0,1515500.0,4234400.0,106500.0,140200.0,-448200.0,-0.12292923752057049,-588400.0,-0.16138233680746022,48000.0,0.0,0.0,0.0,-401900.0,-0.11023038946791004,-0.039583969428056455,-0.039583969428056455,10153100,10153100,https://www.sec.gov/Archives/edgar/data/88000/000091205702011836/0000912057-02-011836-index.htm,https://www.sec.gov/Archives/edgar/data/88000/000091205702011836/a2073806z10-k405.htm,1620598005,18:06:45,20210509
