,date,symbol,reportedCurrency,fillingDate,acceptedDate,period,revenue,costOfRevenue,grossProfit,grossProfitRatio,researchAndDevelopmentExpenses,generalAndAdministrativeExpenses,sellingAndMarketingExpenses,otherExpenses,operatingExpenses,costAndExpenses,interestExpense,depreciationAndAmortization,ebitda,ebitdaratio,operatingIncome,operatingIncomeRatio,totalOtherIncomeExpensesNet,incomeBeforeTax,incomeBeforeTaxRatio,incomeTaxExpense,netIncome,netIncomeRatio,eps,epsdiluted,weightedAverageShsOut,weightedAverageShsOutDil,link,finalLink,timestamp,est_time,est_date
0,2020-12-31,VERX,USD,2021-03-15,2021-03-15 17:27:19,Q4,99544000,36212000,63332000,0.6362211685284899,11143000.0,25620000,21118000,0.0,60839000,97051000,-848000.0,8629000.0,11122000,0.11172948645824962,2493000.0,0.02504420155910954,0.0,2806000.0,0.028188539741219962,2576000.0,230000.0,0.0023105360443622922,0.001572,0.001473,146299000,156165000,https://www.sec.gov/Archives/edgar/data/1806837/000155837021003017/0001558370-21-003017-index.htm,https://www.sec.gov/Archives/edgar/data/1806837/000155837021003017/verx-20201231x10k.htm,1620599475,18:31:15,20210509
1,2020-09-30,VERX,USD,2020-11-13,2020-09-30,Q3,94605000,47968000,46637000,0.4929654880820253,16501000.0,48043000,29423000,2675.0,96642000,144610000,1875000.0,8170000.0,-41835000,-0.44220707150784844,-50005000.0,-0.5285661434385075,-60000.0,-51801000.0,-0.5475503408910735,-30773000.0,-21028000.0,-0.22227155012948577,-0.15,-0.15,138541000,138541000,https://www.sec.gov/Archives/edgar/data/1806837/000155837020013768/0001558370-20-013768-index.htm,https://www.sec.gov/Archives/edgar/data/1806837/000155837020013768/verx-20200930x10q.htm,1620599475,18:31:15,20210509
2,2020-06-30,VERX,USD,2020-09-11,2020-09-11,Q2,91271000,41745000,49526000,0.5426258066636719,13617000.0,37758000,24544000,0.0,78527000,120272000,1160000.0,7980000.0,-21021000,-0.23031411949030908,-29001000.0,-0.31774605296315367,0.0,-30060000.0,-0.32934886217966275,-985000.0,-29075000.0,-0.31855682527856605,-0.202994,-0.202994,143231049,143231049,https://www.sec.gov/Archives/edgar/data/1806837/000110465920104404/0001104659-20-104404-index.htm,https://www.sec.gov/Archives/edgar/data/1806837/000110465920104404/tm2030448-1_10q.htm,1620599475,18:31:15,20210509
3,2020-03-31,VERX,USD,2020-03-31,2020-03-31,Q1,89245000,39462000,49783000,0.5578239677292846,13079000.0,37636000,24333000,0.0,78028000,117490000,924000.0,7436000.0,-20809000,-0.23316712420863914,-28245000.0,-0.316488318673315,0.0,-28814000.0,-0.3228640259958541,-7290000.0,-21524000.0,-0.2411787775225503,-0.161,-0.161,129628000,129628000,,,1620599475,18:31:15,20210509
4,2019-12-31,VERX,USD,2019-12-31,2019-12-31,Q4,86072000,30272000,55800000,0.6482944511571708,8508000.0,21656000,18963000,0.0,51696000,81968000,457000.0,7038000.0,11142000,0.1294497629891254,4104000.0,0.04768101124639836,0.0,3955000.0,0.04594990240728692,7225000.0,-3270000.0,-0.0379914490194256,-0.025226031412966334,-0.025226031412966334,129628000,129628000,,,1620599475,18:31:15,20210509
5,2019-09-30,VERX,USD,2019-09-30,2019-09-30,Q3,82439000,27433000,55006000,0.6672327417848348,7271000.0,17263000,15830000,0.0,42679000,70112000,503000.0,5998000.0,18325000,0.22228556872354105,12327000.0,0.14952874246412498,0.0,12075000.0,0.1464719368260168,175000.0,11900000.0,0.14434915513288613,0.091801,0.091801,129628000,129628000,,,1620599475,18:31:15,20210509
6,2019-06-30,VERX,USD,2019-06-30,2019-06-30,Q2,78375000,27109000,51266000,0.6541116427432216,7205000.0,16647000,17287000,0.0,43616000,70725000,539000.0,6180000.0,13830000,0.17645933014354068,7650000.0,0.09760765550239234,0.0,7343000.0,0.09369059011164274,221000.0,7122000.0,0.09087081339712919,0.054942,0.054942,129628000,129628000,,,1620599475,18:31:15,20210509
7,2019-03-31,VERX,USD,2019-03-31,2019-03-31,Q1,74614000,25564000,49050000,0.6573833328865897,7573000.0,15448000,16047000,0.0,41276000,66840000,537000.0,5974000.0,13748000,0.18425496555606186,7774000.0,0.10418956228053716,0.0,7529000.0,0.1009059961937438,204000.0,7325000.0,0.09817192483984238,0.056508,0.056508,129628000,129628000,,,1620599475,18:31:15,20210509
