,date,symbol,reportedCurrency,fillingDate,acceptedDate,period,revenue,costOfRevenue,grossProfit,grossProfitRatio,researchAndDevelopmentExpenses,generalAndAdministrativeExpenses,sellingAndMarketingExpenses,otherExpenses,operatingExpenses,costAndExpenses,interestExpense,depreciationAndAmortization,ebitda,ebitdaratio,operatingIncome,operatingIncomeRatio,totalOtherIncomeExpensesNet,incomeBeforeTax,incomeBeforeTaxRatio,incomeTaxExpense,netIncome,netIncomeRatio,eps,epsdiluted,weightedAverageShsOut,weightedAverageShsOutDil,link,finalLink,timestamp,est_time,est_date
0,2019-06-30,ABCA.PA,EUR,2019-06-30,2019-06-30,Q2,7935893.25,0.0,0.0,0.0,0.0,-8750.0,0.0,0.0,143332.0,0.0,8614.25,370088.75,0.0,0.0,0.0,0.0,0.0,4517807.0,0.569287773622711,-66963.75,4584770.75,0.5777258596566933,0.0775,0.0775,58512053,58512053,https://www.infogreffe.com/recherche-entreprise-dirigeants/resultats-entreprise-dirigeants.html?ga_cat=globale&ga_q=A.B.C.A#phrase=A.B.C.A,https://www.infogreffe.com/recherche-entreprise-dirigeants/resultats-entreprise-dirigeants.html?ga_cat=globale&ga_q=A.B.C.A#phrase=A.B.C.A,1620586042,14:47:22,20210509
1,2019-03-31,ABCA.PA,EUR,2019-03-31,2019-03-31,Q1,7935893.25,0.0,0.0,0.0,0.0,-8750.0,0.0,0.0,143332.0,0.0,8614.25,370088.75,0.0,0.0,0.0,0.0,0.0,4517807.0,0.569287773622711,-66963.75,4584770.75,0.5777258596566933,0.0775,0.0775,58512053,58512053,https://www.infogreffe.com/recherche-entreprise-dirigeants/resultats-entreprise-dirigeants.html?ga_cat=globale&ga_q=A.B.C.A#phrase=A.B.C.A,https://www.infogreffe.com/recherche-entreprise-dirigeants/resultats-entreprise-dirigeants.html?ga_cat=globale&ga_q=A.B.C.A#phrase=A.B.C.A,1620586042,14:47:22,20210509
2,2019-01-31,ABCA.PA,EUR,2019-01-31,2019-01-31,Q1,7935893.25,0.0,0.0,0.0,0.0,-8750.0,0.0,0.0,143332.0,0.0,8614.25,370088.75,0.0,0.0,0.0,0.0,0.0,4517807.0,0.569287773622711,-66963.75,4584770.75,0.5777258596566933,0.0775,0.0775,58512053,58512053,https://www.infogreffe.com/recherche-entreprise-dirigeants/resultats-entreprise-dirigeants.html?ga_cat=globale&ga_q=A.B.C.A#phrase=A.B.C.A,https://www.infogreffe.com/recherche-entreprise-dirigeants/resultats-entreprise-dirigeants.html?ga_cat=globale&ga_q=A.B.C.A#phrase=A.B.C.A,1620586042,14:47:22,20210509
3,2018-06-30,ABCA.PA,EUR,2018-06-30,2018-06-30,Q2,8377007.5,0.0,0.0,0.0,0.0,0.0,0.0,0.0,124421.0,0.0,0.0,228568.25,0.0,0.0,0.0,0.0,0.0,4829528.0,0.5765218665496002,-90202.5,4919730.5,0.5872897332370778,0.085,0.0825,58512053,58512053,https://www.infogreffe.com/recherche-entreprise-dirigeants/resultats-entreprise-dirigeants.html?ga_cat=globale&ga_q=A.B.C.A#phrase=A.B.C.A,https://www.infogreffe.com/recherche-entreprise-dirigeants/resultats-entreprise-dirigeants.html?ga_cat=globale&ga_q=A.B.C.A#phrase=A.B.C.A,1620586042,14:47:22,20210509
4,2018-03-31,ABCA.PA,EUR,2018-03-31,2018-03-31,Q1,8377007.5,0.0,0.0,0.0,0.0,0.0,0.0,0.0,124421.0,0.0,0.0,228568.25,0.0,0.0,0.0,0.0,0.0,4829528.0,0.5765218665496002,-90202.5,4919730.5,0.5872897332370778,0.085,0.0825,58512053,58512053,https://www.infogreffe.com/recherche-entreprise-dirigeants/resultats-entreprise-dirigeants.html?ga_cat=globale&ga_q=A.B.C.A#phrase=A.B.C.A,https://www.infogreffe.com/recherche-entreprise-dirigeants/resultats-entreprise-dirigeants.html?ga_cat=globale&ga_q=A.B.C.A#phrase=A.B.C.A,1620586042,14:47:22,20210509
5,2018-01-31,ABCA.PA,EUR,2018-01-31,2018-01-31,Q1,8377007.5,0.0,0.0,0.0,0.0,0.0,0.0,0.0,124421.0,0.0,0.0,228568.25,0.0,0.0,0.0,0.0,0.0,4829528.0,0.5765218665496002,-90202.5,4919730.5,0.5872897332370778,0.085,0.0825,58512053,58512053,https://www.infogreffe.com/recherche-entreprise-dirigeants/resultats-entreprise-dirigeants.html?ga_cat=globale&ga_q=A.B.C.A#phrase=A.B.C.A,https://www.infogreffe.com/recherche-entreprise-dirigeants/resultats-entreprise-dirigeants.html?ga_cat=globale&ga_q=A.B.C.A#phrase=A.B.C.A,1620586042,14:47:22,20210509
6,2017-06-30,ABCA.PA,EUR,2017-06-30,2017-06-30,Q2,8083174.25,0.0,0.0,0.0,0.0,0.0,0.0,0.0,115087.5,0.0,0.0,213705.5,0.0,0.0,0.0,0.0,0.0,4428265.75,0.5478374723890185,-148956.5,4577222.25,0.566265443306508,0.08,0.0775,58051067,58051067,https://www.infogreffe.com/recherche-entreprise-dirigeants/resultats-entreprise-dirigeants.html?ga_cat=globale&ga_q=A.B.C.A#phrase=A.B.C.A,https://www.infogreffe.com/recherche-entreprise-dirigeants/resultats-entreprise-dirigeants.html?ga_cat=globale&ga_q=A.B.C.A#phrase=A.B.C.A,1620586042,14:47:22,20210509
7,2017-03-31,ABCA.PA,EUR,2017-03-31,2017-03-31,Q1,8083174.25,0.0,0.0,0.0,0.0,0.0,0.0,0.0,115087.5,0.0,0.0,213705.5,0.0,0.0,0.0,0.0,0.0,4428265.75,0.5478374723890185,-148956.5,4577222.25,0.566265443306508,0.08,0.0775,58051067,58051067,https://www.infogreffe.com/recherche-entreprise-dirigeants/resultats-entreprise-dirigeants.html?ga_cat=globale&ga_q=A.B.C.A#phrase=A.B.C.A,https://www.infogreffe.com/recherche-entreprise-dirigeants/resultats-entreprise-dirigeants.html?ga_cat=globale&ga_q=A.B.C.A#phrase=A.B.C.A,1620586042,14:47:22,20210509
8,2017-01-31,ABCA.PA,EUR,2017-01-31,2017-01-31,Q1,8083174.25,0.0,0.0,0.0,0.0,0.0,0.0,0.0,115087.5,0.0,0.0,213705.5,0.0,0.0,0.0,0.0,0.0,4428265.75,0.5478374723890185,-148956.5,4577222.25,0.566265443306508,0.08,0.0775,58051067,58051067,https://www.infogreffe.com/recherche-entreprise-dirigeants/resultats-entreprise-dirigeants.html?ga_cat=globale&ga_q=A.B.C.A#phrase=A.B.C.A,https://www.infogreffe.com/recherche-entreprise-dirigeants/resultats-entreprise-dirigeants.html?ga_cat=globale&ga_q=A.B.C.A#phrase=A.B.C.A,1620586042,14:47:22,20210509
9,2016-06-30,ABCA.PA,EUR,2016-06-30,2016-06-30,Q2,11911967.75,0.0,0.0,0.0,0.0,0.0,0.0,0.0,224563.25,0.0,0.0,195815.25,0.0,0.0,0.0,0.0,0.0,7549923.0,0.6338098925763126,-85289.75,7635212.75,0.6409698976896575,0.1325,0.1275,58051067,58051067,https://www.infogreffe.com/recherche-entreprise-dirigeants/resultats-entreprise-dirigeants.html?ga_cat=globale&ga_q=A.B.C.A#phrase=A.B.C.A,https://www.infogreffe.com/recherche-entreprise-dirigeants/resultats-entreprise-dirigeants.html?ga_cat=globale&ga_q=A.B.C.A#phrase=A.B.C.A,1620586042,14:47:22,20210509
10,2016-03-31,ABCA.PA,EUR,2016-03-31,2016-03-31,Q1,11911967.75,0.0,0.0,0.0,0.0,0.0,0.0,0.0,224563.25,0.0,0.0,195815.25,0.0,0.0,0.0,0.0,0.0,7549923.0,0.6338098925763126,-85289.75,7635212.75,0.6409698976896575,0.1325,0.1275,58051067,58051067,https://www.infogreffe.com/recherche-entreprise-dirigeants/resultats-entreprise-dirigeants.html?ga_cat=globale&ga_q=A.B.C.A#phrase=A.B.C.A,https://www.infogreffe.com/recherche-entreprise-dirigeants/resultats-entreprise-dirigeants.html?ga_cat=globale&ga_q=A.B.C.A#phrase=A.B.C.A,1620586042,14:47:22,20210509
11,2016-01-31,ABCA.PA,EUR,2016-01-31,2016-01-31,Q1,11911967.75,0.0,0.0,0.0,0.0,0.0,0.0,0.0,224563.25,0.0,0.0,195815.25,0.0,0.0,0.0,0.0,0.0,7549923.0,0.6338098925763126,-85289.75,7635212.75,0.6409698976896575,0.1325,0.1275,58051067,58051067,https://www.infogreffe.com/recherche-entreprise-dirigeants/resultats-entreprise-dirigeants.html?ga_cat=globale&ga_q=A.B.C.A#phrase=A.B.C.A,https://www.infogreffe.com/recherche-entreprise-dirigeants/resultats-entreprise-dirigeants.html?ga_cat=globale&ga_q=A.B.C.A#phrase=A.B.C.A,1620586042,14:47:22,20210509
12,2015-09-30,ABCA.PA,EUR,2015-09-30,2015-09-30,Q3,10298489.5,0.0,0.0,0.0,0.0,0.0,0.0,0.0,255521.75,0.0,0.0,200482.25,0.0,0.0,0.0,0.0,0.0,6580277.5,0.6389555963522612,520188.75,6060089.0,0.5884444510041983,0.1075,0.1075,56733410,56733410,https://www.infogreffe.com/recherche-entreprise-dirigeants/resultats-entreprise-dirigeants.html?ga_cat=globale&ga_q=A.B.C.A#phrase=A.B.C.A,https://www.infogreffe.com/recherche-entreprise-dirigeants/resultats-entreprise-dirigeants.html?ga_cat=globale&ga_q=A.B.C.A#phrase=A.B.C.A,1620586042,14:47:22,20210509
13,2015-06-30,ABCA.PA,EUR,2015-06-30,2015-06-30,Q2,10298489.5,0.0,0.0,0.0,0.0,0.0,0.0,0.0,255521.75,0.0,0.0,200482.25,0.0,0.0,0.0,0.0,0.0,6580277.5,0.6389555963522612,520188.75,6060089.0,0.5884444510041983,0.1075,0.1075,56733410,56733410,https://www.infogreffe.com/recherche-entreprise-dirigeants/resultats-entreprise-dirigeants.html?ga_cat=globale&ga_q=A.B.C.A#phrase=A.B.C.A,https://www.infogreffe.com/recherche-entreprise-dirigeants/resultats-entreprise-dirigeants.html?ga_cat=globale&ga_q=A.B.C.A#phrase=A.B.C.A,1620586042,14:47:22,20210509
14,2015-03-31,ABCA.PA,EUR,2015-03-31,2015-03-31,Q1,10298489.5,0.0,0.0,0.0,0.0,0.0,0.0,0.0,255521.75,0.0,0.0,200482.25,0.0,0.0,0.0,0.0,0.0,6580277.5,0.6389555963522612,520188.75,6060089.0,0.5884444510041983,0.1075,0.1075,56733410,56733410,https://www.infogreffe.com/recherche-entreprise-dirigeants/resultats-entreprise-dirigeants.html?ga_cat=globale&ga_q=A.B.C.A#phrase=A.B.C.A,https://www.infogreffe.com/recherche-entreprise-dirigeants/resultats-entreprise-dirigeants.html?ga_cat=globale&ga_q=A.B.C.A#phrase=A.B.C.A,1620586042,14:47:22,20210509
15,2015-01-31,ABCA.PA,EUR,2015-01-31,2015-01-31,Q1,10298489.5,0.0,0.0,0.0,0.0,0.0,0.0,0.0,255521.75,0.0,0.0,200482.25,0.0,0.0,0.0,0.0,0.0,6580277.5,0.6389555963522612,520188.75,6060089.0,0.5884444510041983,0.1075,0.1075,56733410,56733410,https://www.infogreffe.com/recherche-entreprise-dirigeants/resultats-entreprise-dirigeants.html?ga_cat=globale&ga_q=A.B.C.A#phrase=A.B.C.A,https://www.infogreffe.com/recherche-entreprise-dirigeants/resultats-entreprise-dirigeants.html?ga_cat=globale&ga_q=A.B.C.A#phrase=A.B.C.A,1620586042,14:47:22,20210509
16,2014-09-30,ABCA.PA,EUR,2014-09-30,2014-09-30,Q3,10209309.5,0.0,0.0,0.0,0.0,0.0,0.0,0.0,171389.25,0.0,0.0,161466.25,0.0,0.0,0.0,0.0,0.0,6982357.25,0.6839206167664914,2274923.0,4707434.25,0.4610923246082411,0.085,0.085,55178484,55178484,https://www.infogreffe.com/recherche-entreprise-dirigeants/resultats-entreprise-dirigeants.html?ga_cat=globale&ga_q=A.B.C.A#phrase=A.B.C.A,https://www.infogreffe.com/recherche-entreprise-dirigeants/resultats-entreprise-dirigeants.html?ga_cat=globale&ga_q=A.B.C.A#phrase=A.B.C.A,1620586042,14:47:22,20210509
17,2014-06-30,ABCA.PA,EUR,2014-06-30,2014-06-30,Q2,10209309.5,0.0,0.0,0.0,0.0,0.0,0.0,0.0,171389.25,0.0,0.0,161466.25,0.0,0.0,0.0,0.0,0.0,6982357.25,0.6839206167664914,2274923.0,4707434.25,0.4610923246082411,0.085,0.085,55178484,55178484,https://www.infogreffe.com/recherche-entreprise-dirigeants/resultats-entreprise-dirigeants.html?ga_cat=globale&ga_q=A.B.C.A#phrase=A.B.C.A,https://www.infogreffe.com/recherche-entreprise-dirigeants/resultats-entreprise-dirigeants.html?ga_cat=globale&ga_q=A.B.C.A#phrase=A.B.C.A,1620586042,14:47:22,20210509
18,2014-03-31,ABCA.PA,EUR,2014-03-31,2014-03-31,Q1,10209309.5,0.0,0.0,0.0,0.0,0.0,0.0,0.0,171389.25,0.0,0.0,161466.25,0.0,0.0,0.0,0.0,0.0,6982357.25,0.6839206167664914,2274923.0,4707434.25,0.4610923246082411,0.085,0.085,55178484,55178484,https://www.infogreffe.com/recherche-entreprise-dirigeants/resultats-entreprise-dirigeants.html?ga_cat=globale&ga_q=A.B.C.A#phrase=A.B.C.A,https://www.infogreffe.com/recherche-entreprise-dirigeants/resultats-entreprise-dirigeants.html?ga_cat=globale&ga_q=A.B.C.A#phrase=A.B.C.A,1620586042,14:47:22,20210509
19,2014-01-31,ABCA.PA,EUR,2014-01-31,2014-01-31,Q1,10209309.5,0.0,0.0,0.0,0.0,0.0,0.0,0.0,171389.25,0.0,0.0,161466.25,0.0,0.0,0.0,0.0,0.0,6982357.25,0.6839206167664914,2274923.0,4707434.25,0.4610923246082411,0.085,0.085,55178484,55178484,https://www.infogreffe.com/recherche-entreprise-dirigeants/resultats-entreprise-dirigeants.html?ga_cat=globale&ga_q=A.B.C.A#phrase=A.B.C.A,https://www.infogreffe.com/recherche-entreprise-dirigeants/resultats-entreprise-dirigeants.html?ga_cat=globale&ga_q=A.B.C.A#phrase=A.B.C.A,1620586042,14:47:22,20210509
20,2013-09-30,ABCA.PA,EUR,2013-09-30,2013-09-30,Q3,5970588.5,0.0,0.0,0.0,0.0,0.0,0.0,0.0,70072.0,0.0,0.0,207468.75,0.0,0.0,0.0,0.0,0.0,3566921.75,0.5974154390308426,1053567.5,2513354.25,0.42095586557338527,0.0475,0.0475,52265990,52265990,https://www.infogreffe.com/recherche-entreprise-dirigeants/resultats-entreprise-dirigeants.html?ga_cat=globale&ga_q=A.B.C.A#phrase=A.B.C.A,https://www.infogreffe.com/recherche-entreprise-dirigeants/resultats-entreprise-dirigeants.html?ga_cat=globale&ga_q=A.B.C.A#phrase=A.B.C.A,1620586042,14:47:22,20210509
21,2013-06-30,ABCA.PA,EUR,2013-06-30,2013-06-30,Q2,5970588.5,0.0,0.0,0.0,0.0,0.0,0.0,0.0,70072.0,0.0,0.0,207468.75,0.0,0.0,0.0,0.0,0.0,3566921.75,0.5974154390308426,1053567.5,2513354.25,0.42095586557338527,0.0475,0.0475,52265990,52265990,https://www.infogreffe.com/recherche-entreprise-dirigeants/resultats-entreprise-dirigeants.html?ga_cat=globale&ga_q=A.B.C.A#phrase=A.B.C.A,https://www.infogreffe.com/recherche-entreprise-dirigeants/resultats-entreprise-dirigeants.html?ga_cat=globale&ga_q=A.B.C.A#phrase=A.B.C.A,1620586042,14:47:22,20210509
22,2013-03-31,ABCA.PA,EUR,2013-03-31,2013-03-31,Q1,5970588.5,0.0,0.0,0.0,0.0,0.0,0.0,0.0,70072.0,0.0,0.0,207468.75,0.0,0.0,0.0,0.0,0.0,3566921.75,0.5974154390308426,1053567.5,2513354.25,0.42095586557338527,0.0475,0.0475,52265990,52265990,https://www.infogreffe.com/recherche-entreprise-dirigeants/resultats-entreprise-dirigeants.html?ga_cat=globale&ga_q=A.B.C.A#phrase=A.B.C.A,https://www.infogreffe.com/recherche-entreprise-dirigeants/resultats-entreprise-dirigeants.html?ga_cat=globale&ga_q=A.B.C.A#phrase=A.B.C.A,1620586042,14:47:22,20210509
23,2013-01-31,ABCA.PA,EUR,2013-01-31,2013-01-31,Q1,5970588.5,0.0,0.0,0.0,0.0,0.0,0.0,0.0,70072.0,0.0,0.0,207468.75,0.0,0.0,0.0,0.0,0.0,3566921.75,0.5974154390308426,1053567.5,2513354.25,0.42095586557338527,0.0475,0.0475,52265990,52265990,https://www.infogreffe.com/recherche-entreprise-dirigeants/resultats-entreprise-dirigeants.html?ga_cat=globale&ga_q=A.B.C.A#phrase=A.B.C.A,https://www.infogreffe.com/recherche-entreprise-dirigeants/resultats-entreprise-dirigeants.html?ga_cat=globale&ga_q=A.B.C.A#phrase=A.B.C.A,1620586042,14:47:22,20210509
24,2012-09-30,ABCA.PA,EUR,2012-09-30,2012-09-30,Q3,12045377.25,0.0,0.0,0.0,0.0,0.0,0.0,0.0,399233.25,0.0,0.0,220080.5,0.0,0.0,0.0,0.0,0.0,8977567.75,0.7453122939756827,2900145.75,6077422.25,0.5045439527433647,0.1175,0.115,52206912,52206912,https://www.infogreffe.com/recherche-entreprise-dirigeants/resultats-entreprise-dirigeants.html?ga_cat=globale&ga_q=A.B.C.A#phrase=A.B.C.A,https://www.infogreffe.com/recherche-entreprise-dirigeants/resultats-entreprise-dirigeants.html?ga_cat=globale&ga_q=A.B.C.A#phrase=A.B.C.A,1620586042,14:47:22,20210509
25,2012-06-30,ABCA.PA,EUR,2012-06-30,2012-06-30,Q2,12045377.25,0.0,0.0,0.0,0.0,0.0,0.0,0.0,399233.25,0.0,0.0,220080.5,0.0,0.0,0.0,0.0,0.0,8977567.75,0.7453122939756827,2900145.75,6077422.25,0.5045439527433647,0.1175,0.115,52206912,52206912,https://www.infogreffe.com/recherche-entreprise-dirigeants/resultats-entreprise-dirigeants.html?ga_cat=globale&ga_q=A.B.C.A#phrase=A.B.C.A,https://www.infogreffe.com/recherche-entreprise-dirigeants/resultats-entreprise-dirigeants.html?ga_cat=globale&ga_q=A.B.C.A#phrase=A.B.C.A,1620586042,14:47:22,20210509
26,2012-03-31,ABCA.PA,EUR,2012-03-31,2012-03-31,Q1,12045377.25,0.0,0.0,0.0,0.0,0.0,0.0,0.0,399233.25,0.0,0.0,220080.5,0.0,0.0,0.0,0.0,0.0,8977567.75,0.7453122939756827,2900145.75,6077422.25,0.5045439527433647,0.1175,0.115,52206912,52206912,https://www.infogreffe.com/recherche-entreprise-dirigeants/resultats-entreprise-dirigeants.html?ga_cat=globale&ga_q=A.B.C.A#phrase=A.B.C.A,https://www.infogreffe.com/recherche-entreprise-dirigeants/resultats-entreprise-dirigeants.html?ga_cat=globale&ga_q=A.B.C.A#phrase=A.B.C.A,1620586042,14:47:22,20210509
27,2012-01-31,ABCA.PA,EUR,2012-01-31,2012-01-31,Q1,12045377.25,0.0,0.0,0.0,0.0,0.0,0.0,0.0,399233.25,0.0,0.0,220080.5,0.0,0.0,0.0,0.0,0.0,8977567.75,0.7453122939756827,2900145.75,6077422.25,0.5045439527433647,0.1175,0.115,52206912,52206912,https://www.infogreffe.com/recherche-entreprise-dirigeants/resultats-entreprise-dirigeants.html?ga_cat=globale&ga_q=A.B.C.A#phrase=A.B.C.A,https://www.infogreffe.com/recherche-entreprise-dirigeants/resultats-entreprise-dirigeants.html?ga_cat=globale&ga_q=A.B.C.A#phrase=A.B.C.A,1620586042,14:47:22,20210509
28,2011-09-30,ABCA.PA,EUR,2011-09-30,2011-09-30,Q3,18505030.5,0.0,0.0,0.0,0.0,5642371.25,0.0,331774.75,189045.75,5991853.5,0.0,200702.25,12713879.25,0.6870498943517007,12513177.0,0.676204073265375,0.0,12804686.0,0.6919570329808427,4240057.25,8564628.75,0.4628270539732426,0.165,0.16,52076986,52076986,https://www.infogreffe.com/recherche-entreprise-dirigeants/resultats-entreprise-dirigeants.html?ga_cat=globale&ga_q=A.B.C.A#phrase=A.B.C.A,https://www.infogreffe.com/recherche-entreprise-dirigeants/resultats-entreprise-dirigeants.html?ga_cat=globale&ga_q=A.B.C.A#phrase=A.B.C.A,1620586042,14:47:22,20210509
29,2011-06-30,ABCA.PA,EUR,2011-06-30,2011-06-30,Q2,18505030.5,0.0,0.0,0.0,0.0,5642371.25,0.0,331774.75,189045.75,5991853.5,0.0,200702.25,12713879.25,0.6870498943517007,12513177.0,0.676204073265375,0.0,12804686.0,0.6919570329808427,4240057.25,8564628.75,0.4628270539732426,0.165,0.16,52076986,52076986,https://www.infogreffe.com/recherche-entreprise-dirigeants/resultats-entreprise-dirigeants.html?ga_cat=globale&ga_q=A.B.C.A#phrase=A.B.C.A,https://www.infogreffe.com/recherche-entreprise-dirigeants/resultats-entreprise-dirigeants.html?ga_cat=globale&ga_q=A.B.C.A#phrase=A.B.C.A,1620586042,14:47:22,20210509
30,2011-03-31,ABCA.PA,EUR,2011-03-31,2011-03-31,Q1,18505030.5,0.0,0.0,0.0,0.0,5642371.25,0.0,331774.75,189045.75,5991853.5,0.0,200702.25,12713879.25,0.6870498943517007,12513177.0,0.676204073265375,0.0,12804686.0,0.6919570329808427,4240057.25,8564628.75,0.4628270539732426,0.165,0.16,52076986,52076986,https://www.infogreffe.com/recherche-entreprise-dirigeants/resultats-entreprise-dirigeants.html?ga_cat=globale&ga_q=A.B.C.A#phrase=A.B.C.A,https://www.infogreffe.com/recherche-entreprise-dirigeants/resultats-entreprise-dirigeants.html?ga_cat=globale&ga_q=A.B.C.A#phrase=A.B.C.A,1620586042,14:47:22,20210509
31,2011-01-31,ABCA.PA,EUR,2011-01-31,2011-01-31,Q1,18505030.5,0.0,0.0,0.0,0.0,5642371.25,0.0,331774.75,189045.75,5991853.5,0.0,200702.25,12713879.25,0.6870498943517007,12513177.0,0.676204073265375,0.0,12804686.0,0.6919570329808427,4240057.25,8564628.75,0.4628270539732426,0.165,0.16,52076986,52076986,https://www.infogreffe.com/recherche-entreprise-dirigeants/resultats-entreprise-dirigeants.html?ga_cat=globale&ga_q=A.B.C.A#phrase=A.B.C.A,https://www.infogreffe.com/recherche-entreprise-dirigeants/resultats-entreprise-dirigeants.html?ga_cat=globale&ga_q=A.B.C.A#phrase=A.B.C.A,1620586042,14:47:22,20210509
32,2010-09-30,ABCA.PA,EUR,2010-09-30,2010-09-30,Q3,15027594.0,0.0,0.0,0.0,0.0,4478858.5,0.0,203141.25,147309.25,4661478.0,0.0,214233.0,10580349.0,0.7040614086326793,10366116.0,0.6898054339237538,0.0,10390334.5,0.6914170358874481,3136948.5,7253386.0,0.4826711448286399,0.1425,0.14250000108052985,50900954,50900954,https://www.infogreffe.com/recherche-entreprise-dirigeants/resultats-entreprise-dirigeants.html?ga_cat=globale&ga_q=A.B.C.A#phrase=A.B.C.A,https://www.infogreffe.com/recherche-entreprise-dirigeants/resultats-entreprise-dirigeants.html?ga_cat=globale&ga_q=A.B.C.A#phrase=A.B.C.A,1620586042,14:47:22,20210509
33,2010-06-30,ABCA.PA,EUR,2010-06-30,2010-06-30,Q2,15027594.0,0.0,0.0,0.0,0.0,4478858.5,0.0,203141.25,147309.25,4661478.0,0.0,214233.0,10580349.0,0.7040614086326793,10366116.0,0.6898054339237538,0.0,10390334.5,0.6914170358874481,3136948.5,7253386.0,0.4826711448286399,0.1425,0.14250000108052985,50900954,50900954,https://www.infogreffe.com/recherche-entreprise-dirigeants/resultats-entreprise-dirigeants.html?ga_cat=globale&ga_q=A.B.C.A#phrase=A.B.C.A,https://www.infogreffe.com/recherche-entreprise-dirigeants/resultats-entreprise-dirigeants.html?ga_cat=globale&ga_q=A.B.C.A#phrase=A.B.C.A,1620586042,14:47:22,20210509
34,2010-03-31,ABCA.PA,EUR,2010-03-31,2010-03-31,Q1,15027594.0,0.0,0.0,0.0,0.0,4478858.5,0.0,203141.25,147309.25,4661478.0,0.0,214233.0,10580349.0,0.7040614086326793,10366116.0,0.6898054339237538,0.0,10390334.5,0.6914170358874481,3136948.5,7253386.0,0.4826711448286399,0.1425,0.14250000108052985,50900954,50900954,https://www.infogreffe.com/recherche-entreprise-dirigeants/resultats-entreprise-dirigeants.html?ga_cat=globale&ga_q=A.B.C.A#phrase=A.B.C.A,https://www.infogreffe.com/recherche-entreprise-dirigeants/resultats-entreprise-dirigeants.html?ga_cat=globale&ga_q=A.B.C.A#phrase=A.B.C.A,1620586042,14:47:22,20210509
35,2010-01-31,ABCA.PA,EUR,2010-01-31,2010-01-31,Q1,15027594.0,0.0,0.0,0.0,0.0,4478858.5,0.0,203141.25,147309.25,4661478.0,0.0,214233.0,10580349.0,0.7040614086326793,10366116.0,0.6898054339237538,0.0,10390334.5,0.6914170358874481,3136948.5,7253386.0,0.4826711448286399,0.1425,0.14250000108052985,50900954,50900954,https://www.infogreffe.com/recherche-entreprise-dirigeants/resultats-entreprise-dirigeants.html?ga_cat=globale&ga_q=A.B.C.A#phrase=A.B.C.A,https://www.infogreffe.com/recherche-entreprise-dirigeants/resultats-entreprise-dirigeants.html?ga_cat=globale&ga_q=A.B.C.A#phrase=A.B.C.A,1620586042,14:47:22,20210509
36,2009-09-30,ABCA.PA,EUR,2009-09-30,2009-09-30,Q3,15888995.5,0.0,0.0,0.0,0.0,4736178.5,0.0,0.0,0.0,4817580.5,0.0,81402.0,11152817.0,0.7019208357129939,11071415.0,0.6967976672911764,0.0,11101437.5,0.6986871825849532,3509238.25,7592199.25,0.4778275159055838,0.1825,0.1825,41739110,41739110,https://www.infogreffe.com/recherche-entreprise-dirigeants/resultats-entreprise-dirigeants.html?ga_cat=globale&ga_q=A.B.C.A#phrase=A.B.C.A,https://www.infogreffe.com/recherche-entreprise-dirigeants/resultats-entreprise-dirigeants.html?ga_cat=globale&ga_q=A.B.C.A#phrase=A.B.C.A,1620586042,14:47:22,20210509
37,2009-06-30,ABCA.PA,EUR,2009-06-30,2009-06-30,Q2,15888995.5,0.0,0.0,0.0,0.0,4736178.5,0.0,0.0,0.0,4817580.5,0.0,81402.0,11152817.0,0.7019208357129939,11071415.0,0.6967976672911764,0.0,11101437.5,0.6986871825849532,3509238.25,7592199.25,0.4778275159055838,0.1825,0.1825,41739110,41739110,https://www.infogreffe.com/recherche-entreprise-dirigeants/resultats-entreprise-dirigeants.html?ga_cat=globale&ga_q=A.B.C.A#phrase=A.B.C.A,https://www.infogreffe.com/recherche-entreprise-dirigeants/resultats-entreprise-dirigeants.html?ga_cat=globale&ga_q=A.B.C.A#phrase=A.B.C.A,1620586042,14:47:22,20210509
38,2009-03-31,ABCA.PA,EUR,2009-03-31,2009-03-31,Q1,15888995.5,0.0,0.0,0.0,0.0,4736178.5,0.0,0.0,0.0,4817580.5,0.0,81402.0,11152817.0,0.7019208357129939,11071415.0,0.6967976672911764,0.0,11101437.5,0.6986871825849532,3509238.25,7592199.25,0.4778275159055838,0.1825,0.1825,41739110,41739110,https://www.infogreffe.com/recherche-entreprise-dirigeants/resultats-entreprise-dirigeants.html?ga_cat=globale&ga_q=A.B.C.A#phrase=A.B.C.A,https://www.infogreffe.com/recherche-entreprise-dirigeants/resultats-entreprise-dirigeants.html?ga_cat=globale&ga_q=A.B.C.A#phrase=A.B.C.A,1620586042,14:47:22,20210509
39,2009-01-31,ABCA.PA,EUR,2009-01-31,2009-01-31,Q1,15888995.5,0.0,0.0,0.0,0.0,4736178.5,0.0,0.0,0.0,4817580.5,0.0,81402.0,11152817.0,0.7019208357129939,11071415.0,0.6967976672911764,0.0,11101437.5,0.6986871825849532,3509238.25,7592199.25,0.4778275159055838,0.1825,0.1825,41739110,41739110,https://www.infogreffe.com/recherche-entreprise-dirigeants/resultats-entreprise-dirigeants.html?ga_cat=globale&ga_q=A.B.C.A#phrase=A.B.C.A,https://www.infogreffe.com/recherche-entreprise-dirigeants/resultats-entreprise-dirigeants.html?ga_cat=globale&ga_q=A.B.C.A#phrase=A.B.C.A,1620586042,14:47:22,20210509
40,2008-09-30,ABCA.PA,EUR,2008-09-30,2008-09-30,Q3,22058426.75,0.0,0.0,0.0,0.0,5823742.25,0.0,0.0,0.0,5634272.5,0.0,70479.25,16494633.5,0.7477701690579542,16424154.25,0.7445750522529899,0.0,15731865.0,0.7131907083990022,0.0,10159557.5,0.4605748911807593,0.27,0.2675,37741711,37741711,https://www.infogreffe.com/recherche-entreprise-dirigeants/resultats-entreprise-dirigeants.html?ga_cat=globale&ga_q=A.B.C.A#phrase=A.B.C.A,https://www.infogreffe.com/recherche-entreprise-dirigeants/resultats-entreprise-dirigeants.html?ga_cat=globale&ga_q=A.B.C.A#phrase=A.B.C.A,1620586042,14:47:22,20210509
41,2008-06-30,ABCA.PA,EUR,2008-06-30,2008-06-30,Q2,22058426.75,0.0,0.0,0.0,0.0,5823742.25,0.0,0.0,0.0,5634272.5,0.0,70479.25,16494633.5,0.7477701690579542,16424154.25,0.7445750522529899,0.0,15731865.0,0.7131907083990022,0.0,10159557.5,0.4605748911807593,0.27,0.2675,37741711,37741711,https://www.infogreffe.com/recherche-entreprise-dirigeants/resultats-entreprise-dirigeants.html?ga_cat=globale&ga_q=A.B.C.A#phrase=A.B.C.A,https://www.infogreffe.com/recherche-entreprise-dirigeants/resultats-entreprise-dirigeants.html?ga_cat=globale&ga_q=A.B.C.A#phrase=A.B.C.A,1620586042,14:47:22,20210509
42,2008-03-31,ABCA.PA,EUR,2008-03-31,2008-03-31,Q1,22058426.75,0.0,0.0,0.0,0.0,5823742.25,0.0,0.0,0.0,5634272.5,0.0,70479.25,16494633.5,0.7477701690579542,16424154.25,0.7445750522529899,0.0,15731865.0,0.7131907083990022,0.0,10159557.5,0.4605748911807593,0.27,0.2675,37741711,37741711,https://www.infogreffe.com/recherche-entreprise-dirigeants/resultats-entreprise-dirigeants.html?ga_cat=globale&ga_q=A.B.C.A#phrase=A.B.C.A,https://www.infogreffe.com/recherche-entreprise-dirigeants/resultats-entreprise-dirigeants.html?ga_cat=globale&ga_q=A.B.C.A#phrase=A.B.C.A,1620586042,14:47:22,20210509
43,2008-01-31,ABCA.PA,EUR,2008-01-31,2008-01-31,Q1,22058426.75,0.0,0.0,0.0,0.0,5823742.25,0.0,0.0,0.0,5634272.5,0.0,70479.25,16494633.5,0.7477701690579542,16424154.25,0.7445750522529899,0.0,15731865.0,0.7131907083990022,0.0,10159557.5,0.4605748911807593,0.27,0.2675,37741711,37741711,https://www.infogreffe.com/recherche-entreprise-dirigeants/resultats-entreprise-dirigeants.html?ga_cat=globale&ga_q=A.B.C.A#phrase=A.B.C.A,https://www.infogreffe.com/recherche-entreprise-dirigeants/resultats-entreprise-dirigeants.html?ga_cat=globale&ga_q=A.B.C.A#phrase=A.B.C.A,1620586042,14:47:22,20210509
44,2007-09-30,ABCA.PA,EUR,2007-09-30,2007-09-30,Q3,12361310.75,0.0,0.0,0.0,0.0,4281748.75,0.0,0.0,0.0,4091838.25,0.0,55868.25,8325340.75,0.6734998349588452,8269472.5,0.6689802293013304,0.0,8055716.25,0.6516878681332399,0.0,5182282.25,0.41923404037067835,0.1425,0.135,36263914,36263914,https://www.infogreffe.com/recherche-entreprise-dirigeants/resultats-entreprise-dirigeants.html?ga_cat=globale&ga_q=A.B.C.A#phrase=A.B.C.A,https://www.infogreffe.com/recherche-entreprise-dirigeants/resultats-entreprise-dirigeants.html?ga_cat=globale&ga_q=A.B.C.A#phrase=A.B.C.A,1620586042,14:47:22,20210509
45,2007-06-30,ABCA.PA,EUR,2007-06-30,2007-06-30,Q2,12361310.75,0.0,0.0,0.0,0.0,4281748.75,0.0,0.0,0.0,4091838.25,0.0,55868.25,8325340.75,0.6734998349588452,8269472.5,0.6689802293013304,0.0,8055716.25,0.6516878681332399,0.0,5182282.25,0.41923404037067835,0.1425,0.135,36263914,36263914,https://www.infogreffe.com/recherche-entreprise-dirigeants/resultats-entreprise-dirigeants.html?ga_cat=globale&ga_q=A.B.C.A#phrase=A.B.C.A,https://www.infogreffe.com/recherche-entreprise-dirigeants/resultats-entreprise-dirigeants.html?ga_cat=globale&ga_q=A.B.C.A#phrase=A.B.C.A,1620586042,14:47:22,20210509
46,2007-03-31,ABCA.PA,EUR,2007-03-31,2007-03-31,Q1,12361310.75,0.0,0.0,0.0,0.0,4281748.75,0.0,0.0,0.0,4091838.25,0.0,55868.25,8325340.75,0.6734998349588452,8269472.5,0.6689802293013304,0.0,8055716.25,0.6516878681332399,0.0,5182282.25,0.41923404037067835,0.1425,0.135,36263914,36263914,https://www.infogreffe.com/recherche-entreprise-dirigeants/resultats-entreprise-dirigeants.html?ga_cat=globale&ga_q=A.B.C.A#phrase=A.B.C.A,https://www.infogreffe.com/recherche-entreprise-dirigeants/resultats-entreprise-dirigeants.html?ga_cat=globale&ga_q=A.B.C.A#phrase=A.B.C.A,1620586042,14:47:22,20210509
47,2007-01-31,ABCA.PA,EUR,2007-01-31,2007-01-31,Q1,12361310.75,0.0,0.0,0.0,0.0,4281748.75,0.0,0.0,0.0,4091838.25,0.0,55868.25,8325340.75,0.6734998349588452,8269472.5,0.6689802293013304,0.0,8055716.25,0.6516878681332399,0.0,5182282.25,0.41923404037067835,0.1425,0.135,36263914,36263914,https://www.infogreffe.com/recherche-entreprise-dirigeants/resultats-entreprise-dirigeants.html?ga_cat=globale&ga_q=A.B.C.A#phrase=A.B.C.A,https://www.infogreffe.com/recherche-entreprise-dirigeants/resultats-entreprise-dirigeants.html?ga_cat=globale&ga_q=A.B.C.A#phrase=A.B.C.A,1620586042,14:47:22,20210509
48,2006-09-30,ABCA.PA,EUR,2006-09-30,2006-09-30,Q3,0.0,0.0,0.0,0.0,0.0,703750.0,0.0,0.0,1118575.0,4150075.0,0.0,70750.0,-4079325.0,0.0,-4150075.0,0.0,0.0,5585950.0,0.0,1926592.5,3653607.5,0.0,11.0,10.25,33177524,33177524,https://www.infogreffe.com/recherche-entreprise-dirigeants/resultats-entreprise-dirigeants.html?ga_cat=globale&ga_q=A.B.C.A#phrase=A.B.C.A,https://www.infogreffe.com/recherche-entreprise-dirigeants/resultats-entreprise-dirigeants.html?ga_cat=globale&ga_q=A.B.C.A#phrase=A.B.C.A,1620586042,14:47:22,20210509
49,2006-06-30,ABCA.PA,EUR,2006-06-30,2006-06-30,Q2,0.0,0.0,0.0,0.0,0.0,703750.0,0.0,0.0,1118575.0,4150075.0,0.0,70750.0,-4079325.0,0.0,-4150075.0,0.0,0.0,5585950.0,0.0,1926592.5,3653607.5,0.0,11.0,10.25,33177524,33177524,https://www.infogreffe.com/recherche-entreprise-dirigeants/resultats-entreprise-dirigeants.html?ga_cat=globale&ga_q=A.B.C.A#phrase=A.B.C.A,https://www.infogreffe.com/recherche-entreprise-dirigeants/resultats-entreprise-dirigeants.html?ga_cat=globale&ga_q=A.B.C.A#phrase=A.B.C.A,1620586042,14:47:22,20210509
50,2006-03-31,ABCA.PA,EUR,2006-03-31,2006-03-31,Q1,0.0,0.0,0.0,0.0,0.0,703750.0,0.0,0.0,1118575.0,4150075.0,0.0,70750.0,-4079325.0,0.0,-4150075.0,0.0,0.0,5585950.0,0.0,1926592.5,3653607.5,0.0,11.0,10.25,33177524,33177524,https://www.infogreffe.com/recherche-entreprise-dirigeants/resultats-entreprise-dirigeants.html?ga_cat=globale&ga_q=A.B.C.A#phrase=A.B.C.A,https://www.infogreffe.com/recherche-entreprise-dirigeants/resultats-entreprise-dirigeants.html?ga_cat=globale&ga_q=A.B.C.A#phrase=A.B.C.A,1620586042,14:47:22,20210509
51,2006-01-31,ABCA.PA,EUR,2006-01-31,2006-01-31,Q1,0.0,0.0,0.0,0.0,0.0,703750.0,0.0,0.0,1118575.0,4150075.0,0.0,70750.0,-4079325.0,0.0,-4150075.0,0.0,0.0,5585950.0,0.0,1926592.5,3653607.5,0.0,11.0,10.25,33177524,33177524,https://www.infogreffe.com/recherche-entreprise-dirigeants/resultats-entreprise-dirigeants.html?ga_cat=globale&ga_q=A.B.C.A#phrase=A.B.C.A,https://www.infogreffe.com/recherche-entreprise-dirigeants/resultats-entreprise-dirigeants.html?ga_cat=globale&ga_q=A.B.C.A#phrase=A.B.C.A,1620586042,14:47:22,20210509
52,2005-09-30,ABCA.PA,EUR,2005-09-30,2005-09-30,Q3,5434540.5,0.0,0.0,0.0,0.0,2219596.25,0.0,0.0,0.0,2064565.5,0.0,68855.0,3438830.0,0.6327729087675398,3369975.0,0.6201030243495287,0.0,2834152.0,0.5215072001027502,0.0,1757921.75,0.32347201203119197,0.0575,0.0575,30075924,30075924,https://www.infogreffe.com/recherche-entreprise-dirigeants/resultats-entreprise-dirigeants.html?ga_cat=globale&ga_q=A.B.C.A#phrase=A.B.C.A,https://www.infogreffe.com/recherche-entreprise-dirigeants/resultats-entreprise-dirigeants.html?ga_cat=globale&ga_q=A.B.C.A#phrase=A.B.C.A,1620586042,14:47:22,20210509
53,2005-06-30,ABCA.PA,EUR,2005-06-30,2005-06-30,Q2,5434540.5,0.0,0.0,0.0,0.0,2219596.25,0.0,0.0,0.0,2064565.5,0.0,68855.0,3438830.0,0.6327729087675398,3369975.0,0.6201030243495287,0.0,2834152.0,0.5215072001027502,0.0,1757921.75,0.32347201203119197,0.0575,0.0575,30075924,30075924,https://www.infogreffe.com/recherche-entreprise-dirigeants/resultats-entreprise-dirigeants.html?ga_cat=globale&ga_q=A.B.C.A#phrase=A.B.C.A,https://www.infogreffe.com/recherche-entreprise-dirigeants/resultats-entreprise-dirigeants.html?ga_cat=globale&ga_q=A.B.C.A#phrase=A.B.C.A,1620586042,14:47:22,20210509
54,2005-03-31,ABCA.PA,EUR,2005-03-31,2005-03-31,Q1,5434540.5,0.0,0.0,0.0,0.0,2219596.25,0.0,0.0,0.0,2064565.5,0.0,68855.0,3438830.0,0.6327729087675398,3369975.0,0.6201030243495287,0.0,2834152.0,0.5215072001027502,0.0,1757921.75,0.32347201203119197,0.0575,0.0575,30075924,30075924,https://www.infogreffe.com/recherche-entreprise-dirigeants/resultats-entreprise-dirigeants.html?ga_cat=globale&ga_q=A.B.C.A#phrase=A.B.C.A,https://www.infogreffe.com/recherche-entreprise-dirigeants/resultats-entreprise-dirigeants.html?ga_cat=globale&ga_q=A.B.C.A#phrase=A.B.C.A,1620586042,14:47:22,20210509
55,2005-01-31,ABCA.PA,EUR,2005-01-31,2005-01-31,Q1,5434540.5,0.0,0.0,0.0,0.0,2219596.25,0.0,0.0,0.0,2064565.5,0.0,68855.0,3438830.0,0.6327729087675398,3369975.0,0.6201030243495287,0.0,2834152.0,0.5215072001027502,0.0,1757921.75,0.32347201203119197,0.0575,0.0575,30075924,30075924,https://www.infogreffe.com/recherche-entreprise-dirigeants/resultats-entreprise-dirigeants.html?ga_cat=globale&ga_q=A.B.C.A#phrase=A.B.C.A,https://www.infogreffe.com/recherche-entreprise-dirigeants/resultats-entreprise-dirigeants.html?ga_cat=globale&ga_q=A.B.C.A#phrase=A.B.C.A,1620586042,14:47:22,20210509
56,2004-09-30,ABCA.PA,EUR,2004-09-30,2004-09-30,Q3,227560.0,0.0,0.0,0.0,0.0,2540616.5,0.0,0.0,4200.0,2611389.25,0.0,66572.75,-2317256.5,-10.183057215679382,-2383829.25,-10.47560753207945,0.0,2133602.25,9.375998637721919,0.0,1420735.0,6.243342415187203,0.05,0.05,27984877,27984877,https://www.infogreffe.com/recherche-entreprise-dirigeants/resultats-entreprise-dirigeants.html?ga_cat=globale&ga_q=A.B.C.A#phrase=A.B.C.A,https://www.infogreffe.com/recherche-entreprise-dirigeants/resultats-entreprise-dirigeants.html?ga_cat=globale&ga_q=A.B.C.A#phrase=A.B.C.A,1620586042,14:47:22,20210509
57,2004-06-30,ABCA.PA,EUR,2004-06-30,2004-06-30,Q2,227560.0,0.0,0.0,0.0,0.0,2540616.5,0.0,0.0,4200.0,2611389.25,0.0,66572.75,-2317256.5,-10.183057215679382,-2383829.25,-10.47560753207945,0.0,2133602.25,9.375998637721919,0.0,1420735.0,6.243342415187203,0.05,0.05,27984877,27984877,https://www.infogreffe.com/recherche-entreprise-dirigeants/resultats-entreprise-dirigeants.html?ga_cat=globale&ga_q=A.B.C.A#phrase=A.B.C.A,https://www.infogreffe.com/recherche-entreprise-dirigeants/resultats-entreprise-dirigeants.html?ga_cat=globale&ga_q=A.B.C.A#phrase=A.B.C.A,1620586042,14:47:22,20210509
58,2004-03-31,ABCA.PA,EUR,2004-03-31,2004-03-31,Q1,227560.0,0.0,0.0,0.0,0.0,2540616.5,0.0,0.0,4200.0,2611389.25,0.0,66572.75,-2317256.5,-10.183057215679382,-2383829.25,-10.47560753207945,0.0,2133602.25,9.375998637721919,0.0,1420735.0,6.243342415187203,0.05,0.05,27984877,27984877,https://www.infogreffe.com/recherche-entreprise-dirigeants/resultats-entreprise-dirigeants.html?ga_cat=globale&ga_q=A.B.C.A#phrase=A.B.C.A,https://www.infogreffe.com/recherche-entreprise-dirigeants/resultats-entreprise-dirigeants.html?ga_cat=globale&ga_q=A.B.C.A#phrase=A.B.C.A,1620586042,14:47:22,20210509
59,2004-01-31,ABCA.PA,EUR,2004-01-31,2004-01-31,Q1,227560.0,0.0,0.0,0.0,0.0,2540616.5,0.0,0.0,4200.0,2611389.25,0.0,66572.75,-2317256.5,-10.183057215679382,-2383829.25,-10.47560753207945,0.0,2133602.25,9.375998637721919,0.0,1420735.0,6.243342415187203,0.05,0.05,27984877,27984877,https://www.infogreffe.com/recherche-entreprise-dirigeants/resultats-entreprise-dirigeants.html?ga_cat=globale&ga_q=A.B.C.A#phrase=A.B.C.A,https://www.infogreffe.com/recherche-entreprise-dirigeants/resultats-entreprise-dirigeants.html?ga_cat=globale&ga_q=A.B.C.A#phrase=A.B.C.A,1620586042,14:47:22,20210509
60,2003-09-30,ABCA.PA,EUR,2003-09-30,2003-09-30,Q3,401084.0,0.0,0.0,0.0,0.0,1966419.0,0.0,0.0,4200.0,2044850.75,0.0,74231.75,-1569535.0,-3.913232639546828,-1643766.75,-4.098310453670553,0.0,3516236.0,8.76683188559005,0.0,2073361.5,5.169394690389046,0.0875,0.0875,23643756,23643756,https://www.infogreffe.com/recherche-entreprise-dirigeants/resultats-entreprise-dirigeants.html?ga_cat=globale&ga_q=A.B.C.A#phrase=A.B.C.A,https://www.infogreffe.com/recherche-entreprise-dirigeants/resultats-entreprise-dirigeants.html?ga_cat=globale&ga_q=A.B.C.A#phrase=A.B.C.A,1620586042,14:47:22,20210509
61,2003-06-30,ABCA.PA,EUR,2003-06-30,2003-06-30,Q2,401084.0,0.0,0.0,0.0,0.0,1966419.0,0.0,0.0,4200.0,2044850.75,0.0,74231.75,-1569535.0,-3.913232639546828,-1643766.75,-4.098310453670553,0.0,3516236.0,8.76683188559005,0.0,2073361.5,5.169394690389046,0.0875,0.0875,23643756,23643756,https://www.infogreffe.com/recherche-entreprise-dirigeants/resultats-entreprise-dirigeants.html?ga_cat=globale&ga_q=A.B.C.A#phrase=A.B.C.A,https://www.infogreffe.com/recherche-entreprise-dirigeants/resultats-entreprise-dirigeants.html?ga_cat=globale&ga_q=A.B.C.A#phrase=A.B.C.A,1620586042,14:47:22,20210509
62,2003-03-31,ABCA.PA,EUR,2003-03-31,2003-03-31,Q1,401084.0,0.0,0.0,0.0,0.0,1966419.0,0.0,0.0,4200.0,2044850.75,0.0,74231.75,-1569535.0,-3.913232639546828,-1643766.75,-4.098310453670553,0.0,3516236.0,8.76683188559005,0.0,2073361.5,5.169394690389046,0.0875,0.0875,23643756,23643756,https://www.infogreffe.com/recherche-entreprise-dirigeants/resultats-entreprise-dirigeants.html?ga_cat=globale&ga_q=A.B.C.A#phrase=A.B.C.A,https://www.infogreffe.com/recherche-entreprise-dirigeants/resultats-entreprise-dirigeants.html?ga_cat=globale&ga_q=A.B.C.A#phrase=A.B.C.A,1620586042,14:47:22,20210509
63,2003-01-31,ABCA.PA,EUR,2003-01-31,2003-01-31,Q1,401084.0,0.0,0.0,0.0,0.0,1966419.0,0.0,0.0,4200.0,2044850.75,0.0,74231.75,-1569535.0,-3.913232639546828,-1643766.75,-4.098310453670553,0.0,3516236.0,8.76683188559005,0.0,2073361.5,5.169394690389046,0.0875,0.0875,23643756,23643756,https://www.infogreffe.com/recherche-entreprise-dirigeants/resultats-entreprise-dirigeants.html?ga_cat=globale&ga_q=A.B.C.A#phrase=A.B.C.A,https://www.infogreffe.com/recherche-entreprise-dirigeants/resultats-entreprise-dirigeants.html?ga_cat=globale&ga_q=A.B.C.A#phrase=A.B.C.A,1620586042,14:47:22,20210509
64,2002-09-30,ABCA.PA,EUR,2002-09-30,2002-09-30,Q3,453884.75,0.0,0.0,0.0,0.0,1779548.25,0.0,0.0,4200.0,1893618.0,0.0,109869.75,-1329863.5,-2.929958541237616,-1439733.25,-3.172023845260278,0.0,2008634.5,4.425428481569385,0.0,1269986.75,2.7980379380448452,0.0625,0.0625,20020000,20020000,https://www.infogreffe.com/recherche-entreprise-dirigeants/resultats-entreprise-dirigeants.html?ga_cat=globale&ga_q=A.B.C.A#phrase=A.B.C.A,https://www.infogreffe.com/recherche-entreprise-dirigeants/resultats-entreprise-dirigeants.html?ga_cat=globale&ga_q=A.B.C.A#phrase=A.B.C.A,1620586042,14:47:22,20210509
65,2002-06-30,ABCA.PA,EUR,2002-06-30,2002-06-30,Q2,453884.75,0.0,0.0,0.0,0.0,1779548.25,0.0,0.0,4200.0,1893618.0,0.0,109869.75,-1329863.5,-2.929958541237616,-1439733.25,-3.172023845260278,0.0,2008634.5,4.425428481569385,0.0,1269986.75,2.7980379380448452,0.0625,0.0625,20020000,20020000,https://www.infogreffe.com/recherche-entreprise-dirigeants/resultats-entreprise-dirigeants.html?ga_cat=globale&ga_q=A.B.C.A#phrase=A.B.C.A,https://www.infogreffe.com/recherche-entreprise-dirigeants/resultats-entreprise-dirigeants.html?ga_cat=globale&ga_q=A.B.C.A#phrase=A.B.C.A,1620586042,14:47:22,20210509
66,2002-03-31,ABCA.PA,EUR,2002-03-31,2002-03-31,Q1,453884.75,0.0,0.0,0.0,0.0,1779548.25,0.0,0.0,4200.0,1893618.0,0.0,109869.75,-1329863.5,-2.929958541237616,-1439733.25,-3.172023845260278,0.0,2008634.5,4.425428481569385,0.0,1269986.75,2.7980379380448452,0.0625,0.0625,20020000,20020000,https://www.infogreffe.com/recherche-entreprise-dirigeants/resultats-entreprise-dirigeants.html?ga_cat=globale&ga_q=A.B.C.A#phrase=A.B.C.A,https://www.infogreffe.com/recherche-entreprise-dirigeants/resultats-entreprise-dirigeants.html?ga_cat=globale&ga_q=A.B.C.A#phrase=A.B.C.A,1620586042,14:47:22,20210509
67,2002-01-31,ABCA.PA,EUR,2002-01-31,2002-01-31,Q1,453884.75,0.0,0.0,0.0,0.0,1779548.25,0.0,0.0,4200.0,1893618.0,0.0,109869.75,-1329863.5,-2.929958541237616,-1439733.25,-3.172023845260278,0.0,2008634.5,4.425428481569385,0.0,1269986.75,2.7980379380448452,0.0625,0.0625,20020000,20020000,https://www.infogreffe.com/recherche-entreprise-dirigeants/resultats-entreprise-dirigeants.html?ga_cat=globale&ga_q=A.B.C.A#phrase=A.B.C.A,https://www.infogreffe.com/recherche-entreprise-dirigeants/resultats-entreprise-dirigeants.html?ga_cat=globale&ga_q=A.B.C.A#phrase=A.B.C.A,1620586042,14:47:22,20210509
