,date,symbol,reportedCurrency,fillingDate,acceptedDate,period,revenue,costOfRevenue,grossProfit,grossProfitRatio,researchAndDevelopmentExpenses,generalAndAdministrativeExpenses,sellingAndMarketingExpenses,otherExpenses,operatingExpenses,costAndExpenses,interestExpense,depreciationAndAmortization,ebitda,ebitdaratio,operatingIncome,operatingIncomeRatio,totalOtherIncomeExpensesNet,incomeBeforeTax,incomeBeforeTaxRatio,incomeTaxExpense,netIncome,netIncomeRatio,eps,epsdiluted,weightedAverageShsOut,weightedAverageShsOutDil,link,finalLink,timestamp,est_time,est_date
0,2019-06-30,RST.L,GBP,2019-06-30,2019-06-30,Q2,53900000.0,30075000.0,23825000.0,0.4420222634508349,0.0,12525000.0,0.0,0.0,0.0,44625000.0,2325000.0,2025000.0,11300000.0,0.20964749536178107,9275000.0,0.17207792207792208,0.0,6200000.0,0.1150278293135436,1975000.0,4175000.0,0.0774582560296846,0.0335,0.03225,124164022.0,129261981.0,https://find-and-update.company-information.service.gov.uk/search/companies?q=Restore+PLC,https://find-and-update.company-information.service.gov.uk/search/companies?q=Restore+PLC,1620597435,17:57:15,20210509
1,2019-03-31,RST.L,GBP,2019-03-31,2019-03-31,Q1,53900000.0,30075000.0,23825000.0,0.4420222634508349,0.0,12525000.0,0.0,0.0,0.0,44625000.0,2325000.0,2025000.0,11300000.0,0.20964749536178107,9275000.0,0.17207792207792208,0.0,6200000.0,0.1150278293135436,1975000.0,4175000.0,0.0774582560296846,0.0335,0.03225,124164022.0,129261981.0,https://find-and-update.company-information.service.gov.uk/search/companies?q=Restore+PLC,https://find-and-update.company-information.service.gov.uk/search/companies?q=Restore+PLC,1620597435,17:57:15,20210509
2,2019-01-31,RST.L,GBP,2019-01-31,2019-01-31,Q1,53900000.0,30075000.0,23825000.0,0.4420222634508349,0.0,12525000.0,0.0,0.0,0.0,44625000.0,2325000.0,2025000.0,11300000.0,0.20964749536178107,9275000.0,0.17207792207792208,0.0,6200000.0,0.1150278293135436,1975000.0,4175000.0,0.0774582560296846,0.0335,0.03225,124164022.0,129261981.0,https://find-and-update.company-information.service.gov.uk/search/companies?q=Restore+PLC,https://find-and-update.company-information.service.gov.uk/search/companies?q=Restore+PLC,1620597435,17:57:15,20210509
3,2018-06-30,RST.L,GBP,2018-06-30,2018-06-30,Q2,48875000.0,27875000.0,21000000.0,0.4296675191815857,0.0,10925000.0,0.0,0.0,0.0,40550000.0,875000.0,1750000.0,10075000.0,0.2061381074168798,8325000.0,0.17033248081841432,0.0,5250000.0,0.10741687979539642,625000.0,3925000.0,0.08030690537084399,0.0325,0.03125,120367778.0,125718833.0,https://find-and-update.company-information.service.gov.uk/search/companies?q=Restore+PLC,https://find-and-update.company-information.service.gov.uk/search/companies?q=Restore+PLC,1620597435,17:57:15,20210509
4,2018-03-31,RST.L,GBP,2018-03-31,2018-03-31,Q1,48875000.0,27875000.0,21000000.0,0.4296675191815857,0.0,10925000.0,0.0,0.0,0.0,40550000.0,875000.0,1750000.0,10075000.0,0.2061381074168798,8325000.0,0.17033248081841432,0.0,5250000.0,0.10741687979539642,625000.0,3925000.0,0.08030690537084399,0.0325,0.03125,120367778.0,125718833.0,https://find-and-update.company-information.service.gov.uk/search/companies?q=Restore+PLC,https://find-and-update.company-information.service.gov.uk/search/companies?q=Restore+PLC,1620597435,17:57:15,20210509
5,2018-01-31,RST.L,GBP,2018-01-31,2018-01-31,Q1,48875000.0,27875000.0,21000000.0,0.4296675191815857,0.0,10925000.0,0.0,0.0,0.0,40550000.0,875000.0,1750000.0,10075000.0,0.2061381074168798,8325000.0,0.17033248081841432,0.0,5250000.0,0.10741687979539642,625000.0,3925000.0,0.08030690537084399,0.0325,0.03125,120367778.0,125718833.0,https://find-and-update.company-information.service.gov.uk/search/companies?q=Restore+PLC,https://find-and-update.company-information.service.gov.uk/search/companies?q=Restore+PLC,1620597435,17:57:15,20210509
6,2017-06-30,RST.L,GBP,2017-06-30,2017-06-30,Q2,44050000.0,27225000.0,16825000.0,0.3819523269012486,0.0,8550000.0,0.0,0.0,0.0,37125000.0,575000.0,1350000.0,8275000.0,0.18785471055618616,6925000.0,0.15720771850170262,0.0,2425000.0,0.055051078320090804,475000.0,1950000.0,0.04426787741203178,0.01725,0.01675,112607015.0,116055092.0,https://find-and-update.company-information.service.gov.uk/search/companies?q=Restore+PLC,https://find-and-update.company-information.service.gov.uk/search/companies?q=Restore+PLC,1620597435,17:57:15,20210509
7,2017-03-31,RST.L,GBP,2017-03-31,2017-03-31,Q1,44050000.0,27225000.0,16825000.0,0.3819523269012486,0.0,8550000.0,0.0,0.0,0.0,37125000.0,575000.0,1350000.0,8275000.0,0.18785471055618616,6925000.0,0.15720771850170262,0.0,2425000.0,0.055051078320090804,475000.0,1950000.0,0.04426787741203178,0.01725,0.01675,112607015.0,116055092.0,https://find-and-update.company-information.service.gov.uk/search/companies?q=Restore+PLC,https://find-and-update.company-information.service.gov.uk/search/companies?q=Restore+PLC,1620597435,17:57:15,20210509
8,2017-01-31,RST.L,GBP,2017-01-31,2017-01-31,Q1,44050000.0,27225000.0,16825000.0,0.3819523269012486,0.0,8550000.0,0.0,0.0,0.0,37125000.0,575000.0,1350000.0,8275000.0,0.18785471055618616,6925000.0,0.15720771850170262,0.0,2425000.0,0.055051078320090804,475000.0,1950000.0,0.04426787741203178,0.01725,0.01675,112607015.0,116055092.0,https://find-and-update.company-information.service.gov.uk/search/companies?q=Restore+PLC,https://find-and-update.company-information.service.gov.uk/search/companies?q=Restore+PLC,1620597435,17:57:15,20210509
9,2016-06-30,RST.L,GBP,2016-06-30,2016-06-30,Q2,32350000.0,20400000.0,11950000.0,0.3693972179289026,0.0,5900000.0,0.0,0.0,0.0,27400000.0,450000.0,1100000.0,6050000.0,0.18701700154559506,4950000.0,0.15301391035548687,0.0,1875000.0,0.05795981452859351,-775000.0,4575000.0,0.14142194744976816,0.0445,0.04225,102712773.0,108166916.0,https://find-and-update.company-information.service.gov.uk/search/companies?q=Restore+PLC,https://find-and-update.company-information.service.gov.uk/search/companies?q=Restore+PLC,1620597435,17:57:15,20210509
10,2016-03-31,RST.L,GBP,2016-03-31,2016-03-31,Q1,32350000.0,20400000.0,11950000.0,0.3693972179289026,0.0,5900000.0,0.0,0.0,0.0,27400000.0,450000.0,1100000.0,6050000.0,0.18701700154559506,4950000.0,0.15301391035548687,0.0,1875000.0,0.05795981452859351,-775000.0,4575000.0,0.14142194744976816,0.0445,0.04225,102712773.0,108166916.0,https://find-and-update.company-information.service.gov.uk/search/companies?q=Restore+PLC,https://find-and-update.company-information.service.gov.uk/search/companies?q=Restore+PLC,1620597435,17:57:15,20210509
11,2016-01-31,RST.L,GBP,2016-01-31,2016-01-31,Q1,32350000.0,20400000.0,11950000.0,0.3693972179289026,0.0,5900000.0,0.0,0.0,0.0,27400000.0,450000.0,1100000.0,6050000.0,0.18701700154559506,4950000.0,0.15301391035548687,0.0,1875000.0,0.05795981452859351,-775000.0,4575000.0,0.14142194744976816,0.0445,0.04225,102712773.0,108166916.0,https://find-and-update.company-information.service.gov.uk/search/companies?q=Restore+PLC,https://find-and-update.company-information.service.gov.uk/search/companies?q=Restore+PLC,1620597435,17:57:15,20210509
12,2015-09-30,RST.L,GBP,2015-09-30,2015-09-30,Q3,22975000.0,14750000.0,8225000.0,0.35799782372143635,0.0,4050000.0,0.0,0.0,0.0,19450000.0,275000.0,650000.0,4175000.0,0.18171926006528835,3525000.0,0.15342763873775844,0.0,1525000.0,0.06637649619151251,75000.0,1500000.0,0.06528835690968444,0.018,0.017,83442266.0,88245922.0,https://find-and-update.company-information.service.gov.uk/search/companies?q=Restore+PLC,https://find-and-update.company-information.service.gov.uk/search/companies?q=Restore+PLC,1620597435,17:57:15,20210509
13,2015-06-30,RST.L,GBP,2015-06-30,2015-06-30,Q2,22975000.0,14750000.0,8225000.0,0.35799782372143635,0.0,4050000.0,0.0,0.0,0.0,19450000.0,275000.0,650000.0,4175000.0,0.18171926006528835,3525000.0,0.15342763873775844,0.0,1525000.0,0.06637649619151251,75000.0,1500000.0,0.06528835690968444,0.018,0.017,83442266.0,88245922.0,https://find-and-update.company-information.service.gov.uk/search/companies?q=Restore+PLC,https://find-and-update.company-information.service.gov.uk/search/companies?q=Restore+PLC,1620597435,17:57:15,20210509
14,2015-03-31,RST.L,GBP,2015-03-31,2015-03-31,Q1,22975000.0,14750000.0,8225000.0,0.35799782372143635,0.0,4050000.0,0.0,0.0,0.0,19450000.0,275000.0,650000.0,4175000.0,0.18171926006528835,3525000.0,0.15342763873775844,0.0,1525000.0,0.06637649619151251,75000.0,1500000.0,0.06528835690968444,0.018,0.017,83442266.0,88245922.0,https://find-and-update.company-information.service.gov.uk/search/companies?q=Restore+PLC,https://find-and-update.company-information.service.gov.uk/search/companies?q=Restore+PLC,1620597435,17:57:15,20210509
15,2015-01-31,RST.L,GBP,2015-01-31,2015-01-31,Q1,22975000.0,14750000.0,8225000.0,0.35799782372143635,0.0,4050000.0,0.0,0.0,0.0,19450000.0,275000.0,650000.0,4175000.0,0.18171926006528835,3525000.0,0.15342763873775844,0.0,1525000.0,0.06637649619151251,75000.0,1500000.0,0.06528835690968444,0.018,0.017,83442266.0,88245922.0,https://find-and-update.company-information.service.gov.uk/search/companies?q=Restore+PLC,https://find-and-update.company-information.service.gov.uk/search/companies?q=Restore+PLC,1620597435,17:57:15,20210509
16,2014-09-30,RST.L,GBP,2014-09-30,2014-09-30,Q3,16875000.0,10950000.0,5925000.0,0.3511111111111111,0.0,2950000.0,0.0,0.0,0.0,14375000.0,225000.0,475000.0,2975000.0,0.17629629629629628,2500000.0,0.14814814814814814,0.0,1525000.0,0.09037037037037036,300000.0,1225000.0,0.0725925925925926,0.016,0.015,76624278.0,81730800.0,https://find-and-update.company-information.service.gov.uk/search/companies?q=Restore+PLC,https://find-and-update.company-information.service.gov.uk/search/companies?q=Restore+PLC,1620597435,17:57:15,20210509
17,2014-06-30,RST.L,GBP,2014-06-30,2014-06-30,Q2,16875000.0,10950000.0,5925000.0,0.3511111111111111,0.0,2950000.0,0.0,0.0,0.0,14375000.0,225000.0,475000.0,2975000.0,0.17629629629629628,2500000.0,0.14814814814814814,0.0,1525000.0,0.09037037037037036,300000.0,1225000.0,0.0725925925925926,0.016,0.015,76624278.0,81730800.0,https://find-and-update.company-information.service.gov.uk/search/companies?q=Restore+PLC,https://find-and-update.company-information.service.gov.uk/search/companies?q=Restore+PLC,1620597435,17:57:15,20210509
18,2014-03-31,RST.L,GBP,2014-03-31,2014-03-31,Q1,16875000.0,10950000.0,5925000.0,0.3511111111111111,0.0,2950000.0,0.0,0.0,0.0,14375000.0,225000.0,475000.0,2975000.0,0.17629629629629628,2500000.0,0.14814814814814814,0.0,1525000.0,0.09037037037037036,300000.0,1225000.0,0.0725925925925926,0.016,0.015,76624278.0,81730800.0,https://find-and-update.company-information.service.gov.uk/search/companies?q=Restore+PLC,https://find-and-update.company-information.service.gov.uk/search/companies?q=Restore+PLC,1620597435,17:57:15,20210509
19,2014-01-31,RST.L,GBP,2014-01-31,2014-01-31,Q1,16875000.0,10950000.0,5925000.0,0.3511111111111111,0.0,2950000.0,0.0,0.0,0.0,14375000.0,225000.0,475000.0,2975000.0,0.17629629629629628,2500000.0,0.14814814814814814,0.0,1525000.0,0.09037037037037036,300000.0,1225000.0,0.0725925925925926,0.016,0.015,76624278.0,81730800.0,https://find-and-update.company-information.service.gov.uk/search/companies?q=Restore+PLC,https://find-and-update.company-information.service.gov.uk/search/companies?q=Restore+PLC,1620597435,17:57:15,20210509
20,2013-09-30,RST.L,GBP,2013-09-30,2013-09-30,Q3,13400000.0,8725000.0,4675000.0,0.34888059701492535,0.0,2075000.0,0.0,0.0,0.0,11125000.0,225000.0,325000.0,2600000.0,0.19402985074626866,2275000.0,0.16977611940298507,0.0,1250000.0,0.09328358208955224,175000.0,1075000.0,0.08022388059701492,0.01475,0.014,73222082.0,76676385.0,https://find-and-update.company-information.service.gov.uk/search/companies?q=Restore+PLC,https://find-and-update.company-information.service.gov.uk/search/companies?q=Restore+PLC,1620597435,17:57:15,20210509
21,2013-06-30,RST.L,GBP,2013-06-30,2013-06-30,Q2,13400000.0,8725000.0,4675000.0,0.34888059701492535,0.0,2075000.0,0.0,0.0,0.0,11125000.0,225000.0,325000.0,2600000.0,0.19402985074626866,2275000.0,0.16977611940298507,0.0,1250000.0,0.09328358208955224,175000.0,1075000.0,0.08022388059701492,0.01475,0.014,73222082.0,76676385.0,https://find-and-update.company-information.service.gov.uk/search/companies?q=Restore+PLC,https://find-and-update.company-information.service.gov.uk/search/companies?q=Restore+PLC,1620597435,17:57:15,20210509
22,2013-03-31,RST.L,GBP,2013-03-31,2013-03-31,Q1,13400000.0,8725000.0,4675000.0,0.34888059701492535,0.0,2075000.0,0.0,0.0,0.0,11125000.0,225000.0,325000.0,2600000.0,0.19402985074626866,2275000.0,0.16977611940298507,0.0,1250000.0,0.09328358208955224,175000.0,1075000.0,0.08022388059701492,0.01475,0.014,73222082.0,76676385.0,https://find-and-update.company-information.service.gov.uk/search/companies?q=Restore+PLC,https://find-and-update.company-information.service.gov.uk/search/companies?q=Restore+PLC,1620597435,17:57:15,20210509
23,2013-01-31,RST.L,GBP,2013-01-31,2013-01-31,Q1,13400000.0,8725000.0,4675000.0,0.34888059701492535,0.0,2075000.0,0.0,0.0,0.0,11125000.0,225000.0,325000.0,2600000.0,0.19402985074626866,2275000.0,0.16977611940298507,0.0,1250000.0,0.09328358208955224,175000.0,1075000.0,0.08022388059701492,0.01475,0.014,73222082.0,76676385.0,https://find-and-update.company-information.service.gov.uk/search/companies?q=Restore+PLC,https://find-and-update.company-information.service.gov.uk/search/companies?q=Restore+PLC,1620597435,17:57:15,20210509
24,2012-09-30,RST.L,GBP,2012-09-30,2012-09-30,Q3,10825000.0,5575000.0,5250000.0,0.48498845265588914,0.0,3575000.0,0.0,0.0,0.0,9375000.0,225000.0,225000.0,1675000.0,0.15473441108545036,1450000.0,0.13394919168591224,0.0,375000.0,0.03464203233256351,25000.0,425000.0,0.03926096997690531,0.00675,0.0065,63554430.0,65734934.0,https://find-and-update.company-information.service.gov.uk/search/companies?q=Restore+PLC,https://find-and-update.company-information.service.gov.uk/search/companies?q=Restore+PLC,1620597435,17:57:15,20210509
25,2012-06-30,RST.L,GBP,2012-06-30,2012-06-30,Q2,10825000.0,5575000.0,5250000.0,0.48498845265588914,0.0,3575000.0,0.0,0.0,0.0,9375000.0,225000.0,225000.0,1675000.0,0.15473441108545036,1450000.0,0.13394919168591224,0.0,375000.0,0.03464203233256351,25000.0,425000.0,0.03926096997690531,0.00675,0.0065,63554430.0,65734934.0,https://find-and-update.company-information.service.gov.uk/search/companies?q=Restore+PLC,https://find-and-update.company-information.service.gov.uk/search/companies?q=Restore+PLC,1620597435,17:57:15,20210509
26,2012-03-31,RST.L,GBP,2012-03-31,2012-03-31,Q1,10825000.0,5575000.0,5250000.0,0.48498845265588914,0.0,3575000.0,0.0,0.0,0.0,9375000.0,225000.0,225000.0,1675000.0,0.15473441108545036,1450000.0,0.13394919168591224,0.0,375000.0,0.03464203233256351,25000.0,425000.0,0.03926096997690531,0.00675,0.0065,63554430.0,65734934.0,https://find-and-update.company-information.service.gov.uk/search/companies?q=Restore+PLC,https://find-and-update.company-information.service.gov.uk/search/companies?q=Restore+PLC,1620597435,17:57:15,20210509
27,2012-01-31,RST.L,GBP,2012-01-31,2012-01-31,Q1,10825000.0,5575000.0,5250000.0,0.48498845265588914,0.0,3575000.0,0.0,0.0,0.0,9375000.0,225000.0,225000.0,1675000.0,0.15473441108545036,1450000.0,0.13394919168591224,0.0,375000.0,0.03464203233256351,25000.0,425000.0,0.03926096997690531,0.00675,0.0065,63554430.0,65734934.0,https://find-and-update.company-information.service.gov.uk/search/companies?q=Restore+PLC,https://find-and-update.company-information.service.gov.uk/search/companies?q=Restore+PLC,1620597435,17:57:15,20210509
28,2011-09-30,RST.L,GBP,2011-09-30,2011-09-30,Q3,8700000.0,4350000.0,4350000.0,0.5,0.0,3100000.0,0.0,0.0,2525000.0,7525000.0,225000.0,300000.0,1475000.0,0.16954022988505746,1175000.0,0.13505747126436782,0.0,500000.0,0.05747126436781609,0.0,500000.0,0.05747126436781609,0.01,0.0095,48977496.0,50574419.0,https://find-and-update.company-information.service.gov.uk/search/companies?q=Restore+PLC,https://find-and-update.company-information.service.gov.uk/search/companies?q=Restore+PLC,1620597435,17:57:15,20210509
29,2011-06-30,RST.L,GBP,2011-06-30,2011-06-30,Q2,8700000.0,4350000.0,4350000.0,0.5,0.0,3100000.0,0.0,0.0,2525000.0,7525000.0,225000.0,300000.0,1475000.0,0.16954022988505746,1175000.0,0.13505747126436782,0.0,500000.0,0.05747126436781609,0.0,500000.0,0.05747126436781609,0.01,0.0095,48977496.0,50574419.0,https://find-and-update.company-information.service.gov.uk/search/companies?q=Restore+PLC,https://find-and-update.company-information.service.gov.uk/search/companies?q=Restore+PLC,1620597435,17:57:15,20210509
30,2011-03-31,RST.L,GBP,2011-03-31,2011-03-31,Q1,8700000.0,4350000.0,4350000.0,0.5,0.0,3100000.0,0.0,0.0,2525000.0,7525000.0,225000.0,300000.0,1475000.0,0.16954022988505746,1175000.0,0.13505747126436782,0.0,500000.0,0.05747126436781609,0.0,500000.0,0.05747126436781609,0.01,0.0095,48977496.0,50574419.0,https://find-and-update.company-information.service.gov.uk/search/companies?q=Restore+PLC,https://find-and-update.company-information.service.gov.uk/search/companies?q=Restore+PLC,1620597435,17:57:15,20210509
31,2011-01-31,RST.L,GBP,2011-01-31,2011-01-31,Q1,8700000.0,4350000.0,4350000.0,0.5,0.0,3100000.0,0.0,0.0,2525000.0,7525000.0,225000.0,300000.0,1475000.0,0.16954022988505746,1175000.0,0.13505747126436782,0.0,500000.0,0.05747126436781609,0.0,500000.0,0.05747126436781609,0.01,0.0095,48977496.0,50574419.0,https://find-and-update.company-information.service.gov.uk/search/companies?q=Restore+PLC,https://find-and-update.company-information.service.gov.uk/search/companies?q=Restore+PLC,1620597435,17:57:15,20210509
32,2010-09-30,RST.L,GBP,2010-09-30,2010-09-30,Q3,6925000.0,3525000.0,3400000.0,0.49097472924187724,0.0,2600000.0,0.0,0.0,1825000.0,6225000.0,275000.0,250000.0,950000.0,0.1371841155234657,700000.0,0.10108303249097472,0.0,150000.0,0.021660649819494584,-75000.0,200000.0,0.02888086642599278,0.00775,0.00775,26989490.0,26989490.0,https://find-and-update.company-information.service.gov.uk/search/companies?q=Restore+PLC,https://find-and-update.company-information.service.gov.uk/search/companies?q=Restore+PLC,1620597435,17:57:15,20210509
33,2010-06-30,RST.L,GBP,2010-06-30,2010-06-30,Q2,6925000.0,3525000.0,3400000.0,0.49097472924187724,0.0,2600000.0,0.0,0.0,1825000.0,6225000.0,275000.0,250000.0,950000.0,0.1371841155234657,700000.0,0.10108303249097472,0.0,150000.0,0.021660649819494584,-75000.0,200000.0,0.02888086642599278,0.00775,0.00775,26989490.0,26989490.0,https://find-and-update.company-information.service.gov.uk/search/companies?q=Restore+PLC,https://find-and-update.company-information.service.gov.uk/search/companies?q=Restore+PLC,1620597435,17:57:15,20210509
34,2010-03-31,RST.L,GBP,2010-03-31,2010-03-31,Q1,6925000.0,3525000.0,3400000.0,0.49097472924187724,0.0,2600000.0,0.0,0.0,1825000.0,6225000.0,275000.0,250000.0,950000.0,0.1371841155234657,700000.0,0.10108303249097472,0.0,150000.0,0.021660649819494584,-75000.0,200000.0,0.02888086642599278,0.00775,0.00775,26989490.0,26989490.0,https://find-and-update.company-information.service.gov.uk/search/companies?q=Restore+PLC,https://find-and-update.company-information.service.gov.uk/search/companies?q=Restore+PLC,1620597435,17:57:15,20210509
35,2010-01-31,RST.L,GBP,2010-01-31,2010-01-31,Q1,6925000.0,3525000.0,3400000.0,0.49097472924187724,0.0,2600000.0,0.0,0.0,1825000.0,6225000.0,275000.0,250000.0,950000.0,0.1371841155234657,700000.0,0.10108303249097472,0.0,150000.0,0.021660649819494584,-75000.0,200000.0,0.02888086642599278,0.00775,0.00775,26989490.0,26989490.0,https://find-and-update.company-information.service.gov.uk/search/companies?q=Restore+PLC,https://find-and-update.company-information.service.gov.uk/search/companies?q=Restore+PLC,1620597435,17:57:15,20210509
36,2009-09-30,RST.L,GBP,2009-09-30,2009-09-30,Q3,6744250.0,3630750.0,3113500.0,0.4616525188123216,0.0,2812250.0,0.0,0.0,1124250.0,5662750.0,440000.0,211750.0,1293250.0,0.19175594024539422,1081500.0,0.1603588241835638,0.0,-1947500.0,-0.2887645030952293,-41000.0,-2507750.0,-0.37183526707936393,-13.45,-13.45,186508.0,186508.0,https://find-and-update.company-information.service.gov.uk/search/companies?q=Restore+PLC,https://find-and-update.company-information.service.gov.uk/search/companies?q=Restore+PLC,1620597435,17:57:15,20210509
37,2009-06-30,RST.L,GBP,2009-06-30,2009-06-30,Q2,6744250.0,3630750.0,3113500.0,0.4616525188123216,0.0,2812250.0,0.0,0.0,1124250.0,5662750.0,440000.0,211750.0,1293250.0,0.19175594024539422,1081500.0,0.1603588241835638,0.0,-1947500.0,-0.2887645030952293,-41000.0,-2507750.0,-0.37183526707936393,-13.45,-13.45,186508.0,186508.0,https://find-and-update.company-information.service.gov.uk/search/companies?q=Restore+PLC,https://find-and-update.company-information.service.gov.uk/search/companies?q=Restore+PLC,1620597435,17:57:15,20210509
38,2009-03-31,RST.L,GBP,2009-03-31,2009-03-31,Q1,6744250.0,3630750.0,3113500.0,0.4616525188123216,0.0,2812250.0,0.0,0.0,1124250.0,5662750.0,440000.0,211750.0,1293250.0,0.19175594024539422,1081500.0,0.1603588241835638,0.0,-1947500.0,-0.2887645030952293,-41000.0,-2507750.0,-0.37183526707936393,-13.45,-13.45,186508.0,186508.0,https://find-and-update.company-information.service.gov.uk/search/companies?q=Restore+PLC,https://find-and-update.company-information.service.gov.uk/search/companies?q=Restore+PLC,1620597435,17:57:15,20210509
39,2009-01-31,RST.L,GBP,2009-01-31,2009-01-31,Q1,6744250.0,3630750.0,3113500.0,0.4616525188123216,0.0,2812250.0,0.0,0.0,1124250.0,5662750.0,440000.0,211750.0,1293250.0,0.19175594024539422,1081500.0,0.1603588241835638,0.0,-1947500.0,-0.2887645030952293,-41000.0,-2507750.0,-0.37183526707936393,-13.45,-13.45,186508.0,186508.0,https://find-and-update.company-information.service.gov.uk/search/companies?q=Restore+PLC,https://find-and-update.company-information.service.gov.uk/search/companies?q=Restore+PLC,1620597435,17:57:15,20210509
40,2008-09-30,RST.L,GBP,2008-09-30,2008-09-30,Q3,7869500.0,4041000.0,3828500.0,0.48649850689370355,0.0,2923250.0,0.0,0.0,1977500.0,6829250.0,710750.0,197250.0,1237500.0,0.15725268441451173,1040250.0,0.13218755956541076,0.0,-963000.0,-0.1223711798716564,40750.0,-8734000.0,-1.1098545015566428,-0.9395543001390829,-0.8468787224872287,9295897.0,10313165.0,https://find-and-update.company-information.service.gov.uk/search/companies?q=Restore+PLC,https://find-and-update.company-information.service.gov.uk/search/companies?q=Restore+PLC,1620597435,17:57:15,20210509
41,2008-06-30,RST.L,GBP,2008-06-30,2008-06-30,Q2,7869500.0,4041000.0,3828500.0,0.48649850689370355,0.0,2923250.0,0.0,0.0,1977500.0,6829250.0,710750.0,197250.0,1237500.0,0.15725268441451173,1040250.0,0.13218755956541076,0.0,-963000.0,-0.1223711798716564,40750.0,-8734000.0,-1.1098545015566428,-0.9395543001390829,-0.8468787224872287,9295897.0,10313165.0,https://find-and-update.company-information.service.gov.uk/search/companies?q=Restore+PLC,https://find-and-update.company-information.service.gov.uk/search/companies?q=Restore+PLC,1620597435,17:57:15,20210509
42,2008-03-31,RST.L,GBP,2008-03-31,2008-03-31,Q1,7869500.0,4041000.0,3828500.0,0.48649850689370355,0.0,2923250.0,0.0,0.0,1977500.0,6829250.0,710750.0,197250.0,1237500.0,0.15725268441451173,1040250.0,0.13218755956541076,0.0,-963000.0,-0.1223711798716564,40750.0,-8734000.0,-1.1098545015566428,-0.9395543001390829,-0.8468787224872287,9295897.0,10313165.0,https://find-and-update.company-information.service.gov.uk/search/companies?q=Restore+PLC,https://find-and-update.company-information.service.gov.uk/search/companies?q=Restore+PLC,1620597435,17:57:15,20210509
43,2008-01-31,RST.L,GBP,2008-01-31,2008-01-31,Q1,7869500.0,4041000.0,3828500.0,0.48649850689370355,0.0,2923250.0,0.0,0.0,1977500.0,6829250.0,710750.0,197250.0,1237500.0,0.15725268441451173,1040250.0,0.13218755956541076,0.0,-963000.0,-0.1223711798716564,40750.0,-8734000.0,-1.1098545015566428,-0.9395543001390829,-0.8468787224872287,9295897.0,10313165.0,https://find-and-update.company-information.service.gov.uk/search/companies?q=Restore+PLC,https://find-and-update.company-information.service.gov.uk/search/companies?q=Restore+PLC,1620597435,17:57:15,20210509
44,2007-09-30,RST.L,GBP,2007-09-30,2007-09-30,Q3,5789000.0,3351250.0,2437750.0,0.42110036275695284,0.0,1968250.0,0.0,-12500.0,1345750.0,5319500.0,575250.0,177250.0,646750.0,0.11172050440490586,469500.0,0.081102090171014,0.0,-154500.0,-0.026688547244774572,205750.0,646000.0,0.11159094835031957,0.07057259390879858,0.06045642542306864,9153695.0,10685382.0,https://find-and-update.company-information.service.gov.uk/search/companies?q=Restore+PLC,https://find-and-update.company-information.service.gov.uk/search/companies?q=Restore+PLC,1620597435,17:57:15,20210509
45,2007-06-30,RST.L,GBP,2007-06-30,2007-06-30,Q2,5789000.0,3351250.0,2437750.0,0.42110036275695284,0.0,1968250.0,0.0,-12500.0,1345750.0,5319500.0,575250.0,177250.0,646750.0,0.11172050440490586,469500.0,0.081102090171014,0.0,-154500.0,-0.026688547244774572,205750.0,646000.0,0.11159094835031957,0.07057259390879858,0.06045642542306864,9153695.0,10685382.0,https://find-and-update.company-information.service.gov.uk/search/companies?q=Restore+PLC,https://find-and-update.company-information.service.gov.uk/search/companies?q=Restore+PLC,1620597435,17:57:15,20210509
46,2007-03-31,RST.L,GBP,2007-03-31,2007-03-31,Q1,5789000.0,3351250.0,2437750.0,0.42110036275695284,0.0,1968250.0,0.0,-12500.0,1345750.0,5319500.0,575250.0,177250.0,646750.0,0.11172050440490586,469500.0,0.081102090171014,0.0,-154500.0,-0.026688547244774572,205750.0,646000.0,0.11159094835031957,0.07057259390879858,0.06045642542306864,9153695.0,10685382.0,https://find-and-update.company-information.service.gov.uk/search/companies?q=Restore+PLC,https://find-and-update.company-information.service.gov.uk/search/companies?q=Restore+PLC,1620597435,17:57:15,20210509
47,2007-01-31,RST.L,GBP,2007-01-31,2007-01-31,Q1,5789000.0,3351250.0,2437750.0,0.42110036275695284,0.0,1968250.0,0.0,-12500.0,1345750.0,5319500.0,575250.0,177250.0,646750.0,0.11172050440490586,469500.0,0.081102090171014,0.0,-154500.0,-0.026688547244774572,205750.0,646000.0,0.11159094835031957,0.07057259390879858,0.06045642542306864,9153695.0,10685382.0,https://find-and-update.company-information.service.gov.uk/search/companies?q=Restore+PLC,https://find-and-update.company-information.service.gov.uk/search/companies?q=Restore+PLC,1620597435,17:57:15,20210509
48,2006-09-30,RST.L,GBP,2006-09-30,2006-09-30,Q3,10613250.0,6550000.0,4063250.0,0.3828469130567922,0.0,2766500.0,0.0,0.0,2095250.0,9330000.0,379500.0,229750.0,1513000.0,0.14255765199161424,1283250.0,0.12091018302593456,0.0,937750.0,0.08835653546274704,298750.0,639000.0,0.06020775916896332,0.0825,0.07375,7778411.0,8660058.0,https://find-and-update.company-information.service.gov.uk/search/companies?q=Restore+PLC,https://find-and-update.company-information.service.gov.uk/search/companies?q=Restore+PLC,1620597435,17:57:15,20210509
49,2006-06-30,RST.L,GBP,2006-06-30,2006-06-30,Q2,10613250.0,6550000.0,4063250.0,0.3828469130567922,0.0,2766500.0,0.0,0.0,2095250.0,9330000.0,379500.0,229750.0,1513000.0,0.14255765199161424,1283250.0,0.12091018302593456,0.0,937750.0,0.08835653546274704,298750.0,639000.0,0.06020775916896332,0.0825,0.07375,7778411.0,8660058.0,https://find-and-update.company-information.service.gov.uk/search/companies?q=Restore+PLC,https://find-and-update.company-information.service.gov.uk/search/companies?q=Restore+PLC,1620597435,17:57:15,20210509
50,2006-03-31,RST.L,GBP,2006-03-31,2006-03-31,Q1,10613250.0,6550000.0,4063250.0,0.3828469130567922,0.0,2766500.0,0.0,0.0,2095250.0,9330000.0,379500.0,229750.0,1513000.0,0.14255765199161424,1283250.0,0.12091018302593456,0.0,937750.0,0.08835653546274704,298750.0,639000.0,0.06020775916896332,0.0825,0.07375,7778411.0,8660058.0,https://find-and-update.company-information.service.gov.uk/search/companies?q=Restore+PLC,https://find-and-update.company-information.service.gov.uk/search/companies?q=Restore+PLC,1620597435,17:57:15,20210509
51,2006-01-31,RST.L,GBP,2006-01-31,2006-01-31,Q1,10613250.0,6550000.0,4063250.0,0.3828469130567922,0.0,2766500.0,0.0,0.0,2095250.0,9330000.0,379500.0,229750.0,1513000.0,0.14255765199161424,1283250.0,0.12091018302593456,0.0,937750.0,0.08835653546274704,298750.0,639000.0,0.06020775916896332,0.0825,0.07375,7778411.0,8660058.0,https://find-and-update.company-information.service.gov.uk/search/companies?q=Restore+PLC,https://find-and-update.company-information.service.gov.uk/search/companies?q=Restore+PLC,1620597435,17:57:15,20210509
52,2005-09-30,RST.L,GBP,2005-09-30,2005-09-30,Q3,3816000.0,2660000.0,1156000.0,0.3029350104821803,0.0,355500.0,0.0,0.0,476250.0,3415750.0,67000.0,76250.0,476500.0,0.12486897274633124,400250.0,0.10488731656184487,0.0,132000.0,0.03459119496855346,106750.0,25250.0,0.006616876310272537,0.006839889694927375,0.006452292135256397,3691580.0,3913338.0,https://find-and-update.company-information.service.gov.uk/search/companies?q=Restore+PLC,https://find-and-update.company-information.service.gov.uk/search/companies?q=Restore+PLC,1620597435,17:57:15,20210509
53,2005-06-30,RST.L,GBP,2005-06-30,2005-06-30,Q2,3816000.0,2660000.0,1156000.0,0.3029350104821803,0.0,355500.0,0.0,0.0,476250.0,3415750.0,67000.0,76250.0,476500.0,0.12486897274633124,400250.0,0.10488731656184487,0.0,132000.0,0.03459119496855346,106750.0,25250.0,0.006616876310272537,0.006839889694927375,0.006452292135256397,3691580.0,3913338.0,https://find-and-update.company-information.service.gov.uk/search/companies?q=Restore+PLC,https://find-and-update.company-information.service.gov.uk/search/companies?q=Restore+PLC,1620597435,17:57:15,20210509
54,2005-03-31,RST.L,GBP,2005-03-31,2005-03-31,Q1,3816000.0,2660000.0,1156000.0,0.3029350104821803,0.0,355500.0,0.0,0.0,476250.0,3415750.0,67000.0,76250.0,476500.0,0.12486897274633124,400250.0,0.10488731656184487,0.0,132000.0,0.03459119496855346,106750.0,25250.0,0.006616876310272537,0.006839889694927375,0.006452292135256397,3691580.0,3913338.0,https://find-and-update.company-information.service.gov.uk/search/companies?q=Restore+PLC,https://find-and-update.company-information.service.gov.uk/search/companies?q=Restore+PLC,1620597435,17:57:15,20210509
55,2005-01-31,RST.L,GBP,2005-01-31,2005-01-31,Q1,3816000.0,2660000.0,1156000.0,0.3029350104821803,0.0,355500.0,0.0,0.0,476250.0,3415750.0,67000.0,76250.0,476500.0,0.12486897274633124,400250.0,0.10488731656184487,0.0,132000.0,0.03459119496855346,106750.0,25250.0,0.006616876310272537,0.006839889694927375,0.006452292135256397,3691580.0,3913338.0,https://find-and-update.company-information.service.gov.uk/search/companies?q=Restore+PLC,https://find-and-update.company-information.service.gov.uk/search/companies?q=Restore+PLC,1620597435,17:57:15,20210509
56,2004-09-30,RST.L,GBP,2004-09-30,2004-09-30,Q3,0.0,0.0,0.0,0.0,0.0,0.0,0.0,0.0,22250.0,23500.0,0.0,0.0,-23500.0,0.0,-23500.0,0.0,0.0,-20250.0,0.0,0.0,-20250.0,0.0,-0.1375,-0.1375,152020.0,152020.0,https://find-and-update.company-information.service.gov.uk/search/companies?q=Restore+PLC,https://find-and-update.company-information.service.gov.uk/search/companies?q=Restore+PLC,1620597435,17:57:15,20210509
57,2004-06-30,RST.L,GBP,2004-06-30,2004-06-30,Q2,0.0,0.0,0.0,0.0,0.0,0.0,0.0,0.0,22250.0,23500.0,0.0,0.0,-23500.0,0.0,-23500.0,0.0,0.0,-20250.0,0.0,0.0,-20250.0,0.0,-0.1375,-0.1375,152020.0,152020.0,https://find-and-update.company-information.service.gov.uk/search/companies?q=Restore+PLC,https://find-and-update.company-information.service.gov.uk/search/companies?q=Restore+PLC,1620597435,17:57:15,20210509
58,2004-03-31,RST.L,GBP,2004-03-31,2004-03-31,Q1,0.0,0.0,0.0,0.0,0.0,0.0,0.0,0.0,22250.0,23500.0,0.0,0.0,-23500.0,0.0,-23500.0,0.0,0.0,-20250.0,0.0,0.0,-20250.0,0.0,-0.1375,-0.1375,152020.0,152020.0,https://find-and-update.company-information.service.gov.uk/search/companies?q=Restore+PLC,https://find-and-update.company-information.service.gov.uk/search/companies?q=Restore+PLC,1620597435,17:57:15,20210509
59,2004-01-31,RST.L,GBP,2004-01-31,2004-01-31,Q1,0.0,0.0,0.0,0.0,0.0,0.0,0.0,0.0,22250.0,23500.0,0.0,0.0,-23500.0,0.0,-23500.0,0.0,0.0,-20250.0,0.0,0.0,-20250.0,0.0,-0.1375,-0.1375,152020.0,152020.0,https://find-and-update.company-information.service.gov.uk/search/companies?q=Restore+PLC,https://find-and-update.company-information.service.gov.uk/search/companies?q=Restore+PLC,1620597435,17:57:15,20210509
