,date,symbol,reportedCurrency,fillingDate,acceptedDate,period,revenue,costOfRevenue,grossProfit,grossProfitRatio,researchAndDevelopmentExpenses,generalAndAdministrativeExpenses,sellingAndMarketingExpenses,otherExpenses,operatingExpenses,costAndExpenses,interestExpense,depreciationAndAmortization,ebitda,ebitdaratio,operatingIncome,operatingIncomeRatio,totalOtherIncomeExpensesNet,incomeBeforeTax,incomeBeforeTaxRatio,incomeTaxExpense,netIncome,netIncomeRatio,eps,epsdiluted,weightedAverageShsOut,weightedAverageShsOutDil,link,finalLink,timestamp,est_time,est_date
0,2020-09-30,1173.HK,HKD,2020-09-30,2020-09-30,Q3,260599250,161261750,99337500,0.38118874094994515,0.0,25797250,115922000,3910750.0,0.0,302981000,6396250.0,53285000.0,10903250.0,0.04183914573814008,-42381750.0,-0.16263189552540921,0.0,-63919500.0,-0.24527891005058533,692500.0,-64612000.0,-0.24793624693854643,-0.026024475456078833,-0.026024475456078833,2482739762,2482739762,https://www1.hkexnews.hk/search/titlesearch.xhtml,https://www1.hkexnews.hk/search/titlesearch.xhtml,1620585109,14:31:49,20210509
1,2020-06-30,1173.HK,HKD,2020-06-30,2020-06-30,Q2,260599250,161261750,99337500,0.38118874094994515,0.0,25797250,115922000,3910750.0,0.0,302981000,6396250.0,53285000.0,10903250.0,0.04183914573814008,-42381750.0,-0.16263189552540921,0.0,-63919500.0,-0.24527891005058533,692500.0,-64612000.0,-0.24793624693854643,-0.026024475456078833,-0.026024475456078833,2482739762,2482739762,https://www1.hkexnews.hk/search/titlesearch.xhtml,https://www1.hkexnews.hk/search/titlesearch.xhtml,1620585109,14:31:49,20210509
2,2020-03-31,1173.HK,HKD,2020-03-31,2020-03-31,Q1,260599250,161261750,99337500,0.38118874094994515,0.0,25797250,115922000,3910750.0,0.0,302981000,6396250.0,53285000.0,10903250.0,0.04183914573814008,-42381750.0,-0.16263189552540921,0.0,-63919500.0,-0.24527891005058533,692500.0,-64612000.0,-0.24793624693854643,-0.026024475456078833,-0.026024475456078833,2482739762,2482739762,https://www1.hkexnews.hk/search/titlesearch.xhtml,https://www1.hkexnews.hk/search/titlesearch.xhtml,1620585109,14:31:49,20210509
3,2020-01-31,1173.HK,HKD,2020-01-31,2020-01-31,Q1,260599250,161261750,99337500,0.38118874094994515,0.0,25797250,115922000,3910750.0,0.0,302981000,6396250.0,53285000.0,10903250.0,0.04183914573814008,-42381750.0,-0.16263189552540921,0.0,-63919500.0,-0.24527891005058533,692500.0,-64612000.0,-0.24793624693854643,-0.026024475456078833,-0.026024475456078833,2482739762,2482739762,https://www1.hkexnews.hk/search/titlesearch.xhtml,https://www1.hkexnews.hk/search/titlesearch.xhtml,1620585109,14:31:49,20210509
4,2019-06-30,1173.HK,HKD,2019-06-30,2019-06-30,Q2,423356500,266265000,157091500,0.37106197731698937,0.0,27140500,145686250,-5024500.0,0.0,439091750,2264250.0,7291750.0,-8443500.0,-0.019944184156851258,-15735250.0,-0.0371678479012369,0.0,-17754250.0,-0.04193687825744969,2083500.0,-19837750.0,-0.046858262480911475,-0.00799,-0.00799,2482739762,2482739762,https://www1.hkexnews.hk/search/titlesearch.xhtml,https://www1.hkexnews.hk/search/titlesearch.xhtml,1620585109,14:31:49,20210509
5,2019-03-31,1173.HK,HKD,2019-03-31,2019-03-31,Q1,423356500,266265000,157091500,0.37106197731698937,0.0,27140500,145686250,-5024500.0,0.0,439091750,2264250.0,7291750.0,-8443500.0,-0.019944184156851258,-15735250.0,-0.0371678479012369,0.0,-17754250.0,-0.04193687825744969,2083500.0,-19837750.0,-0.046858262480911475,-0.00799,-0.00799,2482739762,2482739762,https://www1.hkexnews.hk/search/titlesearch.xhtml,https://www1.hkexnews.hk/search/titlesearch.xhtml,1620585109,14:31:49,20210509
6,2019-01-31,1173.HK,HKD,2019-01-31,2019-01-31,Q1,423356500,266265000,157091500,0.37106197731698937,0.0,27140500,145686250,-5024500.0,0.0,439091750,2264250.0,7291750.0,-8443500.0,-0.019944184156851258,-15735250.0,-0.0371678479012369,0.0,-17754250.0,-0.04193687825744969,2083500.0,-19837750.0,-0.046858262480911475,-0.00799,-0.00799,2482739762,2482739762,https://www1.hkexnews.hk/search/titlesearch.xhtml,https://www1.hkexnews.hk/search/titlesearch.xhtml,1620585109,14:31:49,20210509
7,2018-06-30,1173.HK,HKD,2018-06-30,2018-06-30,Q2,482080000,295078750,187001250,0.38790501576501824,0.0,28647000,163761000,1459250.0,0.0,487486750,1640000.0,8434750.0,3028000.0,0.006281115167607036,-5406750.0,-0.01121546216395619,0.0,2320000.0,0.004812479256554929,1004500.0,1315500.0,0.0027288001991370727,0.0005475,0.0005475,2398670091,2398670091,https://www1.hkexnews.hk/search/titlesearch.xhtml,https://www1.hkexnews.hk/search/titlesearch.xhtml,1620585109,14:31:49,20210509
8,2018-03-31,1173.HK,HKD,2018-03-31,2018-03-31,Q1,482080000,295078750,187001250,0.38790501576501824,0.0,28647000,163761000,1459250.0,0.0,487486750,1640000.0,8434750.0,3028000.0,0.006281115167607036,-5406750.0,-0.01121546216395619,0.0,2320000.0,0.004812479256554929,1004500.0,1315500.0,0.0027288001991370727,0.0005475,0.0005475,2398670091,2398670091,https://www1.hkexnews.hk/search/titlesearch.xhtml,https://www1.hkexnews.hk/search/titlesearch.xhtml,1620585109,14:31:49,20210509
9,2018-01-31,1173.HK,HKD,2018-01-31,2018-01-31,Q1,482080000,295078750,187001250,0.38790501576501824,0.0,28647000,163761000,1459250.0,0.0,487486750,1640000.0,8434750.0,3028000.0,0.006281115167607036,-5406750.0,-0.01121546216395619,0.0,2320000.0,0.004812479256554929,1004500.0,1315500.0,0.0027288001991370727,0.0005475,0.0005475,2398670091,2398670091,https://www1.hkexnews.hk/search/titlesearch.xhtml,https://www1.hkexnews.hk/search/titlesearch.xhtml,1620585109,14:31:49,20210509
10,2017-06-30,1173.HK,HKD,2017-06-30,2017-06-30,Q2,504362500,303599750,200762750,0.39805249200723686,0.0,31447000,177979000,0.0,-1920500.0,511105250,1235250.0,10194750.0,3452000.0,0.006844283625368658,-6742750.0,-0.013368856725073732,0.0,-5493750.0,-0.01089246325807331,979750.0,-6473500.0,-0.012835014498500582,-0.00271,-0.00271,2388884410,2388884410,https://www1.hkexnews.hk/search/titlesearch.xhtml,https://www1.hkexnews.hk/search/titlesearch.xhtml,1620585109,14:31:49,20210509
11,2017-03-31,1173.HK,HKD,2017-03-31,2017-03-31,Q1,504362500,303599750,200762750,0.39805249200723686,0.0,31447000,177979000,0.0,-1920500.0,511105250,1235250.0,10194750.0,3452000.0,0.006844283625368658,-6742750.0,-0.013368856725073732,0.0,-5493750.0,-0.01089246325807331,979750.0,-6473500.0,-0.012835014498500582,-0.00271,-0.00271,2388884410,2388884410,https://www1.hkexnews.hk/search/titlesearch.xhtml,https://www1.hkexnews.hk/search/titlesearch.xhtml,1620585109,14:31:49,20210509
12,2017-01-31,1173.HK,HKD,2017-01-31,2017-01-31,Q1,504362500,303599750,200762750,0.39805249200723686,0.0,31447000,177979000,0.0,-1920500.0,511105250,1235250.0,10194750.0,3452000.0,0.006844283625368658,-6742750.0,-0.013368856725073732,0.0,-5493750.0,-0.01089246325807331,979750.0,-6473500.0,-0.012835014498500582,-0.00271,-0.00271,2388884410,2388884410,https://www1.hkexnews.hk/search/titlesearch.xhtml,https://www1.hkexnews.hk/search/titlesearch.xhtml,1620585109,14:31:49,20210509
13,2016-06-30,1173.HK,HKD,2016-06-30,2016-06-30,Q2,556615750,325066500,231549250,0.41599478634947,0.0,34322000,178303750,0.0,-1185500.0,536506750,944750.0,10314000.0,30423000.0,0.054657095132503886,20109000.0,0.03612725654996288,0.0,19202750.0,0.034499113616529894,4469500.0,14733250.0,0.026469337240277516,0.0061675,0.00614,2388884410,2399903688,https://www1.hkexnews.hk/search/titlesearch.xhtml,https://www1.hkexnews.hk/search/titlesearch.xhtml,1620585109,14:31:49,20210509
14,2016-03-31,1173.HK,HKD,2016-03-31,2016-03-31,Q1,556615750,325066500,231549250,0.41599478634947,0.0,34322000,178303750,0.0,-1185500.0,536506750,944750.0,10314000.0,30423000.0,0.054657095132503886,20109000.0,0.03612725654996288,0.0,19202750.0,0.034499113616529894,4469500.0,14733250.0,0.026469337240277516,0.0061675,0.00614,2388884410,2399903688,https://www1.hkexnews.hk/search/titlesearch.xhtml,https://www1.hkexnews.hk/search/titlesearch.xhtml,1620585109,14:31:49,20210509
15,2016-01-31,1173.HK,HKD,2016-01-31,2016-01-31,Q1,556615750,325066500,231549250,0.41599478634947,0.0,34322000,178303750,0.0,-1185500.0,536506750,944750.0,10314000.0,30423000.0,0.054657095132503886,20109000.0,0.03612725654996288,0.0,19202750.0,0.034499113616529894,4469500.0,14733250.0,0.026469337240277516,0.0061675,0.00614,2388884410,2399903688,https://www1.hkexnews.hk/search/titlesearch.xhtml,https://www1.hkexnews.hk/search/titlesearch.xhtml,1620585109,14:31:49,20210509
16,2015-09-30,1173.HK,HKD,2015-09-30,2015-09-30,Q3,499230000,278135750,221094250,0.44287052060172666,0.0,32169750,158397750,0.0,0.0,468425250,570250.0,10066500.0,40871250.0,0.08186857760951866,30804750.0,0.06170452496845141,0.0,30374500.0,0.06084269775454199,4764250.0,25610250.0,0.051299501231897124,0.0109125,0.010885,2346954827,2353045821,https://www1.hkexnews.hk/search/titlesearch.xhtml,https://www1.hkexnews.hk/search/titlesearch.xhtml,1620585109,14:31:49,20210509
17,2015-06-30,1173.HK,HKD,2015-06-30,2015-06-30,Q2,499230000,278135750,221094250,0.44287052060172666,0.0,32169750,158397750,0.0,0.0,468425250,570250.0,10066500.0,40871250.0,0.08186857760951866,30804750.0,0.06170452496845141,0.0,30374500.0,0.06084269775454199,4764250.0,25610250.0,0.051299501231897124,0.0109125,0.010885,2346954827,2353045821,https://www1.hkexnews.hk/search/titlesearch.xhtml,https://www1.hkexnews.hk/search/titlesearch.xhtml,1620585109,14:31:49,20210509
18,2015-03-31,1173.HK,HKD,2015-03-31,2015-03-31,Q1,499230000,278135750,221094250,0.44287052060172666,0.0,32169750,158397750,0.0,0.0,468425250,570250.0,10066500.0,40871250.0,0.08186857760951866,30804750.0,0.06170452496845141,0.0,30374500.0,0.06084269775454199,4764250.0,25610250.0,0.051299501231897124,0.0109125,0.010885,2346954827,2353045821,https://www1.hkexnews.hk/search/titlesearch.xhtml,https://www1.hkexnews.hk/search/titlesearch.xhtml,1620585109,14:31:49,20210509
19,2015-01-31,1173.HK,HKD,2015-01-31,2015-01-31,Q1,499230000,278135750,221094250,0.44287052060172666,0.0,32169750,158397750,0.0,0.0,468425250,570250.0,10066500.0,40871250.0,0.08186857760951866,30804750.0,0.06170452496845141,0.0,30374500.0,0.06084269775454199,4764250.0,25610250.0,0.051299501231897124,0.0109125,0.010885,2346954827,2353045821,https://www1.hkexnews.hk/search/titlesearch.xhtml,https://www1.hkexnews.hk/search/titlesearch.xhtml,1620585109,14:31:49,20210509
20,2014-09-30,1173.HK,HKD,2014-09-30,2014-09-30,Q3,404810000,216998250,187811750,0.4639503717793533,0.0,29213750,143810750,0.0,0.0,390184500,512000.0,9622500.0,24248000.0,0.059899706034929966,14625500.0,0.03612929522492033,0.0,14133500.0,0.03491391022949038,2693500.0,11440000.0,0.028260171438452608,0.0050625,0.0050425,2260078318,2268937099,https://www1.hkexnews.hk/search/titlesearch.xhtml,https://www1.hkexnews.hk/search/titlesearch.xhtml,1620585109,14:31:49,20210509
21,2014-06-30,1173.HK,HKD,2014-06-30,2014-06-30,Q2,404810000,216998250,187811750,0.4639503717793533,0.0,29213750,143810750,0.0,0.0,390184500,512000.0,9622500.0,24248000.0,0.059899706034929966,14625500.0,0.03612929522492033,0.0,14133500.0,0.03491391022949038,2693500.0,11440000.0,0.028260171438452608,0.0050625,0.0050425,2260078318,2268937099,https://www1.hkexnews.hk/search/titlesearch.xhtml,https://www1.hkexnews.hk/search/titlesearch.xhtml,1620585109,14:31:49,20210509
22,2014-03-31,1173.HK,HKD,2014-03-31,2014-03-31,Q1,404810000,216998250,187811750,0.4639503717793533,0.0,29213750,143810750,0.0,0.0,390184500,512000.0,9622500.0,24248000.0,0.059899706034929966,14625500.0,0.03612929522492033,0.0,14133500.0,0.03491391022949038,2693500.0,11440000.0,0.028260171438452608,0.0050625,0.0050425,2260078318,2268937099,https://www1.hkexnews.hk/search/titlesearch.xhtml,https://www1.hkexnews.hk/search/titlesearch.xhtml,1620585109,14:31:49,20210509
23,2014-01-31,1173.HK,HKD,2014-01-31,2014-01-31,Q1,404810000,216998250,187811750,0.4639503717793533,0.0,29213750,143810750,0.0,0.0,390184500,512000.0,9622500.0,24248000.0,0.059899706034929966,14625500.0,0.03612929522492033,0.0,14133500.0,0.03491391022949038,2693500.0,11440000.0,0.028260171438452608,0.0050625,0.0050425,2260078318,2268937099,https://www1.hkexnews.hk/search/titlesearch.xhtml,https://www1.hkexnews.hk/search/titlesearch.xhtml,1620585109,14:31:49,20210509
24,2013-09-30,1173.HK,HKD,2013-09-30,2013-09-30,Q3,352156000,183415750,168740250,0.4791633537409557,0.0,27892000,130891000,0.0,0.0,336464000,424750.0,8504500.0,24196500.0,0.06870960597008144,15692000.0,0.044559797362532516,0.0,16679750.0,0.04736466225195652,3119500.0,13560250.0,0.03850637217596747,0.00611,0.006105,2219343805,2220772476,https://www1.hkexnews.hk/search/titlesearch.xhtml,https://www1.hkexnews.hk/search/titlesearch.xhtml,1620585109,14:31:49,20210509
25,2013-06-30,1173.HK,HKD,2013-06-30,2013-06-30,Q2,352156000,183415750,168740250,0.4791633537409557,0.0,27892000,130891000,0.0,0.0,336464000,424750.0,8504500.0,24196500.0,0.06870960597008144,15692000.0,0.044559797362532516,0.0,16679750.0,0.04736466225195652,3119500.0,13560250.0,0.03850637217596747,0.00611,0.006105,2219343805,2220772476,https://www1.hkexnews.hk/search/titlesearch.xhtml,https://www1.hkexnews.hk/search/titlesearch.xhtml,1620585109,14:31:49,20210509
26,2013-03-31,1173.HK,HKD,2013-03-31,2013-03-31,Q1,352156000,183415750,168740250,0.4791633537409557,0.0,27892000,130891000,0.0,0.0,336464000,424750.0,8504500.0,24196500.0,0.06870960597008144,15692000.0,0.044559797362532516,0.0,16679750.0,0.04736466225195652,3119500.0,13560250.0,0.03850637217596747,0.00611,0.006105,2219343805,2220772476,https://www1.hkexnews.hk/search/titlesearch.xhtml,https://www1.hkexnews.hk/search/titlesearch.xhtml,1620585109,14:31:49,20210509
27,2013-01-31,1173.HK,HKD,2013-01-31,2013-01-31,Q1,352156000,183415750,168740250,0.4791633537409557,0.0,27892000,130891000,0.0,0.0,336464000,424750.0,8504500.0,24196500.0,0.06870960597008144,15692000.0,0.044559797362532516,0.0,16679750.0,0.04736466225195652,3119500.0,13560250.0,0.03850637217596747,0.00611,0.006105,2219343805,2220772476,https://www1.hkexnews.hk/search/titlesearch.xhtml,https://www1.hkexnews.hk/search/titlesearch.xhtml,1620585109,14:31:49,20210509
28,2012-09-30,1173.HK,HKD,2012-09-30,2012-09-30,Q3,319884250,155341250,164543000,0.514382936952976,0.0,35274750,114951750,0.0,0.0,302994000,335500.0,8365750.0,25256000.0,0.07895355898266326,16890250.0,0.05280113040889009,0.0,17329750.0,0.05417506488675201,2228250.0,15101500.0,0.047209263975953805,0.006951230788495345,0.0069266442400351055,2172492967,2180204364,https://www1.hkexnews.hk/search/titlesearch.xhtml,https://www1.hkexnews.hk/search/titlesearch.xhtml,1620585109,14:31:49,20210509
29,2012-06-30,1173.HK,HKD,2012-06-30,2012-06-30,Q2,319884250,155341250,164543000,0.514382936952976,0.0,35274750,114951750,0.0,0.0,302994000,335500.0,8365750.0,25256000.0,0.07895355898266326,16890250.0,0.05280113040889009,0.0,17329750.0,0.05417506488675201,2228250.0,15101500.0,0.047209263975953805,0.006951230788495345,0.0069266442400351055,2172492967,2180204364,https://www1.hkexnews.hk/search/titlesearch.xhtml,https://www1.hkexnews.hk/search/titlesearch.xhtml,1620585109,14:31:49,20210509
30,2012-03-31,1173.HK,HKD,2012-03-31,2012-03-31,Q1,319884250,155341250,164543000,0.514382936952976,0.0,35274750,114951750,0.0,0.0,302994000,335500.0,8365750.0,25256000.0,0.07895355898266326,16890250.0,0.05280113040889009,0.0,17329750.0,0.05417506488675201,2228250.0,15101500.0,0.047209263975953805,0.006951230788495345,0.0069266442400351055,2172492967,2180204364,https://www1.hkexnews.hk/search/titlesearch.xhtml,https://www1.hkexnews.hk/search/titlesearch.xhtml,1620585109,14:31:49,20210509
31,2012-01-31,1173.HK,HKD,2012-01-31,2012-01-31,Q1,319884250,155341250,164543000,0.514382936952976,0.0,35274750,114951750,0.0,0.0,302994000,335500.0,8365750.0,25256000.0,0.07895355898266326,16890250.0,0.05280113040889009,0.0,17329750.0,0.05417506488675201,2228250.0,15101500.0,0.047209263975953805,0.006951230788495345,0.0069266442400351055,2172492967,2180204364,https://www1.hkexnews.hk/search/titlesearch.xhtml,https://www1.hkexnews.hk/search/titlesearch.xhtml,1620585109,14:31:49,20210509
32,2011-09-30,1173.HK,HKD,2011-09-30,2011-09-30,Q3,277855250,126257750,151597500,0.5455988324856198,0.0,31366500,106640000,0.0,-3933750.0,260330500,338250.0,7756750.0,25281500.0,0.09098802344026251,17524750.0,0.0630715093560406,0.0,18051500.0,0.06496728062543357,1367500.0,16684000.0,0.060045653267303746,0.008425,0.008425,1976836633,1976836633,https://www1.hkexnews.hk/search/titlesearch.xhtml,https://www1.hkexnews.hk/search/titlesearch.xhtml,1620585109,14:31:49,20210509
33,2011-06-30,1173.HK,HKD,2011-06-30,2011-06-30,Q2,277855250,126257750,151597500,0.5455988324856198,0.0,31366500,106640000,0.0,-3933750.0,260330500,338250.0,7756750.0,25281500.0,0.09098802344026251,17524750.0,0.0630715093560406,0.0,18051500.0,0.06496728062543357,1367500.0,16684000.0,0.060045653267303746,0.008425,0.008425,1976836633,1976836633,https://www1.hkexnews.hk/search/titlesearch.xhtml,https://www1.hkexnews.hk/search/titlesearch.xhtml,1620585109,14:31:49,20210509
34,2011-03-31,1173.HK,HKD,2011-03-31,2011-03-31,Q1,277855250,126257750,151597500,0.5455988324856198,0.0,31366500,106640000,0.0,-3933750.0,260330500,338250.0,7756750.0,25281500.0,0.09098802344026251,17524750.0,0.0630715093560406,0.0,18051500.0,0.06496728062543357,1367500.0,16684000.0,0.060045653267303746,0.008425,0.008425,1976836633,1976836633,https://www1.hkexnews.hk/search/titlesearch.xhtml,https://www1.hkexnews.hk/search/titlesearch.xhtml,1620585109,14:31:49,20210509
35,2011-01-31,1173.HK,HKD,2011-01-31,2011-01-31,Q1,277855250,126257750,151597500,0.5455988324856198,0.0,31366500,106640000,0.0,-3933750.0,260330500,338250.0,7756750.0,25281500.0,0.09098802344026251,17524750.0,0.0630715093560406,0.0,18051500.0,0.06496728062543357,1367500.0,16684000.0,0.060045653267303746,0.008425,0.008425,1976836633,1976836633,https://www1.hkexnews.hk/search/titlesearch.xhtml,https://www1.hkexnews.hk/search/titlesearch.xhtml,1620585109,14:31:49,20210509
36,2010-09-30,1173.HK,HKD,2010-09-30,2010-09-30,Q3,221583750,94607250,126976500,0.5730406674677182,0.0,28342750,91651500,549000.0,-2914500.0,211687000,492250.0,7740250.0,17637000.0,0.07959518692142362,9896750.0,0.04466369939131367,0.0,8510500.0,0.03840759983527673,1001250.0,7509250.0,0.033888992311033636,0.004075,0.004075,1844886976,1844886976,https://www1.hkexnews.hk/search/titlesearch.xhtml,https://www1.hkexnews.hk/search/titlesearch.xhtml,1620585109,14:31:49,20210509
37,2010-06-30,1173.HK,HKD,2010-06-30,2010-06-30,Q2,221583750,94607250,126976500,0.5730406674677182,0.0,28342750,91651500,549000.0,-2914500.0,211687000,492250.0,7740250.0,17637000.0,0.07959518692142362,9896750.0,0.04466369939131367,0.0,8510500.0,0.03840759983527673,1001250.0,7509250.0,0.033888992311033636,0.004075,0.004075,1844886976,1844886976,https://www1.hkexnews.hk/search/titlesearch.xhtml,https://www1.hkexnews.hk/search/titlesearch.xhtml,1620585109,14:31:49,20210509
38,2010-03-31,1173.HK,HKD,2010-03-31,2010-03-31,Q1,221583750,94607250,126976500,0.5730406674677182,0.0,28342750,91651500,549000.0,-2914500.0,211687000,492250.0,7740250.0,17637000.0,0.07959518692142362,9896750.0,0.04466369939131367,0.0,8510500.0,0.03840759983527673,1001250.0,7509250.0,0.033888992311033636,0.004075,0.004075,1844886976,1844886976,https://www1.hkexnews.hk/search/titlesearch.xhtml,https://www1.hkexnews.hk/search/titlesearch.xhtml,1620585109,14:31:49,20210509
39,2010-01-31,1173.HK,HKD,2010-01-31,2010-01-31,Q1,221583750,94607250,126976500,0.5730406674677182,0.0,28342750,91651500,549000.0,-2914500.0,211687000,492250.0,7740250.0,17637000.0,0.07959518692142362,9896750.0,0.04466369939131367,0.0,8510500.0,0.03840759983527673,1001250.0,7509250.0,0.033888992311033636,0.004075,0.004075,1844886976,1844886976,https://www1.hkexnews.hk/search/titlesearch.xhtml,https://www1.hkexnews.hk/search/titlesearch.xhtml,1620585109,14:31:49,20210509
40,2009-09-30,1173.HK,HKD,2009-09-30,2009-09-30,Q3,197411000,79594000,117817000,0.596810714701815,0.0,29565500,81154500,0.0,-291250.0,190022750,861750.0,93750.0,7482000.0,0.03790062357214137,7388250.0,0.03742572602337256,0.0,3352250.0,0.016981069950509343,-1151750.0,4504000.0,0.022815344636317125,0.002495,0.002495,1805590525,1805590525,https://www1.hkexnews.hk/search/titlesearch.xhtml,https://www1.hkexnews.hk/search/titlesearch.xhtml,1620585109,14:31:49,20210509
41,2009-06-30,1173.HK,HKD,2009-06-30,2009-06-30,Q2,197411000,79594000,117817000,0.596810714701815,0.0,29565500,81154500,0.0,-291250.0,190022750,861750.0,93750.0,7482000.0,0.03790062357214137,7388250.0,0.03742572602337256,0.0,3352250.0,0.016981069950509343,-1151750.0,4504000.0,0.022815344636317125,0.002495,0.002495,1805590525,1805590525,https://www1.hkexnews.hk/search/titlesearch.xhtml,https://www1.hkexnews.hk/search/titlesearch.xhtml,1620585109,14:31:49,20210509
42,2009-03-31,1173.HK,HKD,2009-03-31,2009-03-31,Q1,197411000,79594000,117817000,0.596810714701815,0.0,29565500,81154500,0.0,-291250.0,190022750,861750.0,93750.0,7482000.0,0.03790062357214137,7388250.0,0.03742572602337256,0.0,3352250.0,0.016981069950509343,-1151750.0,4504000.0,0.022815344636317125,0.002495,0.002495,1805590525,1805590525,https://www1.hkexnews.hk/search/titlesearch.xhtml,https://www1.hkexnews.hk/search/titlesearch.xhtml,1620585109,14:31:49,20210509
43,2009-01-31,1173.HK,HKD,2009-01-31,2009-01-31,Q1,197411000,79594000,117817000,0.596810714701815,0.0,29565500,81154500,0.0,-291250.0,190022750,861750.0,93750.0,7482000.0,0.03790062357214137,7388250.0,0.03742572602337256,0.0,3352250.0,0.016981069950509343,-1151750.0,4504000.0,0.022815344636317125,0.002495,0.002495,1805590525,1805590525,https://www1.hkexnews.hk/search/titlesearch.xhtml,https://www1.hkexnews.hk/search/titlesearch.xhtml,1620585109,14:31:49,20210509
44,2008-09-30,1173.HK,HKD,2008-09-30,2008-09-30,Q3,188556000,65708750,122847250,0.651515995248096,0.0,31101250,74382750,0.0,0.0,171192750,0.0,6233500.0,23596750.0,0.12514451940007212,17363250.0,0.09208537516705913,0.0,21536250.0,0.11421673136893018,2054750.0,19481500.0,0.10331943825706952,0.011465,0.0114175,1699123467,1706412787,https://www1.hkexnews.hk/search/titlesearch.xhtml,https://www1.hkexnews.hk/search/titlesearch.xhtml,1620585109,14:31:49,20210509
45,2008-06-30,1173.HK,HKD,2008-06-30,2008-06-30,Q2,188556000,65708750,122847250,0.651515995248096,0.0,31101250,74382750,0.0,0.0,171192750,0.0,6233500.0,23596750.0,0.12514451940007212,17363250.0,0.09208537516705913,0.0,21536250.0,0.11421673136893018,2054750.0,19481500.0,0.10331943825706952,0.011465,0.0114175,1699123467,1706412787,https://www1.hkexnews.hk/search/titlesearch.xhtml,https://www1.hkexnews.hk/search/titlesearch.xhtml,1620585109,14:31:49,20210509
46,2008-03-31,1173.HK,HKD,2008-03-31,2008-03-31,Q1,188556000,65708750,122847250,0.651515995248096,0.0,31101250,74382750,0.0,0.0,171192750,0.0,6233500.0,23596750.0,0.12514451940007212,17363250.0,0.09208537516705913,0.0,21536250.0,0.11421673136893018,2054750.0,19481500.0,0.10331943825706952,0.011465,0.0114175,1699123467,1706412787,https://www1.hkexnews.hk/search/titlesearch.xhtml,https://www1.hkexnews.hk/search/titlesearch.xhtml,1620585109,14:31:49,20210509
47,2008-01-31,1173.HK,HKD,2008-01-31,2008-01-31,Q1,188556000,65708750,122847250,0.651515995248096,0.0,31101250,74382750,0.0,0.0,171192750,0.0,6233500.0,23596750.0,0.12514451940007212,17363250.0,0.09208537516705913,0.0,21536250.0,0.11421673136893018,2054750.0,19481500.0,0.10331943825706952,0.011465,0.0114175,1699123467,1706412787,https://www1.hkexnews.hk/search/titlesearch.xhtml,https://www1.hkexnews.hk/search/titlesearch.xhtml,1620585109,14:31:49,20210509
48,2007-09-30,1173.HK,HKD,2007-09-30,2007-09-30,Q3,160571750,59304750,101267000,0.6306651076543663,0.0,24533750,69694750,0.0,0.0,153533250,0.0,4348000.0,11386500.0,0.07091222459741517,7038500.0,0.04383398698712569,0.0,10215500.0,0.06361953456943703,975250.0,9240250.0,0.057545925731020554,0.0055575,0.005545,1662663068,1666411181,https://www1.hkexnews.hk/search/titlesearch.xhtml,https://www1.hkexnews.hk/search/titlesearch.xhtml,1620585109,14:31:49,20210509
49,2007-06-30,1173.HK,HKD,2007-06-30,2007-06-30,Q2,160571750,59304750,101267000,0.6306651076543663,0.0,24533750,69694750,0.0,0.0,153533250,0.0,4348000.0,11386500.0,0.07091222459741517,7038500.0,0.04383398698712569,0.0,10215500.0,0.06361953456943703,975250.0,9240250.0,0.057545925731020554,0.0055575,0.005545,1662663068,1666411181,https://www1.hkexnews.hk/search/titlesearch.xhtml,https://www1.hkexnews.hk/search/titlesearch.xhtml,1620585109,14:31:49,20210509
50,2007-03-31,1173.HK,HKD,2007-03-31,2007-03-31,Q1,160571750,59304750,101267000,0.6306651076543663,0.0,24533750,69694750,0.0,0.0,153533250,0.0,4348000.0,11386500.0,0.07091222459741517,7038500.0,0.04383398698712569,0.0,10215500.0,0.06361953456943703,975250.0,9240250.0,0.057545925731020554,0.0055575,0.005545,1662663068,1666411181,https://www1.hkexnews.hk/search/titlesearch.xhtml,https://www1.hkexnews.hk/search/titlesearch.xhtml,1620585109,14:31:49,20210509
51,2007-01-31,1173.HK,HKD,2007-01-31,2007-01-31,Q1,160571750,59304750,101267000,0.6306651076543663,0.0,24533750,69694750,0.0,0.0,153533250,0.0,4348000.0,11386500.0,0.07091222459741517,7038500.0,0.04383398698712569,0.0,10215500.0,0.06361953456943703,975250.0,9240250.0,0.057545925731020554,0.0055575,0.005545,1662663068,1666411181,https://www1.hkexnews.hk/search/titlesearch.xhtml,https://www1.hkexnews.hk/search/titlesearch.xhtml,1620585109,14:31:49,20210509
52,2006-09-30,1173.HK,HKD,2006-09-30,2006-09-30,Q3,145328750,52895250,92433500,0.6360303793984329,0.0,21619000,65252000,0.0,0.0,139766250,0.0,4063250.0,9625750.0,0.06623431358213705,5562500.0,0.038275289645028944,0.0,14481750.0,0.0996482113828131,2109250.0,12372500.0,0.0851345655969655,0.007475,0.0074,1655183946,1671959459,https://www1.hkexnews.hk/search/titlesearch.xhtml,https://www1.hkexnews.hk/search/titlesearch.xhtml,1620585109,14:31:49,20210509
53,2006-06-30,1173.HK,HKD,2006-06-30,2006-06-30,Q2,145328750,52895250,92433500,0.6360303793984329,0.0,21619000,65252000,0.0,0.0,139766250,0.0,4063250.0,9625750.0,0.06623431358213705,5562500.0,0.038275289645028944,0.0,14481750.0,0.0996482113828131,2109250.0,12372500.0,0.0851345655969655,0.007475,0.0074,1655183946,1671959459,https://www1.hkexnews.hk/search/titlesearch.xhtml,https://www1.hkexnews.hk/search/titlesearch.xhtml,1620585109,14:31:49,20210509
54,2006-03-31,1173.HK,HKD,2006-03-31,2006-03-31,Q1,145328750,52895250,92433500,0.6360303793984329,0.0,21619000,65252000,0.0,0.0,139766250,0.0,4063250.0,9625750.0,0.06623431358213705,5562500.0,0.038275289645028944,0.0,14481750.0,0.0996482113828131,2109250.0,12372500.0,0.0851345655969655,0.007475,0.0074,1655183946,1671959459,https://www1.hkexnews.hk/search/titlesearch.xhtml,https://www1.hkexnews.hk/search/titlesearch.xhtml,1620585109,14:31:49,20210509
55,2006-01-31,1173.HK,HKD,2006-01-31,2006-01-31,Q1,145328750,52895250,92433500,0.6360303793984329,0.0,21619000,65252000,0.0,0.0,139766250,0.0,4063250.0,9625750.0,0.06623431358213705,5562500.0,0.038275289645028944,0.0,14481750.0,0.0996482113828131,2109250.0,12372500.0,0.0851345655969655,0.007475,0.0074,1655183946,1671959459,https://www1.hkexnews.hk/search/titlesearch.xhtml,https://www1.hkexnews.hk/search/titlesearch.xhtml,1620585109,14:31:49,20210509
56,2005-09-30,1173.HK,HKD,2005-09-30,2005-09-30,Q3,127302000,38440750,88861250,0.6980349876671222,0.0,18311000,53319750,0.0,-4084000.0,105987500,0.0,3859000.0,25173500.0,0.19774630406435093,21314500.0,0.16743256193932538,0.0,21305500.0,0.1673618639141569,2534000.0,18771500.0,0.14745644216116008,0.011325,0.011225,1657527594,1672293987,https://www1.hkexnews.hk/search/titlesearch.xhtml,https://www1.hkexnews.hk/search/titlesearch.xhtml,1620585109,14:31:49,20210509
57,2005-06-30,1173.HK,HKD,2005-06-30,2005-06-30,Q2,127302000,38440750,88861250,0.6980349876671222,0.0,18311000,53319750,0.0,-4084000.0,105987500,0.0,3859000.0,25173500.0,0.19774630406435093,21314500.0,0.16743256193932538,0.0,21305500.0,0.1673618639141569,2534000.0,18771500.0,0.14745644216116008,0.011325,0.011225,1657527594,1672293987,https://www1.hkexnews.hk/search/titlesearch.xhtml,https://www1.hkexnews.hk/search/titlesearch.xhtml,1620585109,14:31:49,20210509
58,2005-03-31,1173.HK,HKD,2005-03-31,2005-03-31,Q1,127302000,38440750,88861250,0.6980349876671222,0.0,18311000,53319750,0.0,-4084000.0,105987500,0.0,3859000.0,25173500.0,0.19774630406435093,21314500.0,0.16743256193932538,0.0,21305500.0,0.1673618639141569,2534000.0,18771500.0,0.14745644216116008,0.011325,0.011225,1657527594,1672293987,https://www1.hkexnews.hk/search/titlesearch.xhtml,https://www1.hkexnews.hk/search/titlesearch.xhtml,1620585109,14:31:49,20210509
59,2005-01-31,1173.HK,HKD,2005-01-31,2005-01-31,Q1,127302000,38440750,88861250,0.6980349876671222,0.0,18311000,53319750,0.0,-4084000.0,105987500,0.0,3859000.0,25173500.0,0.19774630406435093,21314500.0,0.16743256193932538,0.0,21305500.0,0.1673618639141569,2534000.0,18771500.0,0.14745644216116008,0.011325,0.011225,1657527594,1672293987,https://www1.hkexnews.hk/search/titlesearch.xhtml,https://www1.hkexnews.hk/search/titlesearch.xhtml,1620585109,14:31:49,20210509
60,2004-09-30,1173.HK,HKD,2004-09-30,2004-09-30,Q3,111556750,33263750,78293000,0.7018221667447285,0.0,16104500,48722500,0.0,0.0,98090750,0.0,4155750.0,17621750.0,0.157962203093941,13466000.0,0.12070986291730443,0.0,17012750.0,0.15250309819889876,2365000.0,14647750.0,0.13130312598744584,0.00885,0.008825,1655112994,1659801700,https://www1.hkexnews.hk/search/titlesearch.xhtml,https://www1.hkexnews.hk/search/titlesearch.xhtml,1620585109,14:31:49,20210509
61,2004-06-30,1173.HK,HKD,2004-06-30,2004-06-30,Q2,111556750,33263750,78293000,0.7018221667447285,0.0,16104500,48722500,0.0,0.0,98090750,0.0,4155750.0,17621750.0,0.157962203093941,13466000.0,0.12070986291730443,0.0,17012750.0,0.15250309819889876,2365000.0,14647750.0,0.13130312598744584,0.00885,0.008825,1655112994,1659801700,https://www1.hkexnews.hk/search/titlesearch.xhtml,https://www1.hkexnews.hk/search/titlesearch.xhtml,1620585109,14:31:49,20210509
62,2004-03-31,1173.HK,HKD,2004-03-31,2004-03-31,Q1,111556750,33263750,78293000,0.7018221667447285,0.0,16104500,48722500,0.0,0.0,98090750,0.0,4155750.0,17621750.0,0.157962203093941,13466000.0,0.12070986291730443,0.0,17012750.0,0.15250309819889876,2365000.0,14647750.0,0.13130312598744584,0.00885,0.008825,1655112994,1659801700,https://www1.hkexnews.hk/search/titlesearch.xhtml,https://www1.hkexnews.hk/search/titlesearch.xhtml,1620585109,14:31:49,20210509
63,2004-01-31,1173.HK,HKD,2004-01-31,2004-01-31,Q1,111556750,33263750,78293000,0.7018221667447285,0.0,16104500,48722500,0.0,0.0,98090750,0.0,4155750.0,17621750.0,0.157962203093941,13466000.0,0.12070986291730443,0.0,17012750.0,0.15250309819889876,2365000.0,14647750.0,0.13130312598744584,0.00885,0.008825,1655112994,1659801700,https://www1.hkexnews.hk/search/titlesearch.xhtml,https://www1.hkexnews.hk/search/titlesearch.xhtml,1620585109,14:31:49,20210509
64,2003-09-30,1173.HK,HKD,2003-09-30,2003-09-30,Q3,106834500,32962000,73872500,0.6914667078518644,0.0,16013500,49657250,0.0,0.0,98632750,0.0,5006750.0,13208500.0,0.12363515531031642,8201750.0,0.0767706124894112,0.0,8445000.0,0.07904749870126224,-707500.0,7737500.0,0.07242510612208602,0.004675,0.004675,1655080214,1655080214,https://www1.hkexnews.hk/search/titlesearch.xhtml,https://www1.hkexnews.hk/search/titlesearch.xhtml,1620585109,14:31:49,20210509
65,2003-06-30,1173.HK,HKD,2003-06-30,2003-06-30,Q2,106834500,32962000,73872500,0.6914667078518644,0.0,16013500,49657250,0.0,0.0,98632750,0.0,5006750.0,13208500.0,0.12363515531031642,8201750.0,0.0767706124894112,0.0,8445000.0,0.07904749870126224,-707500.0,7737500.0,0.07242510612208602,0.004675,0.004675,1655080214,1655080214,https://www1.hkexnews.hk/search/titlesearch.xhtml,https://www1.hkexnews.hk/search/titlesearch.xhtml,1620585109,14:31:49,20210509
66,2003-03-31,1173.HK,HKD,2003-03-31,2003-03-31,Q1,106834500,32962000,73872500,0.6914667078518644,0.0,16013500,49657250,0.0,0.0,98632750,0.0,5006750.0,13208500.0,0.12363515531031642,8201750.0,0.0767706124894112,0.0,8445000.0,0.07904749870126224,-707500.0,7737500.0,0.07242510612208602,0.004675,0.004675,1655080214,1655080214,https://www1.hkexnews.hk/search/titlesearch.xhtml,https://www1.hkexnews.hk/search/titlesearch.xhtml,1620585109,14:31:49,20210509
67,2003-01-31,1173.HK,HKD,2003-01-31,2003-01-31,Q1,106834500,32962000,73872500,0.6914667078518644,0.0,16013500,49657250,0.0,0.0,98632750,0.0,5006750.0,13208500.0,0.12363515531031642,8201750.0,0.0767706124894112,0.0,8445000.0,0.07904749870126224,-707500.0,7737500.0,0.07242510612208602,0.004675,0.004675,1655080214,1655080214,https://www1.hkexnews.hk/search/titlesearch.xhtml,https://www1.hkexnews.hk/search/titlesearch.xhtml,1620585109,14:31:49,20210509
68,2002-09-30,1173.HK,HKD,2002-09-30,2002-09-30,Q3,91960500,25807250,66153250,0.7193659234127696,0.0,17522750,44948250,0.0,-1123250.0,87155000,0.0,0.0,4805500.0,19.136510248673396,4805500.0,0.052256131708722765,0.0,4101500.0,0.044600670940240644,-286250.0,3815250.0,0.04148792144453325,0.0023,0.0023,1658804348,1658804348,https://www1.hkexnews.hk/search/titlesearch.xhtml,https://www1.hkexnews.hk/search/titlesearch.xhtml,1620585109,14:31:49,20210509
69,2002-06-30,1173.HK,HKD,2002-06-30,2002-06-30,Q2,91960500,25807250,66153250,0.7193659234127696,0.0,17522750,44948250,0.0,-1123250.0,87155000,0.0,0.0,4805500.0,19.136510248673396,4805500.0,0.052256131708722765,0.0,4101500.0,0.044600670940240644,-286250.0,3815250.0,0.04148792144453325,0.0023,0.0023,1658804348,1658804348,https://www1.hkexnews.hk/search/titlesearch.xhtml,https://www1.hkexnews.hk/search/titlesearch.xhtml,1620585109,14:31:49,20210509
70,2002-03-31,1173.HK,HKD,2002-03-31,2002-03-31,Q1,91960500,25807250,66153250,0.7193659234127696,0.0,17522750,44948250,0.0,-1123250.0,87155000,0.0,0.0,4805500.0,19.136510248673396,4805500.0,0.052256131708722765,0.0,4101500.0,0.044600670940240644,-286250.0,3815250.0,0.04148792144453325,0.0023,0.0023,1658804348,1658804348,https://www1.hkexnews.hk/search/titlesearch.xhtml,https://www1.hkexnews.hk/search/titlesearch.xhtml,1620585109,14:31:49,20210509
71,2002-01-31,1173.HK,HKD,2002-01-31,2002-01-31,Q1,91960500,25807250,66153250,0.7193659234127696,0.0,17522750,44948250,0.0,-1123250.0,87155000,0.0,0.0,4805500.0,19.136510248673396,4805500.0,0.052256131708722765,0.0,4101500.0,0.044600670940240644,-286250.0,3815250.0,0.04148792144453325,0.0023,0.0023,1658804348,1658804348,https://www1.hkexnews.hk/search/titlesearch.xhtml,https://www1.hkexnews.hk/search/titlesearch.xhtml,1620585109,14:31:49,20210509
72,2001-09-30,1173.HK,HKD,2001-09-30,2001-09-30,Q3,86253500,21800500,64453000,0.7472508361979514,0.0,15849000,38251250,0.0,-438500.0,75462250,0.0,0.0,10791250.0,7.992910923201668,10791250.0,0.12511086506634514,0.0,10931250.0,0.12673398760630003,-756500.0,10174750.0,0.11796332902432945,0.00615,0.00615,1654430894,1654430894,https://www1.hkexnews.hk/search/titlesearch.xhtml,https://www1.hkexnews.hk/search/titlesearch.xhtml,1620585109,14:31:49,20210509
73,2001-06-30,1173.HK,HKD,2001-06-30,2001-06-30,Q2,86253500,21800500,64453000,0.7472508361979514,0.0,15849000,38251250,0.0,-438500.0,75462250,0.0,0.0,10791250.0,7.992910923201668,10791250.0,0.12511086506634514,0.0,10931250.0,0.12673398760630003,-756500.0,10174750.0,0.11796332902432945,0.00615,0.00615,1654430894,1654430894,https://www1.hkexnews.hk/search/titlesearch.xhtml,https://www1.hkexnews.hk/search/titlesearch.xhtml,1620585109,14:31:49,20210509
74,2001-03-31,1173.HK,HKD,2001-03-31,2001-03-31,Q1,86253500,21800500,64453000,0.7472508361979514,0.0,15849000,38251250,0.0,-438500.0,75462250,0.0,0.0,10791250.0,7.992910923201668,10791250.0,0.12511086506634514,0.0,10931250.0,0.12673398760630003,-756500.0,10174750.0,0.11796332902432945,0.00615,0.00615,1654430894,1654430894,https://www1.hkexnews.hk/search/titlesearch.xhtml,https://www1.hkexnews.hk/search/titlesearch.xhtml,1620585109,14:31:49,20210509
75,2001-01-31,1173.HK,HKD,2001-01-31,2001-01-31,Q1,86253500,21800500,64453000,0.7472508361979514,0.0,15849000,38251250,0.0,-438500.0,75462250,0.0,0.0,10791250.0,7.992910923201668,10791250.0,0.12511086506634514,0.0,10931250.0,0.12673398760630003,-756500.0,10174750.0,0.11796332902432945,0.00615,0.00615,1654430894,1654430894,https://www1.hkexnews.hk/search/titlesearch.xhtml,https://www1.hkexnews.hk/search/titlesearch.xhtml,1620585109,14:31:49,20210509
76,2000-09-30,1173.HK,HKD,2000-09-30,2000-09-30,Q3,76160000,18094750,58065250,0.7624113707983193,0.0,11437000,33677000,0.0,-113250.0,63095500,0.0,0.0,13064500.0,5.8295380611581,13064500.0,0.17154017857142856,0.0,13180500.0,0.17306328781512606,-1003500.0,12177000.0,0.15988707983193276,0.0074,0.0074,1645540541,1645540541,https://www1.hkexnews.hk/search/titlesearch.xhtml,https://www1.hkexnews.hk/search/titlesearch.xhtml,1620585109,14:31:49,20210509
77,2000-06-30,1173.HK,HKD,2000-06-30,2000-06-30,Q2,76160000,18094750,58065250,0.7624113707983193,0.0,11437000,33677000,0.0,-113250.0,63095500,0.0,0.0,13064500.0,5.8295380611581,13064500.0,0.17154017857142856,0.0,13180500.0,0.17306328781512606,-1003500.0,12177000.0,0.15988707983193276,0.0074,0.0074,1645540541,1645540541,https://www1.hkexnews.hk/search/titlesearch.xhtml,https://www1.hkexnews.hk/search/titlesearch.xhtml,1620585109,14:31:49,20210509
78,2000-03-31,1173.HK,HKD,2000-03-31,2000-03-31,Q1,76160000,18094750,58065250,0.7624113707983193,0.0,11437000,33677000,0.0,-113250.0,63095500,0.0,0.0,13064500.0,5.8295380611581,13064500.0,0.17154017857142856,0.0,13180500.0,0.17306328781512606,-1003500.0,12177000.0,0.15988707983193276,0.0074,0.0074,1645540541,1645540541,https://www1.hkexnews.hk/search/titlesearch.xhtml,https://www1.hkexnews.hk/search/titlesearch.xhtml,1620585109,14:31:49,20210509
79,2000-01-31,1173.HK,HKD,2000-01-31,2000-01-31,Q1,76160000,18094750,58065250,0.7624113707983193,0.0,11437000,33677000,0.0,-113250.0,63095500,0.0,0.0,13064500.0,5.8295380611581,13064500.0,0.17154017857142856,0.0,13180500.0,0.17306328781512606,-1003500.0,12177000.0,0.15988707983193276,0.0074,0.0074,1645540541,1645540541,https://www1.hkexnews.hk/search/titlesearch.xhtml,https://www1.hkexnews.hk/search/titlesearch.xhtml,1620585109,14:31:49,20210509
