,date,symbol,reportedCurrency,fillingDate,acceptedDate,period,revenue,costOfRevenue,grossProfit,grossProfitRatio,researchAndDevelopmentExpenses,generalAndAdministrativeExpenses,sellingAndMarketingExpenses,otherExpenses,operatingExpenses,costAndExpenses,interestExpense,depreciationAndAmortization,ebitda,ebitdaratio,operatingIncome,operatingIncomeRatio,totalOtherIncomeExpensesNet,incomeBeforeTax,incomeBeforeTaxRatio,incomeTaxExpense,netIncome,netIncomeRatio,eps,epsdiluted,weightedAverageShsOut,weightedAverageShsOutDil,link,finalLink,timestamp,est_time,est_date
0,2019-12-31,SSW,USD,2020-01-14 00:00:00,2020-01-14 09:44:32,Q4,288000000,59400000.0,228600000.0,0.79375,0.0,47700000.0,0.0,0.0,112100000.0,0.0,0.0,64459000.0,180959000.0,0.6283298611111111,116500000.0,0.4045138888888889,-2200000.0,70700000.0,0.2454861111111111,0.0,70700000.0,0.2454861111111111,0.31457,0.31457,224752000,224752000,https://www.sec.gov/Archives/edgar/data/1332639/000119312520006825/0001193125-20-006825-index.html,https://www.sec.gov/Archives/edgar/data/1332639/000119312520006825/d858485d6k.htm,1620598326,18:12:06,20210509
1,2019-09-30,SSW,USD,2019-11-18 00:00:00,2019-11-18 16:43:57,Q3,282716000,56789000.0,225927000.0,0.7991305762673495,0.0,45941000.0,0.0,0.0,109857999.99999999,0.0,0.0,63917000.0,179986000.0,0.6366318142588322,116069000.0,0.4105498097030235,-3558000.0,42963000.0,0.151965223050694,0.0,42963000.0,0.151965223050694,0.19306,0.19306,222535000,222535000,https://www.sec.gov/Archives/edgar/data/1332639/000156459019043756/0001564590-19-043756-index.html,https://www.sec.gov/Archives/edgar/data/1332639/000156459019043756/ssw-6k_20190930.htm,1620598326,18:12:06,20210509
2,2019-06-30,SSW,USD,2019-08-14 00:00:00,2019-08-14 17:17:06,Q2,275420000,55921000.0,219499000.0,0.7969610050105294,0.0,45666000.0,0.0,0.0,109093000.00000001,0.0,0.0,63427000.00000001,173833000.0,0.6311560525742502,110406000.0,0.4008641347759785,-4273000.0,39964000.0,0.14510202599665964,0.0,39964000.0,0.14510202599665964,0.18107,0.18107,220711000,220711000,https://www.sec.gov/Archives/edgar/data/1332639/000156459019032190/0001564590-19-032190-index.html,https://www.sec.gov/Archives/edgar/data/1332639/000156459019032190/ssw-6k_20190630.htm,1620598326,18:12:06,20210509
3,2019-03-31,SSW,USD,2019-05-03 00:00:00,2019-05-03 17:19:27,Q1,285323000,-169291000.0,454614000.0,1.5933310668961143,0.0,48032000.0,0.0,0.0,110529000.0,0.0,0.0,62497000.0,406582000.0,1.4249885217805784,344085000.0,1.205949047220168,-691000.0,285315000.0,0.9999719616014131,0.0,285315000.0,0.9999719616014131,1.34962,1.34962,211404000,211404000,https://www.sec.gov/Archives/edgar/data/1332639/000156459019015739/0001564590-19-015739-index.html,https://www.sec.gov/Archives/edgar/data/1332639/000156459019015739/ssw-6k_20190331.htm,1620598326,18:12:06,20210509
4,2018-12-31,SSW,USD,2019-01-15 00:00:00,2019-01-14 18:20:34,Q4,294912000,55594000.0,239318000.0,0.8114895290798612,0.0,40247000.0,0.0,0.0,104963000.0,0.0,0.0,64715999.99999998,199070999.99999997,0.6750183105468749,134355000.0,0.4555765787760417,-690000.0,63097000.0,0.2139519585503472,0.0,63097000.0,0.2139519585503472,0.35513,0.35513,177673000,177673000,https://www.sec.gov/Archives/edgar/data/1332639/000119312519009120/0001193125-19-009120-index.html,https://www.sec.gov/Archives/edgar/data/1332639/000119312519009120/d665499d6k.htm,1620598326,18:12:06,20210509
5,2018-09-30,SSW,USD,2018-10-03 00:00:00,2018-10-03 16:51:38,Q3,294981000,55360000.0,239621000.0,0.812326895630566,0.0,41196000.0,0.0,0.0,106249000.00000001,0.0,0.0,65085000.00000001,198457000.0,0.6727789247443056,133372000.0,0.45213759530274833,-822000.0,79973000.0,0.2711123767293487,0.0,79973000.0,0.2711123767293487,0.45954,0.45954,174030000,174030000,https://www.sec.gov/Archives/edgar/data/1332639/000119312518291997/0001193125-18-291997-index.html,https://www.sec.gov/Archives/edgar/data/1332639/000119312518291997/d632720d6k.htm,1620598326,18:12:06,20210509
6,2018-06-30,SSW,USD,2018-07-16 00:00:00,2018-07-16 17:23:08,Q2,281700000,58800000.0,222900000.0,0.7912673056443025,0.0,41400000.0,0.0,0.0,103500000.00000001,0.0,0.0,62100000.0,181500000.0,0.6443024494142705,119400000.0,0.42385516506922255,-500000.0,68000000.0,0.24139155129570464,0.0,68000000.0,0.24139155129570464,0.46543,0.46543,146100000,146100000,https://www.sec.gov/Archives/edgar/data/1332639/000119312518218866/0001193125-18-218866-index.html,https://www.sec.gov/Archives/edgar/data/1332639/000119312518218866/d454437d6k.htm,1620598326,18:12:06,20210509
7,2018-03-31,SSW,USD,2018-04-09 00:00:00,2018-04-09 16:50:03,Q1,224800000,49500000.0,175200000.0,0.7793594306049823,0.0,38500000.0,0.0,0.0,90000000.0,0.0,0.0,53900000.0,139200000.0,0.6192170818505338,85300000.0,0.37944839857651247,-400000.0,67700000.0,0.3011565836298932,0.0,67700000.0,0.3011565836298932,0.50485,0.50485,134100000,134100000,https://www.sec.gov/Archives/edgar/data/1332639/000119312518111609/0001193125-18-111609-index.html,https://www.sec.gov/Archives/edgar/data/1332639/000119312518111609/d565415d6k.htm,1620598326,18:12:06,20210509
8,2017-12-31,SSW,USD,2018-01-04 00:00:00,2018-01-03 19:15:36,Q4,214400000,48800000.0,165600000.0,0.7723880597014925,0.0,41600000.0,0.0,0.0,85000000.00000001,0.0,0.0,50300000.00000001,130900000.0,0.6105410447761194,80600000.0,0.37593283582089554,-500000.0,58600000.0,0.2733208955223881,0.0,58600000.0,0.2733208955223881,0.45925,0.45925,127600000,127600000,https://www.sec.gov/Archives/edgar/data/1332639/000119312518001868/0001193125-18-001868-index.html,https://www.sec.gov/Archives/edgar/data/1332639/000119312518001868/d520938d6k.htm,1620598326,18:12:06,20210509
9,2017-09-30,SSW,USD,2017-10-02 00:00:00,2017-10-02 09:39:04,Q3,211000000,46000000.0,165000000.0,0.7819905213270142,0.0,44400000.0,0.0,0.0,87600000.0,0.0,0.0,49899999.99999999,127300000.0,0.6033175355450237,77400000.0,0.36682464454976305,-800000.0,48400000.0,0.22938388625592418,0.0,48400000.0,0.22938388625592418,0.39737,0.39737,121800000,121800000,https://www.sec.gov/Archives/edgar/data/1332639/000119312517300381/0001193125-17-300381-index.html,https://www.sec.gov/Archives/edgar/data/1332639/000119312517300381/d468163d6k.htm,1620598326,18:12:06,20210509
10,2017-06-30,SSW,USD,2017-07-31 00:00:00,2017-07-31 06:15:04,Q2,204600000,44800000.0,159800000.0,0.7810361681329423,0.0,35600000.0,0.0,0.0,85500000.00000001,0.0,0.0,49800000.00000001,124200000.0,0.6070381231671554,74400000.0,0.36363636363636365,-7000000.0,28300000.0,0.13831867057673508,0.0,28300000.0,0.13831867057673508,0.24825,0.24825,114000000,114000000,https://www.sec.gov/Archives/edgar/data/1332639/000119312517241310/0001193125-17-241310-index.html,https://www.sec.gov/Archives/edgar/data/1332639/000119312517241310/d435198d6k.htm,1620598326,18:12:06,20210509
11,2017-03-31,SSW,USD,2017-04-10 00:00:00,2017-04-10 09:20:32,Q1,201300000,45600000.0,155700000.0,0.7734724292101341,0.0,34000000.0,0.0,0.0,85000000.0,0.0,0.0,49900000.0,120700000.0,0.5996025832091406,70800000.0,0.35171385991058124,-900000.0,40000000.0,0.19870839542970692,0.0,40000000.0,0.19870839542970692,0.37453,0.37453,106800000,106800000,https://www.sec.gov/Archives/edgar/data/1332639/000119312517117429/0001193125-17-117429-index.html,https://www.sec.gov/Archives/edgar/data/1332639/000119312517117429/d362790d6k.htm,1620598326,18:12:06,20210509
12,2016-12-31,SSW,USD,2017-03-06 00:00:00,2017-03-06 17:20:59,Q4,213200000,46500000.0,166700000.0,0.7818949343339587,0.0,33700000.0,0.0,0.0,182400000.0,0.0,0.0,50000000.0,34300000.0,0.16088180112570358,-15700000.0,-0.07363977485928705,-1200000.0,1400000.0,0.006566604127579738,0.0,1400000.0,0.006566604127579738,0.01318,0.01318,106200000,106200000,https://www.sec.gov/Archives/edgar/data/1332639/000119312517071822/0001193125-17-071822-index.html,https://www.sec.gov/Archives/edgar/data/1332639/000119312517071822/d351181d6k.htm,1620598326,18:12:06,20210509
13,2016-09-30,SSW,USD,2016-11-07 00:00:00,2016-11-04 20:57:02,Q3,224900000,51200000.0,173700000.0,0.7723432636727434,0.0,31900000.0,0.0,0.0,322700000.0,0.0,0.0,52699999.99999999,-96400000.0,-0.4286349488661627,-149100000.0,-0.6629613161405069,-2400000.0,-184000000.0,-0.8181413961760783,0.0,-184000000.0,-0.8181413961760783,-1.73585,-1.73585,106000000,106000000,https://www.sec.gov/Archives/edgar/data/1332639/000119312516760494/0001193125-16-760494-index.html,https://www.sec.gov/Archives/edgar/data/1332639/000119312516760494/d287041d6k.htm,1620598326,18:12:06,20210509
14,2016-06-30,SSW,USD,2016-07-27 00:00:00,2016-07-27 17:24:58,Q2,224300000,53100000.0,171200000.0,0.76326348640214,0.0,29700000.0,0.0,0.0,84300000.00000001,0.0,0.0,54600000.00000001,141500000.0,0.6308515381185912,86900000.0,0.3874275523851984,-1700000.0,36400000.0,0.16228265715559517,0.0,36400000.0,0.16228265715559517,0.35827,0.35827,101600000,101600000,https://www.sec.gov/Archives/edgar/data/1332639/000119312516660288/0001193125-16-660288-index.html,https://www.sec.gov/Archives/edgar/data/1332639/000119312516660288/d200960d6k.htm,1620598326,18:12:06,20210509
15,2016-03-31,SSW,USD,2016-04-22 00:00:00,2016-04-22 16:40:35,Q1,215500000,48900000.0,166600000.0,0.7730858468677494,0.0,22600000.0,0.0,0.0,81500000.0,0.0,0.0,58800000.0,143900000.0,0.6677494199535963,85100000.0,0.3948955916473318,-600000.0,7100000.0,0.032946635730858466,0.0,7100000.0,0.032946635730858466,0.0726,0.0726,97800000,97800000,https://www.sec.gov/Archives/edgar/data/1332639/000119312516552114/0001193125-16-552114-index.html,https://www.sec.gov/Archives/edgar/data/1332639/000119312516552114/d146426d6k.htm,1620598326,18:12:06,20210509
16,2015-12-31,SSW,USD,2016-03-10 00:00:00,2016-03-10 17:02:16,Q4,218500000,51200000.0,167300000.0,0.765675057208238,0.0,21600000.0,0.0,0.0,76000000.0,0.0,0.0,54400000.00000001,145700000.0,0.6668192219679634,91300000.0,0.41784897025171625,-3500000.0,76200000.0,0.34874141876430204,0.0,76200000.0,0.34874141876430204,0.76276,0.76276,99900000,99900000,https://www.sec.gov/Archives/edgar/data/1332639/000156459016014444/0001564590-16-014444-index.html,https://www.sec.gov/Archives/edgar/data/1332639/000156459016014444/ssw-20f_20151231.htm,1620598326,18:12:06,20210509
17,2015-09-30,SSW,USD,2015-11-05 00:00:00,2015-11-05 17:05:03,Q3,212900000,49400000.0,163400000.0,0.7674964772193518,0.0,18100000.0,0.0,0.0,69699999.99999999,0.0,0.0,51500000.0,145300000.0,0.6824800375763269,93800000.0,0.4405824330671677,-2900000.0,20500000.0,0.09628933771723815,0.0,20500000.0,0.09628933771723815,0.20541,0.20541,99800000,99800000,https://www.sec.gov/Archives/edgar/data/1332639/000156459015009726/0001564590-15-009726-index.html,https://www.sec.gov/Archives/edgar/data/1332639/000156459015009726/ssw-6k_20150930.htm,1620598326,18:12:06,20210509
18,2015-06-30,SSW,USD,2015-07-31 00:00:00,2015-07-31 17:13:59,Q2,199200000,50600000.0,148600000.0,0.7459839357429718,0.0,15000000.0,0.0,0.0,67300000.00000001,0.0,0.0,52400000.0,133600000.0,0.6706827309236948,81200000.0,0.40763052208835343,4600000.0,81400000.0,0.4086345381526104,0.0,81400000.0,0.4086345381526104,0.85684,0.85684,95000000,95000000,https://www.sec.gov/Archives/edgar/data/1332639/000119312515273131/0001193125-15-273131-index.html,https://www.sec.gov/Archives/edgar/data/1332639/000119312515273131/d88060d6k.htm,1620598326,18:12:06,20210509
19,2015-03-31,SSW,USD,2015-04-30 00:00:00,2015-04-30 17:09:54,Q1,188500000,44600000.0,144000000.0,0.7639257294429708,0.0,13000000.0,0.0,0.0,59499999.99999999,0.0,0.0,46600000.0,131000000.0,0.6949602122015915,84400000.0,0.4477453580901857,-2400000.0,21300000.0,0.1129973474801061,0.0,21300000.0,0.1129973474801061,0.21735,0.21735,98000000,98000000,https://www.sec.gov/Archives/edgar/data/1332639/000119312515162624/0001193125-15-162624-index.html,https://www.sec.gov/Archives/edgar/data/1332639/000119312515162624/d917402d6k.htm,1620598326,18:12:06,20210509
20,2014-12-31,SSW,USD,2014-12-31,2014-12-31,Q4,189400000,42200000.0,147200000.0,0.7771911298838438,0.0,11700000.0,0.0,0.0,58399999.99999999,0.0,0.0,46599999.99999999,135500000.0,0.7154171066525871,88900000.0,0.469376979936642,900000.0,27800000.0,0.146779303062302,0.0,27800000.0,0.146779303062302,0.2866,0.2866,97000000,97000000,,,1620598326,18:12:06,20210509
21,2014-09-30,SSW,USD,2014-11-06 00:00:00,2014-11-06 11:58:54,Q3,185900000,41500000.0,144400000.0,0.7767616998386229,0.0,10500000.0,0.0,0.0,57099999.99999999,0.0,0.0,46600000.00000001,133800000.0,0.7197417966648736,87200000.0,0.4690693921463152,-1300000.0,65400000.0,0.3518020441097364,0.0,65400000.0,0.3518020441097364,0.68054,0.68054,96100000,96100000,https://www.sec.gov/Archives/edgar/data/1332639/000119312514400286/0001193125-14-400286-index.html,https://www.sec.gov/Archives/edgar/data/1332639/000119312514400286/d817734d6k.htm,1620598326,18:12:06,20210509
22,2014-06-30,SSW,USD,2014-07-30 00:00:00,2014-07-30 17:17:54,Q2,173900000,41100000.0,132800000.0,0.7636572742955722,0.0,8600000.0,0.0,0.0,53199999.99999999,0.0,0.0,44599999.99999999,124200000.0,0.714203565267395,79600000.0,0.4577343300747556,-3800000.0,20000000.0,0.11500862564692352,0.0,20000000.0,0.11500862564692352,0.21053,0.21053,95000000,95000000,https://www.sec.gov/Archives/edgar/data/1332639/000119312514287173/0001193125-14-287173-index.html,https://www.sec.gov/Archives/edgar/data/1332639/000119312514287173/d764992d6k.htm,1620598326,18:12:06,20210509
23,2014-03-31,SSW,USD,2014-04-01 00:00:00,2014-03-31 20:45:59,Q1,168000000,41300000.0,126700000.0,0.7541666666666667,0.0,9100000.0,0.0,0.0,52800000.0,0.0,0.0,43700000.0,117600000.0,0.7,73900000.0,0.4398809523809524,-800000.0,18000000.0,0.10714285714285714,0.0,18000000.0,0.10714285714285714,0.20833,0.20833,86400000,86400000,https://www.sec.gov/Archives/edgar/data/1332639/000119312514124567/0001193125-14-124567-index.html,https://www.sec.gov/Archives/edgar/data/1332639/000119312514124567/d704782d6k.htm,1620598326,18:12:06,20210509
24,2013-12-31,SSW,USD,2014-04-01 00:00:00,2014-03-31 20:45:59,Q4,172000000,38500000.0,133500000.0,0.7761627906976745,0.0,8400000.0,0.0,0.0,52000000.0,0.0,0.0,43599999.99999999,125100000.0,0.7273255813953489,81500000.0,0.4738372093023256,-5400000.0,68200000.0,0.39651162790697675,0.0,68200000.0,0.39651162790697675,0.7511,0.7511,90800000,90800000,https://www.sec.gov/Archives/edgar/data/1332639/000119312514124567/0001193125-14-124567-index.html,https://www.sec.gov/Archives/edgar/data/1332639/000119312514124567/d704782d6k.htm,1620598326,18:12:06,20210509
25,2013-09-30,SSW,USD,2013-10-07 00:00:00,2013-10-07 17:21:33,Q3,172400000,36700000.0,135700000.0,0.787122969837587,0.0,8900000.0,0.0,0.0,52300000.0,0.0,0.0,43300000.00000001,126700000.0,0.7349187935034803,83400000.0,0.4837587006960557,-1100000.0,48000000.0,0.27842227378190254,0.0,48000000.0,0.27842227378190254,0.72838,0.72838,65900000,65900000,https://www.sec.gov/Archives/edgar/data/1332639/000119312513393150/0001193125-13-393150-index.html,https://www.sec.gov/Archives/edgar/data/1332639/000119312513393150/d604792d6k.htm,1620598326,18:12:06,20210509
26,2013-06-30,SSW,USD,2013-08-01 00:00:00,2013-08-01 16:59:02,Q2,167800000,37300000.0,130400000.0,0.7771156138259833,0.0,12900000.0,0.0,0.0,55800000.0,0.0,0.0,42800000.0,117500000.0,0.700238379022646,74700000.0,0.44517282479141834,-1700000.0,127200000.0,0.7580452920143027,0.0,127200000.0,0.7580452920143027,1.46713,1.46713,86700000,86700000,https://www.sec.gov/Archives/edgar/data/1332639/000119312513315240/0001193125-13-315240-index.html,https://www.sec.gov/Archives/edgar/data/1332639/000119312513315240/d575548d6k.htm,1620598326,18:12:06,20210509
27,2013-03-31,SSW,USD,2013-05-03 00:00:00,2013-05-03 12:43:40,Q1,164900000,37500000.0,127400000.0,0.7725894481503942,0.0,8900000.0,0.0,0.0,51700000.0,0.0,0.0,42800000.0,118500000.0,0.7186173438447544,75700000.0,0.45906610066707093,0.0,55600000.0,0.33717404487568226,0.0,55600000.0,0.33717404487568226,0.64651,0.64651,86000000,86000000,https://www.sec.gov/Archives/edgar/data/1332639/000119312513198484/0001193125-13-198484-index.html,https://www.sec.gov/Archives/edgar/data/1332639/000119312513198484/d529508d6k.htm,1620598326,18:12:06,20210509
28,2012-12-31,SSW,USD,2013-03-19 00:00:00,2013-03-19 06:06:26,Q4,173700000,36900000.0,136800000.0,0.7875647668393783,0.0,7600000.0,0.0,0.0,50400000.0,0.0,0.0,42800000.0,129200000.0,0.743811168681635,86400000.0,0.49740932642487046,-4000000.0,59000000.0,0.33966609096142775,0.0,59000000.0,0.33966609096142775,0.88722,0.88722,66500000,66500000,https://www.sec.gov/Archives/edgar/data/1332639/000119312513113786/0001193125-13-113786-index.html,https://www.sec.gov/Archives/edgar/data/1332639/000119312513113786/d504522d6k.htm,1620598326,18:12:06,20210509
29,2012-09-30,SSW,USD,2012-11-09 00:00:00,2012-11-09 17:12:58,Q3,169900000,35700000.0,134300000.0,0.7904649793996469,0.0,7700000.0,0.0,0.0,50099999.99999999,0.0,0.0,43900000.00000001,128000000.0,0.7533843437316068,84100000.0,0.4949970570924073,-300000.0,17800000.0,0.10476751030017657,0.0,17800000.0,0.10476751030017657,0.27726,0.27726,64200000,64200000,https://www.sec.gov/Archives/edgar/data/1332639/000119312512463650/0001193125-12-463650-index.html,https://www.sec.gov/Archives/edgar/data/1332639/000119312512463650/d434986d6k.htm,1620598326,18:12:06,20210509
30,2012-06-30,SSW,USD,2012-08-06 00:00:00,2012-08-03 20:44:55,Q2,167600000,31500000.0,136100000.0,0.8120525059665871,0.0,6700000.0,0.0,0.0,39200000.0,0.0,0.0,41500000.0,138400000.0,0.8257756563245824,96900000.0,0.5781622911694511,-600000.0,-6700000.0,-0.03997613365155131,0.0,-6700000.0,-0.03997613365155131,-0.10703,-0.10703,62600000,62600000,https://www.sec.gov/Archives/edgar/data/1332639/000119312512335418/0001193125-12-335418-index.html,https://www.sec.gov/Archives/edgar/data/1332639/000119312512335418/d391531d6k.htm,1620598326,18:12:06,20210509
31,2012-03-31,SSW,USD,2012-03-31,2012-03-31,Q1,153400000,34600000.0,118900000.0,0.7750977835723598,0.0,5900000.0,0.0,0.0,43699999.99999999,0.0,0.0,37300000.0,112400000.0,0.7327249022164276,75100000.0,0.4895697522816167,-800000.0,51300000.0,0.3344198174706649,0.0,51300000.0,0.3344198174706649,0.80787,0.80787,63500000,63500000,,,1620598326,18:12:06,20210509
32,2011-12-31,SSW,USD,2012-01-04 00:00:00,2012-01-04 16:15:23,Q4,156100000,35900000.0,120200000.0,0.7700192184497118,0.0,5200000.0,0.0,0.0,50699999.99999999,0.0,0.0,38200000.0,107800000.0,0.6905829596412556,69600000.0,0.4458680333119795,-800000.0,23500000.0,0.15054452274183217,0.0,23500000.0,0.15054452274183217,0.33619,0.33619,69900000,69900000,https://www.sec.gov/Archives/edgar/data/1332639/000119312512002170/0001193125-12-002170-index.html,https://www.sec.gov/Archives/edgar/data/1332639/000119312512002170/d275482d6k.htm,1620598326,18:12:06,20210509
33,2011-09-30,SSW,USD,2011-11-03 00:00:00,2011-11-03 17:10:35,Q3,154800000,35900000.0,118900000.0,0.7680878552971576,0.0,3900000.0,0.0,0.0,51199999.99999999,0.0,0.0,39400000.00000001,107100000.0,0.6918604651162791,67700000.0,0.43733850129198965,-1000000.0,-122600000.0,-0.7919896640826873,0.0,-122600000.0,-0.7919896640826873,-1.76912,-1.76912,69300000,69300000,https://www.sec.gov/Archives/edgar/data/1332639/000119312511295377/0001193125-11-295377-index.html,https://www.sec.gov/Archives/edgar/data/1332639/000119312511295377/d249476d6k.htm,1620598326,18:12:06,20210509
34,2011-06-30,SSW,USD,2011-08-05 00:00:00,2011-08-05 06:06:20,Q2,133700000,32800000.0,100900000.0,0.7546746447270007,0.0,5000000.0,0.0,0.0,38900000.00000001,0.0,0.0,32800000.0,94800000.0,0.7090501121914734,62000000.0,0.4637247569184742,-1200000.0,-34900000.0,-0.2610321615557218,0.0,-34900000.0,-0.2610321615557218,-0.65725,-0.65725,53100000,53100000,https://www.sec.gov/Archives/edgar/data/1332639/000119312511211204/0001193125-11-211204-index.html,https://www.sec.gov/Archives/edgar/data/1332639/000119312511211204/d6k.htm,1620598326,18:12:06,20210509
35,2011-03-31,SSW,USD,2011-04-19 00:00:00,2011-04-19 16:58:37,Q1,121000000,31100000.0,89900000.0,0.7429752066115702,0.0,2700000.0,0.0,0.0,32600000.0,0.0,0.0,30000000.0,87300000.0,0.7214876033057851,57300000.0,0.4735537190082645,-1300000.0,50600000.0,0.41818181818181815,0.0,50600000.0,0.41818181818181815,0.5932,0.5932,85300000,85300000,https://www.sec.gov/Archives/edgar/data/1332639/000119312511102412/0001193125-11-102412-index.html,https://www.sec.gov/Archives/edgar/data/1332639/000119312511102412/d6k.htm,1620598326,18:12:06,20210509
36,2010-12-31,SSW,USD,2010-12-31,2010-12-31,Q4,117900000,29800000.0,88100000.0,0.7472434266327396,0.0,2700000.0,0.0,0.0,31099999.999999996,0.0,0.0,29700000.000000004,86700000.0,0.7353689567430025,57000000.0,0.48346055979643765,-1400000.0,141600000.0,1.2010178117048347,0.0,141600000.0,1.2010178117048347,1.61092,1.61092,87900000,87900000,,,1620598326,18:12:06,20210509
37,2010-09-30,SSW,USD,2010-10-28 00:00:00,2010-10-28 16:48:42,Q3,111400000,29200000.0,82100000.0,0.7369838420107719,0.0,2600000.0,0.0,0.0,29500000.000000004,0.0,0.0,26900000.0,79500000.0,0.7136445242369839,52600000.0,0.47217235188509876,-1000000.0,-70900000.0,-0.6364452423698385,0.0,-70900000.0,-0.6364452423698385,-1.03807,-1.03807,68300000,68300000,https://www.sec.gov/Archives/edgar/data/1332639/000119312510239851/0001193125-10-239851-index.html,https://www.sec.gov/Archives/edgar/data/1332639/000119312510239851/d6k.htm,1620598326,18:12:06,20210509
38,2010-06-30,SSW,USD,2010-08-05 00:00:00,2010-08-05 17:00:25,Q2,97500000,26600000.0,71000000.0,0.7282051282051282,0.0,2400000.0,0.0,0.0,26500000.0,0.0,0.0,24099999.999999996,68600000.0,0.7035897435897436,44500000.0,0.4564102564102564,-900000.0,-121800000.0,-1.2492307692307691,0.0,-121800000.0,-1.2492307692307691,-1.78855,-1.78855,68100000,68100000,https://www.sec.gov/Archives/edgar/data/1332639/000119312510179521/0001193125-10-179521-index.html,https://www.sec.gov/Archives/edgar/data/1332639/000119312510179521/d6k.htm,1620598326,18:12:06,20210509
39,2010-03-31,SSW,USD,2010-05-13 00:00:00,2010-05-13 17:09:23,Q1,80400000,22500000.0,57900000.0,0.7201492537313433,0.0,1900000.0,0.0,0.0,22200000.000000004,0.0,0.0,20300000.0,56000000.0,0.6965174129353234,35700000.0,0.44402985074626866,-1200000.0,-36600000.0,-0.4552238805970149,0.0,-36600000.0,-0.4552238805970149,-0.53903,-0.53903,67900000,67900000,https://www.sec.gov/Archives/edgar/data/1332639/000119312510119094/0001193125-10-119094-index.html,https://www.sec.gov/Archives/edgar/data/1332639/000119312510119094/d6k.htm,1620598326,18:12:06,20210509
40,2009-12-31,SSW,USD,2010-01-07 00:00:00,2010-01-06 21:11:39,Q4,78600000,22400000.0,56100000.0,0.7137404580152672,0.0,1900000.0,0.0,0.0,21000000.0,0.0,0.0,19000000.0,54200000.0,0.6895674300254453,35200000.0,0.44783715012722647,-1100000.0,74700000.0,0.950381679389313,0.0,74700000.0,0.950381679389313,0.78138,0.78138,95600000,95600000,https://www.sec.gov/Archives/edgar/data/1332639/000119312510002232/0001193125-10-002232-index.html,https://www.sec.gov/Archives/edgar/data/1332639/000119312510002232/d6k.htm,1620598326,18:12:06,20210509
41,2009-09-30,SSW,USD,2009-10-02 00:00:00,2009-10-02 11:42:15,Q3,74100000,20700000.0,53400000.0,0.7206477732793523,0.0,2000000.0,0.0,0.0,20000000.000000004,0.0,0.0,18000000.0,51400000.0,0.6936572199730094,33400000.0,0.4507422402159244,-1200000.0,-66000000.0,-0.8906882591093117,0.0,-66000000.0,-0.8906882591093117,-0.97923,-0.97923,67400000,67400000,https://www.sec.gov/Archives/edgar/data/1332639/000119312509202521/0001193125-09-202521-index.html,https://www.sec.gov/Archives/edgar/data/1332639/000119312509202521/d6k.htm,1620598326,18:12:06,20210509
42,2009-06-30,SSW,USD,2009-08-06 00:00:00,2009-08-06 17:19:44,Q2,69800000,19400000.0,50500000.0,0.7234957020057307,0.0,2000000.0,0.0,0.0,19200000.000000004,0.0,0.0,17200000.0,48500000.0,0.6948424068767909,31300000.0,0.4484240687679083,-2300000.0,112300000.0,1.6088825214899714,0.0,112300000.0,1.6088825214899714,1.4108,1.4108,79600000,79600000,https://www.sec.gov/Archives/edgar/data/1332639/000119312509167391/0001193125-09-167391-index.html,https://www.sec.gov/Archives/edgar/data/1332639/000119312509167391/d6k.htm,1620598326,18:12:06,20210509
43,2009-03-31,SSW,USD,2009-05-12 00:00:00,2009-05-12 17:15:11,Q1,63100000,17700000.0,45400000.0,0.7194928684627575,0.0,2100000.0,0.0,0.0,17800000.0,0.0,0.0,15800000.0,43400000.0,0.687797147385103,27600000.0,0.43740095087163233,-1200000.0,24200000.0,0.38351822503961963,0.0,24200000.0,0.38351822503961963,0.30907,0.30907,78300000,78300000,https://www.sec.gov/Archives/edgar/data/1332639/000119312509108677/0001193125-09-108677-index.html,https://www.sec.gov/Archives/edgar/data/1332639/000119312509108677/d6k.htm,1620598326,18:12:06,20210509
44,2008-12-31,SSW,USD,2009-01-27 00:00:00,2009-01-27 10:37:23,Q4,62700000,15000000.0,47700000.0,0.7607655502392344,0.0,2600000.0,0.0,0.0,18000000.0,0.0,0.0,15299999.999999996,45000000.0,0.7177033492822966,29700000.0,0.47368421052631576,-1200000.0,-241900000.0,-3.858054226475279,0.0,-241900000.0,-3.858054226475279,-3.71582,-3.71582,65100000,65100000,https://www.sec.gov/Archives/edgar/data/1332639/000119312509011751/0001193125-09-011751-index.html,https://www.sec.gov/Archives/edgar/data/1332639/000119312509011751/d6k.htm,1620598326,18:12:06,20210509
45,2008-09-30,SSW,USD,2008-11-13 00:00:00,2008-11-13 06:04:36,Q3,57600000,14100000.0,43500000.0,0.7552083333333334,0.0,2300000.0,0.0,0.0,16700000.000000004,0.0,0.0,14400000.000000002,41200000.0,0.7152777777777778,26800000.0,0.4652777777777778,-1400000.0,-5100000.0,-0.08854166666666667,0.0,-5100000.0,-0.08854166666666667,-0.07681,-0.07681,66400000,66400000,https://www.sec.gov/Archives/edgar/data/1332639/000119312508234341/0001193125-08-234341-index.html,https://www.sec.gov/Archives/edgar/data/1332639/000119312508234341/d6k.htm,1620598326,18:12:06,20210509
46,2008-06-30,SSW,USD,2008-08-08 00:00:00,2008-08-08 06:15:09,Q2,54900000,12700000.0,42200000.0,0.7686703096539163,0.0,2100000.0,0.0,0.0,16100000.0,0.0,0.0,14000000.0,40100000.0,0.7304189435336976,26100000.0,0.47540983606557374,-1500000.0,85300000.0,1.5537340619307833,0.0,85300000.0,1.5537340619307833,1.32043,1.32043,64600000,64600000,https://www.sec.gov/Archives/edgar/data/1332639/000119312508170863/0001193125-08-170863-index.html,https://www.sec.gov/Archives/edgar/data/1332639/000119312508170863/d6k.htm,1620598326,18:12:06,20210509
47,2008-03-31,SSW,USD,2008-04-04 00:00:00,2008-04-04 16:42:30,Q1,54200000,12600000.0,41600000.0,0.7675276752767528,0.0,1800000.0,0.0,0.0,15600000.0,0.0,0.0,13700000.0,39800000.0,0.7343173431734318,26100000.0,0.48154981549815495,-1100000.0,-37700000.0,-0.6955719557195572,0.0,-37700000.0,-0.6955719557195572,-0.65451,-0.65451,57600000,57600000,https://www.sec.gov/Archives/edgar/data/1332639/000119312508075366/0001193125-08-075366-index.html,https://www.sec.gov/Archives/edgar/data/1332639/000119312508075366/d6k.htm,1620598326,18:12:06,20210509
48,2007-12-31,SSW,USD,2007-12-31,2007-12-31,Q4,55000000,12900000.0,42100000.0,0.7654545454545455,0.0,1800000.0,0.0,0.0,15499999.999999998,0.0,0.0,13800000.000000004,40400000.0,0.7345454545454545,26600000.0,0.48363636363636364,-1000000.0,-20000000.0,-0.36363636363636365,0.0,-20000000.0,-0.36363636363636365,-0.34783,-0.34783,57500000,57500000,,,1620598326,18:12:06,20210509
49,2007-09-30,SSW,USD,2007-10-29 00:00:00,2007-10-29 08:25:58,Q3,54200000,12400000.0,41800000.0,0.7712177121771218,0.0,1400000.0,0.0,0.0,15100000.0,0.0,0.0,13700000.0,40400000.0,0.7453874538745388,26700000.0,0.492619926199262,-800000.0,-38600000.0,-0.7121771217712177,0.0,-38600000.0,-0.7121771217712177,-0.69928,-0.69928,55200000,55200000,https://www.sec.gov/Archives/edgar/data/1332639/000119312507227612/0001193125-07-227612-index.html,https://www.sec.gov/Archives/edgar/data/1332639/000119312507227612/d6k.htm,1620598326,18:12:06,20210509
50,2007-06-30,SSW,USD,2007-07-09 00:00:00,2007-07-09 09:02:15,Q2,48900000,11200000.0,37700000.0,0.7709611451942741,0.0,1500000.0,0.0,0.0,14300000.0,0.0,0.0,12200000.0,35600000.0,0.7280163599182005,23400000.0,0.4785276073619632,-600000.0,33500000.0,0.6850715746421268,0.0,33500000.0,0.6850715746421268,0.64922,0.64922,51600000,51600000,https://www.sec.gov/Archives/edgar/data/1332639/000119907307000603/0001199073-07-000603-index.html,https://www.sec.gov/Archives/edgar/data/1332639/000119907307000603/d6k.htm,1620598326,18:12:06,20210509
51,2007-03-31,SSW,USD,2007-04-10 00:00:00,2007-04-10 12:04:25,Q1,41200000,9800000.0,31500000.0,0.7645631067961165,0.0,1400000.0,0.0,0.0,11800000.0,0.0,0.0,10500000.0,30100000.0,0.7305825242718447,19600000.0,0.47572815533980584,-700000.0,14700000.0,0.3567961165048544,0.0,14700000.0,0.3567961165048544,0.30882,0.30882,47600000,47600000,https://www.sec.gov/Archives/edgar/data/1332639/000119907307000263/0001199073-07-000263-index.html,https://www.sec.gov/Archives/edgar/data/1332639/000119907307000263/d6k.htm,1620598326,18:12:06,20210509
52,2006-12-31,SSW,USD,2007-03-15 00:00:00,2007-03-15 15:34:59,Q4,35700000,8300000.0,27500000.0,0.7703081232492998,0.0,1900000.0,0.0,0.0,10200000.0,0.0,0.0,8299999.999999997,25599999.999999996,0.7170868347338935,17300000.0,0.484593837535014,-700000.0,10500000.0,0.29411764705882354,0.0,10500000.0,0.29411764705882354,0.24533,0.24533,42800000,42800000,https://www.sec.gov/Archives/edgar/data/1332639/000119312507055597/0001193125-07-055597-index.html,https://www.sec.gov/Archives/edgar/data/1332639/000119312507055597/d6k.htm,1620598326,18:12:06,20210509
53,2006-09-30,SSW,USD,2006-10-23 00:00:00,2006-10-23 16:41:59,Q3,30100000,7100000.0,23000000.0,0.7641196013289037,0.0,900000.0,0.0,0.0,7600000.0,0.0,0.0,6700000.000000001,22100000.0,0.7342192691029901,15400000.0,0.5116279069767442,-700000.0,9300000.0,0.3089700996677741,0.0,9300000.0,0.3089700996677741,0.25833,0.25833,36000000,36000000,https://www.sec.gov/Archives/edgar/data/1332639/000119312506212885/0001193125-06-212885-index.html,https://www.sec.gov/Archives/edgar/data/1332639/000119312506212885/d6k.htm,1620598326,18:12:06,20210509
54,2006-06-30,SSW,USD,2006-06-30,2006-06-30,Q2,27800000,6700000.0,21200000.0,0.762589928057554,0.0,1100000.0,0.0,0.0,7399999.999999999,0.0,0.0,6300000.000000001,20000000.0,0.7194244604316546,13700000.0,0.49280575539568344,-800000.0,8400000.0,0.302158273381295,0.0,8400000.0,0.302158273381295,0.23333,0.23333,36000000,36000000,,,1620598326,18:12:06,20210509
55,2006-03-31,SSW,USD,2006-03-31,2006-03-31,Q1,24800000,5800000.0,19000000.0,0.7661290322580645,0.0,1000000.0,0.0,0.0,6600000.000000001,0.0,0.0,5600000.0,18000000.0,0.7258064516129032,12400000.0,0.5,-600000.0,8900000.0,0.3588709677419355,0.0,8900000.0,0.3588709677419355,0.24722,0.24722,36000000,36000000,,,1620598326,18:12:06,20210509
56,2005-09-30,SSW,USD,2005-09-30,2005-09-30,Q4,11400000,2700000.0,8700000.0,0.7631578947368421,0.0,500000.0,0.0,0.0,3399999.9999999995,0.0,0.0,0.0,5100000.0,0.447368,5300000.0,0.4649122807017544,0.0,5100000.0,0.4473684210526316,0.0,5100000.0,0.4473684210526316,0.14167,0.14167,36000000,36000000,,,1620598326,18:12:06,20210509
