,date,symbol,reportedCurrency,fillingDate,acceptedDate,period,revenue,costOfRevenue,grossProfit,grossProfitRatio,researchAndDevelopmentExpenses,generalAndAdministrativeExpenses,sellingAndMarketingExpenses,otherExpenses,operatingExpenses,costAndExpenses,interestExpense,depreciationAndAmortization,ebitda,ebitdaratio,operatingIncome,operatingIncomeRatio,totalOtherIncomeExpensesNet,incomeBeforeTax,incomeBeforeTaxRatio,incomeTaxExpense,netIncome,netIncomeRatio,eps,epsdiluted,weightedAverageShsOut,weightedAverageShsOutDil,link,finalLink,timestamp,est_time,est_date
0,2020-12-31,UNIVCABLES.NS,INR,2020-12-31,2020-12-31,Q4,3703776000,2746863000,956913000,0.2583614667841684,0.0,0.0,0.0,34319000.0,725487000,3472350000,151258000.0,69275000,300701000.0,0.08118768521638457,231426000.0,0.06248380031621783,0.0,272588000.0,0.07359732338024762,72615000.0,199973000.0,0.05399165608287326,5.76,5.76,34717535,34717535,https://www.nseindia.com/companies-listing/corporate-filings-annual-reports,https://www.nseindia.com/companies-listing/corporate-filings-annual-reports,1620599300,18:28:20,20210509
1,2020-09-30,UNIVCABLES.NS,INR,2020-09-30,2020-09-30,Q3,2837101000,1904960000,932141000,0.3285540416079653,0.0,0.0,0.0,64013000.0,840808000,2745768000,150921000.0,64482000,155815000.0,0.05492049807179935,91333000.0,0.03219236819556301,0.0,168107000.0,0.05925308968556283,33170000.0,134937000.0,0.047561577821868165,3.89,3.89,34688175,34688175,https://www.nseindia.com/companies-listing/corporate-filings-annual-reports,https://www.nseindia.com/companies-listing/corporate-filings-annual-reports,1620599300,18:28:20,20210509
2,2020-06-30,UNIVCABLES.NS,INR,2020-06-30,2020-06-30,Q2,2050490000,1477721000,572769000,0.27933274485610754,0.0,0.0,0.0,23113000.0,502960000,1980681000,164157000.0,62353000,132162000.0,0.06445386224756033,69809000.0,0.034045033138420576,0.0,7752000.0,0.0037805597686406665,4882000.0,2870000.0,0.0013996654458202674,0.08,0.08,35875000,35875000,https://www.nseindia.com/companies-listing/corporate-filings-annual-reports,https://www.nseindia.com/companies-listing/corporate-filings-annual-reports,1620599300,18:28:20,20210509
3,2020-03-31,UNIVCABLES.NS,INR,2020-03-31,2020-03-31,Q1,3616846000,2752078000,864768000,0.23909450388542947,0.0,0.0,0.0,-75427000.0,519936000,3272014000,118540000.0,59467000,404299000.0,0.1117821991868053,344832000.0,0.09534052597207622,0.0,415270000.0,0.11481550500076586,420063000.0,-4793000.0,-0.0013251877464509133,-0.13817388778740883,-0.13817388778740883,34688175,34688175,https://www.nseindia.com/companies-listing/corporate-filings-annual-reports,https://www.nseindia.com/companies-listing/corporate-filings-annual-reports,1620599300,18:28:20,20210509
4,2019-12-31,UNIVCABLES.NS,INR,2019-12-31,2019-12-31,Q4,3955485000,2814509000,1140976000,0.2884541339431195,0.0,0.0,0.0,29293000.0,778316000,3592825000,210948000.0,54495000,417155000.0,0.10546241484925363,362660000.0,0.09168534326384754,0.0,327153000.0,0.08270869438261047,42145000.0,285008000.0,0.07205386950020036,8.21,8.21,34714738,34714738,https://www.nseindia.com/companies-listing/corporate-filings-annual-reports,https://www.nseindia.com/companies-listing/corporate-filings-annual-reports,1620599300,18:28:20,20210509
5,2019-09-30,UNIVCABLES.NS,INR,2019-09-30,2019-09-30,Q3,3752096000,2668731000,1083365000,0.2887359491868012,0.0,0.0,0.0,74969000.0,770970000,3439701000,177176000.0,55958000,368353000.0,0.09817259473105165,312395000.0,0.08325879721627591,0.0,295276000.0,0.07869628069217845,8588000.0,286688000.0,0.07640742667565009,8.27,8.27,34666022,34666022,https://www.nseindia.com/companies-listing/corporate-filings-annual-reports,https://www.nseindia.com/companies-listing/corporate-filings-annual-reports,1620599300,18:28:20,20210509
6,2019-06-30,UNIVCABLES.NS,INR,2019-06-30,2019-06-30,Q2,4263947000,2889088000,1374859000,0.32243810722788063,0.0,0.0,0.0,34186000.0,956138000,3845226000,169951000.0,53968000,472689000.0,0.1108571471455907,418721000.0,0.09820032941310011,0.0,430209000.0,0.10089454676617697,96358000.0,333851000.0,0.07829623585846635,9.62,9.62,34703846,34703846,https://www.nseindia.com/companies-listing/corporate-filings-annual-reports,https://www.nseindia.com/companies-listing/corporate-filings-annual-reports,1620599300,18:28:20,20210509
7,2019-03-31,UNIVCABLES.NS,INR,2019-03-31,2019-03-31,Q1,3989074000,2890929000,1098145000,0.27528819971752844,0.0,0.0,0.0,-45658000.0,591280000,3482209000,85362000.0,59931000,566796000.0,0.1420871109435423,506865000.0,0.127063323468053,0.0,530755000.0,0.13305218203522923,115935000.0,414820000.0,0.1039890460793658,11.958542068010209,11.958542068010209,34688175,34688175,https://www.nseindia.com/companies-listing/corporate-filings-annual-reports,https://www.nseindia.com/companies-listing/corporate-filings-annual-reports,1620599300,18:28:20,20210509
8,2018-12-31,UNIVCABLES.NS,INR,2018-12-31,2018-12-31,Q4,3670025000,2532946000,1137079000,0.30982867964114685,0.0,0.0,0.0,17911000.0,791883000,3324829000,152990000.0,52677000,397873000.0,0.10841152308226783,345196000.0,0.09405821486229658,0.0,448192000.0,0.12212232886696957,73475000.0,374717000.0,0.10210202927772971,10.8,10.8,34696019,34696019,https://www.nseindia.com/companies-listing/corporate-filings-annual-reports,https://www.nseindia.com/companies-listing/corporate-filings-annual-reports,1620599300,18:28:20,20210509
9,2018-09-30,UNIVCABLES.NS,INR,2018-09-30,2018-09-30,Q3,3236053000,2194448000,1041605000,0.32187513616124336,0.0,0.0,0.0,43536000.0,699686000,2894134000,153033000.0,50993000,392912000.0,0.1214170472486081,341919000.0,0.1056592707226983,0.0,291756000.0,0.09015797948921109,69032000.0,222724000.0,0.06882581960184211,6.42,6.42,34692212,34692212,https://www.nseindia.com/companies-listing/corporate-filings-annual-reports,https://www.nseindia.com/companies-listing/corporate-filings-annual-reports,1620599300,18:28:20,20210509
10,2017-03-31,UNIVCABLES.NS,INR,2017-03-31,2017-03-31,Q1,3416333000,2566554000,849779000,0.24874009647186032,0.0,0.0,0.0,0.0,677578000,3244132000,56435000.0,110360000,282561000.0,0.08270885771381185,172201000.0,0.05040521518247782,0.0,142040000.0,0.04157674325073112,34882000.0,332331000.0,0.09727710969627375,9.580527081635168,9.580527081635168,34688175,34688175,https://www.nseindia.com/companies-listing/corporate-filings-annual-reports,https://www.nseindia.com/companies-listing/corporate-filings-annual-reports,1620599300,18:28:20,20210509
11,2016-12-31,UNIVCABLES.NS,INR,2016-12-31,2016-12-31,Q4,2064857000,1417980000,646877000,0.3132793215220231,0.0,0.0,0.0,0.0,504208000,1922188000,99470000.0,48501000,191170000.0,0.09258268248115971,142669000.0,0.06909388882619959,0.0,43199000.0,0.020921061361634245,0.0,43199000.0,0.020921061361634245,1.24,1.24,34837903,34837903,https://www.nseindia.com/companies-listing/corporate-filings-annual-reports,https://www.nseindia.com/companies-listing/corporate-filings-annual-reports,1620599300,18:28:20,20210509
12,2016-09-30,UNIVCABLES.NS,INR,2016-09-30,2016-09-30,Q3,1796200000,1246200000,550000000,0.3062019819619196,0.0,0.0,0.0,0.0,389600000,1635800000,111900000.0,45900000,206300000.0,0.11485357977953457,160400000.0,0.08929963255762165,0.0,48500000.0,0.027001447500278365,-59300000.0,107800000.0,0.060015588464536244,3.11,3.11,34662379,34662379,https://www.nseindia.com/companies-listing/corporate-filings-annual-reports,https://www.nseindia.com/companies-listing/corporate-filings-annual-reports,1620599300,18:28:20,20210509
13,2016-06-30,UNIVCABLES.NS,INR,2016-06-30,2016-06-30,Q2,1808100000,1191100000,617000000,0.3412421879320834,0.0,0.0,0.0,0.0,421700000,1612800000,121700000.0,44800000,240100000.0,0.13279132791327913,195300000.0,0.10801393728222997,0.0,73600000.0,0.04070571317958078,-5200000.0,78800000.0,0.043581660306398984,2.27,2.27,34713656,34713656,https://www.nseindia.com/companies-listing/corporate-filings-annual-reports,https://www.nseindia.com/companies-listing/corporate-filings-annual-reports,1620599300,18:28:20,20210509
14,2016-03-31,UNIVCABLES.NS,INR,2016-03-31,2016-03-31,Q1,2161406000,1468843000,692563000,0.3204224472403611,0.0,0.0,0.0,0.0,575489000,2044332000,84756000.0,45019000,162093000.0,0.07499423986053523,117074000.0,0.054165668088272174,0.0,97480000.0,0.04510027269286751,-21915000.0,119395000.0,0.05523950613628351,3.441951039511303,3.441951039511303,34688175,34688175,https://www.nseindia.com/companies-listing/corporate-filings-annual-reports,https://www.nseindia.com/companies-listing/corporate-filings-annual-reports,1620599300,18:28:20,20210509
15,2015-12-31,UNIVCABLES.NS,INR,2015-12-31,2015-12-31,Q4,1869100000,1319000000,550100000,0.29431277085228186,0.0,0.0,0.0,0.0,372600000,1691600000,112500000.0,44200000,221700000.0,0.11861323631694398,177500000.0,0.09496549141297951,0.0,65000000.0,0.03477609544700658,0.0,65000000.0,0.03477609544700658,2.01,2.01,32338308,32338308,https://www.nseindia.com/companies-listing/corporate-filings-annual-reports,https://www.nseindia.com/companies-listing/corporate-filings-annual-reports,1620599300,18:28:20,20210509
16,2015-09-30,UNIVCABLES.NS,INR,2015-09-30,2015-09-30,Q3,1854900000,1342800000,512100000,0.27607957302280445,0.0,0.0,0.0,0.0,331900000,1674700000,131400000.0,43700000,223900000.0,0.12070731575826191,180200000.0,0.09714809423688608,0.0,48800000.0,0.026308695886570706,0.0,48800000.0,0.026308695886570706,2.11,2.11,23127962,23127962,https://www.nseindia.com/companies-listing/corporate-filings-annual-reports,https://www.nseindia.com/companies-listing/corporate-filings-annual-reports,1620599300,18:28:20,20210509
17,2015-06-30,UNIVCABLES.NS,INR,2015-06-30,2015-06-30,Q2,1598000000,1178100000,419900000,0.26276595744680853,0.0,0.0,0.0,0.0,317900000,1496000000,139700000.0,43600000,145600000.0,0.09111389236545682,102000000.0,0.06382978723404255,0.0,-37700000.0,-0.023591989987484355,0.0,-37700000.0,-0.023591989987484355,-1.63,-1.63,23128834,23128834,https://www.nseindia.com/companies-listing/corporate-filings-annual-reports,https://www.nseindia.com/companies-listing/corporate-filings-annual-reports,1620599300,18:28:20,20210509
18,2015-03-31,UNIVCABLES.NS,INR,2015-03-31,2015-03-31,Q1,1934547000,1523538000,411009000,0.21245749004805775,0.0,0.0,0.0,0.0,378913000,1902451000,0.0,41584000,73680000.0,0.03808643573921957,32096000.0,0.016590964189549286,0.0,-21514000.0,-0.011120949762399156,0.0,-21514000.0,-0.011120949762399156,-0.6202113544457153,-0.6202113544457153,34688175,34688175,https://www.nseindia.com/companies-listing/corporate-filings-annual-reports,https://www.nseindia.com/companies-listing/corporate-filings-annual-reports,1620599300,18:28:20,20210509
19,2014-12-31,UNIVCABLES.NS,INR,2014-12-31,2014-12-31,Q4,1710000000,1421300000,288700000,0.16883040935672514,0.0,0.0,0.0,0.0,346600000,1767900000,0.0,44400000,-13500000.0,-0.007894736842105263,-57900000.0,-0.03385964912280702,0.0,-197500000.0,-0.1154970760233918,0.0,-197500000.0,-0.1154970760233918,-8.54,-8.54,23126464,23126464,https://www.nseindia.com/companies-listing/corporate-filings-annual-reports,https://www.nseindia.com/companies-listing/corporate-filings-annual-reports,1620599300,18:28:20,20210509
20,2014-09-30,UNIVCABLES.NS,INR,2014-09-30,2014-09-30,Q3,1708100000,1407600000,300500000,0.1759264680053861,0.0,0.0,0.0,0.0,318500000,1726100000,0.0,46800000,28800000.0,0.016860839529301563,-18000000.0,-0.010538024705813477,0.0,-130800000.0,-0.0765763128622446,-500000.0,-130300000.0,-0.07628358995374979,-5.63,-5.63,23143872,23143872,https://www.nseindia.com/companies-listing/corporate-filings-annual-reports,https://www.nseindia.com/companies-listing/corporate-filings-annual-reports,1620599300,18:28:20,20210509
21,2014-06-30,UNIVCABLES.NS,INR,2014-06-30,2014-06-30,Q2,1587600000,1200300000,387300000,0.24395313681027966,0.0,0.0,0.0,0.0,272400000,1472700000,0.0,43400000,158300000.0,0.09971025447215924,114900000.0,0.07237339380196522,0.0,2700000.0,0.0017006802721088435,500000.0,2200000.0,0.001385739480977576,0.09,0.09,24444444,24444444,https://www.nseindia.com/companies-listing/corporate-filings-annual-reports,https://www.nseindia.com/companies-listing/corporate-filings-annual-reports,1620599300,18:28:20,20210509
22,2014-03-31,UNIVCABLES.NS,INR,2014-03-31,2014-03-31,Q1,1697947000,1371693000,326254000,0.1921461623949393,0.0,0.0,0.0,0.0,436527000,1808220000,0.0,45434000,-64839000.0,-0.03818670429642386,-110273000.0,-0.0649449011070428,0.0,-100543000.0,-0.059214451334464506,45000.0,-100588000.0,-0.05924095392847951,-2.8997778061255746,-2.8997778061255746,34688175,34688175,https://www.nseindia.com/companies-listing/corporate-filings-annual-reports,https://www.nseindia.com/companies-listing/corporate-filings-annual-reports,1620599300,18:28:20,20210509
23,2013-12-31,UNIVCABLES.NS,INR,2013-12-31,2013-12-31,Q4,1475800000,1233200000,242600000,0.1643854180783304,0.0,0.0,0.0,0.0,251600000,1484800000,0.0,42300000,33300000.0,0.02256403306681122,-9000000.0,-0.006098387315354384,0.0,-90300000.0,-0.06118715273072232,0.0,-90300000.0,-0.06118715273072232,-3.9,-3.9,23130254,23130254,https://www.nseindia.com/companies-listing/corporate-filings-annual-reports,https://www.nseindia.com/companies-listing/corporate-filings-annual-reports,1620599300,18:28:20,20210509
24,2013-09-30,UNIVCABLES.NS,INR,2013-09-30,2013-09-30,Q3,1490600000,1219600000,271000000,0.18180598416744934,0.0,0.0,0.0,0.0,308800000,1528400000,0.0,41000000,3200000.0,0.002146786528914531,-37800000.0,-0.0253589158728029,0.0,-109600000.0,-0.07352743861532268,-700000.0,-108900000.0,-0.07305782906212263,-4.71,-4.71,23130254,23130254,https://www.nseindia.com/companies-listing/corporate-filings-annual-reports,https://www.nseindia.com/companies-listing/corporate-filings-annual-reports,1620599300,18:28:20,20210509
25,2013-06-30,UNIVCABLES.NS,INR,2013-06-30,2013-06-30,Q2,1457300000,1178100000,279200000,0.1915871817745145,0.0,0.0,0.0,0.0,336700000,1514800000,0.0,40000000,-17500000.0,-0.012008508886296575,-57500000.0,-0.03945652919783161,0.0,-140700000.0,-0.09654841144582448,-39900000.0,-100800000.0,-0.06916901118506828,-4.36,-4.36,23119266,23119266,https://www.nseindia.com/companies-listing/corporate-filings-annual-reports,https://www.nseindia.com/companies-listing/corporate-filings-annual-reports,1620599300,18:28:20,20210509
26,2013-03-31,UNIVCABLES.NS,INR,2013-03-31,2013-03-31,Q1,1925613000,1538878000,386735000,0.2008373437445634,0.0,0.0,0.0,0.0,424195000,1963073000,0.0,35588000,-1872000.0,-0.0009721579569726628,-37460000.0,-0.019453545442412363,0.0,-29816000.0,-0.015483900451440658,11711000.0,-41527000.0,-0.02156560014914731,-1.1971514788541051,-1.1971514788541051,34688175,34688175,https://www.nseindia.com/companies-listing/corporate-filings-annual-reports,https://www.nseindia.com/companies-listing/corporate-filings-annual-reports,1620599300,18:28:20,20210509
27,2012-12-31,UNIVCABLES.NS,INR,2012-12-31,2012-12-31,Q4,1493700000,1133300000,360400000,0.2412800428466225,0.0,0.0,0.0,0.0,279700000,1413000000,64700000.0,37700000,118400000.0,0.07926625159001138,80700000.0,0.05402691303474593,0.0,16000000.0,0.010711655620271808,9000000.0,7000000.0,0.004686349333868916,0.3,0.3,23130254,23130254,https://www.nseindia.com/companies-listing/corporate-filings-annual-reports,https://www.nseindia.com/companies-listing/corporate-filings-annual-reports,1620599300,18:28:20,20210509
28,2012-09-30,UNIVCABLES.NS,INR,2012-09-30,2012-09-30,Q3,1603300000,1246400000,356900000,0.2226033805276617,0.0,0.0,0.0,0.0,253600000,1500000000,60100000.0,37800000,141100000.0,0.08800598765047091,103300000.0,0.06442961392128735,0.0,43200000.0,0.026944427119066923,-14000000.0,57200000.0,0.03567641738913491,2.47,2.47,23130254,23130254,https://www.nseindia.com/companies-listing/corporate-filings-annual-reports,https://www.nseindia.com/companies-listing/corporate-filings-annual-reports,1620599300,18:28:20,20210509
29,2012-06-30,UNIVCABLES.NS,INR,2012-06-30,2012-06-30,Q2,1166600000,861400000,305200000,0.2616149494256815,0.0,0.0,0.0,0.0,346300000,1207700000,57800000.0,36600000,-4500000.0,-0.0038573632779015945,-41100000.0,-0.03523058460483456,0.0,-98900000.0,-0.08477627292988171,-30000000.0,-68900000.0,-0.059060517743871076,-2.98,-2.98,23130000,23130000,https://www.nseindia.com/companies-listing/corporate-filings-annual-reports,https://www.nseindia.com/companies-listing/corporate-filings-annual-reports,1620599300,18:28:20,20210509
