,date,symbol,reportedCurrency,fillingDate,acceptedDate,period,revenue,costOfRevenue,grossProfit,grossProfitRatio,researchAndDevelopmentExpenses,generalAndAdministrativeExpenses,sellingAndMarketingExpenses,otherExpenses,operatingExpenses,costAndExpenses,interestExpense,depreciationAndAmortization,ebitda,ebitdaratio,operatingIncome,operatingIncomeRatio,totalOtherIncomeExpensesNet,incomeBeforeTax,incomeBeforeTaxRatio,incomeTaxExpense,netIncome,netIncomeRatio,eps,epsdiluted,weightedAverageShsOut,weightedAverageShsOutDil,link,finalLink,timestamp,est_time,est_date
0,2020-12-31,TSEM,USD,2020-12-31,2020-12-31,Q4,0.0,0.0,0.0,0.0,0.0,0.0,0.0,0.0,0.0,0.0,0.0,0.0,0.0,0.0,0.0,0.0,0.0,0.0,0.0,0.0,0.0,0.0,0.29,0.28,107762000.0,108985000.0,,,1620599074,18:24:34,20210509
1,2020-09-30,TSEM,USD,2020-09-30,2020-09-30,Q3,310212000.0,256751000.0,53461000.0,0.17233698245071113,19569000.0,0.0,0.0,0.0,34372000.0,291123000.0,0.0,60277000.0,79366000.0,0.2558443902879321,19089000.0,0.06153533712428919,0.0,18524000.0,0.059714002037316416,2798000.0,15198000.0,0.048992302038605856,0.1414096301465457,0.140073732718894,107475000.0,108500000.0,,,1620599074,18:24:34,20210509
2,2020-06-30,TSEM,USD,2020-07-29 00:00:00,2020-07-29 07:00:47,Q2,310090000.0,252385000.0,57705000.0,0.18609113483182302,19424000.0,0.0,0.0,0.0,35578000.00000003,287963000.00000006,1831000.0,60503000.00000001,82630000.0,0.2664710245412622,22127000.0,0.07135670289270857,0.0,23958000.0,0.07726144022703087,2484000.0,19052000.0,0.06144022703086201,0.17596,0.17596,108277000.0,108277000.0,https://www.sec.gov/Archives/edgar/data/928876/000117891320002145/0001178913-20-002145-index.htm,https://www.sec.gov/Archives/edgar/data/928876/000117891320002145/zk2024711.htm,1620599074,18:24:34,20210509
3,2020-03-31,TSEM,USD,2020-04-06 00:00:00,2020-04-06 07:00:20,Q1,300171000.0,247628000.0,52543000.0,0.17504355850498549,19414000.0,0.0,0.0,0.0,36105000.00000002,283733000.0,-2113000.0,56796000.0,73234000.0,0.243974268000573,16438000.0,0.05476211892554577,0.0,14325000.0,0.047722798005137075,-1706000.0,17020000.0,0.056701013755492705,0.15738,0.15738,108149000.0,108149000.0,https://www.sec.gov/Archives/edgar/data/928876/000117891320001026/0001178913-20-001026-index.html,https://www.sec.gov/Archives/edgar/data/928876/000117891320001026/zk2024237.htm,1620599074,18:24:34,20210509
4,2019-12-31,TSEM,USD,2020-01-21 00:00:00,2020-01-21 06:03:26,Q4,305710000.0,250878000.0,54832000.0,0.1793595237316411,18877000.0,0.0,0.0,0.0,35934000.00000002,286812000.0,-1235000.0,56403999.99999999,75302000.0,0.24631840633279906,18898000.0,0.06181675444048281,4293000.0,21956000.0,0.07181969840698701,2360000.0,20707000.0,0.06773412711393151,0.19174,0.19174,107996000.0,107996000.0,https://www.sec.gov/Archives/edgar/data/928876/000117891320000126/0001178913-20-000126-index.html,https://www.sec.gov/Archives/edgar/data/928876/000117891320000126/zk2023851.htm,1620599074,18:24:34,20210509
5,2019-09-30,TSEM,USD,2019-10-23 00:00:00,2019-10-23 06:02:25,Q3,312122000.0,253841000.0,58281000.0,0.18672506263576422,18722000.0,0.0,0.0,0.0,35562000.00000001,289403000.0,-426000.0,53202999.99999999,75922000.0,0.243244628702879,22719000.0,0.07278884538738058,0.0,22293000.0,0.07142399446370329,-61000.0,22188000.0,0.07108758754589552,0.20621,0.20621,107601000.0,107601000.0,https://www.sec.gov/Archives/edgar/data/928876/000117891319002494/0001178913-19-002494-index.html,https://www.sec.gov/Archives/edgar/data/928876/000117891319002494/zk1923551.htm,1620599074,18:24:34,20210509
6,2019-06-30,TSEM,USD,2019-07-29 00:00:00,2019-07-29 06:02:43,Q2,306064000.0,252657000.0,53407000.0,0.17449618380469445,18812000.0,0.0,0.0,0.0,35650000.00000001,288307000.0,947000.0,52853000.0,70610000.0,0.23070338229912699,17757000.0,0.05801727743217105,0.0,18704000.0,0.06111140153693345,-1018000.0,20936000.0,0.06840399393590883,0.19534,0.19534,107178000.0,107178000.0,https://www.sec.gov/Archives/edgar/data/928876/000117891319001961/0001178913-19-001961-index.html,https://www.sec.gov/Archives/edgar/data/928876/000117891319001961/zk1923323.htm,1620599074,18:24:34,20210509
7,2019-03-31,TSEM,USD,2019-04-23 00:00:00,2019-04-23 06:02:37,Q1,310107000.0,246956000.0,63151000.0,0.2036426136785045,19168000.0,0.0,0.0,0.0,35809000.0,282765000.0,725000.0,52014000.0,79356000.0,0.2558987704244019,27342000.0,0.08816956727839101,0.0,28067000.0,0.09050747000228954,1667000.0,26216000.0,0.08453856249617067,0.24507,0.24507,106972000.0,106972000.0,https://www.sec.gov/Archives/edgar/data/928876/000117891319001194/0001178913-19-001194-index.html,https://www.sec.gov/Archives/edgar/data/928876/000117891319001194/zk1922962.htm,1620599074,18:24:34,20210509
8,2018-12-31,TSEM,USD,2019-01-22 00:00:00,2019-01-22 06:02:18,Q4,333590000.0,257957000.0,75633000.0,0.22672442219490993,18378000.0,0.0,0.0,0.0,35394000.00000001,293351000.0,99000.0,54191000.0,94430000.0,0.2830720345334093,40239000.0,0.12062411942804041,0.0,36332000.0,0.10891213765400641,-183000.0,38073000.0,0.11413111903834047,0.35987,0.35987,105796000.0,105796000.0,https://www.sec.gov/Archives/edgar/data/928876/000117891319000114/0001178913-19-000114-index.html,https://www.sec.gov/Archives/edgar/data/928876/000117891319000114/zk1922477.htm,1620599074,18:24:34,20210509
9,2018-09-30,TSEM,USD,2018-10-02 00:00:00,2018-10-02 06:06:07,Q3,322600000.0,250000000.0,72600000.0,0.2250464972101674,18200000.0,0.0,0.0,0.0,34062000.0,284000000.0,-2500000.0,52699999.99999999,91300000.0,0.28301301921884686,38600000.0,0.11965282083075016,0.0,36100000.0,0.11190328580285183,2400000.0,33600000.0,0.10415375077495351,0.32909,0.32909,102100000.0,102100000.0,https://www.sec.gov/Archives/edgar/data/928876/000117891318002603/0001178913-18-002603-index.html,https://www.sec.gov/Archives/edgar/data/928876/000117891318002603/zk1822126.htm,1620599074,18:24:34,20210509
10,2018-06-30,TSEM,USD,2018-07-05 00:00:00,2018-07-05 06:30:47,Q2,335100000.0,256600000.0,78500000.0,0.23425843031930768,18200000.0,0.0,0.0,0.0,34288000.0,290899999.99999994,-7000000.0,53500000.0,97700000.0,0.29155475977320205,44200000.0,0.13190092509698598,1600000.0,38800000.0,0.11578633243807819,2800000.0,37700000.0,0.11250373022978215,0.3729,0.3729,101100000.0,101100000.0,https://www.sec.gov/Archives/edgar/data/928876/000117891318002044/0001178913-18-002044-index.html,https://www.sec.gov/Archives/edgar/data/928876/000117891318002044/zk1821871.htm,1620599074,18:24:34,20210509
11,2018-03-31,TSEM,USD,2018-04-11 00:00:00,2018-04-11 06:02:32,Q1,312700000.0,246500000.0,66200000.0,0.21170450911416694,18300000.0,0.0,0.0,0.0,34260000.0,280800000.0,-600000.0,54000000.0,85900000.0,0.27470418931883595,31900000.0,0.10201471058522546,-3200000.0,28100000.0,0.08986248800767509,1000000.0,26100000.0,0.08346658138791174,0.25816,0.25816,101100000.0,101100000.0,https://www.sec.gov/Archives/edgar/data/928876/000117891318001160/0001178913-18-001160-index.html,https://www.sec.gov/Archives/edgar/data/928876/000117891318001160/zk1821479.htm,1620599074,18:24:34,20210509
12,2017-12-31,TSEM,USD,2018-01-24 00:00:00,2018-01-24 06:07:06,Q4,357600000.0,268300000.0,89400000.0,0.25,18400000.0,0.0,0.0,0.0,34872000.0,303100000.0,-4100000.0,51300000.00000001,105800000.0,0.2958612975391499,54500000.0,0.1524049217002237,-3000000.0,47400000.0,0.1325503355704698,-88200000.0,147200000.0,0.4116331096196868,1.37828,1.37828,106800000.0,106800000.0,https://www.sec.gov/Archives/edgar/data/928876/000117891318000243/0001178913-18-000243-index.html,https://www.sec.gov/Archives/edgar/data/928876/000117891318000243/zk1821064.htm,1620599074,18:24:34,20210509
13,2017-09-30,TSEM,USD,2017-10-17 00:00:00,2017-10-17 06:02:30,Q3,354600000.0,265400000.0,89100000.0,0.2512690355329949,17100000.0,0.0,0.0,0.0,33916000.0,299400000.0,-1800000.0,55000000.0,110200000.0,0.3107727016356458,55200000.0,0.155668358714044,-2500000.0,50900000.0,0.14354201917653694,-3300000.0,55300000.0,0.1559503666102651,0.51974,0.51974,106400000.0,106400000.0,https://www.sec.gov/Archives/edgar/data/928876/000117891317002796/0001178913-17-002796-index.html,https://www.sec.gov/Archives/edgar/data/928876/000117891317002796/zk1720610.htm,1620599074,18:24:34,20210509
14,2017-06-30,TSEM,USD,2017-07-05 00:00:00,2017-07-05 06:01:05,Q2,345100000.0,254000000.0,91100000.0,0.26398145465082584,16400000.0,0.0,0.0,0.0,33670000.0,287700000.0,-2100000.0,52399999.99999999,109800000.0,0.31816864676905243,57400000.0,0.1663286004056795,-900000.0,54400000.0,0.15763546798029557,2700000.0,50000000.0,0.14488554042306578,0.47348,0.47348,105600000.0,105600000.0,https://www.sec.gov/Archives/edgar/data/928876/000117891317001995/0001178913-17-001995-index.html,https://www.sec.gov/Archives/edgar/data/928876/000117891317001995/zk1720227.htm,1620599074,18:24:34,20210509
15,2017-03-31,TSEM,USD,2017-04-10 00:00:00,2017-04-10 11:12:51,Q1,330100000.0,245300000.0,84800000.0,0.25689185095425626,15800000.0,0.0,0.0,0.0,32005000.0,277300000.0,-2200000.0,49700000.0,102500000.0,0.3105119660708876,52800000.0,0.15995152983944258,-1500000.0,49000000.0,0.14843986670705847,2000000.0,45500000.0,0.13783701908512572,0.43375,0.43375,104900000.0,104900000.0,https://www.sec.gov/Archives/edgar/data/928876/000117891317001103/0001178913-17-001103-index.html,https://www.sec.gov/Archives/edgar/data/928876/000117891317001103/zk1719799.htm,1620599074,18:24:34,20210509
16,2016-12-31,TSEM,USD,2017-01-11 00:00:00,2017-01-11 06:01:34,Q4,340400000.0,252600000.0,87700000.0,0.25763807285546414,16300000.0,0.0,0.0,0.0,32529000.0,286000000.0,-1000000.0,51699999.99999999,106100000.0,0.3116921269095182,54400000.0,0.1598119858989424,-100000.0,53200000.0,0.1562867215041128,1000000.0,48300000.0,0.14189189189189189,0.32947,0.32947,146600000.0,146600000.0,https://www.sec.gov/Archives/edgar/data/928876/000117891317000067/0001178913-17-000067-index.html,https://www.sec.gov/Archives/edgar/data/928876/000117891317000067/zk1719369.htm,1620599074,18:24:34,20210509
17,2016-09-30,TSEM,USD,2016-10-11 00:00:00,2016-10-11 06:16:01,Q3,326200000.0,244900000.0,81300000.0,0.24923359901900674,15500000.0,0.0,0.0,0.0,32334000.0,277200000.0,-3300000.0,49200000.0,98200000.0,0.30104230533415083,49000000.0,0.15021459227467812,2900000.0,48600000.0,0.1489883507050889,-3500000.0,51200000.0,0.15695892090741875,0.50295,0.50295,101800000.0,101800000.0,https://www.sec.gov/Archives/edgar/data/928876/000117891316006655/0001178913-16-006655-index.html,https://www.sec.gov/Archives/edgar/data/928876/000117891316006655/zk1619080.htm,1620599074,18:24:34,20210509
18,2016-06-30,TSEM,USD,2016-07-07 00:00:00,2016-07-07 06:01:23,Q2,305000000.0,232300000.0,72700000.0,0.23836065573770493,16000000.0,0.0,0.0,0.0,32550000.0,254699999.99999997,-3000000.0,48200000.0,98500000.0,0.32295081967213113,50300000.0,0.16491803278688524,-3200000.0,44200000.0,0.14491803278688525,3800000.0,38500000.0,0.12622950819672132,0.38423,0.38423,100200000.0,100200000.0,https://www.sec.gov/Archives/edgar/data/928876/000117891316005828/0001178913-16-005828-index.html,https://www.sec.gov/Archives/edgar/data/928876/000117891316005828/zk1618703.htm,1620599074,18:24:34,20210509
19,2016-03-31,TSEM,USD,2016-04-05 00:00:00,2016-04-05 06:01:48,Q1,278000000.0,216700000.0,61300000.0,0.22050359712230216,15200000.0,0.0,0.0,0.0,31160000.0,206100000.0,-3400000.0,48500000.0,120500000.0,0.43345323741007197,72000000.0,0.2589928057553957,-4000000.0,64600000.0,0.23237410071942446,100000.0,65900000.0,0.2370503597122302,0.667,0.667,98800000.0,98800000.0,https://www.sec.gov/Archives/edgar/data/928876/000117891316004981/0001178913-16-004981-index.html,https://www.sec.gov/Archives/edgar/data/928876/000117891316004981/zk1618312.htm,1620599074,18:24:34,20210509
20,2015-12-31,TSEM,USD,2016-01-11 00:00:00,2016-01-11 06:06:13,Q4,254600000.0,190100000.0,64500000.0,0.2533385703063629,15700000.0,0.0,0.0,0.0,31182000.0,220300000.00000003,-2400000.0,168000000.0,202300000.0,0.7945797329143754,34300000.0,0.1347211311861744,-12700000.0,19300000.0,0.0758051846032993,-4800000.0,22100000.0,0.08680282796543598,0.2801,0.2801,78900000.0,78900000.0,https://www.sec.gov/Archives/edgar/data/928876/000117891316003941/0001178913-16-003941-index.html,https://www.sec.gov/Archives/edgar/data/928876/000117891316003941/zk1617838.htm,1620599074,18:24:34,20210509
21,2015-09-30,TSEM,USD,2015-10-14 00:00:00,2015-10-14 06:01:20,Q3,244200000.0,188800000.0,55400000.0,0.22686322686322685,16000000.0,0.0,0.0,0.0,31328000.0,220099999.99999997,-3600000.0,0.0,10900000.0,0.044636,24100000.0,0.09868959868959869,-5600000.0,14900000.0,0.061015561015561014,900000.0,13600000.0,0.055692055692055695,0.15668,0.15668,86800000.0,86800000.0,https://www.sec.gov/Archives/edgar/data/928876/000117891315003055/0001178913-15-003055-index.html,https://www.sec.gov/Archives/edgar/data/928876/000117891315003055/zk1517418.htm,1620599074,18:24:34,20210509
22,2015-06-30,TSEM,USD,2015-07-06 00:00:00,2015-07-06 06:34:45,Q2,235600000.0,183100000.0,52500000.0,0.2228353140916808,15100000.0,0.0,0.0,0.0,30954000.0,214100000.0,-3600000.0,0.0,6700000.0,0.028438,21500000.0,0.09125636672325976,-7300000.0,10600000.0,0.04499151103565365,2500000.0,7800000.0,0.03310696095076401,0.08904,0.08904,87600000.0,87600000.0,https://www.sec.gov/Archives/edgar/data/928876/000117891315002191/0001178913-15-002191-index.html,https://www.sec.gov/Archives/edgar/data/928876/000117891315002191/zk1517028.htm,1620599074,18:24:34,20210509
23,2015-03-31,TSEM,USD,2015-04-14 00:00:00,2015-04-14 06:03:59,Q1,226200000.0,193200000.0,33000000.0,0.14588859416445624,14800000.0,0.0,0.0,0.0,30998000.0,224200000.0,-3600000.0,0.0,-87600000.0,-0.387268,2000000.0,0.008841732979664015,-84600000.0,-86200000.0,-0.381078691423519,-10900000.0,-73100000.0,-0.32316534040671974,-1.14937,-1.14937,63600000.0,63600000.0,https://www.sec.gov/Archives/edgar/data/928876/000117891315001229/0001178913-15-001229-index.html,https://www.sec.gov/Archives/edgar/data/928876/000117891315001229/zk1516584.htm,1620599074,18:24:34,20210509
24,2014-12-31,TSEM,USD,2014-12-31,2014-12-31,Q4,235300000.0,197200000.0,38100000.0,0.1619209519762006,14400000.0,0.0,0.0,0.0,29903000.0,206900000.00000003,-7800000.0,94300000.00000001,122700000.00000001,0.5214619634509138,28400000.0,0.12069698257543561,-17100000.0,3500000.0,0.014874628134296642,-700000.0,600000.0,0.0025499362515937103,0.00888,0.00888,67600000.0,67600000.0,,,1620599074,18:24:34,20210509
25,2014-09-30,TSEM,USD,2014-10-07 00:00:00,2014-10-07 06:02:16,Q3,226000000.0,211300000.0,14700000.0,0.06504424778761062,15900000.0,0.0,0.0,0.0,31773000.0,243000000.0,-8700000.0,0.0,-38100000.0,-0.168584,-17100000.0,-0.07566371681415929,-6200000.0,-31900000.0,-0.14115044247787611,-10000000.0,-19400000.0,-0.08584070796460178,-0.36466,-0.36466,53200000.0,53200000.0,https://www.sec.gov/Archives/edgar/data/928876/000117891314003125/0001178913-14-003125-index.html,https://www.sec.gov/Archives/edgar/data/928876/000117891314003125/zk1415633.htm,1620599074,18:24:34,20210509
26,2014-06-30,TSEM,USD,2014-07-01 00:00:00,2014-07-01 06:03:40,Q2,234100000.0,227300000.0,6700000.0,0.028620247757368645,14200000.0,0.0,0.0,0.0,30689000.0,247099999.99999997,-8800000.0,109600000.0,96600000.0,0.4126441691584793,-13000000.0,-0.055531824006834686,-12200000.0,-34000000.0,-0.1452370781717215,-11600000.0,-15700000.0,-0.06706535668517727,-0.31337,-0.31337,50100000.0,50100000.0,https://www.sec.gov/Archives/edgar/data/928876/000117891314002190/0001178913-14-002190-index.html,https://www.sec.gov/Archives/edgar/data/928876/000117891314002190/zk1415182.htm,1620599074,18:24:34,20210509
27,2014-03-31,TSEM,USD,2014-04-01 00:00:00,2014-04-01 06:03:57,Q1,132700000.0,128400000.0,4300000.0,0.03240391861341371,7400000.0,0.0,0.0,0.0,18259000.0,68200000.0,-8100000.0,0.0,28200000.0,0.212509,64500000.0,0.4860587792012057,-20000000.0,36400000.0,0.2743029389600603,-2500000.0,38800000.0,0.292388847023361,0.70932,0.70932,54700000.0,54700000.0,https://www.sec.gov/Archives/edgar/data/928876/000117891314001162/0001178913-14-001162-index.html,https://www.sec.gov/Archives/edgar/data/928876/000117891314001162/zk1414701.htm,1620599074,18:24:34,20210509
28,2013-12-31,TSEM,USD,2014-04-01 00:00:00,2014-04-01 06:03:57,Q4,134600000.0,125600000.0,8900000.0,0.06612184249628529,8000000.0,0.0,0.0,0.0,18913000.0,146400000.0,-8200000.0,87500000.00000001,75700000.00000001,0.5624071322436851,-11800000.0,-0.08766716196136701,-11500000.0,-31600000.0,-0.23476968796433878,-1700000.0,-29800000.0,-0.2213967310549777,-0.62343,-0.62343,47800000.0,47800000.0,https://www.sec.gov/Archives/edgar/data/928876/000117891314001162/0001178913-14-001162-index.html,https://www.sec.gov/Archives/edgar/data/928876/000117891314001162/zk1414701.htm,1620599074,18:24:34,20210509
29,2013-09-30,TSEM,USD,2013-10-22 00:00:00,2013-10-22 06:01:58,Q3,132600000.0,128200000.0,4400000.0,0.033182503770739065,8200000.0,0.0,0.0,0.0,19189000.0,149200000.0,-8400000.0,0.0,-43500000.0,-0.328054,-16700000.0,-0.12594268476621417,-10000000.0,-35100000.0,-0.2647058823529412,-3300000.0,-31800000.0,-0.2398190045248869,-0.6824,-0.6824,46600000.0,46600000.0,https://www.sec.gov/Archives/edgar/data/928876/000117891313002888/0001178913-13-002888-index.html,https://www.sec.gov/Archives/edgar/data/928876/000117891313002888/zk1313750.htm,1620599074,18:24:34,20210509
30,2013-06-30,TSEM,USD,2013-07-01 00:00:00,2013-07-01 06:01:25,Q2,125200000.0,113000000.0,12200000.0,0.09744408945686901,7400000.0,0.0,0.0,0.0,18338000.0,133199999.99999999,-8300000.0,77300000.0,69300000.0,0.5535143769968051,-8000000.0,-0.06389776357827476,-8000000.0,-24300000.0,-0.19408945686900958,-1400000.0,-22900000.0,-0.1829073482428115,-0.58568,-0.58568,39100000.0,39100000.0,https://www.sec.gov/Archives/edgar/data/928876/000117891313001929/0001178913-13-001929-index.html,https://www.sec.gov/Archives/edgar/data/928876/000117891313001929/zk1313333.htm,1620599074,18:24:34,20210509
31,2013-03-31,TSEM,USD,2013-04-16 00:00:00,2013-04-16 16:00:24,Q1,112600000.0,110100000.0,2600000.0,0.023090586145648313,9500000.0,0.0,0.0,0.0,19540000.0,131500000.0,-8000000.0,0.0,-34200000.0,-0.30373,-18800000.0,-0.1669626998223801,700000.0,-26100000.0,-0.23179396092362345,-3000000.0,-23200000.0,-0.20603907637655416,-0.96266,-0.96266,24100000.0,24100000.0,https://www.sec.gov/Archives/edgar/data/928876/000117891313001104/0001178913-13-001104-index.html,https://www.sec.gov/Archives/edgar/data/928876/000117891313001104/zk1312959.htm,1620599074,18:24:34,20210509
32,2012-12-31,TSEM,USD,2013-01-14 00:00:00,2013-01-14 06:30:11,Q4,147600000.0,139000000.0,8600000.0,0.058265582655826556,7300000.0,0.0,0.0,0.0,18087000.0,157100000.0,-8600000.0,89100000.0,79600000.0,0.5392953929539296,-9500000.0,-0.06436314363143632,-7500000.0,-25700000.0,-0.17411924119241193,-2300000.0,-23400000.0,-0.15853658536585366,-1.08333,-1.08333,21600000.0,21600000.0,https://www.sec.gov/Archives/edgar/data/928876/000117891313000078/0001178913-13-000078-index.html,https://www.sec.gov/Archives/edgar/data/928876/000117891313000078/zk1312492.htm,1620599074,18:24:34,20210509
33,2012-09-30,TSEM,USD,2012-10-09 00:00:00,2012-10-09 07:30:55,Q3,154600000.0,135500000.0,19100000.0,0.12354463130659767,8200000.0,0.0,0.0,0.0,19642000.0,155100000.0,-8100000.0,0.0,-24600000.0,-0.15912,-500000.0,-0.003234152652005175,-7900000.0,-16500000.0,-0.10672703751617077,1700000.0,-18200000.0,-0.11772315653298836,-0.84651,-0.84651,21500000.0,21500000.0,https://www.sec.gov/Archives/edgar/data/928876/000117891312002817/0001178913-12-002817-index.html,https://www.sec.gov/Archives/edgar/data/928876/000117891312002817/zk1212094.htm,1620599074,18:24:34,20210509
34,2012-06-30,TSEM,USD,2012-07-11 00:00:00,2012-07-11 09:28:27,Q2,168600000.0,140300000.0,28300000.0,0.16785290628706998,7600000.0,0.0,0.0,0.0,17277000.0,163400000.0,-6900000.0,84500000.0,89800000.0,0.5326215895610913,5300000.0,0.03143534994068802,-2800000.0,-4500000.0,-0.026690391459074734,4900000.0,-9400000.0,-0.05575326215895611,-0.43721,-0.43721,21500000.0,21500000.0,https://www.sec.gov/Archives/edgar/data/928876/000117891312001904/0001178913-12-001904-index.html,https://www.sec.gov/Archives/edgar/data/928876/000117891312001904/zk1211685.htm,1620599074,18:24:34,20210509
35,2012-03-31,TSEM,USD,2012-04-16 00:00:00,2012-04-16 06:05:25,Q1,168000000.0,145300000.0,22700000.0,0.1351190476190476,8000000.0,0.0,0.0,0.0,20500000.0,165800000.0,-8200000.0,0.0,-24500000.0,-0.145833,2200000.0,0.013095238095238096,-10400000.0,-16300000.0,-0.09702380952380953,3000000.0,-19300000.0,-0.11488095238095238,-0.91038,-0.91038,21200000.0,21200000.0,https://www.sec.gov/Archives/edgar/data/928876/000117891312001072/0001178913-12-001072-index.html,https://www.sec.gov/Archives/edgar/data/928876/000117891312001072/zk1211325.htm,1620599074,18:24:34,20210509
36,2011-12-31,TSEM,USD,2012-01-17 00:00:00,2012-01-17 08:13:36,Q4,174600000.0,157000000.0,17600000.0,0.10080183276059565,7300000.0,0.0,0.0,0.0,20576000.0,177600000.0,0.0,95999999.99999999,92999999.99999999,0.5326460481099655,-3000000.0,-0.01718213058419244,-12100000.0,-15100000.0,-0.08648339060710195,1600000.0,-16700000.0,-0.09564719358533791,-0.78774,-0.78774,21200000.0,21200000.0,https://www.sec.gov/Archives/edgar/data/928876/000117891312000147/0001178913-12-000147-index.html,https://www.sec.gov/Archives/edgar/data/928876/000117891312000147/zk1210896.htm,1620599074,18:24:34,20210509
37,2011-09-30,TSEM,USD,2011-10-11 00:00:00,2011-10-11 07:17:15,Q3,176100000.0,159800000.0,16300000.0,0.0925610448608745,6500000.0,0.0,0.0,0.0,20951000.0,180699999.99999997,0.0,0.0,10700000.0,0.060761,-4600000.0,-0.02612152186257808,15400000.0,10800000.0,0.06132879045996593,8900000.0,1800000.0,0.010221465076660987,0.08531,0.08531,21100000.0,21100000.0,https://www.sec.gov/Archives/edgar/data/928876/000117891311002780/0001178913-11-002780-index.html,https://www.sec.gov/Archives/edgar/data/928876/000117891311002780/zk1110513.htm,1620599074,18:24:34,20210509
38,2011-06-30,TSEM,USD,2011-07-05 00:00:00,2011-07-05 06:07:34,Q2,139700000.0,119300000.0,20400000.0,0.14602720114531137,5500000.0,0.0,0.0,0.0,16405000.0,137200000.0,0.0,66700000.0,69200000.0,0.49534717251252686,2500000.0,0.01789549033643522,8600000.0,11100000.0,0.07945597709377238,9400000.0,1700000.0,0.012168933428775949,0.15315,0.15315,11100000.0,11100000.0,https://www.sec.gov/Archives/edgar/data/928876/000117891311001905/0001178913-11-001905-index.html,https://www.sec.gov/Archives/edgar/data/928876/000117891311001905/zk1110110.htm,1620599074,18:24:34,20210509
39,2011-03-31,TSEM,USD,2011-04-04 00:00:00,2011-04-04 06:04:36,Q1,120600000.0,90100000.0,30500000.0,0.25290215588723053,5600000.0,0.0,0.0,0.0,15193000.0,105300000.0,0.0,0.0,-3900000.0,-0.032338,15400000.0,0.12769485903814262,-19300000.0,-3900000.0,-0.03233830845771144,1500000.0,-5400000.0,-0.04477611940298507,-0.3,-0.3,18000000.0,18000000.0,https://www.sec.gov/Archives/edgar/data/928876/000117891311001021/0001178913-11-001021-index.html,https://www.sec.gov/Archives/edgar/data/928876/000117891311001021/zk1109715.htm,1620599074,18:24:34,20210509
40,2010-12-31,TSEM,USD,2010-12-31,2010-12-31,Q4,135100000.0,101700000.0,33400000.0,0.2472242783123612,4600000.0,0.0,0.0,0.0,12411000.0,114099999.99999999,0.0,30299999.999999996,51300000.0,0.37971872686898595,21000000.0,0.15544041450777202,-16700000.0,4300000.0,0.03182827535159141,3000000.0,1300000.0,0.009622501850481125,0.07263,0.07263,17900000.0,17900000.0,,,1620599074,18:24:34,20210509
41,2010-09-30,TSEM,USD,2010-10-07 00:00:00,2010-10-07 06:02:22,Q3,134700000.0,98900000.0,35800000.0,0.2657757980697847,6900000.0,0.0,0.0,0.0,17953000.0,116799999.99999999,0.0,32900000.000000007,50700000.00000001,0.3763919821826281,17800000.0,0.1321455085374907,-12900000.0,4900000.0,0.03637713437268003,3700000.0,1200000.0,0.008908685968819599,0.14634,0.14634,8200000.0,8200000.0,https://www.sec.gov/Archives/edgar/data/928876/000117891310002603/0001178913-10-002603-index.html,https://www.sec.gov/Archives/edgar/data/928876/000117891310002603/zk1008866.htm,1620599074,18:24:34,20210509
42,2010-06-30,TSEM,USD,2010-07-12 00:00:00,2010-07-12 07:03:19,Q2,125700000.0,104000000.0,21700000.0,0.1726332537788385,6500000.0,0.0,0.0,0.0,17331000.0,121300000.0,0.0,40800000.0,45100000.0,0.35879077167859985,4300000.0,0.03420843277645187,-9500000.0,-5100000.0,-0.0405727923627685,3500000.0,-8700000.0,-0.06921241050119331,-0.56494,-0.56494,15400000.0,15400000.0,https://www.sec.gov/Archives/edgar/data/928876/000117891310001786/0001178913-10-001786-index.html,https://www.sec.gov/Archives/edgar/data/928876/000117891310001786/zk1008521.htm,1620599074,18:24:34,20210509
43,2010-03-31,TSEM,USD,2010-04-01 00:00:00,2010-04-01 06:29:51,Q1,113800000.0,97500000.0,16300000.0,0.14323374340949033,5900000.0,0.0,0.0,0.0,16167000.0,113600000.0,0.0,39000000.0,39200000.0,0.3444639718804921,200000.0,0.0017574692442882249,-33700000.0,-33600000.0,-0.29525483304042177,2700000.0,-36200000.0,-0.3181019332161687,-2.62319,-2.62319,13800000.0,13800000.0,https://www.sec.gov/Archives/edgar/data/928876/000117891310000947/0001178913-10-000947-index.html,https://www.sec.gov/Archives/edgar/data/928876/000117891310000947/zk1008148.htm,1620599074,18:24:34,20210509
44,2009-12-31,TSEM,USD,2010-01-27 00:00:00,2010-01-27 06:05:08,Q4,100600000.0,94100000.0,6600000.0,0.06560636182902585,7000000.0,0.0,0.0,0.0,17041000.0,111100000.0,0.0,72500000.0,62000000.0,0.6163021868787276,-10500000.0,-0.10437375745526839,-18800000.0,-29300000.0,-0.2912524850894632,2100000.0,-31400000.0,-0.3121272365805169,-2.75439,-2.75439,11400000.0,11400000.0,https://www.sec.gov/Archives/edgar/data/928876/000117891310000229/0001178913-10-000229-index.html,https://www.sec.gov/Archives/edgar/data/928876/000117891310000229/zk1007815.htm,1620599074,18:24:34,20210509
45,2009-09-30,TSEM,USD,2009-10-05 00:00:00,2009-10-05 06:24:39,Q3,79600000.0,84900000.0,-5300000.0,-0.06658291457286432,6100000.0,0.0,0.0,0.0,14082000.0,99000000.0,0.0,0.0,-34400000.0,-0.432161,-19400000.0,-0.24371859296482412,-15100000.0,-34500000.0,-0.4334170854271357,-4200000.0,-30200000.0,-0.3793969849246231,-2.82243,-2.82243,10700000.0,10700000.0,https://www.sec.gov/Archives/edgar/data/928876/000117891309002334/0001178913-09-002334-index.html,https://www.sec.gov/Archives/edgar/data/928876/000117891309002334/zk97320.htm,1620599074,18:24:34,20210509
46,2009-06-30,TSEM,USD,2009-07-13 00:00:00,2009-07-13 09:15:36,Q2,60600000.0,71200000.0,-10600000.0,-0.17491749174917492,6000000.0,0.0,0.0,0.0,13104000.0,84300000.0,0.0,70900000.0,47200000.0,0.7788778877887789,-23700000.0,-0.3910891089108911,-8800000.0,-32600000.0,-0.5379537953795379,-1600000.0,-30900000.0,-0.5099009900990099,-2.88785,-2.88785,10700000.0,10700000.0,https://www.sec.gov/Archives/edgar/data/928876/000117891309001648/0001178913-09-001648-index.html,https://www.sec.gov/Archives/edgar/data/928876/000117891309001648/zk96999.htm,1620599074,18:24:34,20210509
47,2009-03-31,TSEM,USD,2009-04-07 00:00:00,2009-04-07 06:21:10,Q1,58100000.0,74900000.0,-16900000.0,-0.2908777969018933,4400000.0,0.0,0.0,0.0,11091000.0,86000000.0,0.0,0.0,-28900000.0,-0.497418,-27900000.0,-0.4802065404475043,-1000000.0,-28900000.0,-0.4974182444061962,-1300000.0,-27600000.0,-0.4750430292598967,-2.57944,-2.57944,10700000.0,10700000.0,https://www.sec.gov/Archives/edgar/data/928876/000117891309000858/0001178913-09-000858-index.html,https://www.sec.gov/Archives/edgar/data/928876/000117891309000858/zk96638.htm,1620599074,18:24:34,20210509
48,2008-12-31,TSEM,USD,2009-01-06 00:00:00,2009-01-06 06:04:59,Q4,77500000.0,86100000.0,-8600000.0,-0.11096774193548387,5300000.0,0.0,0.0,0.0,-107021000.0,101400000.00000001,0.0,28900000.000000007,5000000.000000007,0.06451612903225816,-23900000.0,-0.30838709677419357,2500000.0,-21400000.0,-0.2761290322580645,1500000.0,-22900000.0,-0.2954838709677419,-2.54444,-2.54444,9000000.0,9000000.0,https://www.sec.gov/Archives/edgar/data/928876/000117891309000036/0001178913-09-000036-index.html,https://www.sec.gov/Archives/edgar/data/928876/000117891309000036/zk96238.htm,1620599074,18:24:34,20210509
49,2008-09-30,TSEM,USD,2008-10-02 00:00:00,2008-10-02 08:30:32,Q3,58500000.0,71100000.0,-12600000.0,-0.2153846153846154,3500000.0,0.0,0.0,0.0,134066000.0,75000000.0,0.0,37600000.00000001,21100000.000000007,0.3606837606837608,-16500000.0,-0.28205128205128205,-4900000.0,-21400000.0,-0.3658119658119658,0.0,-21400000.0,-0.3658119658119658,-2.48837,-2.48837,8600000.0,8600000.0,https://www.sec.gov/Archives/edgar/data/928876/000117891308002575/0001178913-08-002575-index.html,https://www.sec.gov/Archives/edgar/data/928876/000117891308002575/zk85883.htm,1620599074,18:24:34,20210509
50,2008-06-30,TSEM,USD,2008-07-02 00:00:00,2008-07-02 11:29:35,Q2,58100000.0,71100000.0,-13000000.0,-0.22375215146299485,3200000.0,0.0,0.0,0.0,10403000.0,81500000.0,0.0,72300000.0,48900000.0,0.8416523235800344,-23400000.0,-0.4027538726333907,-7900000.0,-31300000.0,-0.5387263339070568,0.0,-31300000.0,-0.5387263339070568,-3.72619,-3.72619,8400000.0,8400000.0,https://www.sec.gov/Archives/edgar/data/928876/000117891308001742/0001178913-08-001742-index.html,https://www.sec.gov/Archives/edgar/data/928876/000117891308001742/zk85487.htm,1620599074,18:24:34,20210509
51,2008-03-31,TSEM,USD,2008-04-11 00:00:00,2008-04-11 06:18:01,Q1,57600000.0,68300000.0,-10600000.0,-0.1840277777777778,3000000.0,0.0,0.0,0.0,20328000.0,79000000.0,0.0,0.0,-29600000.0,-0.513889,-21400000.0,-0.3715277777777778,-8200000.0,-29600000.0,-0.5138888888888888,0.0,-29600000.0,-0.5138888888888888,-3.56627,-3.56627,8300000.0,8300000.0,https://www.sec.gov/Archives/edgar/data/928876/000117891308000940/0001178913-08-000940-index.html,https://www.sec.gov/Archives/edgar/data/928876/000117891308000940/zk85105.txt,1620599074,18:24:34,20210509
52,2007-12-31,TSEM,USD,2007-12-31,2007-12-31,Q4,61600000.0,73600000.0,-11900000.0,-0.19318181818181818,3500000.0,0.0,0.0,0.0,12212000.0,84900000.00000001,0.0,31200000.00000002,7900000.000000019,0.12824675324675355,-23300000.0,-0.3782467532467532,-1900000.0,-25300000.0,-0.4107142857142857,0.0,-25300000.0,-0.4107142857142857,-3.04819,-3.04819,8300000.0,8300000.0,,,1620599074,18:24:34,20210509
53,2007-09-30,TSEM,USD,2007-10-17 00:00:00,2007-10-17 10:25:16,Q3,56600000.0,68300000.0,-11700000.0,-0.2067137809187279,3300000.0,0.0,0.0,0.0,11054000.0,79600000.0,0.0,42000000.0,19000000.0,0.33568904593639576,-23000000.0,-0.40636042402826855,-11600000.0,-34600000.0,-0.6113074204946997,0.0,-34600000.0,-0.6113074204946997,-4.16867,-4.16867,8300000.0,8300000.0,https://www.sec.gov/Archives/edgar/data/928876/000117891307002190/0001178913-07-002190-index.html,https://www.sec.gov/Archives/edgar/data/928876/000117891307002190/zk74327.txt,1620599074,18:24:34,20210509
54,2007-06-30,TSEM,USD,2007-07-03 00:00:00,2007-07-03 06:56:04,Q2,57100000.0,71400000.0,-14400000.0,-0.2521891418563923,3400000.0,0.0,0.0,0.0,10706000.0,82400000.0,0.0,81100000.0,55700000.0,0.9754816112084063,-25400000.0,-0.4448336252189142,-8700000.0,-34100000.0,-0.5971978984238179,0.0,-34100000.0,-0.5971978984238179,-4.20988,-4.20988,8100000.0,8100000.0,https://www.sec.gov/Archives/edgar/data/928876/000117891307001340/0001178913-07-001340-index.html,https://www.sec.gov/Archives/edgar/data/928876/000117891307001340/zk73930.txt,1620599074,18:24:34,20210509
55,2007-03-31,TSEM,USD,2007-04-11 00:00:00,2007-04-11 07:23:49,Q1,55600000.0,71500000.0,-15900000.0,-0.28597122302158273,3600000.0,0.0,0.0,0.0,11422000.0,83200000.0,0.0,0.0,-40200000.0,-0.723022,-27600000.0,-0.49640287769784175,-12600000.0,-40200000.0,-0.7230215827338129,0.0,-40200000.0,-0.7230215827338129,-5.74286,-5.74286,7000000.0,7000000.0,https://www.sec.gov/Archives/edgar/data/928876/000117891307000728/0001178913-07-000728-index.html,https://www.sec.gov/Archives/edgar/data/928876/000117891307000728/zk73625.txt,1620599074,18:24:34,20210509
56,2006-12-31,TSEM,USD,2006-12-31,2006-12-31,Q4,55500000.0,72800000.0,-17300000.0,-0.3117117117117117,3900000.0,0.0,0.0,0.0,90354000.0,83400000.00000001,0.0,46999999.999999985,19099999.999999985,0.34414414414414385,-27900000.0,-0.5027027027027027,-8500000.0,-36300000.0,-0.654054054054054,0.0,-36300000.0,-0.654054054054054,-4.71429,-4.71429,7700000.0,7700000.0,,,1620599074,18:24:34,20210509
57,2006-09-30,TSEM,USD,2006-09-30,2006-09-30,Q3,51500000.0,68300000.0,-16800000.0,-0.3262135922330097,4200000.0,0.0,0.0,0.0,-28228000.0,80100000.0,0.0,86600000.0,58000000.0,1.1262135922330097,-28600000.0,-0.5553398058252427,-15300000.0,-43900000.0,-0.8524271844660194,0.0,-43900000.0,-0.8524271844660194,-10.45238,-10.45238,4200000.0,4200000.0,,,1620599074,18:24:34,20210509
58,2006-06-30,TSEM,USD,2006-06-30,2006-06-30,Q2,44600000.0,65200000.0,-20600000.0,-0.4618834080717489,3600000.0,0.0,0.0,0.0,9048000.0,74400000.0,0.0,0.0,-47500000.0,-1.065022,-29900000.0,-0.6704035874439462,-17700000.0,-47500000.0,-1.0650224215246638,0.0,-47500000.0,-1.0650224215246638,-9.13462,-9.13462,5200000.0,5200000.0,,,1620599074,18:24:34,20210509
59,2006-03-31,TSEM,USD,2006-03-31,2006-03-31,Q1,35900000.0,61300000.0,-25500000.0,-0.7103064066852368,3400000.0,0.0,0.0,0.0,8678000.0,70600000.0,0.0,38100000.0,3400000.0,0.0947075208913649,-34700000.0,-0.9665738161559888,-5500000.0,-40200000.0,-1.1197771587743732,0.0,-40200000.0,-1.1197771587743732,-8.375,-8.375,4800000.0,4800000.0,,,1620599074,18:24:34,20210509
60,2005-12-31,TSEM,USD,2005-12-31,2005-12-31,Q4,31100000.0,58800000.0,-27700000.0,-0.8906752411575563,3200000.0,0.0,0.0,0.0,7117000.0,65900000.00000001,0.0,45199999.99999999,10399999.999999993,0.33440514469453353,-34800000.0,-1.1189710610932475,-7900000.0,-45200000.0,-1.4533762057877813,0.0,-45200000.0,-1.4533762057877813,-10.04444,-10.04444,4500000.0,4500000.0,,,1620599074,18:24:34,20210509
61,2005-09-30,TSEM,USD,2005-09-30,2005-09-30,Q3,20600000.0,57100000.0,-36600000.0,-1.7766990291262137,4200000.0,0.0,0.0,0.0,8915000.0,66000000.0,0.0,36800000.0,-8700000.0,-0.4223300970873786,-45500000.0,-2.20873786407767,-9900000.0,-55400000.0,-2.6893203883495147,0.0,-55400000.0,-2.6893203883495147,-12.59091,-12.59091,4400000.0,4400000.0,,,1620599074,18:24:34,20210509
62,2005-06-30,TSEM,USD,2005-06-30,2005-06-30,Q2,27200000.0,61300000.0,-34000000.0,-1.25,3900000.0,0.0,0.0,0.0,8124000.0,69400000.00000001,0.0,36600000.0,-5600000.0,-0.20588235294117646,-42200000.0,-1.5514705882352942,-7400000.0,-47200000.0,-1.7352941176470589,0.0,-47200000.0,-1.7352941176470589,-10.72727,-10.72727,4400000.0,4400000.0,,,1620599074,18:24:34,20210509
63,2005-03-31,TSEM,USD,2005-03-31,2005-03-31,Q1,23200000.0,61200000.0,-38000000.0,-1.6379310344827587,4800000.0,0.0,0.0,0.0,9291000.0,70500000.0,0.0,34600000.0,-12700000.0,-0.5474137931034483,-47300000.0,-2.038793103448276,-8200000.0,-55300000.0,-2.3836206896551726,0.0,-55300000.0,-2.3836206896551726,-12.56818,-12.56818,4400000.0,4400000.0,,,1620599074,18:24:34,20210509
64,2004-12-31,TSEM,USD,2004-12-31,2004-12-31,Q4,30100000.0,66200000.0,-36100000.0,-1.1993355481727574,5800000.0,0.0,0.0,0.0,10966000.0,77099999.99999999,0.0,34899999.99999999,-12200000.000000007,-0.40531561461794047,-47100000.0,-1.564784053156146,23800000.0,-23300000.0,-0.7740863787375415,0.0,-23300000.0,-0.7740863787375415,-5.54762,-5.54762,4200000.0,4200000.0,,,1620599074,18:24:34,20210509
65,2004-09-30,TSEM,USD,2004-09-30,2004-09-30,Q3,35100000.0,57800000.0,-22800000.0,-0.6495726495726496,4000000.0,0.0,0.0,0.0,9107000.0,67000000.0,0.0,30800000.000000004,-1099999.9999999963,-0.03133903133903123,-31900000.0,-0.9088319088319088,-7600000.0,-39400000.0,-1.1225071225071226,0.0,-39400000.0,-1.1225071225071226,-8.95455,-8.95455,4400000.0,4400000.0,,,1620599074,18:24:34,20210509
66,2004-06-30,TSEM,USD,2004-06-30,2004-06-30,Q2,33700000.0,54300000.0,-20600000.0,-0.6112759643916914,3800000.0,0.0,0.0,0.0,9181000.0,63400000.0,0.0,28500000.0,-1300000.0,-0.03857566765578635,-29800000.0,-0.884272997032641,-6800000.0,-36500000.0,-1.083086053412463,0.0,-36500000.0,-1.083086053412463,-8.29545,-8.29545,4400000.0,4400000.0,,,1620599074,18:24:34,20210509
67,2004-03-31,TSEM,USD,2004-03-31,2004-03-31,Q1,27200000.0,50100000.0,-22900000.0,-0.8419117647058824,3500000.0,0.0,0.0,0.0,9096000.0,59200000.0,0.0,26900000.0,-5100000.0,-0.1875,-32000000.0,-1.1764705882352942,-6500000.0,-38500000.0,-1.4154411764705883,0.0,-38500000.0,-1.4154411764705883,-9.16667,-9.16667,4200000.0,4200000.0,,,1620599074,18:24:34,20210509
68,2003-12-31,TSEM,USD,2003-12-31,2003-12-31,Q4,19800000.0,46600000.0,-26800000.0,-1.3535353535353536,8200000.0,0.0,0.0,0.0,13709000.0,60299999.99999999,0.0,24200000.000000004,-16299999.999999996,-0.8232323232323231,-40500000.0,-2.0454545454545454,-5500000.0,-46000000.0,-2.323232323232323,0.0,-46000000.0,-2.323232323232323,-13.14286,-13.14286,3500000.0,3500000.0,,,1620599074,18:24:34,20210509
69,2003-09-30,TSEM,USD,2003-09-30,2003-09-30,Q3,16100000.0,38500000.0,-22500000.0,-1.3975155279503106,3900000.0,0.0,0.0,0.0,10195000.0,48700000.0,0.0,21500000.0,-11200000.0,-0.6956521739130435,-32700000.0,-2.031055900621118,-4400000.0,-37100000.0,-2.3043478260869565,0.0,-37100000.0,-2.3043478260869565,-11.59375,-11.59375,3200000.0,3200000.0,,,1620599074,18:24:34,20210509
70,2003-06-30,TSEM,USD,2003-06-30,2003-06-30,Q2,12900000.0,19300000.0,-6500000.0,-0.5038759689922481,4800000.0,0.0,0.0,0.0,9919000.0,29300000.0,0.0,4200000.0,-12200000.0,-0.9457364341085271,-16400000.0,-1.2713178294573644,-500000.0,-16800000.0,-1.302325581395349,0.0,-16800000.0,-1.302325581395349,-5.6,-5.6,3000000.0,3000000.0,,,1620599074,18:24:34,20210509
71,2003-03-31,TSEM,USD,2003-03-31,2003-03-31,Q1,12600000.0,17900000.0,-5300000.0,-0.42063492063492064,3900000.0,0.0,0.0,0.0,9501000.0,27400000.0,0.0,4700000.0,-10100000.0,-0.8015873015873016,-14800000.0,-1.1746031746031746,500000.0,-14400000.0,-1.1428571428571428,0.0,-14400000.0,-1.1428571428571428,-4.96552,-4.96552,2900000.0,2900000.0,,,1620599074,18:24:34,20210509
72,2002-12-31,TSEM,USD,2002-12-31,2002-12-31,Q4,15600000.0,17100000.0,-1500000.0,-0.09615384615384616,6800000.0,0.0,0.0,0.0,12131000.0,29199999.999999996,0.0,4400000.0,-9200000.0,-0.5897435897435898,-13600000.0,-0.8717948717948718,0.0,-13600000.0,-0.8717948717948718,0.0,-13600000.0,-0.8717948717948718,-4.85714,-4.85714,2800000.0,2800000.0,,,1620599074,18:24:34,20210509
73,2002-09-30,TSEM,USD,2002-09-30,2002-09-30,Q3,16200000.0,21100000.0,-4900000.0,-0.30246913580246915,3600000.0,4700000.0,0.0,0.0,8322000.0,29399999.999999996,0.0,4500000.0,-8700000.0,-0.5370370370370371,-13200000.0,-0.8148148148148148,-1300000.0,-14500000.0,-0.8950617283950617,0.0,-14500000.0,-0.8950617283950617,-7.25,-7.25,2000000.0,2000000.0,,,1620599074,18:24:34,20210509
74,2002-06-30,TSEM,USD,2002-06-30,2002-06-30,Q2,11600000.0,15500000.0,-3900000.0,-0.33620689655172414,3600000.0,3700000.0,0.0,0.0,7278000.0,22800000.0,0.0,5200000.0,-5900000.0,-0.5086206896551724,-11100000.0,-0.9568965517241379,-200000.0,-11300000.0,-0.9741379310344828,0.0,-11300000.0,-0.9741379310344828,-5.94737,-5.94737,1900000.0,1900000.0,,,1620599074,18:24:34,20210509
75,2002-03-31,TSEM,USD,2002-03-31,2002-03-31,Q1,8400000.0,13400000.0,-5000000.0,-0.5952380952380952,3000000.0,3400000.0,0.0,0.0,6391000.0,19800000.0,0.0,4700000.0,-6700000.0,-0.7976190476190477,-11400000.0,-1.3571428571428572,-600000.0,-12000000.0,-1.4285714285714286,0.0,-12000000.0,-1.4285714285714286,-7.05882,-7.05882,1700000.0,1700000.0,,,1620599074,18:24:34,20210509
76,2001-12-31,TSEM,USD,2001-12-31,2001-12-31,Q4,8800000.0,17900000.0,-9100000.0,-1.0340909090909092,2700000.0,-100000.0,0.0,0.0,2616000.0,20500000.0,0.0,5000000.0,-6700000.0,-0.7613636363636364,-11700000.0,-1.3295454545454546,2400000.0,-9300000.0,-1.0568181818181819,0.0,-9300000.0,-1.0568181818181819,-6.2,-6.2,1500000.0,1500000.0,,,1620599074,18:24:34,20210509
77,2001-09-30,TSEM,USD,2001-09-30,2001-09-30,Q3,9900000.0,16600000.0,-6700000.0,-0.6767676767676768,2400000.0,4900000.0,0.0,0.0,7362000.0,24000000.0,0.0,5399999.999999999,-8700000.0,-0.8787878787878788,-14100000.0,-1.4242424242424243,1700000.0,-12400000.0,-1.2525252525252526,0.0,-12400000.0,-1.2525252525252526,-8.85714,-8.85714,1400000.0,1400000.0,,,1620599074,18:24:34,20210509
78,2001-06-30,TSEM,USD,2001-06-30,2001-06-30,Q2,12500000.0,19300000.0,-6800000.0,-0.544,2400000.0,5500000.0,0.0,0.0,7943000.0,27300000.0,0.0,5500000.000000001,-9200000.0,-0.736,-14700000.0,-1.176,5000000.0,-9700000.0,-0.776,0.0,-9700000.0,-0.776,-6.92857,-6.92857,1400000.0,1400000.0,,,1620599074,18:24:34,20210509
79,2001-03-31,TSEM,USD,2001-03-31,2001-03-31,Q1,21100000.0,22800000.0,-1800000.0,-0.08530805687203792,2000000.0,4100000.0,0.0,0.0,6124000.0,29000000.0,0.0,5800000.0,-2100000.0,-0.0995260663507109,-7900000.0,-0.3744075829383886,800000.0,-7100000.0,-0.33649289099526064,0.0,-7100000.0,-0.33649289099526064,-7.1,-7.1,1000000.0,1000000.0,,,1620599074,18:24:34,20210509
80,2000-12-31,TSEM,USD,2000-12-31,2000-12-31,Q4,29200000.0,22700000.0,6500000.0,0.2226027397260274,2100000.0,3400000.0,0.0,0.0,-13376000.0,28300000.0,0.0,6099999.999999998,6999999.999999998,0.2397260273972602,900000.0,0.030821917808219176,-600000.0,400000.0,0.0136986301369863,0.0,400000.0,0.0136986301369863,0.44444,0.44444,900000.0,900000.0,,,1620599074,18:24:34,20210509
81,2000-09-30,TSEM,USD,2000-09-30,2000-09-30,Q3,27600000.0,23100000.0,4500000.0,0.16304347826086957,2100000.0,3200000.0,0.0,0.0,10835000.0,28300000.0,0.0,6200000.000000001,5500000.000000001,0.1992753623188406,-700000.0,-0.025362318840579712,400000.0,-300000.0,-0.010869565217391304,500000.0,-800000.0,-0.028985507246376812,-0.88889,-0.88889,900000.0,900000.0,,,1620599074,18:24:34,20210509
82,2000-06-30,TSEM,USD,2000-06-30,2000-06-30,Q2,25600000.0,21500000.0,4100000.0,0.16015625,2000000.0,2400000.0,0.0,0.0,9943000.0,25800000.0,0.0,5800000.0,5600000.0,0.21875,-200000.0,-0.0078125,600000.0,400000.0,0.015625,0.0,400000.0,0.015625,0.44444,0.44444,900000.0,900000.0,,,1620599074,18:24:34,20210509
83,2000-03-31,TSEM,USD,2000-03-31,2000-03-31,Q1,22300000.0,21400000.0,1000000.0,0.04484304932735426,2700000.0,2600000.0,0.0,0.0,13141000.0,26700000.0,0.0,7800000.0,3400000.0,0.15246636771300448,-4400000.0,-0.19730941704035873,400000.0,-4000000.0,-0.17937219730941703,0.0,-4000000.0,-0.17937219730941703,-4.44444,-4.44444,900000.0,900000.0,,,1620599074,18:24:34,20210509
84,1999-12-31,TSEM,USD,1999-12-31,1999-12-31,Q4,22500000.0,21200000.0,1300000.0,0.057777777777777775,2300000.0,2300000.0,0.0,0.0,11291000.0,25800000.0,0.0,6700000.000000003,3400000.000000003,0.15111111111111122,-3300000.0,-0.14666666666666667,400000.0,-2900000.0,-0.1288888888888889,0.0,-2900000.0,-0.1288888888888889,-1.8125,-1.8125,1600000.0,1600000.0,,,1620599074,18:24:34,20210509
85,1999-09-30,TSEM,USD,1999-09-30,1999-09-30,Q3,18200000.0,18800000.0,-600000.0,-0.03296703296703297,2100000.0,2300000.0,0.0,0.0,11000000.0,23300000.0,0.0,6599999.999999998,1499999.9999999981,0.08241758241758232,-5100000.0,-0.2802197802197802,400000.0,-4700000.0,-0.25824175824175827,0.0,-4700000.0,-0.25824175824175827,-5.875,-5.875,800000.0,800000.0,,,1620599074,18:24:34,20210509
86,1999-06-30,TSEM,USD,1999-06-30,1999-06-30,Q2,14800000.0,18500000.0,-3600000.0,-0.24324324324324326,2500000.0,1800000.0,0.0,0.0,11000000.0,22800000.0,0.0,6700000.000000001,-1299999.999999999,-0.08783783783783777,-8000000.0,-0.5405405405405406,500000.0,-7500000.0,-0.5067567567567568,-600000.0,-6900000.0,-0.46621621621621623,-8.625,-8.625,800000.0,800000.0,,,1620599074,18:24:34,20210509
87,1999-03-31,TSEM,USD,1999-03-31,1999-03-31,Q1,14300000.0,18600000.0,-4200000.0,-0.2937062937062937,2300000.0,2200000.0,0.0,0.0,11100000.0,23100000.0,0.0,6600000.0,-2200000.0,-0.15384615384615385,-8800000.0,-0.6153846153846154,1000000.0,-7800000.0,-0.5454545454545454,-1800000.0,-6000000.0,-0.4195804195804196,-7.5,-7.5,800000.0,800000.0,,,1620599074,18:24:34,20210509
88,1998-12-31,TSEM,USD,1998-12-31,1998-12-31,Q4,16700000.0,18900000.0,-2200000.0,-0.1317365269461078,2000000.0,2500000.0,0.0,0.0,4500000.0,23400000.0,0.0,6799999.999999997,99999.9999999972,0.005988023952095641,-6700000.0,-0.40119760479041916,600000.0,-6000000.0,-0.3592814371257485,-1800000.0,-4200000.0,-0.25149700598802394,-4.66667,-4.66667,900000.0,900000.0,,,1620599074,18:24:34,20210509
89,1998-09-30,TSEM,USD,1998-09-30,1998-09-30,Q3,15200000.0,17900000.0,-2700000.0,-0.17763157894736842,1900000.0,2300000.0,0.0,0.0,4100000.000000001,22000000.0,0.0,6300000.000000001,-499999.99999999907,-0.0328947368421052,-6800000.0,-0.4473684210526316,400000.0,-6500000.0,-0.4276315789473684,-1600000.0,-4900000.0,-0.3223684210526316,-5.44444,-5.44444,900000.0,900000.0,,,1620599074,18:24:34,20210509
90,1998-06-30,TSEM,USD,1998-06-30,1998-06-30,Q2,14600000.0,17800000.0,-3200000.0,-0.2191780821917808,2100000.0,2100000.0,0.0,0.0,4199999.999999999,22000000.0,0.0,12300000.0,4900000.0,0.3356164383561644,-7400000.0,-0.5068493150684932,800000.0,-6600000.0,-0.4520547945205479,-1600000.0,-5000000.0,-0.3424657534246575,-5.55556,-5.55556,900000.0,900000.0,,,1620599074,18:24:34,20210509
91,1998-03-31,TSEM,USD,1998-03-31,1998-03-31,Q1,23200000.0,22200000.0,1000000.0,0.04310344827586207,2100000.0,1900000.0,0.0,0.0,4100000.000000001,26300000.0,0.0,0.0,-2100000.0,-0.090517,-3100000.0,-0.1336206896551724,1000000.0,-2100000.0,-0.09051724137931035,-700000.0,-1400000.0,-0.0603448275862069,-1.55556,-1.55556,900000.0,900000.0,,,1620599074,18:24:34,20210509
92,1997-12-31,TSEM,USD,1997-12-31,1997-12-31,Q4,31000000.0,22700000.0,8300000.0,0.267741935483871,1700000.0,2200000.0,0.0,400000.0,4300000.000000001,27000000.0,0.0,0.0,5200000.0,0.167742,4000000.0,0.12903225806451613,1100000.0,5100000.0,0.16451612903225807,800000.0,4400000.0,0.14193548387096774,4.88889,4.88889,900000.0,900000.0,,,1620599074,18:24:34,20210509
93,1997-09-30,TSEM,USD,1997-09-30,1997-09-30,Q3,35000000.0,24700000.0,10300000.0,0.29428571428571426,2300000.0,2500000.0,0.0,0.0,4800000.000000001,29500000.0,0.0,0.0,6700000.0,0.191429,5500000.0,0.15714285714285714,1200000.0,6700000.0,0.19142857142857142,1200000.0,5500000.0,0.15714285714285714,6.11111,6.11111,900000.0,900000.0,,,1620599074,18:24:34,20210509
94,1997-06-30,TSEM,USD,1997-06-30,1997-06-30,Q2,30800000.0,21100000.0,9700000.0,0.31493506493506496,1900000.0,2000000.0,0.0,0.0,3899999.9999999986,25000000.0,0.0,0.0,6100000.0,0.198052,5800000.0,0.18831168831168832,300000.0,6100000.0,0.19805194805194806,1200000.0,4900000.0,0.1590909090909091,5.44444,5.44444,900000.0,900000.0,,,1620599074,18:24:34,20210509
95,1997-03-31,TSEM,USD,1997-03-31,1997-03-31,Q1,29100000.0,21100000.0,8100000.0,0.27835051546391754,1300000.0,1900000.0,0.0,0.0,3199999.999999999,24300000.0,0.0,0.0,5300000.0,0.182131,4800000.0,0.16494845360824742,400000.0,5300000.0,0.18213058419243985,900000.0,4400000.0,0.15120274914089346,4.88889,4.88889,900000.0,900000.0,,,1620599074,18:24:34,20210509
96,1996-12-31,TSEM,USD,1996-12-31,1996-12-31,Q4,21800000.0,16000000.0,5800000.0,0.26605504587155965,1600000.0,1500000.0,0.0,1400000.0,4500000.0,20500000.0,0.0,0.0,1400000.0,0.06422,1300000.0,0.05963302752293578,200000.0,1400000.0,0.06422018348623854,200000.0,1200000.0,0.05504587155963303,1.33333,1.33333,900000.0,900000.0,,,1620599074,18:24:34,20210509
97,1996-09-30,TSEM,USD,1996-09-30,1996-09-30,Q3,19600000.0,17100000.0,2400000.0,0.12244897959183673,1000000.0,1400000.0,0.0,0.0,2399999.9999999986,19500000.0,0.0,0.0,800000.0,0.040816,0.0,0.0,800000.0,800000.0,0.04081632653061224,100000.0,700000.0,0.03571428571428571,0.77778,0.77778,900000.0,900000.0,,,1620599074,18:24:34,20210509
98,1996-06-30,TSEM,USD,1996-06-30,1996-06-30,Q2,28500000.0,22400000.0,6100000.0,0.21403508771929824,800000.0,2200000.0,0.0,0.0,3000000.0,25400000.0,0.0,0.0,3700000.0,0.129825,3100000.0,0.10877192982456141,600000.0,3700000.0,0.12982456140350876,700000.0,3000000.0,0.10526315789473684,3.33333,3.33333,900000.0,900000.0,,,1620599074,18:24:34,20210509
99,1996-03-31,TSEM,USD,1996-03-31,1996-03-31,Q1,28100000.0,20200000.0,7900000.0,0.28113879003558717,700000.0,2000000.0,0.0,0.0,2699999.999999999,22900000.0,0.0,0.0,6300000.0,0.224199,5200000.0,0.18505338078291814,1100000.0,6300000.0,0.22419928825622776,1300000.0,5000000.0,0.17793594306049823,5.55556,5.55556,900000.0,900000.0,,,1620599074,18:24:34,20210509
