,date,symbol,reportedCurrency,fillingDate,acceptedDate,period,revenue,costOfRevenue,grossProfit,grossProfitRatio,researchAndDevelopmentExpenses,generalAndAdministrativeExpenses,sellingAndMarketingExpenses,otherExpenses,operatingExpenses,costAndExpenses,interestExpense,depreciationAndAmortization,ebitda,ebitdaratio,operatingIncome,operatingIncomeRatio,totalOtherIncomeExpensesNet,incomeBeforeTax,incomeBeforeTaxRatio,incomeTaxExpense,netIncome,netIncomeRatio,eps,epsdiluted,weightedAverageShsOut,weightedAverageShsOutDil,link,finalLink,timestamp,est_time,est_date
0,2016-03-31,TWC,USD,2016-04-28 00:00:00,2016-04-28 07:28:05,Q1,6191000000.0,0.0,6191000000.0,1.0,0.0,0.0,0.0,854000000.0,854000000.0,5046000000.0,351000000.0,974000000,2119000000,0.34227103860442576,1145000000.0,0.18494588919399127,0.0,806000000,0.13018898400904538,312000000,494000000,0.07979324826360847,1.740662438336857,1.7218543046357615,283800000,286900000,https://www.sec.gov/Archives/edgar/data/1377013/000119312516561058/0001193125-16-561058-index.html,https://www.sec.gov/Archives/edgar/data/1377013/000119312516561058/d127775d10q.htm,1620599145,18:25:45,20210509
1,2015-12-31,TWC,USD,2016-02-12 00:00:00,2016-02-12 09:47:20,Q4,6072000000.0,0.0,6072000000.0,1.0,0.0,0.0,2379000000.0,873000000.0,873000000.0,4947000000.0,1402000000.0,956000000,2081000000,0.34272068511198944,1125000000.0,0.18527667984189725,26000000.0,776000000,0.12779973649538867,290000000,486000000,0.0800395256916996,1.7197452229299364,1.6998950682056664,282600000,285900000,https://www.sec.gov/Archives/edgar/data/1377013/000119312516461316/0001193125-16-461316-index.html,https://www.sec.gov/Archives/edgar/data/1377013/000119312516461316/d115824d10k.htm,1620599145,18:25:45,20210509
2,2015-09-30,TWC,USD,2015-10-29 00:00:00,2015-10-29 07:18:59,Q3,5922000000.0,0.0,5922000000.0,1.0,0.0,0.0,0.0,861000000.0,861000000.0,4921000000.0,0.0,935000000,1936000000,0.32691658223573117,1001000000.0,0.1690307328605201,124000000.0,660000000,0.11144883485309018,223000000,437000000,0.07379263762242486,1.5474504249291785,1.5295764788239412,282400000,285700000,https://www.sec.gov/Archives/edgar/data/1377013/000119312515357042/0001193125-15-357042-index.html,https://www.sec.gov/Archives/edgar/data/1377013/000119312515357042/d68893d10q.htm,1620599145,18:25:45,20210509
3,2015-06-30,TWC,USD,2015-07-30 00:00:00,2015-07-30 07:21:38,Q2,5926000000.0,0.0,5926000000.0,1.0,0.0,0.0,0.0,831000000.0,831000000.0,4897000000.0,0.0,919000000,1948000000,0.32872089098886265,1029000000.0,0.1736415794802565,120000000.0,806000000,0.1360107998650017,343000000,463000000,0.07813027337158286,1.641261963842609,1.6222845129642607,282100000,285400000,https://www.sec.gov/Archives/edgar/data/1377013/000119312515269291/0001193125-15-269291-index.html,https://www.sec.gov/Archives/edgar/data/1377013/000119312515269291/d146752d10q.htm,1620599145,18:25:45,20210509
4,2015-03-31,TWC,USD,2015-04-30 00:00:00,2015-04-30 07:21:04,Q1,5777000000.0,0.0,5777000000.0,1.0,0.0,0.0,559000000.0,830000000.0,830000000.0,4693000000.0,0.0,886000000,1970000000,0.3410074433096763,1084000000.0,0.1876406439328371,10000000.0,746000000,0.12913276787259823,288000000,458000000,0.07927990306387399,1.6269982238010656,1.6075816075816076,281500000,284900000,https://www.sec.gov/Archives/edgar/data/1377013/000119312515158819/0001193125-15-158819-index.html,https://www.sec.gov/Archives/edgar/data/1377013/000119312515158819/d907260d10q.htm,1620599145,18:25:45,20210509
5,2014-12-31,TWC,USD,2015-02-13,2015-02-13 11:40:21,Q4,5790000000.0,0.0,5790000000.0,1.0,0.0,0.0,0.0,838000000.0,838000000.0,4564000000.0,353000000.0,876000000,2102000000,0.3630397236614853,1226000000.0,0.21174438687392055,1000000.0,880000000,0.15198618307426598,326000000,554000000,0.09568221070811744,1.983530254206946,1.9575971731448762,279300000,283000000,https://www.sec.gov/Archives/edgar/data/1377013/000119312515048927/0001193125-15-048927-index.htm,https://www.sec.gov/Archives/edgar/data/1377013/000119312515048927/d868984d10k.htm,1620599145,18:25:45,20210509
6,2014-09-30,TWC,USD,2014-10-30 00:00:00,2014-10-30 07:12:07,Q3,5714000000.0,0.0,5714000000.0,1.0,0.0,0.0,1655000000.0,814000000.0,814000000.0,4563000000.0,353000000.0,857000000,2008000000,0.3514175708785439,1151000000.0,0.20143507175358769,27000000.0,803000000,0.14053202660133007,304000000,499000000,0.08732936646832341,1.7898134863701578,1.7663716814159292,278800000,282500000,https://www.sec.gov/Archives/edgar/data/1377013/000119312514388277/0001193125-14-388277-index.html,https://www.sec.gov/Archives/edgar/data/1377013/000119312514388277/d806224d10q.htm,1620599145,18:25:45,20210509
7,2014-06-30,TWC,USD,2014-07-31 00:00:00,2014-07-31 07:16:08,Q2,5726000000.0,0.0,5726000000.0,1.0,0.0,0.0,0.0,860000000.0,860000000.0,4563000000.0,349000000.0,830000000,1993000000,0.3480614739783444,1163000000.0,0.20310862731400628,1000000.0,822000000,0.1435557107928746,323000000,499000000,0.0871463499825358,1.7930291052820697,1.7688762850053172,278300000,282100000,https://www.sec.gov/Archives/edgar/data/1377013/000119312514288241/0001193125-14-288241-index.html,https://www.sec.gov/Archives/edgar/data/1377013/000119312514288241/d762137d10q.htm,1620599145,18:25:45,20210509
8,2014-03-31,TWC,USD,2014-04-24 00:00:00,2014-04-24 07:22:03,Q1,5582000000.0,0.0,5582000000.0,1.0,0.0,0.0,0.0,798000000.0,798000000.0,4490000000.0,364000000.0,808000000,1900000000,0.3403797921891795,1092000000.0,0.19562880687925474,1000000.0,743000000,0.13310641347187388,264000000,479000000,0.08581153708348262,1.724262059035277,1.6997870830376154,277800000,281800000,https://www.sec.gov/Archives/edgar/data/1377013/000119312514155814/0001193125-14-155814-index.html,https://www.sec.gov/Archives/edgar/data/1377013/000119312514155814/d714931d10q.htm,1620599145,18:25:45,20210509
9,2013-12-31,TWC,USD,2014-02-18,2014-02-18 11:32:27,Q4,5577000000.0,2578000000.0,2999000000.0,0.5377443069750762,0.0,973000000.0,0.0,11000000.0,596000000.0,4404000000.0,377000000.0,815000000,1988000000,0.3564640487717411,1173000000.0,0.2103281334050565,1000000.0,797000000,0.14290837367760445,257000000,540000000,0.09682625067240452,1.877607788595271,1.8512170037709976,287600000,291700000,https://www.sec.gov/Archives/edgar/data/1377013/000119312514056642/0001193125-14-056642-index.htm,https://www.sec.gov/Archives/edgar/data/1377013/000119312514056642/d640670d10k.htm,1620599145,18:25:45,20210509
10,2013-09-30,TWC,USD,2013-10-31 00:00:00,2013-10-31 07:36:17,Q3,5518000000.0,2564000000.0,2954000000.0,0.5353388909025009,0.0,949000000.0,0.0,-10000000.0,570000000.0,4358000000.0,379000000.0,822000000,1982000000,0.35918811163465025,1160000000.0,0.21022109459949256,0.0,781000000,0.14153678869155492,249000000,532000000,0.09641174338528452,1.8351155570886513,1.8107556160653506,289900000,293800000,https://www.sec.gov/Archives/edgar/data/1377013/000119312513419621/0001193125-13-419621-index.html,https://www.sec.gov/Archives/edgar/data/1377013/000119312513419621/d617473d10q.htm,1620599145,18:25:45,20210509
11,2013-06-30,TWC,USD,2013-08-01 00:00:00,2013-08-01 07:21:09,Q2,5550000000.0,2566000000.0,2984000000.0,0.5376576576576576,0.0,947000000.0,0.0,9000000.0,549000000.0,4363000000.0,399000000.0,823000000,2010000000,0.3621621621621622,1187000000.0,0.21387387387387388,9000000.0,800000000,0.14414414414414414,319000000,481000000,0.08666666666666667,1.6450068399452804,1.6233547080661492,292400000,296300000,https://www.sec.gov/Archives/edgar/data/1377013/000119312513313864/0001193125-13-313864-index.html,https://www.sec.gov/Archives/edgar/data/1377013/000119312513313864/d553646d10q.htm,1620599145,18:25:45,20210509
12,2013-03-31,TWC,USD,2013-04-25 00:00:00,2013-04-25 07:26:03,Q1,5475000000.0,2634000000.0,2841000000.0,0.5189041095890411,0.0,929000000.0,0.0,1000000.0,531000000.0,4415000000.0,400000000.0,821000000,1881000000,0.34356164383561644,1060000000.0,0.19360730593607306,1000000.0,661000000,0.12073059360730594,260000000,401000000,0.07324200913242009,1.3588614029142663,1.3393453573814296,295100000,299400000,https://www.sec.gov/Archives/edgar/data/1377013/000119312513172054/0001193125-13-172054-index.html,https://www.sec.gov/Archives/edgar/data/1377013/000119312513172054/d524247d10q.htm,1620599145,18:25:45,20210509
13,2012-12-31,TWC,USD,2013-02-15 00:00:00,2013-02-15 12:24:41,Q4,5485000000.0,2565000000.0,2920000000.0,0.5323609845031905,0.0,926000000.0,0.0,4000000.0,524000000.0,4316000000.0,404000000.0,808000000,1977000000,0.3604375569735643,1169000000.0,0.21312670920692797,4000000.0,771000000,0.1405651777575205,257000000,513000000,0.0935278030993619,1.6666666666666667,1.6421254801536491,307800000,312400000,https://www.sec.gov/Archives/edgar/data/1377013/000119312513062081/0001193125-13-062081-index.html,https://www.sec.gov/Archives/edgar/data/1377013/000119312513062081/d483194d10k.htm,1620599145,18:25:45,20210509
14,2012-09-30,TWC,USD,2012-11-05 00:00:00,2012-11-05 07:24:40,Q3,5363000000.0,2499000000.0,2864000000.0,0.534029461122506,0.0,918000000.0,0.0,496000000.0,468000000.0,4269000000.0,404000000.0,820000000,1914000000,0.3568898004848033,1094000000.0,0.2039903039343651,493000000.0,1188000000,0.2215178071974641,379000000,808000000,0.150661942942383,2.604771115409413,2.5667090216010164,310200000,314800000,https://www.sec.gov/Archives/edgar/data/1377013/000119312512450449/0001193125-12-450449-index.html,https://www.sec.gov/Archives/edgar/data/1377013/000119312512450449/d430643d10q.htm,1620599145,18:25:45,20210509
15,2012-06-30,TWC,USD,2012-08-02 00:00:00,2012-08-02 07:18:02,Q2,5404000000.0,2474000000.0,2930000000.0,0.5421909696521096,0.0,919000000.0,0.0,-3000000.0,555000000.0,4264000000.0,399000000.0,850000000,1990000000,0.3682457438934123,1140000000.0,0.21095484826054775,-9000000.0,743000000,0.13749074759437455,290000000,452000000,0.08364174685418209,1.4464,1.425417849258909,312500000,317100000,https://www.sec.gov/Archives/edgar/data/1377013/000119312512330260/0001193125-12-330260-index.html,https://www.sec.gov/Archives/edgar/data/1377013/000119312512330260/d387836d10q.htm,1620599145,18:25:45,20210509
16,2012-03-31,TWC,USD,2012-04-26,2012-04-26 07:12:32,Q1,5134000000.0,2404000000.0,2730000000.0,0.5317491234904558,0.0,857000000.0,0.0,-390000000.0,467000000.0,4092000000.0,407000000.0,786000000,1828000000,0.3560576548500195,1042000000.0,0.2029606544604597,9000000.0,634000000,0.123490455784963,251000000,382000000,0.07440592130892092,1.216948072634597,1.1974921630094044,313900000,319000000,https://www.sec.gov/Archives/edgar/data/1377013/000119312512183786/0001193125-12-183786-index.htm,https://www.sec.gov/Archives/edgar/data/1377013/000119312512183786/d339346d10q.htm,1620599145,18:25:45,20210509
17,2011-12-31,TWC,USD,2012-02-17,2012-02-17 11:31:17,Q4,4993000000.0,2283000000.0,2710000000.0,0.542759863809333,0.0,821000000.0,0.0,-87000000.0,3311000000.0,3964000000.0,408000000.0,766000000,1795000000,0.35950330462647706,1029000000.0,0.2060885239335069,2000000.0,618000000,0.12377328259563389,54000000,564000000,0.11295814139795714,1.710646041856233,1.6820757530569639,329700000,335300000,https://www.sec.gov/Archives/edgar/data/1377013/000119312512066776/0001193125-12-066776-index.htm,https://www.sec.gov/Archives/edgar/data/1377013/000119312512066776/d295195d10k.htm,1620599145,18:25:45,20210509
18,2011-09-30,TWC,USD,2011-10-27,2011-10-27 07:32:00,Q3,4911000000.0,2286000000.0,2625000000.0,0.5345143555284056,0.0,843000000.0,0.0,9000000.0,852000000.0,3909000000.0,384000000.0,759000000,1761000000,0.35858277336591327,1002000000.0,0.20403176542455712,-2000000.0,597000000,0.12156383628588882,241000000,356000000,0.0724903278354714,1.066826490860054,1.0489098408956983,333700000,339400000,https://www.sec.gov/Archives/edgar/data/1377013/000119312511283084/0001193125-11-283084-index.htm,https://www.sec.gov/Archives/edgar/data/1377013/000119312511283084/d247023d10q.htm,1620599145,18:25:45,20210509
19,2011-06-30,TWC,USD,2011-07-28,2011-07-28 07:41:36,Q2,4944000000.0,2297000000.0,2647000000.0,0.5353964401294499,0.0,823000000.0,0.0,8000000.0,831000000.0,3881000000.0,367000000.0,752000000,1815000000,0.36711165048543687,1063000000.0,0.21500809061488674,0.0,665000000,0.1345064724919094,244000000,420000000,0.08495145631067962,1.2400354295837024,1.2188044109112013,338700000,344600000,https://www.sec.gov/Archives/edgar/data/1377013/000095012311069210/0000950123-11-069210-index.htm,https://www.sec.gov/Archives/edgar/data/1377013/000095012311069210/g27574e10vq.htm,1620599145,18:25:45,20210509
20,2011-03-31,TWC,USD,2011-04-28,2011-04-28 07:42:00,Q1,4827000000.0,2272000000.0,2555000000.0,0.5293142738761135,0.0,824000000.0,0.0,6000000.0,830000000.0,3852000000.0,365000000.0,750000000,1725000000,0.3573648228713487,975000000.0,0.20198881292728402,0.0,582000000,0.12057178371659416,256000000,325000000,0.06732960430909468,0.9461426491994177,0.9291023441966838,343500000,349800000,https://www.sec.gov/Archives/edgar/data/1377013/000095012311040516/0000950123-11-040516-index.htm,https://www.sec.gov/Archives/edgar/data/1377013/000095012311040516/g26859e10vq.htm,1620599145,18:25:45,20210509
21,2010-12-31,TWC,USD,2011-02-18,2011-02-18 11:48:45,Q4,4801000000.0,2284000000.0,2517000000.0,0.5242657779629244,0.0,779000000.0,0.0,12000000.0,791000000.0,3807000000.0,362000000.0,736000000,1730000000,0.3603415955009373,994000000.0,0.20704019995834202,-1000000.0,593000000,0.1235159341803791,200000000,392000000,0.08164965632159966,1.1067193675889329,1.090403337969402,354200000,359500000,https://www.sec.gov/Archives/edgar/data/1377013/000095012311015515/0000950123-11-015515-index.htm,https://www.sec.gov/Archives/edgar/data/1377013/000095012311015515/g25889xxe10vk.htm,1620599145,18:25:45,20210509
22,2010-09-30,TWC,USD,2010-11-04,2010-11-04 07:35:32,Q3,14067000000.0,6657000000.0,7410000000.0,0.526764768607379,0.0,2278000000.0,0.0,156000000.0,2434000000.0,11372000000.0,1035000000.0,2393000000,5088000000,0.36169759010449987,2695000000.0,0.19158313784033554,1000000.0,1603000000,0.11395464562451127,683000000,916000000,0.06511694035686358,2.584650112866817,2.548692264885921,354400000,359400000,https://www.sec.gov/Archives/edgar/data/1377013/000095012310100514/0000950123-10-100514-index.htm,https://www.sec.gov/Archives/edgar/data/1377013/000095012310100514/g24954xxe10vq.htm,1620599145,18:25:45,20210509
23,2010-06-30,TWC,USD,2010-08-05,2010-08-05 07:26:49,Q2,4734000000.0,2223000000.0,2511000000.0,0.5304182509505704,0.0,762000000.0,0.0,-18000000.0,762000000.0,3816000000.0,0.0,749000000,1667000000,0.3521335023236164,918000000.0,0.19391634980988592,0.0,559000000,0.11808196028728347,-217000000,342000000,0.07224334600760456,0.5613578952033446,0.5678799149840595,609237000,602240000,https://www.sec.gov/Archives/edgar/data/1377013/000095012310072923/0000950123-10-072923-index.htm,https://www.sec.gov/Archives/edgar/data/1377013/000095012310072923/g24083zze10vq.htm,1620599145,18:25:45,20210509
24,2010-03-31,TWC,USD,2010-04-29,2010-04-29 07:41:27,Q1,4599000000.0,2195000000.0,2404000000.0,0.522722330941509,0.0,735000000.0,0.0,-15000000.0,735000000.0,3749000000.0,0.0,743000000,1593000000,0.34637964774951074,850000000.0,0.18482278756251358,0.0,488000000,0.10611002391824309,-273000000,215000000,0.04674929332463579,0.6044413931868069,0.6005036644884248,355700325,358032786,https://www.sec.gov/Archives/edgar/data/1377013/000095012310040058/0000950123-10-040058-index.htm,https://www.sec.gov/Archives/edgar/data/1377013/000095012310040058/g23027e10vq.htm,1620599145,18:25:45,20210509
25,2009-12-31,TWC,USD,2010-02-19,2010-02-19 12:34:10,Q4,4532000000.0,2132000000.0,2400000000.0,0.529567519858782,0.0,693000000.0,0.0,-3000000.0,693000000.0,3641000000.0,345000000.0,797000000,1688000000,0.37246248896734335,891000000.0,0.1966019417475728,-3000000.0,543000000,0.11981465136804943,-220000000,323000000,0.07127096204766108,0.9080677674387844,0.9021520168826103,355700325,358032786,https://www.sec.gov/Archives/edgar/data/1377013/000095012310014438/0000950123-10-014438-index.htm,https://www.sec.gov/Archives/edgar/data/1377013/000095012310014438/g22094e10vk.htm,1620599145,18:25:45,20210509
26,2009-09-30,TWC,USD,2009-11-05,2009-11-05 07:29:15,Q3,4498000000.0,2176000000.0,2322000000.0,0.5162294353045798,0.0,703000000.0,0.0,-19000000.0,703000000.0,3670000000.0,348000000.0,777000000,1605000000,0.3568252556691863,828000000.0,0.1840818141396176,-83000000.0,461000000,0.10248999555357936,-193000000,268000000,0.059582036460649176,0.749284786702302,0.7457997407366344,357674418,359345794,https://www.sec.gov/Archives/edgar/data/1377013/000095012309057978/0000950123-09-057978-index.htm,https://www.sec.gov/Archives/edgar/data/1377013/000095012309057978/g21015e10vq.htm,1620599145,18:25:45,20210509
27,2009-06-30,TWC,USD,2009-07-29,2009-07-29 07:15:43,Q2,4474000000.0,2120000000.0,2354000000.0,0.5261510952168083,0.0,704000000.0,0.0,-13000000.0,704000000.0,3592000000.0,336000000.0,763000000,1645000000,0.367679928475637,882000000.0,0.19713902548055431,51000000.0,533000000,0.11913276709879303,-216000000,317000000,0.07085382208314707,0.8795,0.8795,360431654,360431654,https://www.sec.gov/Archives/edgar/data/1377013/000095012309026641/0000950123-09-026641-index.htm,https://www.sec.gov/Archives/edgar/data/1377013/000095012309026641/g19881e10vq.htm,1620599145,18:25:45,20210509
28,2009-03-31,TWC,USD,2009-04-29,2009-04-29 07:15:58,Q1,4364000000.0,2127000000.0,2237000000.0,0.5126031164069661,0.0,730000000.0,0.0,-51000000.0,730000000.0,3648000000.0,290000000.0,748000000,1464000000,0.3354720439963336,716000000.0,0.16406966086159486,-51000000.0,375000000,0.08593033913840513,-191000000,184000000,0.04216315307057745,0.48,0.48,383333333,383333333,https://www.sec.gov/Archives/edgar/data/1377013/000095014409003639/0000950144-09-003639-index.htm,https://www.sec.gov/Archives/edgar/data/1377013/000095014409003639/g18658e10vq.htm,1620599145,18:25:45,20210509
29,2008-12-31,TWC,USD,2009-02-20,2009-02-20 12:33:21,Q4,4402000000.0,2048000000.0,2354000000.0,0.5347569286687869,0.0,693000000.0,0.0,-354000000.0,693000000.0,18346000000.0,276000000.0,769000000,-13175000000,-2.992957746478873,-13944000000.0,-3.1676510676965015,-354000000.0,-13420000000,-3.048614266242617,5256000000,-8164000000,-1.854611540208996,-8.35965,-8.35965,976595744,976595744,https://www.sec.gov/Archives/edgar/data/1377013/000095014409001480/0000950144-09-001480-index.htm,https://www.sec.gov/Archives/edgar/data/1377013/000095014409001480/g17686e10vk.htm,1620599145,18:25:45,20210509
30,2008-09-30,TWC,USD,2008-11-05,2008-11-05 07:22:33,Q3,4340000000.0,2072000000.0,2268000000.0,0.5225806451612903,0.0,700000000.0,0.0,0.0,700000000.0,3552000000.0,229000000.0,766000000,1554000000,0.3580645161290323,788000000.0,0.1815668202764977,0.0,504000000,0.11612903225806452,-203000000,301000000,0.06935483870967742,0.30834,0.30834,976190476,976190476,https://www.sec.gov/Archives/edgar/data/1377013/000095014408008127/0000950144-08-008127-index.htm,https://www.sec.gov/Archives/edgar/data/1377013/000095014408008127/g16341e10vq.htm,1620599145,18:25:45,20210509
31,2008-06-30,TWC,USD,2008-08-06,2008-08-06 07:26:26,Q2,8458000000.0,4025000000.0,4433000000.0,0.524119177110428,0.0,1460000000.0,0.0,-11000000.0,1460000000.0,7083000000.0,343000000.0,787000000,2162000000,0.2556159848663987,1375000000.0,0.16256798297469852,-11000000.0,459000000,0.054268148498462995,-182000000,277000000,0.03275005911563017,0.28287,0.28287,979245283,979245283,https://www.sec.gov/Archives/edgar/data/1377013/000095014408006062/0000950144-08-006062-index.htm,https://www.sec.gov/Archives/edgar/data/1377013/000095014408006062/g14442e10vq.htm,1620599145,18:25:45,20210509
32,2008-03-31,TWC,USD,2008-04-30,2008-04-30 07:31:53,Q1,0.0,0.0,0.0,0.0,0.0,1000000.0,0.0,-2000000.0,1000000.0,1000000.0,75000000.0,766000000,765000000,0.0,-1000000.0,0.0,-2000000.0,407000000,0.0,-165000000,242000000,0.0,0.24782,0.24782,976521739,976521739,https://www.sec.gov/Archives/edgar/data/1377013/000095014408003374/0000950144-08-003374-index.htm,https://www.sec.gov/Archives/edgar/data/1377013/000095014408003374/g13010e10vq.htm,1620599145,18:25:45,20210509
33,2007-12-31,TWC,USD,2008-02-22,2008-02-22 11:26:18,Q4,4089000000.0,1897000000.0,2192000000.0,0.5360723893372463,0.0,2648000000.0,0.0,0.0,2648000000.0,3294000000.0,213000000.0,768000000,1563000000,0.3822450476889215,795000000.0,0.19442406456346295,1000000.0,542000000,0.13255074590364394,-215000000,327000000,0.07997065297138664,0.33486,0.33486,976521739,976521739,https://www.sec.gov/Archives/edgar/data/1377013/000095014408001292/0000950144-08-001292-index.htm,https://www.sec.gov/Archives/edgar/data/1377013/000095014408001292/g11810e10vk.htm,1620599145,18:25:45,20210509
34,2007-09-30,TWC,USD,2007-11-07,2007-11-07 07:44:24,Q3,4001000000.0,1890000000.0,2111000000.0,0.5276180954761309,0.0,-1343000000.0,0.0,-143000000.0,-1343000000.0,3320000000.0,227000000.0,747000000,1428000000,0.35691077230692325,681000000.0,0.1702074481379655,1000000.0,414000000,0.10347413146713322,-166000000,248000000,0.06198450387403149,0.25236,0.25236,982716049,982716049,https://www.sec.gov/Archives/edgar/data/1377013/000095014407009993/0000950144-07-009993-index.htm,https://www.sec.gov/Archives/edgar/data/1377013/000095014407009993/g10253e10vq.htm,1620599145,18:25:45,20210509
35,2007-06-30,TWC,USD,2007-08-01,2007-08-01 07:33:06,Q2,4014000000.0,1872000000.0,2142000000.0,0.5336322869955157,0.0,692000000.0,0.0,143000000.0,692000000.0,3303000000.0,227000000.0,733000000,1444000000,0.3597409068261086,711000000.0,0.17713004484304934,-3000000.0,444000000,0.11061285500747384,-172000000,272000000,0.06776283009466866,0.27796,0.27796,978571428,978571428,https://www.sec.gov/Archives/edgar/data/1377013/000095014407007055/0000950144-07-007055-index.htm,https://www.sec.gov/Archives/edgar/data/1377013/000095014407007055/g08615e10vq.htm,1620599145,18:25:45,20210509
36,2007-03-31,TWC,USD,2007-05-02,2007-05-02 07:23:06,Q1,3851000000.0,1883000000.0,1968000000.0,0.5110360945209037,0.0,651000000.0,0.0,0.0,651000000.0,3272000000.0,227000000.0,728000000,1307000000,0.3393923656193197,579000000.0,0.15035055829654634,146000000.0,463000000,0.12022851207478577,-187000000,276000000,0.07166969618280966,0.2825,0.2825,977000000,977000000,https://www.sec.gov/Archives/edgar/data/1377013/000095014407004087/0000950144-07-004087-index.htm,https://www.sec.gov/Archives/edgar/data/1377013/000095014407004087/g07005e10vq.htm,1620599145,18:25:45,20210509
