,date,symbol,reportedCurrency,fillingDate,acceptedDate,period,revenue,costOfRevenue,grossProfit,grossProfitRatio,researchAndDevelopmentExpenses,generalAndAdministrativeExpenses,sellingAndMarketingExpenses,otherExpenses,operatingExpenses,costAndExpenses,interestExpense,depreciationAndAmortization,ebitda,ebitdaratio,operatingIncome,operatingIncomeRatio,totalOtherIncomeExpensesNet,incomeBeforeTax,incomeBeforeTaxRatio,incomeTaxExpense,netIncome,netIncomeRatio,eps,epsdiluted,weightedAverageShsOut,weightedAverageShsOutDil,link,finalLink,timestamp,est_time,est_date
0,2020-12-31,ISSC,USD,2021-02-12,2021-02-12 16:04:04,Q1,4869652.0,2303829.0,2565823.0,0.5269006902341277,600298.0,0.0,0.0,16392.0,2333452.0,4637281.0,0.0,113682.0,346053.0,0.07106318890959765,232371.0,0.047718194236467,16392.0,249642.0,0.05126485424420472,9497.0,240145.0,0.04931461221458946,0.013950252300634167,0.013948710311346459,17214384,17216287,https://www.sec.gov/Archives/edgar/data/836690/000110465921021891/0001104659-21-021891-index.htm,https://www.sec.gov/Archives/edgar/data/836690/000110465921021891/tm212787d1_10q.htm,1620593784,16:56:24,20210509
1,2020-09-30,ISSC,USD,2020-12-22,2020-12-22 16:09:08,Q4,6295017.0,2784533.0,3510484.0,0.5576607656500372,706537.0,0.0,0.0,15737.0,2292997.0,5077530.0,0.0,131960.0,1349447.0,0.21436749098533014,1217487.0,0.19340487881128834,15737.0,1235816.0,0.19631654688144606,-8096.0,1243912.0,0.1976026434876983,0.07337426892616417,0.07337426892616417,16952973,16952973,https://www.sec.gov/Archives/edgar/data/836690/000110465920138570/0001104659-20-138570-index.htm,https://www.sec.gov/Archives/edgar/data/836690/000110465920138570/tm2031767d1_10k.htm,1620593784,16:56:24,20210509
2,2020-06-30,ISSC,USD,2020-08-10,2020-08-10 17:08:15,Q3,5953689.0,2559016.0,3394673.0,0.5701797658560936,870805.0,0.0,0.0,16261.0,2150227.0,4709243.0,0.0,96396.0,1340842.0,0.2252119652202189,1244446.0,0.2090209952182588,16261.0,1268474.0,0.2130568123393748,8616.0,1259858.0,0.21160964235787258,0.07431487090789327,0.07373077333863942,16952973,17087275,https://www.sec.gov/Archives/edgar/data/836690/000110465920092828/0001104659-20-092828-index.htm,https://www.sec.gov/Archives/edgar/data/836690/000110465920092828/tm2020577d1_10q.htm,1620593784,16:56:24,20210509
3,2020-03-31,ISSC,USD,2020-05-15 00:00:00,2020-05-15 16:02:05,Q2,4835065.0,2539894.0,2295171.0,0.47469289451124236,712019.0,0.0,0.0,11219.0,2243408.0,4783302.0,0.0,101019.0,152782.0,0.03159874789687419,51763.0,0.010705750594873078,11219.0,128703.0,0.026618670069585414,-309402.0,438105.0,0.09060995043499932,0.025875697191765846,0.02558518209130109,16931138,17123388,https://www.sec.gov/Archives/edgar/data/836690/000110465920062552/0001104659-20-062552-index.htm,https://www.sec.gov/Archives/edgar/data/836690/000110465920062552/tm2018385d1_10q.htm,1620593784,16:56:24,20210509
4,2019-12-31,ISSC,USD,2020-02-07,2020-02-07 16:03:42,Q1,4511428.0,1909781.0,2601647.0,0.5766792687370828,666615.0,0.0,0.0,17280.0,2369889.0,4279670.0,0.0,104135.0,335893.0,0.07445380930383905,231758.0,0.051371317463118106,17280.0,327908.0,0.07268385974463075,0.0,327908.0,0.07268385974463075,0.019392471575552857,0.019196587106882046,16909036,17081578,https://www.sec.gov/Archives/edgar/data/836690/000110465920012517/0001104659-20-012517-index.htm,https://www.sec.gov/Archives/edgar/data/836690/000110465919075583/a19-18277_110k.htm,1620593784,16:56:24,20210509
5,2019-09-30,ISSC,USD,2019-12-23,2019-12-23 16:07:31,Q4,4801988.0,1942734.0,2859254.0,0.5954313088662445,522427.0,0.0,0.0,16423.0,1986221.0,3928955.0,0.0,108919.0,981952.0,0.204488640954538,873033.0,0.18180657677611856,16423.0,991128.0,0.20639951620037367,-5989.0,997117.0,0.20764670798844145,0.05904051065647949,0.05839690889950556,16888692,17074825,https://www.sec.gov/Archives/edgar/data/836690/000110465919075583/0001104659-19-075583-index.htm,https://www.sec.gov/Archives/edgar/data/836690/000110465919075583/a19-18277_110k.htm,1620593784,16:56:24,20210509
6,2019-06-30,ISSC,USD,2019-08-09,2019-08-09 16:06:28,Q3,4589824.0,2064617.0,2525207.0,0.5501751265407998,722525.0,0.0,0.0,24714.0,2138578.0,4203195.0,0.0,107513.0,494142.0,0.10766033730269396,386629.0,0.08423612757264766,24714.0,511259.0,0.11138967420101512,0.0,511259.0,0.11138967420101512,0.030287243604853718,0.03011188821156084,16880341,16978643,https://www.sec.gov/Archives/edgar/data/836690/000110465919045103/0001104659-19-045103-index.htm,https://www.sec.gov/Archives/edgar/data/836690/000110465919045103/a19-10398_110q.htm,1620593784,16:56:24,20210509
7,2019-03-31,ISSC,USD,2019-05-10,2019-05-10 16:03:03,Q2,4203127.0,1856921.0,2346206.0,0.558204879367195,648482.0,0.0,0.0,10746.0,2173139.0,4030060.0,0.0,118768.0,291835.0,0.06943282941486184,173067.0,0.04117577222862883,10746.0,210293.0,0.05003251150869341,7794.0,202499.0,0.04817817781856223,0.012010212230098061,0.011999428765113429,16860568,16875720,https://www.sec.gov/Archives/edgar/data/836690/000110465919028604/0001104659-19-028604-index.htm,https://www.sec.gov/Archives/edgar/data/836690/000110465919028604/a19-8792_110q.htm,1620593784,16:56:24,20210509
8,2018-12-31,ISSC,USD,2019-02-14,2019-02-14 16:06:36,Q1,3977650.0,1811847.0,2165803.0,0.5444931052254471,596372.0,0.0,0.0,21854.0,2069788.0,3881635.0,0.0,116078.0,212093.0,0.05332118210501175,96015.0,0.024138624564755573,21854.0,139421.0,0.035051098010131614,0.0,139421.0,0.035051098010131614,0.01,0.01,16840599,16840599,https://www.sec.gov/Archives/edgar/data/836690/000110465919008699/0001104659-19-008699-index.htm,https://www.sec.gov/Archives/edgar/data/836690/000110465918074460/a18-31043_110k.htm,1620593784,16:56:24,20210509
9,2018-09-30,ISSC,USD,2018-12-21,2018-12-21 16:32:30,Q4,3645521.0,1829327.0,1816194.0,0.49819874854650403,592187.0,0.0,0.0,14500.0,2260433.0,4089760.0,0.0,119353.0,-324886.0,-0.08911922328797448,-444239.0,-0.12185885090224415,14500.0,-412647.0,-0.113192874214687,1731.0,-414378.0,-0.11366770346405905,-0.02,-0.02,16823754,16823754,https://www.sec.gov/Archives/edgar/data/836690/000110465918074460/0001104659-18-074460-index.htm,https://www.sec.gov/Archives/edgar/data/836690/000110465918074460/a18-31043_110k.htm,1620593784,16:56:24,20210509
10,2018-06-30,ISSC,USD,2018-08-10,2018-08-10 16:31:53,Q3,3389663.0,1806980.0,1582683.0,0.46691455758286293,1028271.0,0.0,0.0,16128.0,2654911.0,4461891.0,0.0,106306.0,-965922.0,-0.2849610713513408,-1072228.0,-0.31632289109566347,16128.0,-1040936.0,-0.3070912949163383,101.0,-1041037.0,-0.30712109138873095,-0.06,-0.06,16816838,16816838,https://www.sec.gov/Archives/edgar/data/836690/000110465918051190/0001104659-18-051190-index.htm,https://www.sec.gov/Archives/edgar/data/836690/000110465918051190/a18-14121_110q.htm,1620593784,16:56:24,20210509
11,2018-03-31,ISSC,USD,2018-05-11,2018-05-11 16:31:20,Q2,3727204.0,2082347.0,1644857.0,0.4413112349095998,1031622.0,0.0,0.0,15664.0,2788368.0,4870715.0,0.0,107181.0,-1036330.0,-0.2780448829739397,-1143511.0,-0.306801291262834,15664.0,-1116166.0,-0.29946469256847763,200705.0,-1316871.0,-0.35331336841235417,-0.08,-0.08,16800244,16800244,https://www.sec.gov/Archives/edgar/data/836690/000110465918032546/0001104659-18-032546-index.htm,https://www.sec.gov/Archives/edgar/data/836690/000110465918032546/a18-9115_110q.htm,1620593784,16:56:24,20210509
12,2017-12-31,ISSC,USD,2018-02-14,2018-02-14 16:52:20,Q1,3087984.0,1593268.0,1494716.0,0.4840426634334893,923721.0,0.0,0.0,21431.0,2546276.0,4139544.0,0.0,103368.0,-948192.0,-0.3070585857957813,-1051560.0,-0.3405328525018264,21431.0,-1020505.0,-0.33047612940999693,-138886.0,-881619.0,-0.28549986010290207,-0.05,-0.05,16783129,16783129,https://www.sec.gov/Archives/edgar/data/836690/000110465918009757/0001104659-18-009757-index.htm,https://www.sec.gov/Archives/edgar/data/836690/000110465917073638/a17-21212_110k.htm,1620593784,16:56:24,20210509
13,2017-09-30,ISSC,USD,2017-12-15,2017-12-15 16:33:20,Q4,4225483.0,2373726.0,1851758.0,0.4382358182484701,1065476.0,0.0,0.0,683271.0,2778758.0,5152484.0,0.0,116866.0,-810134.0,-0.1917257743079312,-927000.0,-0.21938320423961,683271.0,-235346.0,-0.05569682803125702,-49300.0,-186046.0,-0.044029522778816055,-0.01,-0.01,16763245,16763245,https://www.sec.gov/Archives/edgar/data/836690/000110465917073638/0001104659-17-073638-index.htm,https://www.sec.gov/Archives/edgar/data/836690/000110465917073638/a17-21212_110k.htm,1620593784,16:56:24,20210509
14,2017-06-30,ISSC,USD,2017-08-11,2017-08-11 16:32:13,Q3,4541421.0,2164140.0,2377281.0,0.5234663335550701,1236184.0,0.0,0.0,15628.0,2918470.0,5082610.0,0.0,110833.0,-430356.0,-0.09476241026762329,-541189.0,-0.11916732670236915,15628.0,-517879.0,-0.11403457199850003,-537099.0,19220.0,0.004232155530174366,0.001147,0.001139,16755082,16870404,https://www.sec.gov/Archives/edgar/data/836690/000110465917051375/0001104659-17-051375-index.htm,https://www.sec.gov/Archives/edgar/data/836690/000110465917051375/a17-13384_110q.htm,1620593784,16:56:24,20210509
15,2017-03-31,ISSC,USD,2017-05-12,2017-05-12 16:32:10,Q2,4653902.0,2302431.0,2351471.0,0.5052686971062132,1069009.0,0.0,0.0,4140210.0,-634447.0,1667984.0,0.0,113154.0,3099072.0,0.6659083066209817,2985918.0,0.6415945157418441,4140210.0,7136075.0,1.5333530873662573,1205650.0,5930425.0,1.2742909068562251,0.35436192147914525,0.3520154467316818,16735503,16847059,https://www.sec.gov/Archives/edgar/data/836690/000110465917032325/0001104659-17-032325-index.htm,https://www.sec.gov/Archives/edgar/data/836690/000110465917032325/a17-11504_110q.htm,1620593784,16:56:24,20210509
16,2016-12-31,ISSC,USD,2017-02-10,2017-02-10 16:28:44,Q1,3365866.0,1828052.0,1537814.0,0.45688509287060153,1085988.0,0.0,0.0,19114.0,3133109.0,4961161.0,0.0,108336.0,-1486959.0,-0.4417760540675119,-1595295.0,-0.47396271865843737,19114.0,-1566305.0,-0.46534977922472254,-371331.0,-1194974.0,-0.3550272054799567,-0.07,-0.07,16716014,16716014,https://www.sec.gov/Archives/edgar/data/836690/000110465917008199/0001104659-17-008199-index.htm,https://www.sec.gov/Archives/edgar/data/836690/000110465916162610/a16-22585_110k.htm,1620593784,16:56:24,20210509
17,2016-09-30,ISSC,USD,2016-12-16,2016-12-16 16:13:29,Q4,6220551.0,2835904.0,3384647.0,0.5441072663820296,1198954.0,0.0,0.0,6950.0,2838186.0,5674090.0,0.0,137431.0,683892.0,0.10994074319139896,546461.0,0.08784768423247394,6950.0,562457.0,0.09041916061776521,165328.0,397129.0,0.06384145070107133,0.023455515973038108,0.0232571922343868,16931156,17075535,https://www.sec.gov/Archives/edgar/data/836690/000110465916162610/0001104659-16-162610-index.htm,https://www.sec.gov/Archives/edgar/data/836690/000110465916162610/a16-22585_110k.htm,1620593784,16:56:24,20210509
18,2016-06-30,ISSC,USD,2016-08-12,2016-08-12 16:45:33,Q3,6504592.0,2621016.0,3883576.0,0.597051436892583,1405158.0,0.0,0.0,12457.0,3651232.0,6272248.0,0.0,123665.0,356009.0,0.05473194936746225,232344.0,0.03571999596592684,12457.0,253893.0,0.039032886305551524,27096.0,226797.0,0.034867213808337245,0.013386903692762483,0.013294433509543572,16941707,17059546,https://www.sec.gov/Archives/edgar/data/836690/000110465916139371/0001104659-16-139371-index.htm,https://www.sec.gov/Archives/edgar/data/836690/000110465916139371/a16-11494_110q.htm,1620593784,16:56:24,20210509
19,2016-03-31,ISSC,USD,2016-05-16,2016-05-16 16:30:41,Q2,8660982.0,2757635.0,5903347.0,0.6816025018871994,1337616.0,0.0,0.0,26623.0,3930231.0,6687866.0,0.0,118495.0,2091611.0,0.2414981349689908,1973116.0,0.22781666097447148,26623.0,2008079.0,0.23185350113878542,429766.0,1578313.0,0.18223256900891838,0.09324939165065897,0.0927428645198503,16925719,17018161,https://www.sec.gov/Archives/edgar/data/836690/000110465916121397/0001104659-16-121397-index.htm,https://www.sec.gov/Archives/edgar/data/836690/000110465916121397/a16-7037_110q.htm,1620593784,16:56:24,20210509
20,2015-12-31,ISSC,USD,2016-02-16,2016-01-14 17:05:13,Q1,6583578.0,3267767.0,3315811.0,0.5036487757872695,931600.0,0.0,0.0,32410.0,3624544.0,6892311.0,0.0,113770.0,-194963.0,-0.029613532337582998,-308733.0,-0.0468944090887964,32410.0,-269298.0,-0.04090450511864521,-53860.0,-215438.0,-0.032723543337680516,-0.01,-0.01,16909638,16909638,https://www.sec.gov/Archives/edgar/data/836690/000110465916097359/0001104659-16-097359-index.htm,https://www.sec.gov/Archives/edgar/data/836690/000110465916089879/a15-18236_110k.htm,1620593784,16:56:24,20210509
21,2015-09-30,ISSC,USD,2016-01-14,2016-01-14 17:05:13,Q4,3137089.0,2482200.0,654889.0,0.2087569080762452,603396.0,0.0,0.0,1878.0,3539120.0,6021320.0,0.0,139789.0,-2744442.0,-0.8748371499820375,-2884231.0,-0.9193972501258332,1878.0,-2875818.0,-0.9167154645596602,-312006.0,-2563812.0,-0.8172582926400876,-0.08,-0.08,16905526,16905526,https://www.sec.gov/Archives/edgar/data/836690/000110465916089879/0001104659-16-089879-index.htm,https://www.sec.gov/Archives/edgar/data/836690/000110465916089879/a15-18236_110k.htm,1620593784,16:56:24,20210509
22,2015-06-30,ISSC,USD,2015-08-10,2015-08-10 16:31:12,Q3,4919689.0,2988044.0,1931645.0,0.3926355913961228,799340.0,0.0,0.0,11173.0,2196505.0,5184549.0,0.0,142651.0,-122209.0,-0.02484079786344218,-264860.0,-0.05383673642785144,11173.0,-247315.0,-0.0502704540876466,3284658.0,-3531973.0,-0.7179260721561871,-0.21,-0.21,16910475,16910475,https://www.sec.gov/Archives/edgar/data/836690/000110465915058262/0001104659-15-058262-index.htm,https://www.sec.gov/Archives/edgar/data/836690/000110465915058262/a15-11877_110q.htm,1620593784,16:56:24,20210509
23,2015-03-31,ISSC,USD,2015-05-11,2015-05-11 16:36:47,Q2,5286050.0,3702654.0,1583396.0,0.299542380416379,647473.0,0.0,0.0,9407.0,2221361.0,5924015.0,0.0,147848.0,-490117.0,-0.09271894893162191,-637965.0,-0.12068841573575732,9407.0,-622545.0,-0.1177713037144938,-258454.0,-364091.0,-0.06887770641594385,-0.02,-0.02,16925028,16925028,https://www.sec.gov/Archives/edgar/data/836690/000110465915036859/0001104659-15-036859-index.htm,https://www.sec.gov/Archives/edgar/data/836690/000110465915036859/a15-6831_110q.htm,1620593784,16:56:24,20210509
24,2014-12-31,ISSC,USD,2015-02-17,2015-02-17 11:09:28,Q1,6724255.0,3962450.0,2761805.0,0.41072282356930245,654999.0,0.0,0.0,10822.0,2595490.0,6557940.0,0.0,140026.0,306341.0,0.04555761195849949,166315.0,0.024733595022794347,10822.0,183022.0,0.02721818253471946,-410720.0,593742.0,0.08829855500720897,0.04,0.03,16955726,17040681,https://www.sec.gov/Archives/edgar/data/836690/000110465915010977/0001104659-15-010977-index.htm,https://www.sec.gov/Archives/edgar/data/836690/000110465914086815/a14-24656_110k.htm,1620593784,16:56:24,20210509
25,2014-09-30,ISSC,USD,2014-12-15,2014-12-15 17:29:55,Q4,9918221.0,7059708.0,2858513.0,0.28820823815077323,682362.0,0.0,0.0,10451.0,6159544.0,13219252.0,0.0,162865.0,-3138166.0,-0.316404121263279,-3301031.0,-0.3328249088218542,10451.0,-3285070.0,-0.3312156484514713,-1195496.0,-2089574.0,-0.21068032261027456,-0.12323328387466873,-0.12168617109372398,16956247,17171828,https://www.sec.gov/Archives/edgar/data/836690/000110465914086815/0001104659-14-086815-index.htm,https://www.sec.gov/Archives/edgar/data/836690/000110465914086815/a14-24656_110k.htm,1620593784,16:56:24,20210509
26,2014-06-30,ISSC,USD,2014-08-07,2014-08-07 16:52:22,Q3,10575976.0,7413849.0,3162127.0,0.2989915067885933,647894.0,0.0,0.0,7939.0,2502226.0,9916075.0,0.0,140018.0,799919.0,0.07563547799276397,659901.0,0.06239622707161968,7939.0,673120.0,0.06364613535431624,176090.0,497030.0,0.0469961353921378,0.029320951239310594,0.028934822686232955,16951360,17177572,https://www.sec.gov/Archives/edgar/data/836690/000110465914058326/0001104659-14-058326-index.htm,https://www.sec.gov/Archives/edgar/data/836690/000110465914058326/a14-14214_110q.htm,1620593784,16:56:24,20210509
27,2014-03-31,ISSC,USD,2014-05-12,2014-05-12 16:08:03,Q2,12495016.0,8709891.0,3785125.0,0.30293078456242073,660876.0,0.0,0.0,8901.0,2695485.0,11405376.0,0.0,144111.0,1233751.0,0.09873944939326208,1089640.0,0.08720597076466328,8901.0,1103840.0,0.08834242389125392,319623.0,784217.0,0.06276238461799488,0.046359967233045654,0.04571979955549798,16915823,17152678,https://www.sec.gov/Archives/edgar/data/836690/000110465914037611/0001104659-14-037611-index.htm,https://www.sec.gov/Archives/edgar/data/836690/000110465914037611/a14-10325_110q.htm,1620593784,16:56:24,20210509
28,2013-12-31,ISSC,USD,2014-02-11,2014-02-11 16:31:14,Q1,11105811.0,7325375.0,3780436.0,0.34040161497435895,626921.0,0.0,0.0,5666.0,2371812.0,9697187.0,0.0,129484.0,1538108.0,0.13849578387386569,1408624.0,0.12683666235631058,5666.0,1424757.0,0.12828932529105708,416161.0,1008596.0,0.09081696059837503,0.05972233916857126,0.05900173074769868,16888086,17094346,https://www.sec.gov/Archives/edgar/data/836690/000110465914008457/0001104659-14-008457-index.htm,https://www.sec.gov/Archives/edgar/data/836690/000110465913091577/a13-20226_110k.htm,1620593784,16:56:24,20210509
29,2013-09-30,ISSC,USD,2013-12-20,2013-12-20 16:21:23,Q4,8037344.0,5849875.0,2187469.0,0.2721631673348808,362758.0,0.0,0.0,8390.0,2140929.0,7990804.0,0.0,179701.0,226241.0,0.028148726743561055,46540.0,0.005790470085640232,8390.0,63822.0,0.007940682892258936,-90909.0,154731.0,0.019251508956192494,0.009190288707908877,0.009074140461954216,16836359,17051863,https://www.sec.gov/Archives/edgar/data/836690/000110465913091577/0001104659-13-091577-index.htm,https://www.sec.gov/Archives/edgar/data/836690/000110465913091577/a13-20226_110k.htm,1620593784,16:56:24,20210509
30,2013-06-30,ISSC,USD,2013-08-08,2013-08-08 16:11:51,Q3,8778254.0,5332798.0,3445456.0,0.39249900948411837,559297.0,0.0,0.0,4924.0,3159956.0,8492754.0,0.0,120506.0,406006.0,0.04625133881976985,285500.0,0.032523551950080276,4924.0,298953.0,0.03405608905825692,-8520.0,307473.0,0.03502666931259907,0.018312336916553446,0.01810658027351876,16790484,16981285,https://www.sec.gov/Archives/edgar/data/836690/000110465913061723/0001104659-13-061723-index.htm,https://www.sec.gov/Archives/edgar/data/836690/000110465913061723/a13-13593_110q.htm,1620593784,16:56:24,20210509
31,2013-03-31,ISSC,USD,2013-05-09,2013-05-09 16:02:23,Q2,8214974.0,4263580.0,3951394.0,0.4809989660344634,805126.0,0.0,0.0,13261.0,2740557.0,7004137.0,0.0,126254.0,1337091.0,0.1627626575567981,1210837.0,0.1473938931517008,13261.0,1230279.0,0.1497605470205992,123151.0,1107128.0,0.13476950748718133,0.06599111970704523,0.06597211876993087,16776924,16781756,https://www.sec.gov/Archives/edgar/data/836690/000110465913039569/0001104659-13-039569-index.htm,https://www.sec.gov/Archives/edgar/data/836690/000110465913039569/a13-6822_110q.htm,1620593784,16:56:24,20210509
32,2012-12-31,ISSC,USD,2013-02-11,2013-02-11 16:04:18,Q1,6536734.0,3496482.0,3040252.0,0.4651026032266266,850852.0,0.0,0.0,11545.0,2655661.0,6152143.0,0.0,119159.0,503750.0,0.07706447898904865,384591.0,0.05883534499032697,11545.0,413708.0,0.06328971012129299,96119.0,317589.0,0.048585272094596475,0.019116756019729463,0.019116749115518764,16613122,16613128,https://www.sec.gov/Archives/edgar/data/836690/000110465913009295/0001104659-13-009295-index.htm,https://www.sec.gov/Archives/edgar/data/836690/000104746912011253/a2212127z10-k.htm,1620593784,16:56:24,20210509
33,2012-09-30,ISSC,USD,2012-12-14,2012-12-14 17:15:00,Q4,6928026.0,4259701.0,2668325.0,0.3851493917603658,560742.0,0.0,0.0,6489.0,2295319.0,6555020.0,61.0,118695.0,491701.0,0.07097274173047272,373006.0,0.053840155911655065,6489.0,417954.0,0.06032800685216828,-2355175.0,2773129.0,0.40027693314083984,0.17,0.17,16581819,16581819,https://www.sec.gov/Archives/edgar/data/836690/000104746912011253/0001047469-12-011253-index.htm,https://www.sec.gov/Archives/edgar/data/836690/000104746912011253/a2212127z10-k.htm,1620593784,16:56:24,20210509
34,2012-06-30,ISSC,USD,2012-08-08,2012-08-08 16:26:48,Q3,6134492.0,3518867.0,2615625.0,0.4263800490733381,416210.0,0.0,0.0,0.0,2260463.0,5779330.0,120.0,111892.0,467054.0,0.07613572566399956,355162.0,0.05789591053342314,7879.0,383478.0,0.06251177766634955,123507.0,259971.0,0.042378570222277576,0.02,0.02,16627541,16627541,https://www.sec.gov/Archives/edgar/data/836690/000110465912055934/0001104659-12-055934-index.htm,https://www.sec.gov/Archives/edgar/data/836690/000110465912055934/a12-13044_110q.htm,1620593784,16:56:24,20210509
35,2012-03-31,ISSC,USD,2012-05-04,2012-05-04 16:30:30,Q2,6760221.0,3659505.0,3100716.0,0.4586708038095204,926379.0,0.0,0.0,0.0,2754173.0,6413678.0,180.0,131681.0,478224.0,0.07074088258357235,346543.0,0.05126208152070768,8568.0,375087.0,0.055484428689535445,86214.0,288873.0,0.042731295323037516,0.017363573660080334,0.017363566354257554,16636725,16636732,https://www.sec.gov/Archives/edgar/data/836690/000110465912033238/0001104659-12-033238-index.htm,https://www.sec.gov/Archives/edgar/data/836690/000110465912033238/a12-10445_110q.htm,1620593784,16:56:24,20210509
36,2011-12-31,ISSC,USD,2012-02-03,2012-02-03 16:42:52,Q1,4755459.0,2629860.0,2125599.0,0.44698082771820763,790223.0,0.0,0.0,0.0,2783798.0,5413658.0,237.0,167057.0,-491142.0,-0.10327962032687066,-658199.0,-0.13840914199870086,42069.0,-594588.0,-0.12503272554762854,-251609.0,-342979.0,-0.07212321670736727,-0.02,-0.02,16721494,16721494,https://www.sec.gov/Archives/edgar/data/836690/000110465912006589/0001104659-12-006589-index.htm,https://www.sec.gov/Archives/edgar/data/836690/000104746911010093/a2206644z10-k.htm,1620593784,16:56:24,20210509
37,2011-09-30,ISSC,USD,2011-12-14,2011-12-14 17:10:52,Q4,6490277.0,3324155.0,3166122.0,0.48782540406210706,1181696.0,0.0,0.0,0.0,3071166.0,6395321.0,297.0,173123.0,268079.0,0.041304708566367816,94956.0,0.014630500362311193,0.0,118861.0,0.018313702173266257,107222.0,11639.0,0.0017932978823554063,0.0006960502452711462,0.0006960502452711462,16721494,16721494,https://www.sec.gov/Archives/edgar/data/836690/000104746911010093/0001047469-11-010093-index.htm,https://www.sec.gov/Archives/edgar/data/836690/000104746911010093/a2206644z10-k.htm,1620593784,16:56:24,20210509
38,2011-06-30,ISSC,USD,2011-08-09,2011-08-09 16:11:34,Q3,5971494.0,2811960.0,3159534.0,0.5291027672471914,1408794.0,0.0,0.0,0.0,3264469.0,6076429.0,350.0,164376.0,59441.0,0.0099541253830281,-104935.0,-0.017572654347471503,7.0,-78393.0,-0.013127870512806342,588.0,-78981.0,-0.013226338333422087,-0.004703061518517043,-0.004703061518517043,16793529,16793529,https://www.sec.gov/Archives/edgar/data/836690/000110465911045377/0001104659-11-045377-index.htm,https://www.sec.gov/Archives/edgar/data/836690/000110465911045377/a11-14199_110q.htm,1620593784,16:56:24,20210509
39,2011-03-31,ISSC,USD,2011-05-10,2011-05-10 14:33:52,Q2,6746070.0,2873414.0,3872656.0,0.5740610459126573,1556827.0,0.0,0.0,0.0,3405970.0,6279384.0,404.0,175582.0,642268.0,0.0952062460069344,466686.0,0.06917894418528121,0.0,511545.0,0.07582859353668135,12393.0,499152.0,0.07399152395394652,0.029742084162461737,0.029643210369089897,16782684,16838662,https://www.sec.gov/Archives/edgar/data/836690/000110465911027745/0001104659-11-027745-index.htm,https://www.sec.gov/Archives/edgar/data/836690/000110465911027745/a11-11733_110q.htm,1620593784,16:56:24,20210509
40,2010-12-31,ISSC,USD,2011-02-08,2011-02-08 16:26:19,Q1,6529811.0,2935655.0,3594156.0,0.5504226692012985,1353607.0,0.0,0.0,0.0,3442956.0,6378611.0,458.0,159115.0,310315.0,0.047522814978871515,151200.0,0.023155340943252417,150003.0,348337.0,0.05334564813591083,63557.0,284780.0,0.04361228831891153,0.016981094385559333,0.0169408263206593,16770415,16810278,https://www.sec.gov/Archives/edgar/data/836690/000110465911005651/0001104659-11-005651-index.htm,https://www.sec.gov/Archives/edgar/data/836690/000104746910010410/a2201359z10-k.htm,1620593784,16:56:24,20210509
41,2010-09-30,ISSC,USD,2010-12-14,2010-12-14 16:28:56,Q4,7463311.0,2729950.0,4733361.0,0.6342173065010959,1389958.0,0.0,0.0,0.0,3523669.0,6253619.0,516.0,194573.0,1404265.0,0.18815576625441444,1209692.0,0.1620851656858464,0.0,1277573.0,0.17118045864630324,26291.0,1251282.0,0.1676577594046396,0.07461246486744663,0.07461246486744663,16770415,16770415,https://www.sec.gov/Archives/edgar/data/836690/000104746910010410/0001047469-10-010410-index.htm,https://www.sec.gov/Archives/edgar/data/836690/000104746910010410/a2201359z10-k.htm,1620593784,16:56:24,20210509
42,2010-06-30,ISSC,USD,2010-08-06,2010-08-06 17:16:51,Q3,7813816.0,3010810.0,4803006.0,0.614681226176813,1274872.0,0.0,0.0,0.0,3213283.0,6224093.0,562.0,220900.0,1810623.0,0.231720711109655,1589723.0,0.2034502732083786,0.0,1658325.0,0.21222985030617564,270293.0,1388032.0,0.17763817320499997,0.08281438805963381,0.08262509839035376,16760759,16799157,https://www.sec.gov/Archives/edgar/data/836690/000110465910042803/0001104659-10-042803-index.htm,https://www.sec.gov/Archives/edgar/data/836690/000110465910042803/a10-13049_110q.htm,1620593784,16:56:24,20210509
43,2010-03-31,ISSC,USD,2010-05-06,2010-05-06 16:55:25,Q2,5372957.0,2942496.0,2430461.0,0.45235072605271176,1404705.0,0.0,0.0,0.0,3281031.0,6223527.0,614.0,218707.0,-631863.0,-0.11760060614667119,-850570.0,-0.15830575230734212,0.0,-823548.0,-0.1532764918833335,-77783.0,-745765.0,-0.1387997335545399,-0.04,-0.04,16752563,16752563,https://www.sec.gov/Archives/edgar/data/836690/000110465910026433/0001104659-10-026433-index.htm,https://www.sec.gov/Archives/edgar/data/836690/000110465910026433/a10-9500_110q.htm,1620593784,16:56:24,20210509
44,2009-12-31,ISSC,USD,2010-02-03,2010-02-03 17:18:19,Q1,4607239.0,2836773.0,1770466.0,0.3842791745772251,1164705.0,0.0,0.0,0.0,3315844.0,6152617.0,664.0,192568.0,-1352810.0,-0.2936270508215441,-1545378.0,-0.3354238840225133,50000.0,-1473068.0,-0.3197290177479397,-327895.0,-1145173.0,-0.2485594951770464,-0.07,-0.07,16745379,16745379,https://www.sec.gov/Archives/edgar/data/836690/000110465910004702/0001104659-10-004702-index.htm,https://www.sec.gov/Archives/edgar/data/836690/000104746909010731/a2195823z10-k.htm,1620593784,16:56:24,20210509
45,2009-09-30,ISSC,USD,2009-12-14,2009-12-14 16:35:51,Q4,7933778.0,3802153.0,4131625.0,0.5207638781927098,1134422.0,0.0,0.0,0.0,3309970.0,7112123.0,7763.0,317467.0,1139122.0,0.14357875907291584,821655.0,0.10356415316889381,26.0,851052.0,0.10726944968714779,265618.0,585434.0,0.07379006571648464,0.034960928623950525,0.034960928623950525,16745379,16745379,https://www.sec.gov/Archives/edgar/data/836690/000104746909010731/0001047469-09-010731-index.htm,https://www.sec.gov/Archives/edgar/data/836690/000104746909010731/a2195823z10-k.htm,1620593784,16:56:24,20210509
46,2009-06-30,ISSC,USD,2009-08-07,2009-08-07 15:03:43,Q3,7759300.0,3621045.0,4138255.0,0.533328393025144,1287397.0,0.0,0.0,0.0,3127968.0,6749013.0,19798.0,246752.0,1257039.0,0.1620041756344,1010287.0,0.13020336886059308,0.0,1053083.0,0.135718814841545,-199228.0,1252311.0,0.16139484231825035,0.07486643516045566,0.07476346106590995,16727269,16750308,https://www.sec.gov/Archives/edgar/data/836690/000110465909048186/0001104659-09-048186-index.htm,https://www.sec.gov/Archives/edgar/data/836690/000110465909048186/a09-18893_110q.htm,1620593784,16:56:24,20210509
47,2009-03-31,ISSC,USD,2009-05-11,2009-05-11 16:46:39,Q2,10465726.0,5217613.0,5248113.0,0.5014571373261635,1610687.0,0.0,0.0,0.0,3882767.0,9100380.0,19241.0,261567.0,1626913.0,0.15545151860463383,1365346.0,0.1304587947362658,0.0,1443332.0,0.13791035614729452,95802.0,1347530.0,0.1287564761393524,0.08060253344123165,0.0806025045137893,16718209,16718215,https://www.sec.gov/Archives/edgar/data/836690/000110465909031568/0001104659-09-031568-index.htm,https://www.sec.gov/Archives/edgar/data/836690/000110465909031568/a09-12036_110q.htm,1620593784,16:56:24,20210509
48,2008-12-31,ISSC,USD,2009-02-06,2009-02-06 17:05:58,Q1,10575346.0,5255173.0,5320173.0,0.5030731855014484,1280501.0,0.0,0.0,0.0,3639808.0,8894981.0,0.0,259530.0,1939895.0,0.1834356057948364,1680365.0,0.1588945647735781,50073.0,1896050.0,0.17928964215449783,72664.0,1823386.0,0.17241856673058262,0.10896197948279294,0.10872947435150755,16734149,16769933,https://www.sec.gov/Archives/edgar/data/836690/000110465909007341/0001104659-09-007341-index.htm,https://www.sec.gov/Archives/edgar/data/836690/000104746908013098/a2189609z10-k.htm,1620593784,16:56:24,20210509
49,2008-09-30,ISSC,USD,2008-12-11,2008-12-11 16:24:57,Q4,10221995.0,8533834.0,1688161.0,0.16514985577668548,2565337.0,0.0,0.0,0.0,10918818.0,19452652.0,0.0,286601.0,-8944056.0,-0.8749814493159114,-9230657.0,-0.9030191268925488,17000000.0,7992039.0,0.7818472812792415,418318.0,7573721.0,0.7409239585814706,0.45259074721995124,0.45259074721995124,16734149,16734149,https://www.sec.gov/Archives/edgar/data/836690/000104746908013098/0001047469-08-013098-index.htm,https://www.sec.gov/Archives/edgar/data/836690/000104746908013098/a2189609z10-k.htm,1620593784,16:56:24,20210509
50,2008-06-30,ISSC,USD,2008-08-06,2008-08-06 12:21:57,Q3,8751309.0,4568303.0,4183006.0,0.47798632181768463,3221698.0,0.0,0.0,0.0,8978881.0,13547184.0,0.0,257072.0,-4538803.0,-0.5186427539011592,-4795875.0,-0.5480180165047309,-2475000.0,-4544860.0,-0.5193348789306834,-255989.0,-4288871.0,-0.49008336924224705,-0.25,-0.25,16893499,16893499,https://www.sec.gov/Archives/edgar/data/836690/000110465908050225/0001104659-08-050225-index.htm,https://www.sec.gov/Archives/edgar/data/836690/000110465908050225/a08-19189_110q.htm,1620593784,16:56:24,20210509
51,2008-03-31,ISSC,USD,2008-05-08,2008-05-08 16:55:49,Q2,6824360.0,3790661.0,3033699.0,0.4445397077528149,2776576.0,0.0,0.0,0.0,7511022.0,11301683.0,0.0,259355.0,-4217968.0,-0.6180752480818714,-4477323.0,-0.6560795444554508,300000.0,-3774124.0,-0.553037061350808,3286033.0,-7060157.0,-1.0345522510535787,-0.42,-0.42,16890942,16890942,https://www.sec.gov/Archives/edgar/data/836690/000110465908031338/0001104659-08-031338-index.htm,https://www.sec.gov/Archives/edgar/data/836690/000110465908031338/a08-13795_110q.htm,1620593784,16:56:24,20210509
52,2007-12-31,ISSC,USD,2008-02-06,2008-02-06 16:34:43,Q1,4735647.0,3659059.0,1076588.0,0.22733704602560115,1740668.0,0.0,0.0,0.0,7676574.0,11335633.0,0.0,245239.0,-6354747.0,-1.3418962604265057,-6599986.0,-1.3936820037473232,0.0,-6061164.0,-1.2799019859377188,-1939223.0,-4121941.0,-0.8704071481679272,-0.24,-0.24,16893547,16893547,https://www.sec.gov/Archives/edgar/data/836690/000110465908007621/0001104659-08-007621-index.htm,https://www.sec.gov/Archives/edgar/data/836690/000104746907010035/a2181598z10-k.htm,1620593784,16:56:24,20210509
53,2007-09-30,ISSC,USD,2007-12-14,2007-12-14 13:06:20,Q4,5119777.0,5463217.0,-343440.0,-0.06708104669402593,1267880.0,0.0,0.0,0.0,5983340.0,11446557.0,0.0,326429.0,-6000351.0,-1.1719946005460784,-6326780.0,-1.2357530415875535,0.0,-5674896.0,-1.108426402165563,-1638055.0,-4036841.0,-0.7884798498059583,-0.23895757356344408,-0.23895757356344408,16893547,16893547,https://www.sec.gov/Archives/edgar/data/836690/000104746907010035/0001047469-07-010035-index.htm,https://www.sec.gov/Archives/edgar/data/836690/000104746907010035/a2181598z10-k.htm,1620593784,16:56:24,20210509
54,2007-06-30,ISSC,USD,2007-08-09,2007-08-09 14:28:29,Q3,5844405.0,3639235.0,2205170.0,0.37731300277787044,1107385.0,0.0,0.0,0.0,5299398.0,8938633.0,0.0,212219.0,-2882009.0,-0.4931227387561266,-3094228.0,-0.5294342195655503,0.0,-2365774.0,-0.40479296010457866,-1014917.0,-1350857.0,-0.23113678809048996,-0.08,-0.08,16881900,16881900,https://www.sec.gov/Archives/edgar/data/836690/000110465907060762/0001104659-07-060762-index.htm,https://www.sec.gov/Archives/edgar/data/836690/000110465907060762/a07-19341_110q.htm,1620593784,16:56:24,20210509
55,2007-03-31,ISSC,USD,2007-05-10,2007-05-10 16:59:22,Q2,3955298.0,3018028.0,937270.0,0.2369657102954063,1480741.0,0.0,0.0,0.0,5354508.0,8372536.0,0.0,208389.0,-4208849.0,-1.0641041458823077,-4417238.0,-1.1167901887544252,0.0,-3676487.0,-0.9295094832298351,-1317341.0,-2359146.0,-0.5964521510136531,-0.14,-0.14,16865098,16865098,https://www.sec.gov/Archives/edgar/data/836690/000110465907038376/0001104659-07-038376-index.htm,https://www.sec.gov/Archives/edgar/data/836690/000110465907038376/a07-13797_110q.htm,1620593784,16:56:24,20210509
56,2006-12-31,ISSC,USD,2007-02-09,2007-02-09 16:53:19,Q1,3428648.0,2033945.0,1394703.0,0.40677929026251747,1324354.0,0.0,0.0,0.0,4383369.0,6417314.0,0.0,199178.0,-2789488.0,-0.8135824966575746,-2988666.0,-0.871674782596522,0.0,-2223153.0,-0.6484051439517851,-1124709.0,-1098444.0,-0.32037234501762796,-0.07,-0.07,16824933,16824933,https://www.sec.gov/Archives/edgar/data/836690/000110465907009293/0001104659-07-009293-index.htm,https://www.sec.gov/Archives/edgar/data/836690/000110465906080985/a06-24700_110k.htm,1620593784,16:56:24,20210509
57,2006-09-30,ISSC,USD,2006-12-12,2006-12-12 15:59:00,Q4,4580806.0,2067724.0,2513082.0,0.5486113142534305,1602333.0,0.0,0.0,0.0,4824970.0,6892694.0,0.0,229891.0,-2081997.0,-0.45450451296125616,-2311888.0,-0.5046902226376756,0.0,-1531509.0,-0.33433177480120313,-582264.0,-949247.0,-0.20722270272960697,-0.0564190656806776,-0.0564190656806776,16824933,16824933,https://www.sec.gov/Archives/edgar/data/836690/000110465906080985/0001104659-06-080985-index.htm,https://www.sec.gov/Archives/edgar/data/836690/000110465906080985/a06-24700_110k.htm,1620593784,16:56:24,20210509
58,2006-06-30,ISSC,USD,2006-08-07,2006-08-07 14:49:11,Q3,2991022.0,1667301.0,1323721.0,0.4425647822048785,1695304.0,0.0,0.0,0.0,4238939.0,5906240.0,0.0,215594.0,-2699624.0,-0.9025757751029582,-2915218.0,-0.9746561543178218,0.0,-2116685.0,-0.7076795155635766,-955071.0,-1161614.0,-0.38836691940079343,-0.07,-0.07,17013737,17013737,https://www.sec.gov/Archives/edgar/data/836690/000110465906051974/0001104659-06-051974-index.htm,https://www.sec.gov/Archives/edgar/data/836690/000110465906051974/a06-15747_110q.htm,1620593784,16:56:24,20210509
59,2006-03-31,ISSC,USD,2006-05-10,2006-05-10 16:49:29,Q2,3744752.0,2194718.0,1550034.0,0.4139216695791871,1916788.0,0.0,0.0,0.0,4117438.0,6312156.0,0.0,211318.0,-2356086.0,-0.6291701025862326,-2567404.0,-0.6856005417715245,0.0,-1792261.0,-0.47860605989395294,-1014605.0,-777656.0,-0.20766555435446726,-0.04,-0.04,17674391,17674391,https://www.sec.gov/Archives/edgar/data/836690/000110465906033374/0001104659-06-033374-index.htm,https://www.sec.gov/Archives/edgar/data/836690/000110465906033374/a06-10325_110q.htm,1620593784,16:56:24,20210509
60,2005-12-31,ISSC,USD,2006-02-09,2006-02-09 10:31:01,Q1,5405387.0,2702018.0,2703369.0,0.5001249679255158,1535001.0,0.0,0.0,0.0,3431837.0,6133855.0,0.0,201838.0,-526630.0,-0.09742688173853233,-728468.0,-0.1347670388817674,0.0,9465.0,0.0017510309622604265,3340.0,6125.0,0.0011331288583037624,0.00033923664167798796,0.00033520458671518276,18055243,18272423,https://www.sec.gov/Archives/edgar/data/836690/000110465906007205/0001104659-06-007205-index.htm,https://www.sec.gov/Archives/edgar/data/836690/000110465905060486/a05-20630_110k.htm,1620593784,16:56:24,20210509
61,2005-09-30,ISSC,USD,2005-12-13,2005-12-13 15:07:11,Q4,8182914.0,3082402.0,5100512.0,0.6233124287998139,1736415.0,0.0,0.0,0.0,3813355.0,6895757.0,0.0,232114.0,1519271.0,0.18566381120466377,1287157.0,0.15729812142715907,0.0,1923902.0,0.2351120884320671,704455.0,1219447.0,0.14902356299968447,0.06753977224233426,0.06753977224233426,18055243,18055243,https://www.sec.gov/Archives/edgar/data/836690/000110465905060486/0001104659-05-060486-index.htm,https://www.sec.gov/Archives/edgar/data/836690/000110465905060486/a05-20630_110k.htm,1620593784,16:56:24,20210509
62,2005-06-30,ISSC,USD,2005-08-02,2005-08-02 09:15:49,Q3,17101620.0,5846912.0,11254708.0,0.6581077114331859,1501475.0,0.0,0.0,0.0,3990762.0,9837674.0,0.0,195831.0,7459777.0,0.43620294451636743,7263946.0,0.42475192408672396,0.0,7759007.0,0.453700117298829,2860294.0,4898713.0,0.28644730733111834,0.18235297511661094,0.17786736983159995,26863905,27541381,https://www.sec.gov/Archives/edgar/data/836690/000110465905035539/0001104659-05-035539-index.htm,https://www.sec.gov/Archives/edgar/data/836690/000110465905035539/a05-13887_110q.htm,1620593784,16:56:24,20210509
63,2005-03-31,ISSC,USD,2005-04-29,2005-04-29 14:37:01,Q2,19001021.0,5777273.0,13223748.0,0.6959493387223771,1548468.0,0.0,0.0,0.0,3852396.0,9629669.0,0.0,187810.0,9559162.0,0.5030867551801559,9371352.0,0.4932025494840514,0.0,9760282.0,0.5136714495500005,3486443.0,6273839.0,0.33018430956947,0.353333,0.34,17781957,18316479,https://www.sec.gov/Archives/edgar/data/836690/000110465905019196/0001104659-05-019196-index.htm,https://www.sec.gov/Archives/edgar/data/836690/000110465905019196/a05-7571_110q.htm,1620593784,16:56:24,20210509
64,2004-12-31,ISSC,USD,2005-02-08,2005-02-08 14:51:03,Q1,18978804.0,6182143.0,12796661.0,0.6742606646867737,1271531.0,0.0,0.0,0.0,3299998.0,9482141.0,0.0,182235.0,9678898.0,0.5099846123074984,9496663.0,0.5003825846981718,0.0,9740175.0,0.5132133194483699,3547372.0,6192803.0,0.3263010145423284,0.346667,0.34,17752707,18270412,https://www.sec.gov/Archives/edgar/data/836690/000095011605000459/0000950116-05-000459-index.htm,https://www.sec.gov/Archives/edgar/data/836690/000095011604003712/ten-k.htm,1620593784,16:56:24,20210509
65,2004-09-30,ISSC,USD,2004-12-08,2004-12-08 14:34:39,Q4,14411501.0,4462484.0,9949017.0,0.6903525871455027,949845.0,0.0,0.0,0.0,-4247226.0,215258.0,0.0,209328.0,14405571.0,0.999588523083057,14196243.0,0.9850634573039962,0.0,7184617.0,0.49853356704482066,2719459.0,4465158.0,0.30983295910675784,0.25151983863644006,0.25151983863644006,17752707,17752707,https://www.sec.gov/Archives/edgar/data/836690/000095011604003712/0000950116-04-003712-index.htm,https://www.sec.gov/Archives/edgar/data/836690/000095011604003712/ten-k.htm,1620593784,16:56:24,20210509
66,2004-06-30,ISSC,USD,2004-08-16,2004-08-16 11:01:34,Q3,12269653.0,4056372.0,8213281.0,0.6693979854197996,1363143.0,0.0,0.0,0.0,3453500.0,7509872.0,0.0,172971.0,4932752.0,0.40202864742792643,4759781.0,0.3879311827318996,0.0,4844694.0,0.3948517533462438,1559086.0,3285608.0,0.2677832861287927,0.186667,0.18,17499958,17941119,https://www.sec.gov/Archives/edgar/data/836690/000095011604002496/0000950116-04-002496-index.htm,https://www.sec.gov/Archives/edgar/data/836690/000095011604002496/tenq.htm,1620593784,16:56:24,20210509
67,2004-03-31,ISSC,USD,2004-05-04,2004-05-04 15:34:20,Q2,10895287.0,3662841.0,7232446.0,0.6638141794704444,1488893.0,0.0,0.0,0.0,3358377.0,7021218.0,0.0,168417.0,4042486.0,0.3710307034592113,3874069.0,0.3555729188226065,0.0,3960125.0,0.36347137987278355,1386044.0,2574081.0,0.2362563739716081,0.14904740339973724,0.14466715153553392,17270217,17793127,https://www.sec.gov/Archives/edgar/data/836690/000095011604001361/0000950116-04-001361-index.htm,https://www.sec.gov/Archives/edgar/data/836690/000095011604001361/tenq.htm,1620593784,16:56:24,20210509
68,2003-12-31,ISSC,USD,2004-02-02,2004-01-30 21:38:49,Q1,8523336.0,3481411.0,5041925.0,0.5915436162554193,1009275.0,0.0,0.0,0.0,2649895.0,6131306.0,0.0,179277.0,2571307.0,0.3016784742499885,2392030.0,0.28064480855852686,0.0,2472846.0,0.29012654200186405,865496.0,1607350.0,0.18858226403370698,0.09389318403887721,0.0909956973559023,17118921,17664022,https://www.sec.gov/Archives/edgar/data/836690/000119312504012285/0001193125-04-012285-index.htm,https://www.sec.gov/Archives/edgar/data/836690/000119312503099866/d10k.htm,1620593784,16:56:24,20210509
69,2003-09-30,ISSC,USD,2003-12-29,2003-12-29 17:13:31,Q4,10103904.0,3593590.0,6510314.0,0.644336486174057,952702.0,0.0,0.0,0.0,2512722.0,6106312.0,0.0,214517.0,4212109.0,0.41687935673181375,3997592.0,0.3956482563571467,0.0,4086310.0,0.40442882275999453,1271021.0,2815289.0,0.2786337835355522,0.1644548158146182,0.1644548158146182,17118921,17118921,https://www.sec.gov/Archives/edgar/data/836690/000119312503099866/0001193125-03-099866-index.htm,https://www.sec.gov/Archives/edgar/data/836690/000119312503099866/d10k.htm,1620593784,16:56:24,20210509
70,2003-06-30,ISSC,USD,2003-08-13,2003-08-13 10:09:28,Q3,6519628.0,2744729.0,3774899.0,0.5790052745340685,658259.0,0.0,0.0,0.0,2256270.0,5000999.0,0.0,142541.0,1661170.0,0.2547952122421709,1518629.0,0.23293184825882704,0.0,1619681.0,0.24843150560123983,388723.0,1230958.0,0.18880801174545542,0.0684860391369619,0.06723806956029281,17973853,18307456,https://www.sec.gov/Archives/edgar/data/836690/000119312503035290/0001193125-03-035290-index.htm,https://www.sec.gov/Archives/edgar/data/836690/000119312503035290/d10q.htm,1620593784,16:56:24,20210509
71,2003-03-31,ISSC,USD,2003-05-15,2003-05-15 13:22:22,Q2,7122425.0,2964740.0,4157685.0,0.5837457045879739,838586.0,0.0,0.0,0.0,2316777.0,5281517.0,0.0,177875.0,2018783.0,0.2834404012678266,1840908.0,0.25846646331832207,0.0,1955781.0,0.27459481847825706,684523.0,1271258.0,0.17848668115143368,0.06710139121356028,0.06601814450220192,18945330,19256191,https://www.sec.gov/Archives/edgar/data/836690/000095010903003187/0000950109-03-003187-index.htm,https://www.sec.gov/Archives/edgar/data/836690/000095010903003187/d10q.htm,1620593784,16:56:24,20210509
72,2002-12-31,ISSC,USD,2002-12-31,2002-12-31,Q1,4422795.0,2042998.0,2379797.0,0.5380753573249495,927302.0,0.0,0.0,0.0,2181445.0,4224443.0,0.0,179277.0,377629.0,0.08538243350641393,198352.0,0.04484765855075806,0.0,344132.0,0.07780871598163605,120446.0,223686.0,0.050575710608337036,0.011731514130305263,0.011521603586188353,19067104,19414485,,,1620593784,16:56:24,20210509
73,2002-09-30,ISSC,USD,2002-09-30,2002-09-30,Q4,7227377.0,2834165.0,4393212.0,0.607857041358158,951534.0,1400208.0,0.0,0.0,2351742.0,5185907.0,0.0,212058.0,2253528.0,0.3118044070483662,2041470.0,0.28246347187921705,0.0,2215003.0,0.3064739808093586,702023.0,1512980.0,0.20934012436323718,0.07935027783978102,0.07935027783978102,19067104,19067104,,,1620593784,16:56:24,20210509
74,2002-06-30,ISSC,USD,2002-06-30,2002-06-30,Q3,7212210.0,2936254.0,4275956.0,0.5928773565938873,1609678.0,1391128.0,0.0,0.0,3000806.0,5937060.0,0.0,194965.0,1470115.0,0.20383696536845156,1275150.0,0.1768043359802335,0.0,1453261.0,0.20150009497782234,-162293.0,1615554.0,0.22400262887519914,0.086667,0.08,19184670,19560819,,,1620593784,16:56:24,20210509
75,2002-03-31,ISSC,USD,2002-05-13,2002-05-13,Q2,6597567.0,2789538.0,3808029.0,0.5771868629753968,1066477.0,1303665.0,0.0,0.0,2370142.0,5159680.0,0.0,231882.0,1669769.0,0.25308860069173983,1437887.0,0.2179420080159853,0.0,1593895.0,0.24158830065689366,589742.0,1004153.0,0.15220050057847082,0.05238133939334124,0.05139865711268222,19170052,19536561,https://www.sec.gov/Archives/edgar/data/836690/000104596902000886/0001045969-02-000886-index.htm,https://www.sec.gov/Archives/edgar/data/836690/000104596902000886/d10q.txt,1620593784,16:56:24,20210509
76,2001-12-31,ISSC,USD,2001-12-31,2001-12-31,Q1,7308466.0,2730129.0,4578337.0,0.626442949861161,1127735.0,1637883.0,0.0,0.0,2765618.0,5495747.0,0.0,222038.0,2034757.0,0.2784109551853973,1812719.0,0.24803002435805271,0.0,2027916.0,0.2774749174450562,750329.0,1277587.0,0.1748091870441759,0.06585891419216823,0.0647450102100109,19398847,19732594,,,1620593784,16:56:24,20210509
77,2001-09-30,ISSC,USD,2001-12-27,2001-12-27,Q4,7670187.0,3200411.0,4469776.0,0.582746678796749,831810.0,1355993.0,0.0,0.0,2187803.0,5388214.0,0.0,85429.0,2367402.0,0.3086498412620188,2281973.0,0.2975120424052243,0.0,2676086.0,0.34889449240285797,990153.0,1685933.0,0.21980337637139746,0.08690892814402836,0.08690892814402836,19398847,19398847,https://www.sec.gov/Archives/edgar/data/836690/000102140801511687/0001021408-01-511687-index.htm,https://www.sec.gov/Archives/edgar/data/836690/000102140801511687/d10k405.txt,1620593784,16:56:24,20210509
78,2001-06-30,ISSC,USD,2001-08-14 00:00:00,2001-08-14 00:00:00,Q3,7497395.0,3205778.0,4291617.0,0.5724144186080632,1103419.0,1264943.0,0.0,0.0,2368362.0,5574140.0,0.0,190615.0,2113870.0,0.2819472630160209,1923255.0,0.2565230990230607,0.0,2515461.0,0.33551133427010316,930721.0,1584740.0,0.21137208323691095,0.08248649354847189,0.07907013828717258,19212115,20042206,https://www.sec.gov/Archives/edgar/data/836690/000103605001500884/0001036050-01-500884-index.html,https://www.sec.gov/Archives/edgar/data/836690/000103605001500884/d10q.txt,1620593784,16:56:24,20210509
79,2001-03-31,ISSC,USD,2001-04-27 00:00:00,2001-04-27 00:00:00,Q2,9697298.0,4099759.0,5597539.0,0.5772266666446674,998587.0,1630738.0,0.0,0.0,2629325.0,6729084.0,0.0,130867.0,3099081.0,0.3195819082800178,2968214.0,0.3060867058019667,0.0,3516158.0,0.3625915177609268,1306496.0,2209662.0,0.2278636791403131,0.11632623666334165,0.11082030957900246,18995388,19939143,https://www.sec.gov/Archives/edgar/data/836690/000103605001500383/0001036050-01-500383-index.html,https://www.sec.gov/Archives/edgar/data/836690/000103605001500383/d10q.txt,1620593784,16:56:24,20210509
80,2000-12-31,ISSC,USD,2001-02-05,2001-02-05,Q1,9519682.0,3971920.0,5547762.0,0.5827675756396065,1437754.0,1526255.0,0.0,0.0,2964009.0,6935929.0,0.0,148032.0,2731785.0,0.28696179137076216,2583753.0,0.27141169211324495,0.0,3245892.0,0.3409664314417225,1195462.0,2050430.0,0.21538849722081052,0.106667,0.1,18909199,19967562,https://www.sec.gov/Archives/edgar/data/836690/000103605001000144/0001036050-01-000144-index.htm,https://www.sec.gov/Archives/edgar/data/836690/000103605001000144/0001036050-01-000144-0001.txt,1620593784,16:56:24,20210509
81,2000-09-30,ISSC,USD,2000-09-30,2000-09-30,Q4,9623674.0,4058038.0,5565636.0,0.578327570115114,1006528.0,1510125.0,0.0,0.0,2516653.0,6574691.0,0.0,151817.0,3200800.0,0.3325964699136733,3048983.0,0.31682110179542655,0.0,3399364.0,0.3532293384002825,1272747.0,2126617.0,0.220977664039742,0.11246467922834806,0.11246467922834806,18909199,18909199,,,1620593784,16:56:24,20210509
