,date,symbol,reportedCurrency,fillingDate,acceptedDate,period,revenue,costOfRevenue,grossProfit,grossProfitRatio,researchAndDevelopmentExpenses,generalAndAdministrativeExpenses,sellingAndMarketingExpenses,otherExpenses,operatingExpenses,costAndExpenses,interestExpense,depreciationAndAmortization,ebitda,ebitdaratio,operatingIncome,operatingIncomeRatio,totalOtherIncomeExpensesNet,incomeBeforeTax,incomeBeforeTaxRatio,incomeTaxExpense,netIncome,netIncomeRatio,eps,epsdiluted,weightedAverageShsOut,weightedAverageShsOutDil,link,finalLink,timestamp,est_time,est_date
0,2020-06-30,NSPR+,USD,2020-08-05 00:00:00,2020-08-05 07:38:07,Q2,313000.0,433000.0,-120000.0,-0.38338658146964855,444000.0,1882000.0,0.0,0.0,2326000.0,2759000.0,0.0,37000.0,-2409000.0,-7.696485623003195,-2446000.0,-7.814696485623003,-34000.0,-2480000.0,-7.92332268370607,0.0,-2480000.0,-7.92332268370607,-0.19556,-0.19556,12681760.0,12681760.0,https://www.sec.gov/Archives/edgar/data/1433607/000149315220014677/0001493152-20-014677-index.htm,https://www.sec.gov/Archives/edgar/data/1433607/000149315220014677/form10-q.htm,1620595842,17:30:42,20210509
1,2020-03-31,NSPR+,USD,2020-05-11 00:00:00,2020-05-11 16:16:10,Q1,1034000.0,739000.0,295000.0,0.2852998065764023,523000.0,1793000.0,0.0,0.0,2316000.0000000005,3055000.0000000005,0.0,51000.0,-1970000.0,-1.9052224371373307,-2021000.0,-1.9545454545454546,43000.0,-1978000.0,-1.9129593810444874,0.0,-1978000.0,-1.9129593810444874,-0.42786,-0.42786,4623030.0,4623030.0,https://www.sec.gov/Archives/edgar/data/1433607/000149315220008237/0001493152-20-008237-index.htm,https://www.sec.gov/Archives/edgar/data/1433607/000149315220008237/form10-q.htm,1620595842,17:30:42,20210509
2,2019-12-31,NSPR+,USD,2019-12-31,2019-12-31,Q4,1013000.0,754000.0,259000.0,0.25567620927936824,522000.0,2243000.0,0.0,0.0,2765000.0,3519000.0,0.0,44000.0,-2462000.0,-2.4304047384007896,-2506000.0,-2.4738400789733466,-27000.0,-2533000.0,-2.5004935834155972,24000.0,-2557000.0,-2.5241855873642645,-0.57077,-0.57077,4479890.0,4479890.0,,,1620595842,17:30:42,20210509
3,2019-09-30,NSPR+,USD,2019-11-12 00:00:00,2019-11-12 06:16:27,Q3,939000.0,811000.0,128000.0,0.13631522896698617,442000.0,1683000.0,0.0,0.0,2125000.0,2936000.0,0.0,41000.00000000001,-1956000.0,-2.083067092651757,-1997000.0,-2.126730564430245,-73000.0,-2070000.0,-2.2044728434504792,0.0,-2070000.0,-2.2044728434504792,-1.25584,-1.25584,1648300.0,1648300.0,https://www.sec.gov/Archives/edgar/data/1433607/000149315219016782/0001493152-19-016782-index.html,https://www.sec.gov/Archives/edgar/data/1433607/000149315219016782/form10-q.htm,1620595842,17:30:42,20210509
4,2019-06-30,NSPR+,USD,2019-06-30,2019-06-30,Q2,1354000.0,912000.0,442000.0,0.32644017725258495,865000.0,1760000.0,0.0,0.0,2625000.0,3537000.0,0.0,37999.99999999999,-2145000.0,-1.5841949778434268,-2183000.0,-1.6122599704579026,-23000.0,-2206000.0,-1.6292466765140325,0.0,-2206000.0,-1.6292466765140325,-1.59481,-1.59481,1383240.0,1383240.0,,,1620595842,17:30:42,20210509
5,2019-03-31,NSPR+,USD,2019-05-13 00:00:00,2019-05-13 16:16:18,Q1,415000.0,488000.0,-73000.0,-0.17590361445783131,1125000.0,1932000.0,0.0,0.0,3057000.0,3545000.0,0.0,35000.0,-3095000.0,-7.457831325301205,-3130000.0,-7.542168674698795,-77000.0,-3207000.0,-7.727710843373494,0.0,-3207000.0,-7.727710843373494,-3.81998,-3.81998,839530.0,839530.0,https://www.sec.gov/Archives/edgar/data/1433607/000149315219006917/0001493152-19-006917-index.html,https://www.sec.gov/Archives/edgar/data/1433607/000149315219006917/form10-q.htm,1620595842,17:30:42,20210509
6,2018-12-31,NSPR+,USD,2018-12-31,2018-12-31,Q4,822000.0,595000.0,227000.0,0.2761557177615572,637000.0,1796000.0,0.0,0.0,2433000.0,3028000.0,0.0,36999.99999999999,-2169000.0,-2.6386861313868613,-2206000.0,-2.683698296836983,-7000.0,-2213000.0,-2.692214111922141,0.0,-2213000.0,-2.692214111922141,-2.68515,-2.68515,842410.0,842410.0,,,1620595842,17:30:42,20210509
7,2018-09-30,NSPR+,USD,2018-11-06 00:00:00,2018-11-06 06:17:08,Q3,769000.0,571000.0,198000.0,0.2574772431729519,416000.0,1761000.0,0.0,0.0,2177000.0000000005,2748000.0000000005,0.0,35000.0,-1944000.0,-2.527958387516255,-1979000.0,-2.573472041612484,-32000.0,-2011000.0,-2.615084525357607,0.0,-2011000.0,-2.615084525357607,-2.46663,-2.46663,815280.0,815280.0,https://www.sec.gov/Archives/edgar/data/1433607/000149315218015226/0001493152-18-015226-index.html,https://www.sec.gov/Archives/edgar/data/1433607/000149315218015226/form10-q.htm,1620595842,17:30:42,20210509
8,2018-06-30,NSPR+,USD,2018-08-06 00:00:00,2018-08-06 16:26:11,Q2,1000000.0,730000.0,280000.0,0.28,230000.0,1520000.0,0.0,0.0,1750000.0,2480000.0,0.0,40000.0,-1430000.0,-1.43,-1470000.0,-1.47,850000.0,-630000.0,-0.63,0.0,-630000.0,-0.63,-17.26,-17.26,70000.0,70000.0,https://www.sec.gov/Archives/edgar/data/1433607/000149315218011015/0001493152-18-011015-index.html,https://www.sec.gov/Archives/edgar/data/1433607/000149315218011015/form10-q.htm,1620595842,17:30:42,20210509
9,2018-03-31,NSPR+,USD,2018-05-07 00:00:00,2018-05-07 16:16:42,Q1,1010000.0,710000.0,290000.0,0.2871287128712871,250000.0,1990000.0,0.0,0.0,2250000.0,2960000.0,0.0,40000.0,-1910000.0,-1.891089108910891,-1950000.0,-1.9306930693069306,-440000.0,-2390000.0,-2.366336633663366,0.0,-2390000.0,-2.366336633663366,-21.22,-21.22,110000.0,110000.0,https://www.sec.gov/Archives/edgar/data/1433607/000149315218006329/0001493152-18-006329-index.html,https://www.sec.gov/Archives/edgar/data/1433607/000149315218006329/form10-q.htm,1620595842,17:30:42,20210509
10,2017-12-31,NSPR+,USD,2017-12-31,2017-12-31,Q4,830000.0,620000.0,210000.0,0.25301204819277107,240000.0,1430000.0,0.0,0.0,1659999.9999999998,2279999.9999999995,0.0,49999.99999999999,-1400000.0,-1.6867469879518073,-1450000.0,-1.7469879518072289,-20000.0,-1470000.0,-1.7710843373493976,30000.0,-1500000.0,-1.8072289156626506,-2860.96,-2860.96,110000.0,110000.0,,,1620595842,17:30:42,20210509
11,2017-09-30,NSPR+,USD,2017-11-07 00:00:00,2017-11-07 17:01:27,Q3,720000.0,570000.0,150000.0,0.20833333333333334,290000.0,1950000.0,0.0,0.0,2230000.0,2800000.0,0.0,50000.0,-2040000.0,-2.8333333333333335,-2090000.0,-2.9027777777777777,0.0,-2090000.0,-2.9027777777777777,0.0,-2090000.0,-2.9027777777777777,-32.81,-32.81,60000.0,60000.0,https://www.sec.gov/Archives/edgar/data/1433607/000149315217012537/0001493152-17-012537-index.html,https://www.sec.gov/Archives/edgar/data/1433607/000149315217012537/form10-q.htm,1620595842,17:30:42,20210509
12,2017-06-30,NSPR+,USD,2017-08-08 00:00:00,2017-08-08 16:37:57,Q2,640000.0,490000.0,150000.0,0.234375,400000.0,2040000.0,0.0,0.0,2440000.0000000005,2930000.0000000005,0.0,40000.0,-2250000.0,-3.515625,-2290000.0,-3.578125,0.0,-2290000.0,-3.578125,0.0,-2290000.0,-3.578125,-36.55,-36.55,60000.0,60000.0,https://www.sec.gov/Archives/edgar/data/1433607/000149315217008672/0001493152-17-008672-index.html,https://www.sec.gov/Archives/edgar/data/1433607/000149315217008672/form10-q.htm,1620595842,17:30:42,20210509
13,2017-03-31,NSPR+,USD,2017-05-09 00:00:00,2017-05-09 16:54:51,Q1,570000.0,500000.0,70000.0,0.12280701754385964,350000.0,2130000.0,0.0,0.0,2470000.0,2970000.0,-120000.0,40000.0,-2360000.0,-4.140350877192983,-2400000.0,-4.2105263157894735,-40000.0,-2560000.0,-4.491228070175438,0.0,-2560000.0,-4.491228070175438,-113.48,-113.48,20000.0,20000.0,https://www.sec.gov/Archives/edgar/data/1433607/000149315217004924/0001493152-17-004924-index.html,https://www.sec.gov/Archives/edgar/data/1433607/000149315217004924/form10q.htm,1620595842,17:30:42,20210509
14,2016-12-31,NSPR+,USD,2016-12-31,2016-12-31,Q4,320000.0,380000.0,-60000.0,-0.1875,220000.0,1410000.0,0.0,0.0,1630000.0,2010000.0,-160000.0,49999.99999999999,-1640000.0,-5.125,-1690000.0,-5.28125,-20000.0,-1860000.0,-5.8125,0.0,-1860000.0,-5.8125,-125.58,-125.58,10000.0,10000.0,,,1620595842,17:30:42,20210509
15,2016-09-30,NSPR+,USD,2016-11-14 00:00:00,2016-11-14 16:02:50,Q3,470000.0,440000.0,30000.0,0.06382978723404255,290000.0,1500000.0,0.0,0.0,1790000.0,2230000.0,-200000.0,40000.00000000001,-1720000.0,-3.6595744680851063,-1760000.0,-3.74468085106383,-40000.0,-2000000.0,-4.25531914893617,0.0,-2000000.0,-4.25531914893617,-149.09,-149.09,10000.0,10000.0,https://www.sec.gov/Archives/edgar/data/1433607/000149315216014916/0001493152-16-014916-index.html,https://www.sec.gov/Archives/edgar/data/1433607/000149315216014916/form10-q.htm,1620595842,17:30:42,20210509
16,2016-06-30,NSPR+,USD,2016-06-30,2016-06-30,Q2,540000.0,480000.0,60000.0,0.1111111111111111,280000.0,1550000.0,0.0,0.0,1830000.0,2310000.0,-190000.0,50000.0,-1720000.0,-3.185185185185185,-1770000.0,-3.2777777777777777,10000.0,-1950000.0,-3.611111111111111,0.0,-1950000.0,-3.611111111111111,-797.6,-797.6,10000.0,10000.0,,,1620595842,17:30:42,20210509
17,2016-03-31,NSPR+,USD,2016-05-10 00:00:00,2016-05-10 14:15:31,Q1,560000.0,500000.0,70000.0,0.125,380000.0,1720000.0,0.0,0.0,2090000.0,2590000.0,-180000.0,50000.0,-1980000.0,-3.5357142857142856,-2030000.0,-3.625,-40000.0,-2250000.0,-4.017857142857143,0.0,-2250000.0,-4.017857142857143,-1225.13,-1225.13,10000.0,10000.0,https://www.sec.gov/Archives/edgar/data/1433607/000161577416005292/0001615774-16-005292-index.html,https://www.sec.gov/Archives/edgar/data/1433607/000161577416005292/s103136_10q.htm,1620595842,17:30:42,20210509
18,2015-12-31,NSPR+,USD,2015-12-31,2015-12-31,Q4,520000.0,650000.0,-140000.0,-0.2692307692307692,760000.0,1700000.0,0.0,0.0,2480000.0,3130000.0,-210000.0,39999.99999999998,-2570000.0,-4.9423076923076925,-2610000.0,-5.019230769230769,-30000.0,-2850000.0,-5.480769230769231,0.0,-2850000.0,-5.480769230769231,-1626.27,-1626.27,10000.0,10000.0,,,1620595842,17:30:42,20210509
19,2015-09-30,NSPR+,USD,2015-11-09 00:00:00,2015-11-09 17:12:37,Q3,630000.0,540000.0,90000.0,0.14285714285714285,780000.0,2300000.0,0.0,0.0,3500000.0,4040000.0,-250000.0,60000.0,-3350000.0,-5.317460317460317,-3410000.0,-5.412698412698413,20000.0,-3640000.0,-5.777777777777778,0.0,-3640000.0,-5.777777777777778,-1931.72,-1931.72,10000.0,10000.0,https://www.sec.gov/Archives/edgar/data/1433607/000161577415003178/0001615774-15-003178-index.html,https://www.sec.gov/Archives/edgar/data/1433607/000161577415003178/s102096_10q.htm,1620595842,17:30:42,20210509
20,2015-06-30,NSPR+,USD,2015-08-05 00:00:00,2015-08-05 17:15:12,Q2,690000.0,900000.0,-210000.0,-0.30434782608695654,750000.0,2580000.0,0.0,0.0,3360000.0,4260000.0,-280000.0,60000.00000000001,-3510000.0,-5.086956521739131,-3570000.0,-5.173913043478261,-50000.0,-3900000.0,-5.6521739130434785,-20000.0,-3880000.0,-5.6231884057971016,-2219.42,-2219.42,10000.0,10000.0,https://www.sec.gov/Archives/edgar/data/1433607/000161577415002078/0001615774-15-002078-index.html,https://www.sec.gov/Archives/edgar/data/1433607/000161577415002078/s101527_10q.htm,1620595842,17:30:42,20210509
21,2015-03-31,NSPR+,USD,2015-05-11 00:00:00,2015-05-11 14:44:47,Q1,480000.0,510000.0,-40000.0,-0.08333333333333333,1350000.0,2990000.0,0.0,0.0,4860000.0,5370000.0,-300000.0,80000.0,-4810000.0,-10.020833333333334,-4890000.0,-10.1875,-10000.0,-5200000.0,-10.833333333333334,20000.0,-5210000.0,-10.854166666666666,-4275.48,-4275.48,10000.0,10000.0,https://www.sec.gov/Archives/edgar/data/1433607/000114420415029171/0001144204-15-029171-index.html,https://www.sec.gov/Archives/edgar/data/1433607/000114420415029171/v408437_10q.htm,1620595842,17:30:42,20210509
22,2014-12-31,NSPR+,USD,2014-12-31,2014-12-31,Q4,870000.0,480000.0,390000.0,0.4482758620689655,1260000.0,3580000.0,0.0,0.0,4840000.0,5320000.0,-330000.0,80000.00000000001,-4370000.0,-5.022988505747127,-4450000.0,-5.114942528735632,-10000.0,-4780000.0,-5.494252873563219,10000.0,-4790000.0,-5.505747126436781,-5398.44,-5398.44,10000.0,10000.0,,,1620595842,17:30:42,20210509
23,2014-09-30,NSPR+,USD,2014-11-12 00:00:00,2014-11-12 16:35:56,Q3,270000.0,350000.0,-80000.0,-0.2962962962962963,2460000.0,3950000.0,0.0,0.0,6400000.0,6750000.0,-300000.0,60000.0,-6420000.0,-23.77777777777778,-6480000.0,-24.0,-10000.0,-6790000.0,-25.14814814814815,-20000.0,-6780000.0,-25.11111111111111,-8571.37,-8571.37,10000.0,10000.0,https://www.sec.gov/Archives/edgar/data/1433607/000114420414067213/0001144204-14-067213-index.html,https://www.sec.gov/Archives/edgar/data/1433607/000114420414067213/v391997_10q.htm,1620595842,17:30:42,20210509
24,2014-06-30,NSPR+,USD,2014-08-04 00:00:00,2014-08-04 15:18:20,Q2,190000.0,580000.0,-390000.0,-2.0526315789473686,2450000.0,4400000.0,0.0,0.0,6850000.0,7430000.0,-330000.0,60000.0,-7180000.0,-37.78947368421053,-7240000.0,-38.10526315789474,10000.0,-7560000.0,-39.78947368421053,0.0,-7560000.0,-39.78947368421053,-9697.63,-9697.63,10000.0,10000.0,https://www.sec.gov/Archives/edgar/data/1433607/000114420414046718/0001144204-14-046718-index.html,https://www.sec.gov/Archives/edgar/data/1433607/000114420414046718/v383879_10q.htm,1620595842,17:30:42,20210509
25,2014-03-31,NSPR+,USD,2014-05-07 00:00:00,2014-05-07 17:31:05,Q1,1480000.0,630000.0,860000.0,0.581081081081081,2580000.0,3820000.0,0.0,0.0,6390000.0,7020000.0,-390000.0,60000.0,-5480000.0,-3.7027027027027026,-5540000.0,-3.7432432432432434,-30000.0,-5950000.0,-4.02027027027027,20000.0,-5970000.0,-4.033783783783784,-7667.87,-7667.87,10000.0,10000.0,https://www.sec.gov/Archives/edgar/data/1433607/000114420414028324/0001144204-14-028324-index.html,https://www.sec.gov/Archives/edgar/data/1433607/000114420414028324/v375932_10q.htm,1620595842,17:30:42,20210509
26,2013-12-31,NSPR+,USD,2013-12-31,2013-12-31,Q4,1550000.0,690000.0,860000.0,0.5548387096774193,1770000.0,4030000.0,0.0,0.0,5810000.000000001,6500000.000000001,-430000.0,60000.0,-4880000.0,-3.1483870967741936,-4940000.0,-3.1870967741935483,-20000.0,-5380000.0,-3.470967741935484,10000.0,-5390000.0,-3.47741935483871,-6943.81,-6943.81,10000.0,10000.0,,,1620595842,17:30:42,20210509
27,2013-09-30,NSPR+,USD,2013-11-12 00:00:00,2013-11-12 11:27:26,Q3,1550000.0,750000.0,800000.0,0.5161290322580645,1540000.0,3140000.0,0.0,0.0,4690000.0,5440000.0,-50000.0,50000.0,-3840000.0,-2.47741935483871,-3890000.0,-2.509677419354839,-10000.0,-3940000.0,-2.541935483870968,0.0,-3950000.0,-2.5483870967741935,-5082.38,-5082.38,10000.0,10000.0,https://www.sec.gov/Archives/edgar/data/1433607/000114420413060336/0001144204-13-060336-index.html,https://www.sec.gov/Archives/edgar/data/1433607/000114420413060336/v357870_10q.htm,1620595842,17:30:42,20210509
28,2013-06-30,NSPR+,USD,2013-06-30,2013-06-30,Q2,1500000.0,830000.0,670000.0,0.44666666666666666,1050000.0,3840000.0,0.0,0.0,4890000.0,5720000.0,-10760000.0,60000.0,-4160000.0,-2.7733333333333334,-4220000.0,-2.8133333333333335,0.0,-14970000.0,-9.98,-20000.0,-14950000.0,-9.966666666666667,-21096.91,-21096.91,10000.0,10000.0,,,1620595842,17:30:42,20210509
29,2013-03-31,NSPR+,USD,2013-05-07 00:00:00,2013-05-07 16:35:13,Q1,1510000.0,670000.0,840000.0,0.5562913907284768,910000.0,3140000.0,0.0,0.0,4060000.0000000005,4730000.000000001,-1290000.0,49999.99999999999,-3160000.0,-2.0927152317880795,-3210000.0,-2.1258278145695364,-400000.0,-4900000.0,-3.2450331125827816,-20000.0,-4890000.0,-3.23841059602649,-11745.5,-11745.5,10000.0,10000.0,https://www.sec.gov/Archives/edgar/data/1433607/000114420413026841/0001144204-13-026841-index.html,https://www.sec.gov/Archives/edgar/data/1433607/000114420413026841/v342186_10q.htm,1620595842,17:30:42,20210509
30,2012-12-31,NSPR+,USD,2013-02-04 00:00:00,2013-02-04 11:51:29,Q4,1350000.0,550000.0,800000.0,0.5925925925925926,1260000.0,3000000.0,0.0,920000.0,5170000.0,5720000.0,-1080000.0,70000.0,-4300000.0,-3.185185185185185,-4370000.0,-3.237037037037037,3570000.0,-1880000.0,-1.3925925925925926,40000.0,-1920000.0,-1.4222222222222223,-4738.39,-4738.39,10000.0,10000.0,https://www.sec.gov/Archives/edgar/data/1433607/000114420413005632/0001144204-13-005632-index.html,https://www.sec.gov/Archives/edgar/data/1433607/000114420413005632/v332405_10q.htm,1620595842,17:30:42,20210509
31,2012-09-30,NSPR+,USD,2012-11-02 00:00:00,2012-11-02 15:19:17,Q3,510000.0,230000.0,280000.0,0.5490196078431373,950000.0,2610000.0,0.0,0.0,3560000.0,3790000.0,-4210000.0,30000.0,-3250000.0,-6.372549019607843,-3280000.0,-6.431372549019608,-10000.0,-7500000.0,-14.705882352941176,10000.0,-7510000.0,-14.72549019607843,-19233.23,-19233.23,10000.0,10000.0,https://www.sec.gov/Archives/edgar/data/1433607/000114420412059168/0001144204-12-059168-index.html,https://www.sec.gov/Archives/edgar/data/1433607/000114420412059168/v325925_10q.htm,1620595842,17:30:42,20210509
32,2012-06-30,NSPR+,USD,2012-06-30,2012-06-30,Q2,930000.0,800000.0,130000.0,0.13978494623655913,1260000.0,2900000.0,0.0,0.0,4170000.0,4970000.0,100000.0,40000.00000000001,-3990000.0,-4.290322580645161,-4030000.0,-4.333333333333333,0.0,-3930000.0,-4.225806451612903,10000.0,-3940000.0,-4.236559139784946,-10116.43,-10116.43,10000.0,10000.0,,,1620595842,17:30:42,20210509
33,2012-03-31,NSPR+,USD,2012-03-31,2012-03-31,Q1,1140000.0,570000.0,560000.0,0.49122807017543857,1350000.0,2340000.0,0.0,0.0,3690000.0,4260000.0,10000.0,30000.0,-3100000.0,-2.719298245614035,-3130000.0,-2.745614035087719,0.0,-3120000.0,-2.736842105263158,30000.0,-3140000.0,-2.754385964912281,-8059.8,-8059.8,10000.0,10000.0,,,1620595842,17:30:42,20210509
34,2011-12-31,NSPR+,USD,2011-12-31,2011-12-31,Q4,1290000.0,670000.0,620000.0,0.4806201550387597,830000.0,8020000.0,0.0,0.0,8860000.0,9530000.0,-40000.0,39999.99999999999,-8200000.0,-6.3565891472868215,-8240000.0,-6.387596899224806,0.0,-8280000.0,-6.4186046511627906,-40000.0,-8230000.0,-6.37984496124031,-27050.27,-27050.27,10000.0,10000.0,,,1620595842,17:30:42,20210509
35,2011-09-30,NSPR+,USD,2011-11-14 00:00:00,2011-11-14 17:14:46,Q3,1990000.0,800000.0,1190000.0,0.5979899497487438,550000.0,2790000.0,0.0,0.0,3340000.0,4140000.0,-110000.0,10000.000000000002,-2140000.0,-1.0753768844221105,-2150000.0,-1.0804020100502512,0.0,-2260000.0,-1.135678391959799,30000.0,-2280000.0,-1.1457286432160805,-6213.48,-6213.48,10000.0,10000.0,https://www.sec.gov/Archives/edgar/data/1433607/000152153611000426/0001521536-11-000426-index.html,https://www.sec.gov/Archives/edgar/data/1433607/000152153611000426/q1100228_10q-inspire.htm,1620595842,17:30:42,20210509
36,2011-06-30,NSPR+,USD,2011-08-15 00:00:00,2011-08-15 17:04:43,Q2,1040000.0,640000.0,400000.0,0.38461538461538464,750000.0,1820000.0,0.0,0.0,2570000.0,3210000.0,-70000.0,-49999.99999999999,-2220000.0,-2.1346153846153846,-2170000.0,-2.0865384615384617,0.0,-2240000.0,-2.1538461538461537,10000.0,-2250000.0,-2.1634615384615383,-6169.71,-6169.71,10000.0,10000.0,https://www.sec.gov/Archives/edgar/data/1433607/000119380511001559/0001193805-11-001559-index.html,https://www.sec.gov/Archives/edgar/data/1433607/000119380511001559/e608767_10q-inspiremd.htm,1620595842,17:30:42,20210509
37,2010-09-30,NSPR+,USD,2010-10-22 00:00:00,2010-10-22 10:48:15,Q1,1220000.0,560000.0,660000.0,0.5409836065573771,200000.0,1180000.0,0.0,0.0,1380000.0,1940000.0,-120000.0,39999.99999999999,-680000.0,-0.5573770491803278,-720000.0,-0.5901639344262295,0.0,-840000.0,-0.6885245901639344,10000.0,-850000.0,-0.6967213114754098,-2995.07,-2995.07,10000.0,10000.0,https://www.sec.gov/Archives/edgar/data/1433607/000116552710000783/0001165527-10-000783-index.html,https://www.sec.gov/Archives/edgar/data/1433607/000116552710000783/g4461.txt,1620595842,17:30:42,20210509
38,2010-06-30,NSPR+,USD,2010-06-30,2010-06-30,Q4,910000.0,480000.0,430000.0,0.4725274725274725,370000.0,750000.0,0.0,0.0,1120000.0,1600000.0,40000.0,50000.0,-640000.0,-0.7032967032967034,-690000.0,-0.7582417582417582,0.0,-650000.0,-0.7142857142857143,20000.0,-660000.0,-0.7252747252747253,-2362.42,-2362.42,10000.0,10000.0,,,1620595842,17:30:42,20210509
