,date,symbol,reportedCurrency,fillingDate,acceptedDate,period,revenue,costOfRevenue,grossProfit,grossProfitRatio,researchAndDevelopmentExpenses,generalAndAdministrativeExpenses,sellingAndMarketingExpenses,otherExpenses,operatingExpenses,costAndExpenses,interestExpense,depreciationAndAmortization,ebitda,ebitdaratio,operatingIncome,operatingIncomeRatio,totalOtherIncomeExpensesNet,incomeBeforeTax,incomeBeforeTaxRatio,incomeTaxExpense,netIncome,netIncomeRatio,eps,epsdiluted,weightedAverageShsOut,weightedAverageShsOutDil,link,finalLink,timestamp,est_time,est_date
0,2019-06-30,RSA.L,GBP,2019-06-30,2019-06-30,Q2,0.0,0.0,0.0,0.0,0.0,0.0,0.0,0.0,0.0,0.0,0.0,0.0,0.0,0.0,0.0,0.0,0.0,0.0,0.0,0.0,0.0,0.0,0.0,0.0,656000827,656000827,https://find-and-update.company-information.service.gov.uk/search/companies?q=RSA+Insurance+Group+PLC,https://find-and-update.company-information.service.gov.uk/search/companies?q=RSA+Insurance+Group+PLC,1620597420,17:57:00,20210509
1,2018-06-30,RSA.L,GBP,2018-06-30,2018-06-30,Q2,0.0,0.0,0.0,0.0,0.0,0.0,0.0,0.0,0.0,0.0,0.0,0.0,0.0,0.0,0.0,0.0,0.0,0.0,0.0,0.0,0.0,0.0,0.0,0.0,656000827,656000827,https://find-and-update.company-information.service.gov.uk/search/companies?q=RSA+Insurance+Group+PLC,https://find-and-update.company-information.service.gov.uk/search/companies?q=RSA+Insurance+Group+PLC,1620597420,17:57:00,20210509
2,2017-06-30,RSA.L,GBP,2017-06-30,2017-06-30,Q2,0.0,0.0,0.0,0.0,0.0,0.0,0.0,0.0,0.0,0.0,0.0,0.0,0.0,0.0,0.0,0.0,0.0,0.0,0.0,0.0,0.0,0.0,0.0,0.0,656000827,656000827,https://find-and-update.company-information.service.gov.uk/search/companies?q=RSA+Insurance+Group+PLC,https://find-and-update.company-information.service.gov.uk/search/companies?q=RSA+Insurance+Group+PLC,1620597420,17:57:00,20210509
3,2016-06-30,RSA.L,GBP,2016-06-30,2016-06-30,Q2,0.0,0.0,0.0,0.0,0.0,0.0,0.0,0.0,0.0,0.0,0.0,0.0,0.0,0.0,0.0,0.0,0.0,0.0,0.0,0.0,0.0,0.0,0.0,0.0,656000827,656000827,https://find-and-update.company-information.service.gov.uk/search/companies?q=RSA+Insurance+Group+PLC,https://find-and-update.company-information.service.gov.uk/search/companies?q=RSA+Insurance+Group+PLC,1620597420,17:57:00,20210509
4,2015-06-30,RSA.L,GBP,2015-06-30,2015-06-30,Q2,0.0,0.0,0.0,0.0,0.0,0.0,0.0,0.0,0.0,0.0,0.0,0.0,0.0,0.0,0.0,0.0,0.0,0.0,0.0,0.0,0.0,0.0,0.0,0.0,656000827,656000827,https://find-and-update.company-information.service.gov.uk/search/companies?q=RSA+Insurance+Group+PLC,https://find-and-update.company-information.service.gov.uk/search/companies?q=RSA+Insurance+Group+PLC,1620597420,17:57:00,20210509
5,2014-06-30,RSA.L,GBP,2014-06-30,2014-06-30,Q2,0.0,0.0,0.0,0.0,0.0,0.0,0.0,0.0,0.0,0.0,0.0,0.0,0.0,0.0,0.0,0.0,0.0,0.0,0.0,0.0,0.0,0.0,0.0,0.0,656000827,656000827,https://find-and-update.company-information.service.gov.uk/search/companies?q=RSA+Insurance+Group+PLC,https://find-and-update.company-information.service.gov.uk/search/companies?q=RSA+Insurance+Group+PLC,1620597420,17:57:00,20210509
6,2013-06-30,RSA.L,GBP,2013-06-30,2013-06-30,Q2,0.0,0.0,0.0,0.0,0.0,0.0,0.0,0.0,0.0,0.0,0.0,0.0,0.0,0.0,0.0,0.0,0.0,0.0,0.0,0.0,0.0,0.0,0.0,0.0,656000827,656000827,https://find-and-update.company-information.service.gov.uk/search/companies?q=RSA+Insurance+Group+PLC,https://find-and-update.company-information.service.gov.uk/search/companies?q=RSA+Insurance+Group+PLC,1620597420,17:57:00,20210509
7,2012-06-30,RSA.L,GBP,2012-06-30,2012-06-30,Q2,0.0,0.0,0.0,0.0,0.0,0.0,0.0,0.0,0.0,0.0,0.0,0.0,0.0,0.0,0.0,0.0,0.0,0.0,0.0,0.0,0.0,0.0,0.0,0.0,656000827,656000827,https://find-and-update.company-information.service.gov.uk/search/companies?q=RSA+Insurance+Group+PLC,https://find-and-update.company-information.service.gov.uk/search/companies?q=RSA+Insurance+Group+PLC,1620597420,17:57:00,20210509
8,2011-06-30,RSA.L,GBP,2011-06-30,2011-06-30,Q2,0.0,0.0,0.0,0.0,0.0,0.0,0.0,0.0,0.0,0.0,0.0,0.0,0.0,0.0,0.0,0.0,0.0,0.0,0.0,0.0,0.0,0.0,0.0,0.0,656000827,656000827,https://find-and-update.company-information.service.gov.uk/search/companies?q=RSA+Insurance+Group+PLC,https://find-and-update.company-information.service.gov.uk/search/companies?q=RSA+Insurance+Group+PLC,1620597420,17:57:00,20210509
9,2010-06-30,RSA.L,GBP,2010-06-30,2010-06-30,Q2,0.0,0.0,0.0,0.0,0.0,0.0,0.0,0.0,0.0,0.0,0.0,0.0,0.0,0.0,0.0,0.0,0.0,0.0,0.0,0.0,0.0,0.0,0.0,0.0,656000827,656000827,https://find-and-update.company-information.service.gov.uk/search/companies?q=RSA+Insurance+Group+PLC,https://find-and-update.company-information.service.gov.uk/search/companies?q=RSA+Insurance+Group+PLC,1620597420,17:57:00,20210509
10,2009-06-30,RSA.L,GBP,2009-06-30,2009-06-30,Q2,0.0,0.0,0.0,0.0,0.0,0.0,0.0,0.0,0.0,0.0,0.0,0.0,0.0,0.0,0.0,0.0,0.0,0.0,0.0,0.0,0.0,0.0,0.0,0.0,656000827,656000827,https://find-and-update.company-information.service.gov.uk/search/companies?q=RSA+Insurance+Group+PLC,https://find-and-update.company-information.service.gov.uk/search/companies?q=RSA+Insurance+Group+PLC,1620597420,17:57:00,20210509
11,2008-06-30,RSA.L,GBP,2008-06-30,2008-06-30,Q2,0.0,0.0,0.0,0.0,0.0,0.0,0.0,0.0,0.0,0.0,0.0,0.0,0.0,0.0,0.0,0.0,0.0,0.0,0.0,0.0,0.0,0.0,0.0,0.0,656000827,656000827,https://find-and-update.company-information.service.gov.uk/search/companies?q=RSA+Insurance+Group+PLC,https://find-and-update.company-information.service.gov.uk/search/companies?q=RSA+Insurance+Group+PLC,1620597420,17:57:00,20210509
12,2007-06-30,RSA.L,GBP,2007-06-30,2007-06-30,Q2,0.0,0.0,0.0,0.0,0.0,0.0,0.0,0.0,0.0,0.0,0.0,0.0,0.0,0.0,0.0,0.0,0.0,0.0,0.0,0.0,0.0,0.0,0.0,0.0,656000827,656000827,https://find-and-update.company-information.service.gov.uk/search/companies?q=RSA+Insurance+Group+PLC,https://find-and-update.company-information.service.gov.uk/search/companies?q=RSA+Insurance+Group+PLC,1620597420,17:57:00,20210509
13,2006-12-31,RSA.L,GBP,2006-12-31,2006-12-31,Q4,1315000000.0,0.0,0.0,0.0,0.0,0.0,0.0,-24000000.0,120000000.0,1139000000.0,63000000.0,0.0,0.0,0.0,194000000.0,0.14752851711026616,-91000000.0,176000000.0,0.1338403041825095,41000000.0,-371000000.0,-0.28212927756653994,-0.5655480675179088,-0.5655480675179088,656000827,656000827,https://find-and-update.company-information.service.gov.uk/search/companies?q=RSA+Insurance+Group+PLC,https://find-and-update.company-information.service.gov.uk/search/companies?q=RSA+Insurance+Group+PLC,1620597420,17:57:00,20210509
14,2006-09-30,RSA.L,GBP,2006-09-30,2006-09-30,Q3,1589000000.0,0.0,0.0,0.0,0.0,0.0,0.0,-211000000.0,505000000.0,1457000000.0,23000000.0,0.0,0.0,0.0,153000000.0,0.09628697293895531,30000000.0,132000000.0,0.08307111390811832,38000000.0,104000000.0,0.06544996853366897,0.15853638550367255,0.15853638550367255,656000827,656000827,https://find-and-update.company-information.service.gov.uk/search/companies?q=RSA+Insurance+Group+PLC,https://find-and-update.company-information.service.gov.uk/search/companies?q=RSA+Insurance+Group+PLC,1620597420,17:57:00,20210509
15,2006-06-30,RSA.L,GBP,2006-06-30,2006-06-30,Q2,1428000000.0,0.0,0.0,0.0,0.0,0.0,0.0,-124000000.0,820000000.0,1256000000.0,23000000.0,0.0,0.0,0.0,202000000.0,0.14145658263305322,-4000000.0,172000000.0,0.12044817927170869,44000000.0,103000000.0,0.07212885154061624,0.15701199718152184,0.15701199718152184,656000827,656000827,https://find-and-update.company-information.service.gov.uk/search/companies?q=RSA+Insurance+Group+PLC,https://find-and-update.company-information.service.gov.uk/search/companies?q=RSA+Insurance+Group+PLC,1620597420,17:57:00,20210509
16,2006-03-31,RSA.L,GBP,2006-03-31,2006-03-31,Q1,1571000000.0,0.0,0.0,0.0,0.0,0.0,0.0,-195000000.0,97000000.0,1402000000.0,25000000.0,0.0,0.0,0.0,192000000.0,0.12221514958625079,64000000.0,169000000.0,0.10757479312539783,47000000.0,112000000.0,0.07129217059197963,0.173102,0.168663,656000827,663813271,https://find-and-update.company-information.service.gov.uk/search/companies?q=RSA+Insurance+Group+PLC,https://find-and-update.company-information.service.gov.uk/search/companies?q=RSA+Insurance+Group+PLC,1620597420,17:57:00,20210509
17,2005-12-31,RSA.L,GBP,2005-12-31,2005-12-31,Q4,1320000000.0,0.0,0.0,0.0,0.0,0.0,0.0,-133000000.0,383000000.0,1009000000.0,25000000.0,0.0,0.0,0.0,331000000.0,0.25075757575757573,34000000.0,311000000.0,0.2356060606060606,54000000.0,217000000.0,0.1643939393939394,0.33079226590670135,0.33079226590670135,656000827,656000827,https://find-and-update.company-information.service.gov.uk/search/companies?q=RSA+Insurance+Group+PLC,https://find-and-update.company-information.service.gov.uk/search/companies?q=RSA+Insurance+Group+PLC,1620597420,17:57:00,20210509
18,2005-09-30,RSA.L,GBP,2005-09-30,2005-09-30,Q3,1561000000.0,0.0,0.0,0.0,0.0,0.0,0.0,0.0,466000000.0,1274000000.0,0.0,0.0,0.0,0.0,0.0,0.18385650224215247,13000000.0,287000000.0,0.18385650224215247,104000000.0,171000000.0,0.10954516335682254,0.2606704030877693,0.2606704030877693,656000827,656000827,https://find-and-update.company-information.service.gov.uk/search/companies?q=RSA+Insurance+Group+PLC,https://find-and-update.company-information.service.gov.uk/search/companies?q=RSA+Insurance+Group+PLC,1620597420,17:57:00,20210509
19,2005-06-30,RSA.L,GBP,2005-06-30,2005-06-30,Q2,1549000000.0,0.0,0.0,0.0,0.0,0.0,0.0,-175000000.0,951000000.0,1438000000.0,-24000000.0,0.0,0.0,0.0,139000000.0,0.08973531310522918,27000000.0,111000000.0,0.07165913492575855,38000000.0,62000000.0,0.040025823111684955,0.09451207597334324,0.09451207597334324,656000827,656000827,https://find-and-update.company-information.service.gov.uk/search/companies?q=RSA+Insurance+Group+PLC,https://find-and-update.company-information.service.gov.uk/search/companies?q=RSA+Insurance+Group+PLC,1620597420,17:57:00,20210509
20,2005-03-31,RSA.L,GBP,2005-03-31,2005-03-31,Q1,1576000000.0,0.0,0.0,0.0,0.0,0.0,0.0,-186000000.0,64000000.0,1391000000.0,24000000.0,0.0,0.0,0.0,148000000.0,0.09390862944162437,25000000.0,185000000.0,0.11738578680203046,63000000.0,105000000.0,0.06662436548223351,0.159786,0.159786,656154598,656154598,https://find-and-update.company-information.service.gov.uk/search/companies?q=RSA+Insurance+Group+PLC,https://find-and-update.company-information.service.gov.uk/search/companies?q=RSA+Insurance+Group+PLC,1620597420,17:57:00,20210509
21,2004-12-31,RSA.L,GBP,2004-12-31,2004-12-31,Q4,6151000000.0,0.0,0.0,0.0,0.0,0.0,0.0,-289000000.0,1852000000.0,6184000000.0,12000000.0,0.0,0.0,0.0,0.0,-0.005364981303853032,141000000.0,-33000000.0,-0.005364981303853032,28000000.0,-104000000.0,-0.016907819866688344,-0.15853638550367255,-0.15853638550367255,656000827,656000827,https://find-and-update.company-information.service.gov.uk/search/companies?q=RSA+Insurance+Group+PLC,https://find-and-update.company-information.service.gov.uk/search/companies?q=RSA+Insurance+Group+PLC,1620597420,17:57:00,20210509
22,2004-09-30,RSA.L,GBP,2004-09-30,2004-09-30,Q3,-3026000000.0,0.0,0.0,0.0,0.0,0.0,0.0,0.0,130000000.0,-2960000000.0,13000000.0,0.0,0.0,0.0,0.0,0.021810971579643092,-117000000.0,-66000000.0,0.021810971579643092,8000000.0,-85000000.0,0.028089887640449437,-0.1295730073828093,-0.1295730073828093,656000827,656000827,https://find-and-update.company-information.service.gov.uk/search/companies?q=RSA+Insurance+Group+PLC,https://find-and-update.company-information.service.gov.uk/search/companies?q=RSA+Insurance+Group+PLC,1620597420,17:57:00,20210509
23,2004-06-30,RSA.L,GBP,2004-06-30,2004-06-30,Q2,3269000000.0,0.0,0.0,0.0,0.0,0.0,0.0,-3094000000.0,81000000.0,3215000000.0,38000000.0,0.0,0.0,0.0,0.0,0.016518813092688895,90000000.0,54000000.0,0.016518813092688895,16000000.0,20000000.0,0.0061180789232181095,0.03048776644301395,0.03048776644301395,656000827,656000827,https://find-and-update.company-information.service.gov.uk/search/companies?q=RSA+Insurance+Group+PLC,https://find-and-update.company-information.service.gov.uk/search/companies?q=RSA+Insurance+Group+PLC,1620597420,17:57:00,20210509
24,2004-03-31,RSA.L,GBP,2004-03-31,2004-03-31,Q1,149000000.0,0.0,0.0,0.0,0.0,0.0,0.0,-17000000.0,44000000.0,69000000.0,12000000.0,0.0,0.0,0.0,0.0,0.5369127516778524,27000000.0,80000000.0,0.5369127516778524,36000000.0,44000000.0,0.2953020134228188,0.039947,0.039947,648861823,648861823,https://find-and-update.company-information.service.gov.uk/search/companies?q=RSA+Insurance+Group+PLC,https://find-and-update.company-information.service.gov.uk/search/companies?q=RSA+Insurance+Group+PLC,1620597420,17:57:00,20210509
25,2003-12-31,RSA.L,GBP,2003-12-31,2003-12-31,Q4,323000000.0,0.0,0.0,0.0,0.0,0.0,0.0,-192000000.0,244000000.0,259000000.0,14000000.0,0.0,0.0,0.0,0.0,0.19814241486068113,52000000.0,64000000.0,0.19814241486068113,222000000.0,-174000000.0,-0.5386996904024768,-0.2652435680542214,-0.2652435680542214,656000827,656000827,https://find-and-update.company-information.service.gov.uk/search/companies?q=RSA+Insurance+Group+PLC,https://find-and-update.company-information.service.gov.uk/search/companies?q=RSA+Insurance+Group+PLC,1620597420,17:57:00,20210509
26,2003-09-30,RSA.L,GBP,2003-09-30,2003-09-30,Q3,0.0,0.0,0.0,0.0,0.0,0.0,0.0,-2000000.0,1185000000.0,1355000000.0,0.0,0.0,0.0,0.0,0.0,0.0,0.0,-472000000.0,0.0,-102000000.0,-349000000.0,0.0,-0.5320115244305934,-0.5320115244305934,656000827,656000827,https://find-and-update.company-information.service.gov.uk/search/companies?q=RSA+Insurance+Group+PLC,https://find-and-update.company-information.service.gov.uk/search/companies?q=RSA+Insurance+Group+PLC,1620597420,17:57:00,20210509
27,2003-06-30,RSA.L,GBP,2003-06-30,2003-06-30,Q2,0.0,0.0,0.0,0.0,0.0,0.0,0.0,0.0,-515000000.0,-787000000.0,0.0,0.0,0.0,0.0,0.0,0.0,0.0,243000000.0,0.0,87000000.0,139000000.0,0.0,0.21188997677894697,0.21188997677894697,656000827,656000827,https://find-and-update.company-information.service.gov.uk/search/companies?q=RSA+Insurance+Group+PLC,https://find-and-update.company-information.service.gov.uk/search/companies?q=RSA+Insurance+Group+PLC,1620597420,17:57:00,20210509
28,2003-03-31,RSA.L,GBP,2003-03-31,2003-03-31,Q1,544000000.0,0.0,0.0,0.0,0.0,0.0,0.0,0.0,253000000.0,525000000.0,0.0,0.0,0.0,0.0,0.0,0.034926470588235295,0.0,19000000.0,0.034926470588235295,10000000.0,2000000.0,0.003676470588235294,0.005021943520315465,0.005021943520315465,398252189,398252189,https://find-and-update.company-information.service.gov.uk/search/companies?q=RSA+Insurance+Group+PLC,https://find-and-update.company-information.service.gov.uk/search/companies?q=RSA+Insurance+Group+PLC,1620597420,17:57:00,20210509
29,2002-12-31,RSA.L,GBP,2002-12-31,2002-12-31,Q4,0.0,0.0,0.0,0.0,0.0,0.0,0.0,-798000000.0,54000000.0,-750000000.0,0.0,0.0,0.0,0.0,-872000000.0,0.0,0.0,-866000000.0,0.0,-83000000.0,-815000000.0,0.0,-1.2423764825528185,-1.2423764825528185,656000827,656000827,https://find-and-update.company-information.service.gov.uk/search/companies?q=RSA+Insurance+Group+PLC,https://find-and-update.company-information.service.gov.uk/search/companies?q=RSA+Insurance+Group+PLC,1620597420,17:57:00,20210509
30,2002-09-30,RSA.L,GBP,2002-09-30,2002-09-30,Q3,654000000.0,0.0,0.0,0.0,0.0,0.0,0.0,174000000.0,164000000.0,491000000.0,0.0,0.0,0.0,0.0,-11000000.0,-0.016819571865443424,0.0,163000000.0,0.2492354740061162,20000000.0,150000000.0,0.22935779816513763,0.22865824832260462,0.22865824832260462,656000827,656000827,https://find-and-update.company-information.service.gov.uk/search/companies?q=RSA+Insurance+Group+PLC,https://find-and-update.company-information.service.gov.uk/search/companies?q=RSA+Insurance+Group+PLC,1620597420,17:57:00,20210509
31,2002-06-30,RSA.L,GBP,2002-06-30,2002-06-30,Q2,536000000.0,0.0,0.0,0.0,0.0,0.0,0.0,-2000000.0,515000000.0,783000000.0,0.0,0.0,0.0,0.0,-245000000.0,-0.457089552238806,0.0,-247000000.0,-0.4608208955223881,-23000000.0,-211000000.0,-0.39365671641791045,-0.3216459359737972,-0.3216459359737972,656000827,656000827,https://find-and-update.company-information.service.gov.uk/search/companies?q=RSA+Insurance+Group+PLC,https://find-and-update.company-information.service.gov.uk/search/companies?q=RSA+Insurance+Group+PLC,1620597420,17:57:00,20210509
32,2002-03-31,RSA.L,GBP,2002-03-31,2002-03-31,Q1,426000000.0,0.0,0.0,0.0,0.0,0.0,0.0,2000000.0,285000000.0,498000000.0,0.0,0.0,0.0,0.0,-74000000.0,-0.17370892018779344,0.0,-72000000.0,-0.16901408450704225,-5000000.0,-64000000.0,-0.15023474178403756,-0.164907,-0.164907,397359976,397359976,https://find-and-update.company-information.service.gov.uk/search/companies?q=RSA+Insurance+Group+PLC,https://find-and-update.company-information.service.gov.uk/search/companies?q=RSA+Insurance+Group+PLC,1620597420,17:57:00,20210509
33,2001-12-31,RSA.L,GBP,2001-12-31,2001-12-31,Q4,0.0,0.0,0.0,0.0,0.0,0.0,0.0,26000000.0,-1338000000.0,-923000000.0,0.0,0.0,0.0,0.0,-353000000.0,0.0,0.0,-327000000.0,0.0,-157000000.0,-182000000.0,0.0,-0.27743867463142696,-0.27743867463142696,656000827,656000827,https://find-and-update.company-information.service.gov.uk/search/companies?q=RSA+Insurance+Group+PLC,https://find-and-update.company-information.service.gov.uk/search/companies?q=RSA+Insurance+Group+PLC,1620597420,17:57:00,20210509
34,2001-09-30,RSA.L,GBP,2001-09-30,2001-09-30,Q3,244000000.0,0.0,0.0,0.0,0.0,0.0,0.0,-9000000.0,619000000.0,741000000.0,0.0,0.0,0.0,0.0,-488000000.0,-2.0,0.0,-497000000.0,-2.0368852459016393,-113000000.0,-371000000.0,-1.5204918032786885,-0.5655480675179088,-0.5655480675179088,656000827,656000827,https://find-and-update.company-information.service.gov.uk/search/companies?q=RSA+Insurance+Group+PLC,https://find-and-update.company-information.service.gov.uk/search/companies?q=RSA+Insurance+Group+PLC,1620597420,17:57:00,20210509
35,2001-06-30,RSA.L,GBP,2001-06-30,2001-06-30,Q2,442000000.0,0.0,0.0,0.0,0.0,0.0,0.0,-117000000.0,333000000.0,554000000.0,0.0,0.0,0.0,0.0,5000000.0,0.011312217194570135,0.0,-112000000.0,-0.25339366515837103,-6000000.0,-106000000.0,-0.2398190045248869,-0.16158516214797394,-0.16158516214797394,656000827,656000827,https://find-and-update.company-information.service.gov.uk/search/companies?q=RSA+Insurance+Group+PLC,https://find-and-update.company-information.service.gov.uk/search/companies?q=RSA+Insurance+Group+PLC,1620597420,17:57:00,20210509
36,2001-03-31,RSA.L,GBP,2001-03-31,2001-03-31,Q1,564000000.0,0.0,0.0,0.0,0.0,0.0,0.0,11000000.0,593000000.0,875000000.0,0.0,0.0,0.0,0.0,-322000000.0,-0.5709219858156028,0.0,-311000000.0,-0.5514184397163121,-77000000.0,-230000000.0,-0.4078014184397163,-0.584344,-0.584344,396874053,396874053,https://find-and-update.company-information.service.gov.uk/search/companies?q=RSA+Insurance+Group+PLC,https://find-and-update.company-information.service.gov.uk/search/companies?q=RSA+Insurance+Group+PLC,1620597420,17:57:00,20210509
37,2000-12-31,RSA.L,GBP,2000-12-31,2000-12-31,Q4,0.0,0.0,0.0,0.0,0.0,0.0,0.0,-125000000.0,-1033000000.0,-1818000000.0,0.0,0.0,0.0,0.0,-175000000.0,0.0,0.0,-300000000.0,0.0,-42000000.0,-255000000.0,0.0,-0.38871902214842785,-0.38871902214842785,656000827,656000827,https://find-and-update.company-information.service.gov.uk/search/companies?q=RSA+Insurance+Group+PLC,https://find-and-update.company-information.service.gov.uk/search/companies?q=RSA+Insurance+Group+PLC,1620597420,17:57:00,20210509
38,2000-09-30,RSA.L,GBP,2000-09-30,2000-09-30,Q3,598000000.0,0.0,0.0,0.0,0.0,0.0,0.0,19000000.0,-26000000.0,273000000.0,0.0,0.0,0.0,0.0,306000000.0,0.5117056856187291,0.0,325000000.0,0.5434782608695652,46000000.0,284000000.0,0.47491638795986624,0.4329262834907981,0.4329262834907981,656000827,656000827,https://find-and-update.company-information.service.gov.uk/search/companies?q=RSA+Insurance+Group+PLC,https://find-and-update.company-information.service.gov.uk/search/companies?q=RSA+Insurance+Group+PLC,1620597420,17:57:00,20210509
39,2000-06-30,RSA.L,GBP,2000-06-30,2000-06-30,Q2,658000000.0,0.0,0.0,0.0,0.0,0.0,0.0,0.0,336000000.0,665000000.0,0.0,0.0,0.0,0.0,0.0,-0.010638297872340425,0.0,-7000000.0,-0.010638297872340425,-14000000.0,3000000.0,0.004559270516717325,0.004573164966452092,0.004573164966452092,656000827,656000827,https://find-and-update.company-information.service.gov.uk/search/companies?q=RSA+Insurance+Group+PLC,https://find-and-update.company-information.service.gov.uk/search/companies?q=RSA+Insurance+Group+PLC,1620597420,17:57:00,20210509
40,2000-03-31,RSA.L,GBP,2000-03-31,2000-03-31,Q1,862000000.0,0.0,0.0,0.0,0.0,0.0,0.0,-11000000.0,408000000.0,839000000.0,0.0,0.0,0.0,0.0,34000000.0,0.03944315545243619,0.0,23000000.0,0.02668213457076566,80000000.0,-60000000.0,-0.06960556844547564,-0.157737,-0.157737,396763590,396763590,https://find-and-update.company-information.service.gov.uk/search/companies?q=RSA+Insurance+Group+PLC,https://find-and-update.company-information.service.gov.uk/search/companies?q=RSA+Insurance+Group+PLC,1620597420,17:57:00,20210509
