,date,symbol,reportedCurrency,fillingDate,acceptedDate,period,revenue,costOfRevenue,grossProfit,grossProfitRatio,researchAndDevelopmentExpenses,generalAndAdministrativeExpenses,sellingAndMarketingExpenses,otherExpenses,operatingExpenses,costAndExpenses,interestExpense,depreciationAndAmortization,ebitda,ebitdaratio,operatingIncome,operatingIncomeRatio,totalOtherIncomeExpensesNet,incomeBeforeTax,incomeBeforeTaxRatio,incomeTaxExpense,netIncome,netIncomeRatio,eps,epsdiluted,weightedAverageShsOut,weightedAverageShsOutDil,link,finalLink,timestamp,est_time,est_date
0,2020-12-31,ORA.TO,USD,2020-12-31,2020-12-31,Q4,100606000.0,49750000.0,50856000.0,0.505496690058247,0.0,6002000.0,0.0,2920000.0,8270000.0,58020000.0,2412000.0,47000.0,42633000.0,0.4237620022662664,42586000.0,0.42329483331014056,3118000.0,43180000.0,0.42919905373436973,-14387000.0,57567000.0,0.5722024531340079,0.8814532569932881,0.8814532569932881,65309192.0,65309192.0,https://www.sedar.com/ModifyCompanyDocumentSearchForm.do?lang=EN&company_search=Aura Minerals Inc&document_selection=0&industry_group=A&FromDate=13&FromMonth=05&FromYear=2000&ToDate=13&ToMonth=11&ToYear=2020&Variable=Issuer,https://www.sedar.com/ModifyCompanyDocumentSearchForm.do?lang=EN&company_search=Aura Minerals Inc&document_selection=0&industry_group=A&FromDate=13&FromMonth=05&FromYear=2000&ToDate=13&ToMonth=11&ToYear=2020&Variable=Issuer,1620596175,17:36:15,20210509
1,2020-09-30,ORA.TO,USD,2020-09-30,2020-09-30,Q3,89808000.0,43386000.0,46422000.0,0.5169027258150721,0.0,4878000.0,0.0,-258000.0,7387000.0,50773000.0,2230000.0,0.0,43492000.0,0.4842775699269553,39035000.0,0.4346494744343488,-1812000.0,34825000.0,0.3877716907179761,10236000.0,24589000.0,0.27379520755389275,0.38,0.37,65309192.0,65894942.0,https://www.sedar.com/ModifyCompanyDocumentSearchForm.do?lang=EN&company_search=Aura Minerals Inc&document_selection=0&industry_group=A&FromDate=13&FromMonth=05&FromYear=2000&ToDate=13&ToMonth=11&ToYear=2020&Variable=Issuer,https://www.sedar.com/ModifyCompanyDocumentSearchForm.do?lang=EN&company_search=Aura Minerals Inc&document_selection=0&industry_group=A&FromDate=13&FromMonth=05&FromYear=2000&ToDate=13&ToMonth=11&ToYear=2020&Variable=Issuer,1620596175,17:36:15,20210509
2,2020-06-30,ORA.TO,USD,2020-06-30,2020-06-30,Q2,60834000.0,42977000.0,17857000.0,0.2935365091889404,0.0,3045000.0,0.0,-631000.0,4714000.0,47691000.0,1734000.0,0.0,17565000.0,0.2887365617911037,13143000.0,0.2160469474307131,-7109000.0,4087000.0,0.06718282539369431,102000.0,3985000.0,0.06550613143965546,0.061333,0.060667,65309190.0,65894940.0,https://www.sedar.com/ModifyCompanyDocumentSearchForm.do?lang=EN&company_search=Aura Minerals Inc&document_selection=0&industry_group=A&FromDate=13&FromMonth=05&FromYear=2000&ToDate=13&ToMonth=11&ToYear=2020&Variable=Issuer,https://www.sedar.com/ModifyCompanyDocumentSearchForm.do?lang=EN&company_search=Aura Minerals Inc&document_selection=0&industry_group=A&FromDate=13&FromMonth=05&FromYear=2000&ToDate=13&ToMonth=11&ToYear=2020&Variable=Issuer,1620596175,17:36:15,20210509
3,2020-03-31,ORA.TO,USD,2020-03-31,2020-03-31,Q1,48626000.0,41964000.0,6662000.0,0.1370048945008843,0.0,4013000.0,0.0,-132000.0,5836000.0,47800000.0,1010000.0,0.0,4966000.0,0.10212643441780117,826000.0,0.016986797186690248,-6597000.0,-6944000.0,-0.1428042610948875,10720000.0,-17664000.0,-0.3632624521860733,-0.270667,-0.270667,65307975.0,65307975.0,https://www.sedar.com/ModifyCompanyDocumentSearchForm.do?lang=EN&company_search=Aura Minerals Inc&document_selection=0&industry_group=A&FromDate=13&FromMonth=05&FromYear=2000&ToDate=13&ToMonth=11&ToYear=2020&Variable=Issuer,https://www.sedar.com/ModifyCompanyDocumentSearchForm.do?lang=EN&company_search=Aura Minerals Inc&document_selection=0&industry_group=A&FromDate=13&FromMonth=05&FromYear=2000&ToDate=13&ToMonth=11&ToYear=2020&Variable=Issuer,1620596175,17:36:15,20210509
4,2019-12-31,ORA.TO,USD,2019-12-31,2019-12-31,Q4,69653000.0,45809000.0,23844000.0,0.3423255279743873,0.0,2917000.0,0.0,-1765000.0,4717000.0,50526000.0,1860000.0,0.0,23227000.0,0.3334673309118057,19127000.0,0.2746041089400313,-1314000.0,15490000.0,0.2223881239860451,-14235000.0,29725000.0,0.42675835929536415,0.45514266965666944,0.45514266965666944,65309192.0,65309192.0,https://www.sedar.com/ModifyCompanyDocumentSearchForm.do?lang=EN&company_search=Aura Minerals Inc&document_selection=0&industry_group=A&FromDate=13&FromMonth=05&FromYear=2000&ToDate=13&ToMonth=11&ToYear=2020&Variable=Issuer,https://www.sedar.com/ModifyCompanyDocumentSearchForm.do?lang=EN&company_search=Aura Minerals Inc&document_selection=0&industry_group=A&FromDate=13&FromMonth=05&FromYear=2000&ToDate=13&ToMonth=11&ToYear=2020&Variable=Issuer,1620596175,17:36:15,20210509
5,2019-09-30,ORA.TO,USD,2019-09-30,2019-09-30,Q3,69919000.0,51452000.0,18467000.0,0.26411991018178177,0.0,2665000.0,33000.0,611000.0,4196000.0,55648000.0,1252000.0,0.0,20325000.0,0.29069351678370686,14271000.0,0.20410761023470014,-4692000.0,8211000.0,0.11743589010140305,4412000.0,3799000.0,0.05433430111986728,0.05817053736545958,0.057944700408815955,65307975.0,65562510.0,https://www.sedar.com/ModifyCompanyDocumentSearchForm.do?lang=EN&company_search=Aura Minerals Inc&document_selection=0&industry_group=A&FromDate=13&FromMonth=05&FromYear=2000&ToDate=13&ToMonth=11&ToYear=2020&Variable=Issuer,https://www.sedar.com/ModifyCompanyDocumentSearchForm.do?lang=EN&company_search=Aura Minerals Inc&document_selection=0&industry_group=A&FromDate=13&FromMonth=05&FromYear=2000&ToDate=13&ToMonth=11&ToYear=2020&Variable=Issuer,1620596175,17:36:15,20210509
6,2019-06-30,ORA.TO,USD,2019-06-30,2019-06-30,Q2,50374000.0,45596000.0,4778000.0,0.09485051812442927,0.0,3543000.0,52000.0,736000.0,5458000.0,51054000.0,786000.0,0.0,4526000.0,0.08984793742803827,-680000.0,-0.013499027275975703,-2361000.0,-4116000.0,-0.08170881804105293,-202000.0,-3914000.0,-0.07769881287966014,-0.05993142491403232,-0.05969875161887487,65307975.0,65562510.0,https://www.sedar.com/ModifyCompanyDocumentSearchForm.do?lang=EN&company_search=Aura Minerals Inc&document_selection=0&industry_group=A&FromDate=13&FromMonth=05&FromYear=2000&ToDate=13&ToMonth=11&ToYear=2020&Variable=Issuer,https://www.sedar.com/ModifyCompanyDocumentSearchForm.do?lang=EN&company_search=Aura Minerals Inc&document_selection=0&industry_group=A&FromDate=13&FromMonth=05&FromYear=2000&ToDate=13&ToMonth=11&ToYear=2020&Variable=Issuer,1620596175,17:36:15,20210509
7,2019-03-31,ORA.TO,USD,2019-03-31,2019-03-31,Q1,36256000.0,35212000.0,1044000.0,0.028795233892321272,0.0,2606000.0,47000.0,56000.0,4741000.0,39953000.0,704000.0,0.0,2083000.0,0.057452559576345985,-3697000.0,-0.10196932921447485,160000.0,-4241000.0,-0.11697374227714033,482000.0,-4723000.0,-0.1302680935569285,-0.07237848291757465,-0.07207538813962329,65254200.0,65528610.0,https://www.sedar.com/ModifyCompanyDocumentSearchForm.do?lang=EN&company_search=Aura Minerals Inc&document_selection=0&industry_group=A&FromDate=13&FromMonth=05&FromYear=2000&ToDate=13&ToMonth=11&ToYear=2020&Variable=Issuer,https://www.sedar.com/ModifyCompanyDocumentSearchForm.do?lang=EN&company_search=Aura Minerals Inc&document_selection=0&industry_group=A&FromDate=13&FromMonth=05&FromYear=2000&ToDate=13&ToMonth=11&ToYear=2020&Variable=Issuer,1620596175,17:36:15,20210509
8,2018-12-31,ORA.TO,USD,2018-12-31,2018-12-31,Q4,34165000.0,33798000.0,367000.0,0.010741987414020196,0.0,1544000.0,76000.0,2096000.0,3822000.0,37620000.0,193000.0,0.0,1834000.0,0.05368066734962681,-3455000.0,-0.10112688423825553,52281000.0,48469000.0,1.41867408166252,3290000.0,45179000.0,1.3223767013025025,0.6917709225372134,0.6917709225372134,65309192.0,65309192.0,https://www.sedar.com/ModifyCompanyDocumentSearchForm.do?lang=EN&company_search=Aura Minerals Inc&document_selection=0&industry_group=A&FromDate=13&FromMonth=05&FromYear=2000&ToDate=13&ToMonth=11&ToYear=2020&Variable=Issuer,https://www.sedar.com/ModifyCompanyDocumentSearchForm.do?lang=EN&company_search=Aura Minerals Inc&document_selection=0&industry_group=A&FromDate=13&FromMonth=05&FromYear=2000&ToDate=13&ToMonth=11&ToYear=2020&Variable=Issuer,1620596175,17:36:15,20210509
9,2018-09-30,ORA.TO,USD,2018-09-30,2018-09-30,Q3,33176000.0,31501000.0,1675000.0,0.05048830479864962,0.0,3149000.0,104000.0,-971000.0,6090000.0,37591000.0,889000.0,0.0,-1833000.0,-0.05525078369905956,-4415000.0,-0.13307812876778394,3679000.0,-1905000.0,-0.057421027248613456,-2742000.0,837000.0,0.02522908126356402,0.012865343476081158,0.012677506485029251,65058504.0,66022447.0,https://www.sedar.com/ModifyCompanyDocumentSearchForm.do?lang=EN&company_search=Aura Minerals Inc&document_selection=0&industry_group=A&FromDate=13&FromMonth=05&FromYear=2000&ToDate=13&ToMonth=11&ToYear=2020&Variable=Issuer,https://www.sedar.com/ModifyCompanyDocumentSearchForm.do?lang=EN&company_search=Aura Minerals Inc&document_selection=0&industry_group=A&FromDate=13&FromMonth=05&FromYear=2000&ToDate=13&ToMonth=11&ToYear=2020&Variable=Issuer,1620596175,17:36:15,20210509
10,2018-06-30,ORA.TO,USD,2018-06-30,2018-06-30,Q2,45338000.0,37932000.0,7406000.0,0.16335083153204819,0.0,3398000.0,64000.0,-372000.0,5749000.0,43681000.0,525000.0,0.0,5362000.0,0.11826723719617098,1657000.0,0.036547708324143106,-2635000.0,-1503000.0,-0.033150999161850984,3827000.0,-5330000.0,-0.11756142750011028,-0.08192626132319304,-0.08070261605327657,65058504.0,66044947.0,https://www.sedar.com/ModifyCompanyDocumentSearchForm.do?lang=EN&company_search=Aura Minerals Inc&document_selection=0&industry_group=A&FromDate=13&FromMonth=05&FromYear=2000&ToDate=13&ToMonth=11&ToYear=2020&Variable=Issuer,https://www.sedar.com/ModifyCompanyDocumentSearchForm.do?lang=EN&company_search=Aura Minerals Inc&document_selection=0&industry_group=A&FromDate=13&FromMonth=05&FromYear=2000&ToDate=13&ToMonth=11&ToYear=2020&Variable=Issuer,1620596175,17:36:15,20210509
11,2018-03-31,ORA.TO,USD,2018-03-31,2018-03-31,Q1,45023000.0,37211000.0,7812000.0,0.1735113164382649,0.0,3009000.0,67000.0,-649000.0,5200000.0,42411000.0,680000.0,0.0,5915000.0,0.13137729604868623,2612000.0,0.05801479243941985,10495000.0,12311000.0,0.2734380205672656,1031000.0,11280000.0,0.25053861359749463,0.206667,0.2,55258329.0,56244772.0,https://www.sedar.com/ModifyCompanyDocumentSearchForm.do?lang=EN&company_search=Aura Minerals Inc&document_selection=0&industry_group=A&FromDate=13&FromMonth=05&FromYear=2000&ToDate=13&ToMonth=11&ToYear=2020&Variable=Issuer,https://www.sedar.com/ModifyCompanyDocumentSearchForm.do?lang=EN&company_search=Aura Minerals Inc&document_selection=0&industry_group=A&FromDate=13&FromMonth=05&FromYear=2000&ToDate=13&ToMonth=11&ToYear=2020&Variable=Issuer,1620596175,17:36:15,20210509
12,2017-12-31,ORA.TO,USD,2017-12-31,2017-12-31,Q4,38734000.0,34630000.0,4104000.0,0.10595342593070688,0.0,3163000.0,75000.0,-1930000.0,7053000.0,41683000.0,384000.0,0.0,3149000.0,0.08129808437032064,-2949000.0,-0.0761346620540094,9441000.0,6328000.0,0.163370682088088,-40000.0,6368000.0,0.16440336655135024,0.09750541700163738,0.09750541700163738,65309192.0,65309192.0,https://www.sedar.com/ModifyCompanyDocumentSearchForm.do?lang=EN&company_search=Aura Minerals Inc&document_selection=0&industry_group=A&FromDate=13&FromMonth=05&FromYear=2000&ToDate=13&ToMonth=11&ToYear=2020&Variable=Issuer,https://www.sedar.com/ModifyCompanyDocumentSearchForm.do?lang=EN&company_search=Aura Minerals Inc&document_selection=0&industry_group=A&FromDate=13&FromMonth=05&FromYear=2000&ToDate=13&ToMonth=11&ToYear=2020&Variable=Issuer,1620596175,17:36:15,20210509
13,2017-09-30,ORA.TO,USD,2017-09-30,2017-09-30,Q3,39828000.0,31882000.0,7946000.0,0.19950788390077331,0.0,3430000.0,67000.0,-113000.0,-3745000.0,28137000.0,742000.0,0.0,14107000.0,0.3541980516219745,11691000.0,0.29353721000301297,-4976000.0,5973000.0,0.1499698704429045,1379000.0,4594000.0,0.11534598774731344,0.093333,0.093333,50280291.0,50280291.0,https://www.sedar.com/ModifyCompanyDocumentSearchForm.do?lang=EN&company_search=Aura Minerals Inc&document_selection=0&industry_group=A&FromDate=13&FromMonth=05&FromYear=2000&ToDate=13&ToMonth=11&ToYear=2020&Variable=Issuer,https://www.sedar.com/ModifyCompanyDocumentSearchForm.do?lang=EN&company_search=Aura Minerals Inc&document_selection=0&industry_group=A&FromDate=13&FromMonth=05&FromYear=2000&ToDate=13&ToMonth=11&ToYear=2020&Variable=Issuer,1620596175,17:36:15,20210509
14,2017-06-30,ORA.TO,USD,2017-06-30,2017-06-30,Q2,44247000.0,35200000.0,9047000.0,0.20446583949194297,0.0,2943000.0,63000.0,124000.0,4671000.0,39871000.0,387000.0,0.0,7150000.0,0.16159287635319908,4376000.0,0.09889936040861527,3374000.0,7213000.0,0.1630167016972902,2971000.0,4242000.0,0.09587090650213574,0.086667,0.086667,50130291.0,50130291.0,https://www.sedar.com/ModifyCompanyDocumentSearchForm.do?lang=EN&company_search=Aura Minerals Inc&document_selection=0&industry_group=A&FromDate=13&FromMonth=05&FromYear=2000&ToDate=13&ToMonth=11&ToYear=2020&Variable=Issuer,https://www.sedar.com/ModifyCompanyDocumentSearchForm.do?lang=EN&company_search=Aura Minerals Inc&document_selection=0&industry_group=A&FromDate=13&FromMonth=05&FromYear=2000&ToDate=13&ToMonth=11&ToYear=2020&Variable=Issuer,1620596175,17:36:15,20210509
15,2017-03-31,ORA.TO,USD,2017-03-31,2017-03-31,Q1,34902000.0,29589000.0,5313000.0,0.15222623345367028,0.0,2862000.0,83000.0,-446000.0,4405000.0,33994000.0,678000.0,0.0,3110000.0,0.08910664145321186,908000.0,0.026015701105953814,-3881000.0,-3781000.0,-0.10833190075067331,1242000.0,-5023000.0,-0.14391725402555727,-0.1,-0.1,50130291.0,50130291.0,https://www.sedar.com/ModifyCompanyDocumentSearchForm.do?lang=EN&company_search=Aura Minerals Inc&document_selection=0&industry_group=A&FromDate=13&FromMonth=05&FromYear=2000&ToDate=13&ToMonth=11&ToYear=2020&Variable=Issuer,https://www.sedar.com/ModifyCompanyDocumentSearchForm.do?lang=EN&company_search=Aura Minerals Inc&document_selection=0&industry_group=A&FromDate=13&FromMonth=05&FromYear=2000&ToDate=13&ToMonth=11&ToYear=2020&Variable=Issuer,1620596175,17:36:15,20210509
16,2016-12-31,ORA.TO,USD,2016-12-31,2016-12-31,Q4,34328000.0,30211000.0,4117000.0,0.11993125145653694,0.0,2348000.0,0.0,306000.0,2040000.0,32251000.0,-1027000.0,0.0,5411000.0,0.15762642740619903,2077000.0,0.060504544395245864,22841000.0,25494000.0,0.7426590538336052,5141000.0,20353000.0,0.5928979258914006,0.31164066460966167,0.31164066460966167,65309192.0,65309192.0,https://www.sedar.com/ModifyCompanyDocumentSearchForm.do?lang=EN&company_search=Aura Minerals Inc&document_selection=0&industry_group=A&FromDate=13&FromMonth=05&FromYear=2000&ToDate=13&ToMonth=11&ToYear=2020&Variable=Issuer,https://www.sedar.com/ModifyCompanyDocumentSearchForm.do?lang=EN&company_search=Aura Minerals Inc&document_selection=0&industry_group=A&FromDate=13&FromMonth=05&FromYear=2000&ToDate=13&ToMonth=11&ToYear=2020&Variable=Issuer,1620596175,17:36:15,20210509
17,2016-09-30,ORA.TO,USD,2016-09-30,2016-09-30,Q3,40016000.0,28725000.0,11291000.0,0.28216213514594163,0.0,1271000.0,0.0,860000.0,5931000.0,34656000.0,658000.0,0.0,8428000.0,0.2106157536985206,5360000.0,0.13394642143142743,-1449000.0,3253000.0,0.08129248300679728,2519000.0,734000.0,0.01834266293482607,0.066667,0.066667,43579613.0,43579613.0,https://www.sedar.com/ModifyCompanyDocumentSearchForm.do?lang=EN&company_search=Aura Minerals Inc&document_selection=0&industry_group=A&FromDate=13&FromMonth=05&FromYear=2000&ToDate=13&ToMonth=11&ToYear=2020&Variable=Issuer,https://www.sedar.com/ModifyCompanyDocumentSearchForm.do?lang=EN&company_search=Aura Minerals Inc&document_selection=0&industry_group=A&FromDate=13&FromMonth=05&FromYear=2000&ToDate=13&ToMonth=11&ToYear=2020&Variable=Issuer,1620596175,17:36:15,20210509
18,2016-06-30,ORA.TO,USD,2016-06-30,2016-06-30,Q2,36415000.0,28355000.0,8060000.0,0.2213373609776191,0.0,1933000.0,0.0,-1710000.0,3858000.0,32213000.0,604000.0,0.0,4039000.0,0.11091583138816422,4202000.0,0.11539200878758753,-4521000.0,-923000.0,-0.02534669778937251,1125000.0,-2048000.0,-0.0562405602087052,-0.066667,-0.066667,43028727.0,43028727.0,https://www.sedar.com/ModifyCompanyDocumentSearchForm.do?lang=EN&company_search=Aura Minerals Inc&document_selection=0&industry_group=A&FromDate=13&FromMonth=05&FromYear=2000&ToDate=13&ToMonth=11&ToYear=2020&Variable=Issuer,https://www.sedar.com/ModifyCompanyDocumentSearchForm.do?lang=EN&company_search=Aura Minerals Inc&document_selection=0&industry_group=A&FromDate=13&FromMonth=05&FromYear=2000&ToDate=13&ToMonth=11&ToYear=2020&Variable=Issuer,1620596175,17:36:15,20210509
19,2016-03-31,ORA.TO,USD,2016-03-31,2016-03-31,Q1,35451000.0,27968000.0,7483000.0,0.21108008236721107,0.0,2270000.0,0.0,-782000.0,3082000.0,31050000.0,852000.0,0.0,5781000.0,0.16307015316916307,4401000.0,0.12414318354912414,-2679000.0,870000.0,0.02454091563002454,888000.0,-18000.0,-0.0005077430820005078,-0.00042,-0.00042,42902551.0,42902551.0,https://www.sedar.com/ModifyCompanyDocumentSearchForm.do?lang=EN&company_search=Aura Minerals Inc&document_selection=0&industry_group=A&FromDate=13&FromMonth=05&FromYear=2000&ToDate=13&ToMonth=11&ToYear=2020&Variable=Issuer,https://www.sedar.com/ModifyCompanyDocumentSearchForm.do?lang=EN&company_search=Aura Minerals Inc&document_selection=0&industry_group=A&FromDate=13&FromMonth=05&FromYear=2000&ToDate=13&ToMonth=11&ToYear=2020&Variable=Issuer,1620596175,17:36:15,20210509
20,2015-12-31,ORA.TO,USD,2015-12-31,2015-12-31,Q4,37707000.0,31000000.0,6707000.0,0.17787148274856127,0.0,1611000.0,0.0,-7289000.0,3432000.0,34432000.0,-1248000.0,0.0,-1778000.0,-0.047153048505582516,3275000.0,0.086853899806402,-6383000.0,-2321000.0,-0.06155355769485772,9565000.0,-11886000.0,-0.31521998567905163,-0.1819958207414356,-0.1819958207414356,65309192.0,65309192.0,https://www.sedar.com/ModifyCompanyDocumentSearchForm.do?lang=EN&company_search=Aura Minerals Inc&document_selection=0&industry_group=A&FromDate=13&FromMonth=05&FromYear=2000&ToDate=13&ToMonth=11&ToYear=2020&Variable=Issuer,https://www.sedar.com/ModifyCompanyDocumentSearchForm.do?lang=EN&company_search=Aura Minerals Inc&document_selection=0&industry_group=A&FromDate=13&FromMonth=05&FromYear=2000&ToDate=13&ToMonth=11&ToYear=2020&Variable=Issuer,1620596175,17:36:15,20210509
21,2015-09-30,ORA.TO,USD,2015-09-30,2015-09-30,Q3,41219000.0,36347000.0,4872000.0,0.11819791843567287,0.0,1625000.0,0.0,2132000.0,2189000.0,38536000.0,1281000.0,0.0,6118000.0,0.1484266964264053,2683000.0,0.06509134137169752,2132000.0,3534000.0,0.08573716004755089,-1303000.0,4837000.0,0.11734879545840511,0.133333,0.133333,42846415.0,42846415.0,https://www.sedar.com/ModifyCompanyDocumentSearchForm.do?lang=EN&company_search=Aura Minerals Inc&document_selection=0&industry_group=A&FromDate=13&FromMonth=05&FromYear=2000&ToDate=13&ToMonth=11&ToYear=2020&Variable=Issuer,https://www.sedar.com/ModifyCompanyDocumentSearchForm.do?lang=EN&company_search=Aura Minerals Inc&document_selection=0&industry_group=A&FromDate=13&FromMonth=05&FromYear=2000&ToDate=13&ToMonth=11&ToYear=2020&Variable=Issuer,1620596175,17:36:15,20210509
22,2015-06-30,ORA.TO,USD,2015-06-30,2015-06-30,Q2,38632000.0,36356000.0,2276000.0,0.05891488921101677,0.0,2329000.0,0.0,-294000.0,2651000.0,39007000.0,1650000.0,0.0,1229000.0,0.03181300476289087,-375000.0,-0.0097069786705322,-294000.0,-2319000.0,-0.06002795609857113,-797000.0,-1522000.0,-0.03939739076413336,-0.066667,-0.066667,36252196.0,36252196.0,https://www.sedar.com/ModifyCompanyDocumentSearchForm.do?lang=EN&company_search=Aura Minerals Inc&document_selection=0&industry_group=A&FromDate=13&FromMonth=05&FromYear=2000&ToDate=13&ToMonth=11&ToYear=2020&Variable=Issuer,https://www.sedar.com/ModifyCompanyDocumentSearchForm.do?lang=EN&company_search=Aura Minerals Inc&document_selection=0&industry_group=A&FromDate=13&FromMonth=05&FromYear=2000&ToDate=13&ToMonth=11&ToYear=2020&Variable=Issuer,1620596175,17:36:15,20210509
23,2015-03-31,ORA.TO,USD,2015-03-31,2015-03-31,Q1,48205000.0,48184000.0,21000.0,0.0004356394564879162,0.0,2478000.0,0.0,907000.0,2625000.0,50809000.0,850000.0,0.0,148000.0,0.0030702209314386474,-2604000.0,-0.054019292604501605,832000.0,-2622000.0,-0.05439269785291982,3286000.0,-5908000.0,-0.12255990042526708,-0.2,-0.2,34278795.0,34278795.0,https://www.sedar.com/ModifyCompanyDocumentSearchForm.do?lang=EN&company_search=Aura Minerals Inc&document_selection=0&industry_group=A&FromDate=13&FromMonth=05&FromYear=2000&ToDate=13&ToMonth=11&ToYear=2020&Variable=Issuer,https://www.sedar.com/ModifyCompanyDocumentSearchForm.do?lang=EN&company_search=Aura Minerals Inc&document_selection=0&industry_group=A&FromDate=13&FromMonth=05&FromYear=2000&ToDate=13&ToMonth=11&ToYear=2020&Variable=Issuer,1620596175,17:36:15,20210509
24,2014-12-31,ORA.TO,USD,2014-12-31,2014-12-31,Q4,58521000.0,65411000.0,-6890000.0,-0.11773551374720186,0.0,3523000.0,0.0,-658000.0,3198000.0,68609000.0,381000.0,0.0,-4030000.0,-0.06886416841817468,-10088000.0,-0.17238256352420497,-136115000.0,-146741000.0,-2.5074930366876846,-8136000.0,-138605000.0,-2.36846602074469,-2.1222893095967255,-2.1222893095967255,65309192.0,65309192.0,https://www.sedar.com/ModifyCompanyDocumentSearchForm.do?lang=EN&company_search=Aura Minerals Inc&document_selection=0&industry_group=A&FromDate=13&FromMonth=05&FromYear=2000&ToDate=13&ToMonth=11&ToYear=2020&Variable=Issuer,https://www.sedar.com/ModifyCompanyDocumentSearchForm.do?lang=EN&company_search=Aura Minerals Inc&document_selection=0&industry_group=A&FromDate=13&FromMonth=05&FromYear=2000&ToDate=13&ToMonth=11&ToYear=2020&Variable=Issuer,1620596175,17:36:15,20210509
25,2014-09-30,ORA.TO,USD,2014-09-30,2014-09-30,Q3,76592000.0,68604000.0,7988000.0,0.10429287654063088,0.0,3362000.0,0.0,-98000.0,4242000.0,72846000.0,277000.0,0.0,9044000.0,0.1180802172550658,3746000.0,0.04890850219344057,1497000.0,4804000.0,0.06272195529559223,4028000.0,776000.0,0.010131606434092333,0.066667,0.066667,34268715.0,34268715.0,https://www.sedar.com/ModifyCompanyDocumentSearchForm.do?lang=EN&company_search=Aura Minerals Inc&document_selection=0&industry_group=A&FromDate=13&FromMonth=05&FromYear=2000&ToDate=13&ToMonth=11&ToYear=2020&Variable=Issuer,https://www.sedar.com/ModifyCompanyDocumentSearchForm.do?lang=EN&company_search=Aura Minerals Inc&document_selection=0&industry_group=A&FromDate=13&FromMonth=05&FromYear=2000&ToDate=13&ToMonth=11&ToYear=2020&Variable=Issuer,1620596175,17:36:15,20210509
26,2014-06-30,ORA.TO,USD,2014-06-30,2014-06-30,Q2,65249000.0,54158000.0,11091000.0,0.16997961654584745,0.0,2649000.0,0.0,0.0,3484000.0,57642000.0,239000.0,0.0,11020000.0,0.16889147726401937,7607000.0,0.11658416220938252,-639000.0,6729000.0,0.10312801728762126,2709000.0,4020000.0,0.06161013961899799,0.133333,0.133333,34268715.0,34268715.0,https://www.sedar.com/ModifyCompanyDocumentSearchForm.do?lang=EN&company_search=Aura Minerals Inc&document_selection=0&industry_group=A&FromDate=13&FromMonth=05&FromYear=2000&ToDate=13&ToMonth=11&ToYear=2020&Variable=Issuer,https://www.sedar.com/ModifyCompanyDocumentSearchForm.do?lang=EN&company_search=Aura Minerals Inc&document_selection=0&industry_group=A&FromDate=13&FromMonth=05&FromYear=2000&ToDate=13&ToMonth=11&ToYear=2020&Variable=Issuer,1620596175,17:36:15,20210509
27,2014-03-31,ORA.TO,USD,2014-03-31,2014-03-31,Q1,65027000.0,66895000.0,-1868000.0,-0.028726528980269735,0.0,3487000.0,0.0,-384000.0,4413000.0,71308000.0,2246000.0,0.0,1988000.0,0.03057191628092946,-6281000.0,-0.09659064696203115,-1085000.0,-9612000.0,-0.14781552278284404,-539000.0,-9073000.0,-0.13952665815738077,-0.266667,-0.266667,34268715.0,34268715.0,https://www.sedar.com/ModifyCompanyDocumentSearchForm.do?lang=EN&company_search=Aura Minerals Inc&document_selection=0&industry_group=A&FromDate=13&FromMonth=05&FromYear=2000&ToDate=13&ToMonth=11&ToYear=2020&Variable=Issuer,https://www.sedar.com/ModifyCompanyDocumentSearchForm.do?lang=EN&company_search=Aura Minerals Inc&document_selection=0&industry_group=A&FromDate=13&FromMonth=05&FromYear=2000&ToDate=13&ToMonth=11&ToYear=2020&Variable=Issuer,1620596175,17:36:15,20210509
28,2013-12-31,ORA.TO,USD,2013-12-31,2013-12-31,Q4,74972000.0,67163000.0,7809000.0,0.10415888598410072,0.0,5680000.0,0.0,-2924000.0,746000.0,67909000.0,-28000.0,0.0,7114000.0,0.09488875846982874,7063000.0,0.09420850450834978,-8617000.0,-1525000.0,-0.020340927279517685,9856000.0,-11381000.0,-0.15180333991356773,-0.17426337168587233,-0.17426337168587233,65309192.0,65309192.0,https://www.sedar.com/ModifyCompanyDocumentSearchForm.do?lang=EN&company_search=Aura Minerals Inc&document_selection=0&industry_group=A&FromDate=13&FromMonth=05&FromYear=2000&ToDate=13&ToMonth=11&ToYear=2020&Variable=Issuer,https://www.sedar.com/ModifyCompanyDocumentSearchForm.do?lang=EN&company_search=Aura Minerals Inc&document_selection=0&industry_group=A&FromDate=13&FromMonth=05&FromYear=2000&ToDate=13&ToMonth=11&ToYear=2020&Variable=Issuer,1620596175,17:36:15,20210509
29,2013-09-30,ORA.TO,USD,2013-09-30,2013-09-30,Q3,86064000.0,77898000.0,8166000.0,0.09488287785833797,0.0,3106000.0,0.0,549000.0,4553000.0,82451000.0,1731000.0,0.0,17829000.0,0.20715978806469604,3613000.0,0.04198038668897565,-4128000.0,-2246000.0,-0.026096858152072876,-451000.0,-1795000.0,-0.02085657185350437,-0.066667,-0.066667,34253750.0,34253750.0,https://www.sedar.com/ModifyCompanyDocumentSearchForm.do?lang=EN&company_search=Aura Minerals Inc&document_selection=0&industry_group=A&FromDate=13&FromMonth=05&FromYear=2000&ToDate=13&ToMonth=11&ToYear=2020&Variable=Issuer,https://www.sedar.com/ModifyCompanyDocumentSearchForm.do?lang=EN&company_search=Aura Minerals Inc&document_selection=0&industry_group=A&FromDate=13&FromMonth=05&FromYear=2000&ToDate=13&ToMonth=11&ToYear=2020&Variable=Issuer,1620596175,17:36:15,20210509
30,2013-06-30,ORA.TO,USD,2013-06-30,2013-06-30,Q2,81256000.0,95869000.0,-14613000.0,-0.17983902727183224,0.0,4201000.0,0.0,464000.0,6117000.0,101986000.0,719000.0,0.0,-1538000.0,-0.018927833021561483,-20730000.0,-0.2551196219356109,-45539000.0,-66934000.0,-0.8237422467263956,-16856000.0,-50078000.0,-0.6162991040661613,-1.466667,-1.466667,34253750.0,34253750.0,https://www.sedar.com/ModifyCompanyDocumentSearchForm.do?lang=EN&company_search=Aura Minerals Inc&document_selection=0&industry_group=A&FromDate=13&FromMonth=05&FromYear=2000&ToDate=13&ToMonth=11&ToYear=2020&Variable=Issuer,https://www.sedar.com/ModifyCompanyDocumentSearchForm.do?lang=EN&company_search=Aura Minerals Inc&document_selection=0&industry_group=A&FromDate=13&FromMonth=05&FromYear=2000&ToDate=13&ToMonth=11&ToYear=2020&Variable=Issuer,1620596175,17:36:15,20210509
31,2013-03-31,ORA.TO,USD,2013-03-31,2013-03-31,Q1,88585000.0,95923000.0,-7338000.0,-0.08283569453067675,0.0,3323000.0,0.0,-109000.0,4888000.0,100811000.0,775000.0,0.0,7227000.0,0.08158266072134109,-12226000.0,-0.13801433651295367,1817000.0,-11164000.0,-0.12602585087768808,-226000.0,-10938000.0,-0.12347462888750917,-0.333333,-0.333333,34253750.0,34253750.0,https://www.sedar.com/ModifyCompanyDocumentSearchForm.do?lang=EN&company_search=Aura Minerals Inc&document_selection=0&industry_group=A&FromDate=13&FromMonth=05&FromYear=2000&ToDate=13&ToMonth=11&ToYear=2020&Variable=Issuer,https://www.sedar.com/ModifyCompanyDocumentSearchForm.do?lang=EN&company_search=Aura Minerals Inc&document_selection=0&industry_group=A&FromDate=13&FromMonth=05&FromYear=2000&ToDate=13&ToMonth=11&ToYear=2020&Variable=Issuer,1620596175,17:36:15,20210509
32,2012-12-31,ORA.TO,USD,2012-12-31,2012-12-31,Q4,86404000.0,89934000.0,-3530000.0,-0.040854590065274754,0.0,6776000.0,0.0,0.0,9737000.0,99671000.0,-1688000.0,0.0,-1714000.0,-0.019837044581269385,-13267000.0,-0.1535461321235128,1664000.0,-9932000.0,-0.11494838201935095,-251000.0,-9681000.0,-0.11204342391555946,-0.14823334516219402,-0.14823334516219402,65309192.0,65309192.0,https://www.sedar.com/ModifyCompanyDocumentSearchForm.do?lang=EN&company_search=Aura Minerals Inc&document_selection=0&industry_group=A&FromDate=13&FromMonth=05&FromYear=2000&ToDate=13&ToMonth=11&ToYear=2020&Variable=Issuer,https://www.sedar.com/ModifyCompanyDocumentSearchForm.do?lang=EN&company_search=Aura Minerals Inc&document_selection=0&industry_group=A&FromDate=13&FromMonth=05&FromYear=2000&ToDate=13&ToMonth=11&ToYear=2020&Variable=Issuer,1620596175,17:36:15,20210509
33,2012-09-30,ORA.TO,USD,2012-09-30,2012-09-30,Q3,72818000.0,68318000.0,4500000.0,0.06179790711087918,0.0,2696000.0,0.0,0.0,5032000.0,73350000.0,1542000.0,0.0,10396000.0,0.14276689829437778,-532000.0,-0.007305885907330605,-12534000.0,-14537000.0,-0.19963470570463346,2401000.0,-16938000.0,-0.23260732236534923,-0.466667,-0.466667,34236017.0,34236017.0,https://www.sedar.com/ModifyCompanyDocumentSearchForm.do?lang=EN&company_search=Aura Minerals Inc&document_selection=0&industry_group=A&FromDate=13&FromMonth=05&FromYear=2000&ToDate=13&ToMonth=11&ToYear=2020&Variable=Issuer,https://www.sedar.com/ModifyCompanyDocumentSearchForm.do?lang=EN&company_search=Aura Minerals Inc&document_selection=0&industry_group=A&FromDate=13&FromMonth=05&FromYear=2000&ToDate=13&ToMonth=11&ToYear=2020&Variable=Issuer,1620596175,17:36:15,20210509
34,2012-06-30,ORA.TO,USD,2012-06-30,2012-06-30,Q2,72594000.0,80873000.0,-8279000.0,-0.1140452378984489,0.0,3664000.0,0.0,0.0,5190000.0,86063000.0,1056000.0,0.0,1235000.0,0.017012425269306002,-13469000.0,-0.18553874975893325,1564000.0,-12934000.0,-0.17816899468275615,-1427000.0,-11507000.0,-0.15851172273190622,-0.333333,-0.333333,34224107.0,34224107.0,https://www.sedar.com/ModifyCompanyDocumentSearchForm.do?lang=EN&company_search=Aura Minerals Inc&document_selection=0&industry_group=A&FromDate=13&FromMonth=05&FromYear=2000&ToDate=13&ToMonth=11&ToYear=2020&Variable=Issuer,https://www.sedar.com/ModifyCompanyDocumentSearchForm.do?lang=EN&company_search=Aura Minerals Inc&document_selection=0&industry_group=A&FromDate=13&FromMonth=05&FromYear=2000&ToDate=13&ToMonth=11&ToYear=2020&Variable=Issuer,1620596175,17:36:15,20210509
35,2012-03-31,ORA.TO,USD,2012-03-31,2012-03-31,Q1,75596000.0,86128000.0,-10532000.0,-0.13931954071644,0.0,6025000.0,0.0,0.0,10133000.0,96261000.0,292000.0,13596000.0,-7069000.0,-0.09351023863696492,-20665000.0,-0.273361024392825,4314000.0,-16643000.0,-0.22015715117201967,2040000.0,-18683000.0,-0.24714270596327848,-0.533333,-0.533333,34212204.0,34212204.0,https://www.sedar.com/ModifyCompanyDocumentSearchForm.do?lang=EN&company_search=Aura Minerals Inc&document_selection=0&industry_group=A&FromDate=13&FromMonth=05&FromYear=2000&ToDate=13&ToMonth=11&ToYear=2020&Variable=Issuer,https://www.sedar.com/ModifyCompanyDocumentSearchForm.do?lang=EN&company_search=Aura Minerals Inc&document_selection=0&industry_group=A&FromDate=13&FromMonth=05&FromYear=2000&ToDate=13&ToMonth=11&ToYear=2020&Variable=Issuer,1620596175,17:36:15,20210509
36,2011-12-31,ORA.TO,USD,2011-12-31,2011-12-31,Q4,85750000.0,82044000.0,3706000.0,0.04321865889212828,0.0,0.0,0.0,0.0,8356000.0,90400000.0,1347000.0,19688000.0,15038000.0,0.17537026239067055,-4650000.0,-0.05422740524781341,-3580000.0,-9835000.0,-0.11469387755102041,286000.0,-10121000.0,-0.11802915451895044,-0.1549705284977343,-0.1549705284977343,65309192.0,65309192.0,https://www.sedar.com/ModifyCompanyDocumentSearchForm.do?lang=EN&company_search=Aura Minerals Inc&document_selection=0&industry_group=A&FromDate=13&FromMonth=05&FromYear=2000&ToDate=13&ToMonth=11&ToYear=2020&Variable=Issuer,https://www.sedar.com/ModifyCompanyDocumentSearchForm.do?lang=EN&company_search=Aura Minerals Inc&document_selection=0&industry_group=A&FromDate=13&FromMonth=05&FromYear=2000&ToDate=13&ToMonth=11&ToYear=2020&Variable=Issuer,1620596175,17:36:15,20210509
37,2011-09-30,ORA.TO,USD,2011-09-30,2011-09-30,Q3,80137000.0,68120000.0,12017000.0,0.14995570086227336,0.0,0.0,0.0,0.0,9708000.0,77828000.0,1148000.0,0.0,16938000.0,0.2113630407926426,2309000.0,0.02881315746783633,-37499000.0,-36319000.0,-0.453211375519423,945000.0,-37264000.0,-0.4650036811959519,-1.066667,-1.066667,34189368.0,34189368.0,https://www.sedar.com/ModifyCompanyDocumentSearchForm.do?lang=EN&company_search=Aura Minerals Inc&document_selection=0&industry_group=A&FromDate=13&FromMonth=05&FromYear=2000&ToDate=13&ToMonth=11&ToYear=2020&Variable=Issuer,https://www.sedar.com/ModifyCompanyDocumentSearchForm.do?lang=EN&company_search=Aura Minerals Inc&document_selection=0&industry_group=A&FromDate=13&FromMonth=05&FromYear=2000&ToDate=13&ToMonth=11&ToYear=2020&Variable=Issuer,1620596175,17:36:15,20210509
38,2011-06-30,ORA.TO,USD,2011-06-30,2011-06-30,Q2,68764000.0,62527000.0,6237000.0,0.09070152987028096,0.0,6732000.0,0.0,0.0,9795000.0,72322000.0,240000.0,0.0,10220000.0,0.14862428014658832,-3558000.0,-0.05174219068117038,488000.0,-3236000.0,-0.047059507882031296,-4482000.0,1246000.0,0.01811994648362515,0.036539640876913845,0.03622471908544388,34099952.0,34396402.0,https://www.sedar.com/ModifyCompanyDocumentSearchForm.do?lang=EN&company_search=Aura Minerals Inc&document_selection=0&industry_group=A&FromDate=13&FromMonth=05&FromYear=2000&ToDate=13&ToMonth=11&ToYear=2020&Variable=Issuer,https://www.sedar.com/ModifyCompanyDocumentSearchForm.do?lang=EN&company_search=Aura Minerals Inc&document_selection=0&industry_group=A&FromDate=13&FromMonth=05&FromYear=2000&ToDate=13&ToMonth=11&ToYear=2020&Variable=Issuer,1620596175,17:36:15,20210509
39,2011-03-31,ORA.TO,USD,2011-03-31,2011-03-31,Q1,53789000.0,51519000.0,2270000.0,0.042201937199055566,0.0,6703000.0,0.0,0.0,10862000.0,62381000.0,1289000.0,0.0,3500000.0,0.06506906616594471,-8592000.0,-0.1597352618565134,17838000.0,8122000.0,0.1509974158285151,3759000.0,4363000.0,0.08111323876629051,0.13788730792365955,0.13632363800328082,31641781.0,32004721.0,https://www.sedar.com/ModifyCompanyDocumentSearchForm.do?lang=EN&company_search=Aura Minerals Inc&document_selection=0&industry_group=A&FromDate=13&FromMonth=05&FromYear=2000&ToDate=13&ToMonth=11&ToYear=2020&Variable=Issuer,https://www.sedar.com/ModifyCompanyDocumentSearchForm.do?lang=EN&company_search=Aura Minerals Inc&document_selection=0&industry_group=A&FromDate=13&FromMonth=05&FromYear=2000&ToDate=13&ToMonth=11&ToYear=2020&Variable=Issuer,1620596175,17:36:15,20210509
40,2010-12-31,ORA.TO,USD,2010-12-31,2010-12-31,Q4,57735000.0,46720000.0,11015000.0,0.19078548540746515,0.0,6726000.0,0.0,4433000.0,13319000.0,60039000.0,633000.0,0.0,588000.0,0.01018446349701221,-2304000.0,-0.03990646921278254,-20524000.0,-25784000.0,-0.4465921884472157,41000.0,-25825000.0,-0.44730232960942234,-0.3954267264552898,-0.3954267264552898,65309192.0,65309192.0,https://www.sedar.com/ModifyCompanyDocumentSearchForm.do?lang=EN&company_search=Aura Minerals Inc&document_selection=0&industry_group=A&FromDate=13&FromMonth=05&FromYear=2000&ToDate=13&ToMonth=11&ToYear=2020&Variable=Issuer,https://www.sedar.com/ModifyCompanyDocumentSearchForm.do?lang=EN&company_search=Aura Minerals Inc&document_selection=0&industry_group=A&FromDate=13&FromMonth=05&FromYear=2000&ToDate=13&ToMonth=11&ToYear=2020&Variable=Issuer,1620596175,17:36:15,20210509
41,2010-09-30,ORA.TO,USD,2010-09-30,2010-09-30,Q3,47550000.0,53751000.0,-6201000.0,-0.13041009463722397,0.0,5291000.0,0.0,2070000.0,12772000.0,66523000.0,517000.0,0.0,-13875000.0,-0.2917981072555205,-18973000.0,-0.39901156677181915,2070000.0,-15218000.0,-0.32004206098843324,1407000.0,-16625000.0,-0.34963196635120924,-0.533333,-0.533333,31048232.0,31048232.0,https://www.sedar.com/ModifyCompanyDocumentSearchForm.do?lang=EN&company_search=Aura Minerals Inc&document_selection=0&industry_group=A&FromDate=13&FromMonth=05&FromYear=2000&ToDate=13&ToMonth=11&ToYear=2020&Variable=Issuer,https://www.sedar.com/ModifyCompanyDocumentSearchForm.do?lang=EN&company_search=Aura Minerals Inc&document_selection=0&industry_group=A&FromDate=13&FromMonth=05&FromYear=2000&ToDate=13&ToMonth=11&ToYear=2020&Variable=Issuer,1620596175,17:36:15,20210509
42,2010-06-30,ORA.TO,USD,2010-06-30,2010-06-30,Q2,38576000.0,28741000.0,9835000.0,0.25495126503525506,0.0,10353000.0,0.0,-3187000.0,17184000.0,45925000.0,527000.0,0.0,-4420000.0,-0.11457901285773538,-7349000.0,-0.19050705101617585,-3187000.0,-11063000.0,-0.28678452924097886,2265000.0,-13328000.0,-0.3454997926171713,-0.466667,-0.466667,30263443.0,30263443.0,https://www.sedar.com/ModifyCompanyDocumentSearchForm.do?lang=EN&company_search=Aura Minerals Inc&document_selection=0&industry_group=A&FromDate=13&FromMonth=05&FromYear=2000&ToDate=13&ToMonth=11&ToYear=2020&Variable=Issuer,https://www.sedar.com/ModifyCompanyDocumentSearchForm.do?lang=EN&company_search=Aura Minerals Inc&document_selection=0&industry_group=A&FromDate=13&FromMonth=05&FromYear=2000&ToDate=13&ToMonth=11&ToYear=2020&Variable=Issuer,1620596175,17:36:15,20210509
43,2010-03-31,ORA.TO,USD,2010-03-31,2010-03-31,Q1,19791000.0,11058000.0,8733000.0,0.4412611793239351,0.0,6058000.0,0.0,3481000.0,11361000.0,22419000.0,221000.0,0.0,2756000.0,0.13925521701783639,-2628000.0,-0.13278763074124603,3481000.0,736000.0,0.03718862109039462,2006000.0,-1270000.0,-0.06417058258804507,-0.066667,-0.066667,27669860.0,27669860.0,https://www.sedar.com/ModifyCompanyDocumentSearchForm.do?lang=EN&company_search=Aura Minerals Inc&document_selection=0&industry_group=A&FromDate=13&FromMonth=05&FromYear=2000&ToDate=13&ToMonth=11&ToYear=2020&Variable=Issuer,https://www.sedar.com/ModifyCompanyDocumentSearchForm.do?lang=EN&company_search=Aura Minerals Inc&document_selection=0&industry_group=A&FromDate=13&FromMonth=05&FromYear=2000&ToDate=13&ToMonth=11&ToYear=2020&Variable=Issuer,1620596175,17:36:15,20210509
44,2009-12-31,ORA.TO,USD,2009-12-31,2009-12-31,Q4,19434212.648517,14411670.970156,5022541.678361,0.25843813532339127,0.0,4488873.701937,0.0,-457847.132566,7865332.678454,22277003.648611,227316.961362,0.0,16710986.995977,0.8598746601268764,-2842791.000094,-0.1462776522778724,-16805219.477968,-3012374.029376,-0.15500365689401213,6331923.192067,-9344297.221443,-0.48081686613406743,-0.14307782618782053,-0.14307782618782053,65309192.0,65309192.0,https://www.sedar.com/ModifyCompanyDocumentSearchForm.do?lang=EN&company_search=Aura Minerals Inc&document_selection=0&industry_group=A&FromDate=13&FromMonth=05&FromYear=2000&ToDate=13&ToMonth=11&ToYear=2020&Variable=Issuer,https://www.sedar.com/ModifyCompanyDocumentSearchForm.do?lang=EN&company_search=Aura Minerals Inc&document_selection=0&industry_group=A&FromDate=13&FromMonth=05&FromYear=2000&ToDate=13&ToMonth=11&ToYear=2020&Variable=Issuer,1620596175,17:36:15,20210509
45,2009-09-30,ORA.TO,USD,2009-09-30,2009-09-30,Q3,7018430.161849,6923940.499579,94489.66227,0.013463076512982895,0.0,2824398.914772,0.0,-2946954.81336,6193282.814108,13117223.313687,91683.038638,0.0,-8626862.984222,-1.2291727331157571,-6098793.151838,-0.8689682751265388,-2946954.81336,-8982131.162878,-1.2797920554518512,-2714005.051923,-6268126.110955,-0.8930951746200275,-0.311847,-0.311847,21051331.0,21051331.0,https://www.sedar.com/ModifyCompanyDocumentSearchForm.do?lang=EN&company_search=Aura Minerals Inc&document_selection=0&industry_group=A&FromDate=13&FromMonth=05&FromYear=2000&ToDate=13&ToMonth=11&ToYear=2020&Variable=Issuer,https://www.sedar.com/ModifyCompanyDocumentSearchForm.do?lang=EN&company_search=Aura Minerals Inc&document_selection=0&industry_group=A&FromDate=13&FromMonth=05&FromYear=2000&ToDate=13&ToMonth=11&ToYear=2020&Variable=Issuer,1620596175,17:36:15,20210509
46,2009-06-30,ORA.TO,USD,2009-06-30,2009-06-30,Q2,0.0,0.0,0.0,0.0,0.0,2586674.70606,0.0,0.0,4722856.281494,4722856.281494,0.0,86997.717387,-4635858.564107,0.0,-4722856.281494,0.0,0.0,-4687540.376416,0.0,-194668.159697,-4492872.216719,0.0,-0.229697,-0.229697,17778797.0,17778797.0,https://www.sedar.com/ModifyCompanyDocumentSearchForm.do?lang=EN&company_search=Aura Minerals Inc&document_selection=0&industry_group=A&FromDate=13&FromMonth=05&FromYear=2000&ToDate=13&ToMonth=11&ToYear=2020&Variable=Issuer,https://www.sedar.com/ModifyCompanyDocumentSearchForm.do?lang=EN&company_search=Aura Minerals Inc&document_selection=0&industry_group=A&FromDate=13&FromMonth=05&FromYear=2000&ToDate=13&ToMonth=11&ToYear=2020&Variable=Issuer,1620596175,17:36:15,20210509
47,2009-03-31,ORA.TO,USD,2009-03-31,2009-03-31,Q1,32470.103746,624851.508672,-592381.404926,-18.243902438992844,0.0,1875346.479766,0.0,-10842638.789895,-6854359.705393,-6229508.196721,0.0,0.0,13347588.500832,411.0731707309772,6261978.300467,192.85365853622858,-17767482.379029,-11435020.194821,-352.17073170669136,-2254692.325968,-9180327.868852,-282.7317073165474,-0.527969,-0.527969,17717776.0,17717776.0,https://www.sedar.com/ModifyCompanyDocumentSearchForm.do?lang=EN&company_search=Aura Minerals Inc&document_selection=0&industry_group=A&FromDate=13&FromMonth=05&FromYear=2000&ToDate=13&ToMonth=11&ToYear=2020&Variable=Issuer,https://www.sedar.com/ModifyCompanyDocumentSearchForm.do?lang=EN&company_search=Aura Minerals Inc&document_selection=0&industry_group=A&FromDate=13&FromMonth=05&FromYear=2000&ToDate=13&ToMonth=11&ToYear=2020&Variable=Issuer,1620596175,17:36:15,20210509
48,2008-12-31,ORA.TO,USD,2008-12-31,2008-12-31,Q4,713098.357375,2502046.164598,-1788947.807223,-2.5086971365469557,0.0,0.0,0.0,0.0,26320200.764378,28822246.928976,0.0,743544.233939,-27365604.337662,-38.37563788310781,-28109148.571601,-39.4183330825135,-5262296.0458,-33371146.096742,-46.797395831320046,-3957048.955839,-29414097.140904,-41.24830303799997,-0.45038219338104807,-0.45038219338104807,65309192.0,65309192.0,https://www.sedar.com/ModifyCompanyDocumentSearchForm.do?lang=EN&company_search=Aura Minerals Inc&document_selection=0&industry_group=A&FromDate=13&FromMonth=05&FromYear=2000&ToDate=13&ToMonth=11&ToYear=2020&Variable=Issuer,https://www.sedar.com/ModifyCompanyDocumentSearchForm.do?lang=EN&company_search=Aura Minerals Inc&document_selection=0&industry_group=A&FromDate=13&FromMonth=05&FromYear=2000&ToDate=13&ToMonth=11&ToYear=2020&Variable=Issuer,1620596175,17:36:15,20210509
49,2008-09-30,ORA.TO,USD,2008-09-30,2008-09-30,Q3,1549733.610429,2382471.188362,-832737.577933,-0.5373424002222421,0.0,0.0,0.0,0.0,3687460.797279,6069931.985641,0.0,0.0,-4485685.811449,-2.8944883051270107,-4520198.375213,-2.916758302713529,-558809.748725,-4689162.100888,-3.0257858959321,-137275.647081,-4551886.453807,-2.937205738570088,-0.314881,-0.314881,17681312.0,17681312.0,https://www.sedar.com/ModifyCompanyDocumentSearchForm.do?lang=EN&company_search=Aura Minerals Inc&document_selection=0&industry_group=A&FromDate=13&FromMonth=05&FromYear=2000&ToDate=13&ToMonth=11&ToYear=2020&Variable=Issuer,https://www.sedar.com/ModifyCompanyDocumentSearchForm.do?lang=EN&company_search=Aura Minerals Inc&document_selection=0&industry_group=A&FromDate=13&FromMonth=05&FromYear=2000&ToDate=13&ToMonth=11&ToYear=2020&Variable=Issuer,1620596175,17:36:15,20210509
50,2008-06-30,ORA.TO,USD,2008-06-30,2008-06-30,Q2,449650.225978,585031.440362,-135381.214384,-0.30108116612093905,0.0,0.0,0.0,0.0,6044122.61741,6629154.057772,0.0,0.0,-6159567.695028,-13.698575779942717,-6179503.831794,-13.742912768148692,629067.596777,-5116438.396542,-11.378707495172774,-65983.49381,-5050454.902731,-11.231963448358423,0.327504,0.327504,12899329.0,12899329.0,https://www.sedar.com/ModifyCompanyDocumentSearchForm.do?lang=EN&company_search=Aura Minerals Inc&document_selection=0&industry_group=A&FromDate=13&FromMonth=05&FromYear=2000&ToDate=13&ToMonth=11&ToYear=2020&Variable=Issuer,https://www.sedar.com/ModifyCompanyDocumentSearchForm.do?lang=EN&company_search=Aura Minerals Inc&document_selection=0&industry_group=A&FromDate=13&FromMonth=05&FromYear=2000&ToDate=13&ToMonth=11&ToYear=2020&Variable=Issuer,1620596175,17:36:15,20210509
51,2008-03-31,ORA.TO,USD,2008-03-31,2008-03-31,Q1,0.0,0.0,0.0,0.0,0.0,0.0,0.0,0.0,7988973.088507,7988973.088507,0.0,12998.154085,-7975974.934422,0.0,-7988973.088507,0.0,14549.693967,-7067332.167492,0.0,0.0,-7067332.167492,0.0,0.323845,0.323845,15908734.0,15908734.0,https://www.sedar.com/ModifyCompanyDocumentSearchForm.do?lang=EN&company_search=Aura Minerals Inc&document_selection=0&industry_group=A&FromDate=13&FromMonth=05&FromYear=2000&ToDate=13&ToMonth=11&ToYear=2020&Variable=Issuer,https://www.sedar.com/ModifyCompanyDocumentSearchForm.do?lang=EN&company_search=Aura Minerals Inc&document_selection=0&industry_group=A&FromDate=13&FromMonth=05&FromYear=2000&ToDate=13&ToMonth=11&ToYear=2020&Variable=Issuer,1620596175,17:36:15,20210509
52,2007-12-31,ORA.TO,USD,2007-12-31,2007-12-31,Q4,0.0,0.0,0.0,0.0,0.0,0.0,0.0,0.0,-144404.306585,-144404.306585,0.0,-2004.968948,142399.33763700002,0.0,144404.306585,0.0,-33976576.513779,0.0,0.0,0.0,-21463813.760805,0.0,-0.32864920087826227,-0.32864920087826227,65309192.0,65309192.0,https://www.sedar.com/ModifyCompanyDocumentSearchForm.do?lang=EN&company_search=Aura Minerals Inc&document_selection=0&industry_group=A&FromDate=13&FromMonth=05&FromYear=2000&ToDate=13&ToMonth=11&ToYear=2020&Variable=Issuer,https://www.sedar.com/ModifyCompanyDocumentSearchForm.do?lang=EN&company_search=Aura Minerals Inc&document_selection=0&industry_group=A&FromDate=13&FromMonth=05&FromYear=2000&ToDate=13&ToMonth=11&ToYear=2020&Variable=Issuer,1620596175,17:36:15,20210509
53,2007-09-30,ORA.TO,USD,2007-09-30,2007-09-30,Q3,0.0,0.0,0.0,0.0,0.0,0.0,0.0,0.0,8574896.253022,8574896.253022,0.0,-6866.824887,-8581763.077909,0.0,-8574896.253022,0.0,-27598.710717,0.0,0.0,0.0,-7718831.587429,0.0,-0.671501,-0.671501,13104371.0,13104371.0,https://www.sedar.com/ModifyCompanyDocumentSearchForm.do?lang=EN&company_search=Aura Minerals Inc&document_selection=0&industry_group=A&FromDate=13&FromMonth=05&FromYear=2000&ToDate=13&ToMonth=11&ToYear=2020&Variable=Issuer,https://www.sedar.com/ModifyCompanyDocumentSearchForm.do?lang=EN&company_search=Aura Minerals Inc&document_selection=0&industry_group=A&FromDate=13&FromMonth=05&FromYear=2000&ToDate=13&ToMonth=11&ToYear=2020&Variable=Issuer,1620596175,17:36:15,20210509
54,2007-06-30,ORA.TO,USD,2007-06-30,2007-06-30,Q2,0.0,0.0,0.0,0.0,0.0,0.0,0.0,0.0,1949859.088774,1949859.088774,0.0,5962.096558,-1943896.992216,0.0,-1949859.088774,0.0,551.432597,0.0,0.0,0.0,-1873529.356505,0.0,-0.939408,-0.939408,1870313.0,1870313.0,https://www.sedar.com/ModifyCompanyDocumentSearchForm.do?lang=EN&company_search=Aura Minerals Inc&document_selection=0&industry_group=A&FromDate=13&FromMonth=05&FromYear=2000&ToDate=13&ToMonth=11&ToYear=2020&Variable=Issuer,https://www.sedar.com/ModifyCompanyDocumentSearchForm.do?lang=EN&company_search=Aura Minerals Inc&document_selection=0&industry_group=A&FromDate=13&FromMonth=05&FromYear=2000&ToDate=13&ToMonth=11&ToYear=2020&Variable=Issuer,1620596175,17:36:15,20210509
55,2007-03-31,ORA.TO,USD,2007-03-31,2007-03-31,Q1,0.0,0.0,0.0,0.0,0.0,0.0,0.0,0.0,641147.711512,641147.711512,0.0,6696.428571,-634451.282941,0.0,-641147.711512,0.0,-32773.058252,0.0,0.0,0.0,-628451.803051,0.0,-0.288951,-0.288951,1608084.0,1608084.0,https://www.sedar.com/ModifyCompanyDocumentSearchForm.do?lang=EN&company_search=Aura Minerals Inc&document_selection=0&industry_group=A&FromDate=13&FromMonth=05&FromYear=2000&ToDate=13&ToMonth=11&ToYear=2020&Variable=Issuer,https://www.sedar.com/ModifyCompanyDocumentSearchForm.do?lang=EN&company_search=Aura Minerals Inc&document_selection=0&industry_group=A&FromDate=13&FromMonth=05&FromYear=2000&ToDate=13&ToMonth=11&ToYear=2020&Variable=Issuer,1620596175,17:36:15,20210509
56,2006-12-31,ORA.TO,USD,2006-12-31,2006-12-31,Q4,0.0,0.0,0.0,0.0,0.0,0.0,0.0,0.0,477017.899746,477017.899746,0.0,6145.776361,-470872.123385,0.0,-477017.899746,0.0,-98368.864399,0.0,0.0,0.0,-527130.060787,0.0,-0.008071299684537516,-0.008071299684537516,65309192.0,65309192.0,https://www.sedar.com/ModifyCompanyDocumentSearchForm.do?lang=EN&company_search=Aura Minerals Inc&document_selection=0&industry_group=A&FromDate=13&FromMonth=05&FromYear=2000&ToDate=13&ToMonth=11&ToYear=2020&Variable=Issuer,https://www.sedar.com/ModifyCompanyDocumentSearchForm.do?lang=EN&company_search=Aura Minerals Inc&document_selection=0&industry_group=A&FromDate=13&FromMonth=05&FromYear=2000&ToDate=13&ToMonth=11&ToYear=2020&Variable=Issuer,1620596175,17:36:15,20210509
57,2006-09-30,ORA.TO,USD,2006-09-30,2006-09-30,Q3,0.0,0.0,0.0,0.0,0.0,0.0,0.0,0.0,2157768.224969,2157768.224969,0.0,6125.241147,-2151642.983822,0.0,-2157768.224969,0.0,2199.534301,0.0,0.0,0.0,-2126344.259359,0.0,-1.492626,-1.492626,1578921.0,1578921.0,https://www.sedar.com/ModifyCompanyDocumentSearchForm.do?lang=EN&company_search=Aura Minerals Inc&document_selection=0&industry_group=A&FromDate=13&FromMonth=05&FromYear=2000&ToDate=13&ToMonth=11&ToYear=2020&Variable=Issuer,https://www.sedar.com/ModifyCompanyDocumentSearchForm.do?lang=EN&company_search=Aura Minerals Inc&document_selection=0&industry_group=A&FromDate=13&FromMonth=05&FromYear=2000&ToDate=13&ToMonth=11&ToYear=2020&Variable=Issuer,1620596175,17:36:15,20210509
58,2006-06-30,ORA.TO,USD,2006-06-30,2006-06-30,Q2,0.0,0.0,0.0,0.0,0.0,0.0,0.0,0.0,312479.806139,312479.806139,0.0,0.0,-312248.249865,0.0,-312479.806139,0.0,-29075.569916,0.0,0.0,0.0,-297588.404236,0.0,-0.299168,-0.299168,1305855.0,1305855.0,https://www.sedar.com/ModifyCompanyDocumentSearchForm.do?lang=EN&company_search=Aura Minerals Inc&document_selection=0&industry_group=A&FromDate=13&FromMonth=05&FromYear=2000&ToDate=13&ToMonth=11&ToYear=2020&Variable=Issuer,https://www.sedar.com/ModifyCompanyDocumentSearchForm.do?lang=EN&company_search=Aura Minerals Inc&document_selection=0&industry_group=A&FromDate=13&FromMonth=05&FromYear=2000&ToDate=13&ToMonth=11&ToYear=2020&Variable=Issuer,1620596175,17:36:15,20210509
59,2006-03-31,ORA.TO,USD,2006-03-31,2006-03-31,Q1,0.0,0.0,0.0,0.0,0.0,0.0,0.0,0.0,268177.217361,268177.217361,0.0,0.0,-268177.217361,0.0,-268177.217361,0.0,14926.230914,0.0,0.0,0.0,-247128.152342,0.0,-0.285927,-0.285927,884554.0,884554.0,https://www.sedar.com/ModifyCompanyDocumentSearchForm.do?lang=EN&company_search=Aura Minerals Inc&document_selection=0&industry_group=A&FromDate=13&FromMonth=05&FromYear=2000&ToDate=13&ToMonth=11&ToYear=2020&Variable=Issuer,https://www.sedar.com/ModifyCompanyDocumentSearchForm.do?lang=EN&company_search=Aura Minerals Inc&document_selection=0&industry_group=A&FromDate=13&FromMonth=05&FromYear=2000&ToDate=13&ToMonth=11&ToYear=2020&Variable=Issuer,1620596175,17:36:15,20210509
60,2005-12-31,ORA.TO,USD,2005-12-31,2005-12-31,Q4,0.0,0.0,0.0,0.0,0.0,0.0,0.0,0.0,8361.954159,8361.954159,0.0,0.0,-8361.954159,0.0,-8361.954159,0.0,0.0,0.0,0.0,0.0,-8361.954159,0.0,-0.00012803640502856016,-0.00012803640502856016,65309192.0,65309192.0,https://www.sedar.com/ModifyCompanyDocumentSearchForm.do?lang=EN&company_search=Aura Minerals Inc&document_selection=0&industry_group=A&FromDate=13&FromMonth=05&FromYear=2000&ToDate=13&ToMonth=11&ToYear=2020&Variable=Issuer,https://www.sedar.com/ModifyCompanyDocumentSearchForm.do?lang=EN&company_search=Aura Minerals Inc&document_selection=0&industry_group=A&FromDate=13&FromMonth=05&FromYear=2000&ToDate=13&ToMonth=11&ToYear=2020&Variable=Issuer,1620596175,17:36:15,20210509
61,2005-09-30,ORA.TO,USD,2005-09-30,2005-09-30,Q3,0.0,0.0,0.0,0.0,0.0,0.0,0.0,0.0,12713.198297,12713.198297,0.0,0.0,-12713.198297,0.0,-12713.198297,0.0,0.0,0.0,0.0,0.0,-12713.198297,0.0,-0.286701,-0.286701,35421.0,35421.0,https://www.sedar.com/ModifyCompanyDocumentSearchForm.do?lang=EN&company_search=Aura Minerals Inc&document_selection=0&industry_group=A&FromDate=13&FromMonth=05&FromYear=2000&ToDate=13&ToMonth=11&ToYear=2020&Variable=Issuer,https://www.sedar.com/ModifyCompanyDocumentSearchForm.do?lang=EN&company_search=Aura Minerals Inc&document_selection=0&industry_group=A&FromDate=13&FromMonth=05&FromYear=2000&ToDate=13&ToMonth=11&ToYear=2020&Variable=Issuer,1620596175,17:36:15,20210509
62,2005-06-30,ORA.TO,USD,2005-06-30,2005-06-30,Q2,0.0,0.0,0.0,0.0,0.0,0.0,0.0,0.0,2259.518057,2259.518057,0.0,0.0,-2259.518057,0.0,-2259.518057,0.0,0.0,0.0,0.0,0.0,-2259.518057,0.0,-0.122354,-0.122354,18467.0,18467.0,https://www.sedar.com/ModifyCompanyDocumentSearchForm.do?lang=EN&company_search=Aura Minerals Inc&document_selection=0&industry_group=A&FromDate=13&FromMonth=05&FromYear=2000&ToDate=13&ToMonth=11&ToYear=2020&Variable=Issuer,https://www.sedar.com/ModifyCompanyDocumentSearchForm.do?lang=EN&company_search=Aura Minerals Inc&document_selection=0&industry_group=A&FromDate=13&FromMonth=05&FromYear=2000&ToDate=13&ToMonth=11&ToYear=2020&Variable=Issuer,1620596175,17:36:15,20210509
63,2005-03-31,ORA.TO,USD,2005-03-31,2005-03-31,Q1,0.0,0.0,0.0,0.0,0.0,0.0,0.0,0.0,2080.681161,2080.681161,0.0,0.0,-2080.681161,0.0,-2080.681161,0.0,0.0,0.0,0.0,0.0,-2080.681161,0.0,-0.072614,-0.072614,28654.0,28654.0,https://www.sedar.com/ModifyCompanyDocumentSearchForm.do?lang=EN&company_search=Aura Minerals Inc&document_selection=0&industry_group=A&FromDate=13&FromMonth=05&FromYear=2000&ToDate=13&ToMonth=11&ToYear=2020&Variable=Issuer,https://www.sedar.com/ModifyCompanyDocumentSearchForm.do?lang=EN&company_search=Aura Minerals Inc&document_selection=0&industry_group=A&FromDate=13&FromMonth=05&FromYear=2000&ToDate=13&ToMonth=11&ToYear=2020&Variable=Issuer,1620596175,17:36:15,20210509
64,2004-12-31,ORA.TO,USD,2004-12-31,2004-12-31,Q4,0.0,0.0,0.0,0.0,0.0,0.0,0.0,0.0,1929.252241,1929.252241,0.0,0.0,-1929.252241,0.0,-1929.252241,0.0,0.0,0.0,0.0,0.0,-1929.252241,0.0,-2.954028647299755e-05,-2.954028647299755e-05,65309192.0,65309192.0,https://www.sedar.com/ModifyCompanyDocumentSearchForm.do?lang=EN&company_search=Aura Minerals Inc&document_selection=0&industry_group=A&FromDate=13&FromMonth=05&FromYear=2000&ToDate=13&ToMonth=11&ToYear=2020&Variable=Issuer,https://www.sedar.com/ModifyCompanyDocumentSearchForm.do?lang=EN&company_search=Aura Minerals Inc&document_selection=0&industry_group=A&FromDate=13&FromMonth=05&FromYear=2000&ToDate=13&ToMonth=11&ToYear=2020&Variable=Issuer,1620596175,17:36:15,20210509
65,2004-09-30,ORA.TO,USD,2004-09-30,2004-09-30,Q3,0.0,0.0,0.0,0.0,0.0,0.0,0.0,0.0,396.450971,396.450971,0.0,0.0,-396.450971,0.0,-396.450971,0.0,0.0,0.0,0.0,0.0,-396.450971,0.0,-0.264301,-0.264301,28654.0,28654.0,https://www.sedar.com/ModifyCompanyDocumentSearchForm.do?lang=EN&company_search=Aura Minerals Inc&document_selection=0&industry_group=A&FromDate=13&FromMonth=05&FromYear=2000&ToDate=13&ToMonth=11&ToYear=2020&Variable=Issuer,https://www.sedar.com/ModifyCompanyDocumentSearchForm.do?lang=EN&company_search=Aura Minerals Inc&document_selection=0&industry_group=A&FromDate=13&FromMonth=05&FromYear=2000&ToDate=13&ToMonth=11&ToYear=2020&Variable=Issuer,1620596175,17:36:15,20210509
66,2004-06-30,ORA.TO,USD,2004-06-30,2004-06-30,Q2,0.0,0.0,0.0,0.0,0.0,0.0,0.0,0.0,375.048756,375.048756,0.0,0.0,-375.048756,0.0,-375.048756,0.0,0.0,0.0,0.0,0.0,-375.048756,0.0,-0.250033,-0.250033,28654.0,28654.0,https://www.sedar.com/ModifyCompanyDocumentSearchForm.do?lang=EN&company_search=Aura Minerals Inc&document_selection=0&industry_group=A&FromDate=13&FromMonth=05&FromYear=2000&ToDate=13&ToMonth=11&ToYear=2020&Variable=Issuer,https://www.sedar.com/ModifyCompanyDocumentSearchForm.do?lang=EN&company_search=Aura Minerals Inc&document_selection=0&industry_group=A&FromDate=13&FromMonth=05&FromYear=2000&ToDate=13&ToMonth=11&ToYear=2020&Variable=Issuer,1620596175,17:36:15,20210509
67,2004-03-31,ORA.TO,USD,2004-03-31,2004-03-31,Q1,0.0,0.0,0.0,0.0,0.0,0.0,0.0,0.0,381.324263,381.324263,0.0,0.0,-381.324263,0.0,-381.324263,0.0,0.0,0.0,0.0,0.0,-381.324263,0.0,-0.254216,-0.254216,28654.0,28654.0,https://www.sedar.com/ModifyCompanyDocumentSearchForm.do?lang=EN&company_search=Aura Minerals Inc&document_selection=0&industry_group=A&FromDate=13&FromMonth=05&FromYear=2000&ToDate=13&ToMonth=11&ToYear=2020&Variable=Issuer,https://www.sedar.com/ModifyCompanyDocumentSearchForm.do?lang=EN&company_search=Aura Minerals Inc&document_selection=0&industry_group=A&FromDate=13&FromMonth=05&FromYear=2000&ToDate=13&ToMonth=11&ToYear=2020&Variable=Issuer,1620596175,17:36:15,20210509
68,2003-12-31,ORA.TO,USD,2003-12-31,2003-12-31,Q4,0.0,0.0,0.0,0.0,0.0,0.0,0.0,0.0,1474.657305,1474.657305,0.0,0.0,-1474.657305,0.0,-1474.657305,0.0,0.0,0.0,0.0,0.0,-1474.657305,0.0,-2.257962868381529e-05,-2.257962868381529e-05,65309192.0,65309192.0,https://www.sedar.com/ModifyCompanyDocumentSearchForm.do?lang=EN&company_search=Aura Minerals Inc&document_selection=0&industry_group=A&FromDate=13&FromMonth=05&FromYear=2000&ToDate=13&ToMonth=11&ToYear=2020&Variable=Issuer,https://www.sedar.com/ModifyCompanyDocumentSearchForm.do?lang=EN&company_search=Aura Minerals Inc&document_selection=0&industry_group=A&FromDate=13&FromMonth=05&FromYear=2000&ToDate=13&ToMonth=11&ToYear=2020&Variable=Issuer,1620596175,17:36:15,20210509
69,2003-09-30,ORA.TO,USD,2003-09-30,2003-09-30,Q3,0.0,0.0,0.0,0.0,0.0,0.0,0.0,0.0,73.38529,73.38529,0.0,0.0,-73.38529,0.0,-73.38529,0.0,0.0,0.0,0.0,0.0,-73.38529,0.0,-1.1236594383222503e-06,-1.1236594383222503e-06,65309192.0,65309192.0,https://www.sedar.com/ModifyCompanyDocumentSearchForm.do?lang=EN&company_search=Aura Minerals Inc&document_selection=0&industry_group=A&FromDate=13&FromMonth=05&FromYear=2000&ToDate=13&ToMonth=11&ToYear=2020&Variable=Issuer,https://www.sedar.com/ModifyCompanyDocumentSearchForm.do?lang=EN&company_search=Aura Minerals Inc&document_selection=0&industry_group=A&FromDate=13&FromMonth=05&FromYear=2000&ToDate=13&ToMonth=11&ToYear=2020&Variable=Issuer,1620596175,17:36:15,20210509
70,2003-06-30,ORA.TO,USD,2003-06-30,2003-06-30,Q2,0.0,0.0,0.0,0.0,0.0,0.0,0.0,0.0,74.240152,74.240152,0.0,0.0,-74.240152,0.0,-74.240152,0.0,0.0,0.0,0.0,0.0,-74.240152,0.0,-0.247467,-0.247467,28654.0,28654.0,https://www.sedar.com/ModifyCompanyDocumentSearchForm.do?lang=EN&company_search=Aura Minerals Inc&document_selection=0&industry_group=A&FromDate=13&FromMonth=05&FromYear=2000&ToDate=13&ToMonth=11&ToYear=2020&Variable=Issuer,https://www.sedar.com/ModifyCompanyDocumentSearchForm.do?lang=EN&company_search=Aura Minerals Inc&document_selection=0&industry_group=A&FromDate=13&FromMonth=05&FromYear=2000&ToDate=13&ToMonth=11&ToYear=2020&Variable=Issuer,1620596175,17:36:15,20210509
71,2003-03-31,ORA.TO,USD,2003-03-31,2003-03-31,Q1,0.0,0.0,0.0,0.0,0.0,0.0,0.0,0.0,68.130101,68.130101,0.0,0.0,-68.130101,0.0,-68.130101,0.0,0.0,0.0,0.0,0.0,-68.130101,0.0,-0.2271,-0.2271,28654.0,28654.0,https://www.sedar.com/ModifyCompanyDocumentSearchForm.do?lang=EN&company_search=Aura Minerals Inc&document_selection=0&industry_group=A&FromDate=13&FromMonth=05&FromYear=2000&ToDate=13&ToMonth=11&ToYear=2020&Variable=Issuer,https://www.sedar.com/ModifyCompanyDocumentSearchForm.do?lang=EN&company_search=Aura Minerals Inc&document_selection=0&industry_group=A&FromDate=13&FromMonth=05&FromYear=2000&ToDate=13&ToMonth=11&ToYear=2020&Variable=Issuer,1620596175,17:36:15,20210509
72,2002-12-31,ORA.TO,USD,2002-12-31,2002-12-31,Q4,0.0,0.0,0.0,0.0,0.0,0.0,0.0,0.0,446.168951,446.168951,0.0,0.0,-446.168951,0.0,-446.168951,0.0,0.0,0.0,0.0,0.0,-446.168951,0.0,-6.831640957983372e-06,-6.831640957983372e-06,65309192.0,65309192.0,https://www.sedar.com/ModifyCompanyDocumentSearchForm.do?lang=EN&company_search=Aura Minerals Inc&document_selection=0&industry_group=A&FromDate=13&FromMonth=05&FromYear=2000&ToDate=13&ToMonth=11&ToYear=2020&Variable=Issuer,https://www.sedar.com/ModifyCompanyDocumentSearchForm.do?lang=EN&company_search=Aura Minerals Inc&document_selection=0&industry_group=A&FromDate=13&FromMonth=05&FromYear=2000&ToDate=13&ToMonth=11&ToYear=2020&Variable=Issuer,1620596175,17:36:15,20210509
73,2002-09-30,ORA.TO,USD,2002-09-30,2002-09-30,Q3,0.0,0.0,0.0,0.0,0.0,0.0,0.0,0.0,63.009987,63.009987,0.0,0.0,-63.009987,0.0,-63.009987,0.0,0.0,0.0,0.0,0.0,-63.009987,0.0,-0.210033,-0.210033,28654.0,28654.0,https://www.sedar.com/ModifyCompanyDocumentSearchForm.do?lang=EN&company_search=Aura Minerals Inc&document_selection=0&industry_group=A&FromDate=13&FromMonth=05&FromYear=2000&ToDate=13&ToMonth=11&ToYear=2020&Variable=Issuer,https://www.sedar.com/ModifyCompanyDocumentSearchForm.do?lang=EN&company_search=Aura Minerals Inc&document_selection=0&industry_group=A&FromDate=13&FromMonth=05&FromYear=2000&ToDate=13&ToMonth=11&ToYear=2020&Variable=Issuer,1620596175,17:36:15,20210509
74,2002-06-30,ORA.TO,USD,2002-06-30,2002-06-30,Q2,0.0,0.0,0.0,0.0,0.0,0.0,0.0,0.0,65.941312,65.941312,0.0,0.0,-65.941312,0.0,-65.941312,0.0,0.0,0.0,0.0,0.0,-65.941312,0.0,-0.219804,-0.219804,28654.0,28654.0,https://www.sedar.com/ModifyCompanyDocumentSearchForm.do?lang=EN&company_search=Aura Minerals Inc&document_selection=0&industry_group=A&FromDate=13&FromMonth=05&FromYear=2000&ToDate=13&ToMonth=11&ToYear=2020&Variable=Issuer,https://www.sedar.com/ModifyCompanyDocumentSearchForm.do?lang=EN&company_search=Aura Minerals Inc&document_selection=0&industry_group=A&FromDate=13&FromMonth=05&FromYear=2000&ToDate=13&ToMonth=11&ToYear=2020&Variable=Issuer,1620596175,17:36:15,20210509
75,2002-03-31,ORA.TO,USD,2002-03-31,2002-03-31,Q1,0.0,0.0,0.0,0.0,0.0,0.0,0.0,0.0,62.699856,62.699856,0.0,0.0,-62.699856,0.0,-62.699856,0.0,0.0,0.0,0.0,0.0,-62.699856,0.0,-0.209,-0.209,28654.0,28654.0,https://www.sedar.com/ModifyCompanyDocumentSearchForm.do?lang=EN&company_search=Aura Minerals Inc&document_selection=0&industry_group=A&FromDate=13&FromMonth=05&FromYear=2000&ToDate=13&ToMonth=11&ToYear=2020&Variable=Issuer,https://www.sedar.com/ModifyCompanyDocumentSearchForm.do?lang=EN&company_search=Aura Minerals Inc&document_selection=0&industry_group=A&FromDate=13&FromMonth=05&FromYear=2000&ToDate=13&ToMonth=11&ToYear=2020&Variable=Issuer,1620596175,17:36:15,20210509
76,2001-12-31,ORA.TO,USD,2001-12-31,2001-12-31,Q4,0.0,0.0,0.0,0.0,0.0,0.0,0.0,0.0,437.913972,437.913972,0.0,0.0,-437.913972,0.0,-437.913972,0.0,0.0,0.0,0.0,0.0,-437.913972,0.0,-6.705242533087839e-06,-6.705242533087839e-06,65309192.0,65309192.0,https://www.sedar.com/ModifyCompanyDocumentSearchForm.do?lang=EN&company_search=Aura Minerals Inc&document_selection=0&industry_group=A&FromDate=13&FromMonth=05&FromYear=2000&ToDate=13&ToMonth=11&ToYear=2020&Variable=Issuer,https://www.sedar.com/ModifyCompanyDocumentSearchForm.do?lang=EN&company_search=Aura Minerals Inc&document_selection=0&industry_group=A&FromDate=13&FromMonth=05&FromYear=2000&ToDate=13&ToMonth=11&ToYear=2020&Variable=Issuer,1620596175,17:36:15,20210509
77,2001-09-30,ORA.TO,USD,2001-09-30,2001-09-30,Q3,0.0,0.0,0.0,0.0,0.0,0.0,0.0,0.0,63.411541,63.411541,0.0,0.0,-63.411541,0.0,-63.411541,0.0,0.0,0.0,0.0,0.0,-63.411541,0.0,-0.211372,-0.211372,28654.0,28654.0,https://www.sedar.com/ModifyCompanyDocumentSearchForm.do?lang=EN&company_search=Aura Minerals Inc&document_selection=0&industry_group=A&FromDate=13&FromMonth=05&FromYear=2000&ToDate=13&ToMonth=11&ToYear=2020&Variable=Issuer,https://www.sedar.com/ModifyCompanyDocumentSearchForm.do?lang=EN&company_search=Aura Minerals Inc&document_selection=0&industry_group=A&FromDate=13&FromMonth=05&FromYear=2000&ToDate=13&ToMonth=11&ToYear=2020&Variable=Issuer,1620596175,17:36:15,20210509
78,2001-06-30,ORA.TO,USD,2001-06-30,2001-06-30,Q2,0.0,0.0,0.0,0.0,0.0,0.0,0.0,0.0,66.072019,66.072019,0.0,0.0,-66.072019,0.0,-66.072019,0.0,0.0,0.0,0.0,0.0,-66.072019,0.0,-0.22024,-0.22024,28654.0,28654.0,https://www.sedar.com/ModifyCompanyDocumentSearchForm.do?lang=EN&company_search=Aura Minerals Inc&document_selection=0&industry_group=A&FromDate=13&FromMonth=05&FromYear=2000&ToDate=13&ToMonth=11&ToYear=2020&Variable=Issuer,https://www.sedar.com/ModifyCompanyDocumentSearchForm.do?lang=EN&company_search=Aura Minerals Inc&document_selection=0&industry_group=A&FromDate=13&FromMonth=05&FromYear=2000&ToDate=13&ToMonth=11&ToYear=2020&Variable=Issuer,1620596175,17:36:15,20210509
79,2001-03-31,ORA.TO,USD,2001-03-31,2001-03-31,Q1,0.0,0.0,0.0,0.0,0.0,0.0,0.0,0.0,63.451777,63.451777,0.0,0.0,-63.451777,0.0,-63.451777,0.0,0.0,0.0,0.0,0.0,-63.451777,0.0,-0.211506,-0.211506,28654.0,28654.0,https://www.sedar.com/ModifyCompanyDocumentSearchForm.do?lang=EN&company_search=Aura Minerals Inc&document_selection=0&industry_group=A&FromDate=13&FromMonth=05&FromYear=2000&ToDate=13&ToMonth=11&ToYear=2020&Variable=Issuer,https://www.sedar.com/ModifyCompanyDocumentSearchForm.do?lang=EN&company_search=Aura Minerals Inc&document_selection=0&industry_group=A&FromDate=13&FromMonth=05&FromYear=2000&ToDate=13&ToMonth=11&ToYear=2020&Variable=Issuer,1620596175,17:36:15,20210509
80,2000-12-31,ORA.TO,USD,2000-12-31,2000-12-31,Q4,0.0,0.0,0.0,0.0,0.0,0.0,0.0,0.0,467.208452,467.208452,0.0,0.0,-467.208452,0.0,-467.208452,0.0,0.0,0.0,0.0,0.0,-467.208452,0.0,-7.1537931750862884e-06,-7.1537931750862884e-06,65309192.0,65309192.0,https://www.sedar.com/ModifyCompanyDocumentSearchForm.do?lang=EN&company_search=Aura Minerals Inc&document_selection=0&industry_group=A&FromDate=13&FromMonth=05&FromYear=2000&ToDate=13&ToMonth=11&ToYear=2020&Variable=Issuer,https://www.sedar.com/ModifyCompanyDocumentSearchForm.do?lang=EN&company_search=Aura Minerals Inc&document_selection=0&industry_group=A&FromDate=13&FromMonth=05&FromYear=2000&ToDate=13&ToMonth=11&ToYear=2020&Variable=Issuer,1620596175,17:36:15,20210509
81,2000-09-30,ORA.TO,USD,2000-09-30,2000-09-30,Q3,0.0,0.0,0.0,0.0,0.0,0.0,0.0,0.0,66.56017,66.56017,0.0,0.0,-66.56017,0.0,-66.56017,0.0,0.0,0.0,0.0,0.0,-66.56017,0.0,-0.221867,-0.221867,28654.0,28654.0,https://www.sedar.com/ModifyCompanyDocumentSearchForm.do?lang=EN&company_search=Aura Minerals Inc&document_selection=0&industry_group=A&FromDate=13&FromMonth=05&FromYear=2000&ToDate=13&ToMonth=11&ToYear=2020&Variable=Issuer,https://www.sedar.com/ModifyCompanyDocumentSearchForm.do?lang=EN&company_search=Aura Minerals Inc&document_selection=0&industry_group=A&FromDate=13&FromMonth=05&FromYear=2000&ToDate=13&ToMonth=11&ToYear=2020&Variable=Issuer,1620596175,17:36:15,20210509
82,2000-06-30,ORA.TO,USD,2000-06-30,2000-06-30,Q2,0.0,0.0,0.0,0.0,0.0,0.0,0.0,0.0,67.515107,67.515107,0.0,0.0,-67.515107,0.0,-67.515107,0.0,0.0,0.0,0.0,0.0,-67.515107,0.0,-0.22505,-0.22505,28654.0,28654.0,https://www.sedar.com/ModifyCompanyDocumentSearchForm.do?lang=EN&company_search=Aura Minerals Inc&document_selection=0&industry_group=A&FromDate=13&FromMonth=05&FromYear=2000&ToDate=13&ToMonth=11&ToYear=2020&Variable=Issuer,https://www.sedar.com/ModifyCompanyDocumentSearchForm.do?lang=EN&company_search=Aura Minerals Inc&document_selection=0&industry_group=A&FromDate=13&FromMonth=05&FromYear=2000&ToDate=13&ToMonth=11&ToYear=2020&Variable=Issuer,1620596175,17:36:15,20210509
83,2000-03-31,ORA.TO,USD,2000-03-31,2000-03-31,Q1,0.0,0.0,0.0,0.0,0.0,0.0,0.0,0.0,68.84492,68.84492,0.0,0.0,-68.84492,0.0,-68.84492,0.0,0.0,0.0,0.0,0.0,-68.84492,0.0,-0.229483,-0.229483,28654.0,28654.0,https://www.sedar.com/ModifyCompanyDocumentSearchForm.do?lang=EN&company_search=Aura Minerals Inc&document_selection=0&industry_group=A&FromDate=13&FromMonth=05&FromYear=2000&ToDate=13&ToMonth=11&ToYear=2020&Variable=Issuer,https://www.sedar.com/ModifyCompanyDocumentSearchForm.do?lang=EN&company_search=Aura Minerals Inc&document_selection=0&industry_group=A&FromDate=13&FromMonth=05&FromYear=2000&ToDate=13&ToMonth=11&ToYear=2020&Variable=Issuer,1620596175,17:36:15,20210509
