,date,symbol,reportedCurrency,fillingDate,acceptedDate,period,revenue,costOfRevenue,grossProfit,grossProfitRatio,researchAndDevelopmentExpenses,generalAndAdministrativeExpenses,sellingAndMarketingExpenses,otherExpenses,operatingExpenses,costAndExpenses,interestExpense,depreciationAndAmortization,ebitda,ebitdaratio,operatingIncome,operatingIncomeRatio,totalOtherIncomeExpensesNet,incomeBeforeTax,incomeBeforeTaxRatio,incomeTaxExpense,netIncome,netIncomeRatio,eps,epsdiluted,weightedAverageShsOut,weightedAverageShsOutDil,link,finalLink,timestamp,est_time,est_date
0,2019-12-31,SPRXE,USD,2020-04-20,2020-04-20 14:43:36,Q4,16000.0,4000.0,12000.0,0.75,9000.0,176000.0,-4000.0,1248000.0,177000.0,181000.0,402000.0,70000.0,1153000.0,72.0625,1083000.0,67.6875,3000.0,1083000.0,67.6875,0.0,1083000.0,67.6875,327.98304,327.98304,3302.0,3302.0,https://www.sec.gov/Archives/edgar/data/924515/000165495420004236/0001654954-20-004236-index.htm,https://www.sec.gov/Archives/edgar/data/924515/000165495420004236/gthp_10k.htm,1620598232,18:10:32,20210509
1,2019-09-30,SPRXE,USD,2020-03-09,2020-03-09 16:05:47,Q3,1000.0,0.0,1000.0,1.0,23000.0,136000.0,15000.0,62000.0,189000.0,189000.0,376000.0,27000.0,-99000.0,-99.0,-126000.0,-126.0,26000.0,-126000.0,-126.0,0.0,-126000.0,-126.0,-38.22816,-38.22816,3296.0,3296.0,https://www.sec.gov/Archives/edgar/data/924515/000112178120000018/0001121781-20-000018-index.htm,https://www.sec.gov/Archives/edgar/data/924515/000112178120000018/gthp10q93019.htm,1620598232,18:10:32,20210509
2,2019-06-30,SPRXE,USD,2020-02-11,2020-02-11 10:18:26,Q2,1000.0,65000.0,-64000.0,-64.0,43000.0,158000.0,31000.0,-2294000.0,263000.0,328000.0,263000.0,65000.0,-2598000.0,-2598.0,-2663000.0,-2663.0,15000.0,-2663000.0,-2663.0,0.0,-2663000.0,-2663.0,-802.35011,-802.35011,3319.0,3319.0,https://www.sec.gov/Archives/edgar/data/924515/000112178120000011/0001121781-20-000011-index.htm,https://www.sec.gov/Archives/edgar/data/924515/000112178120000011/gthp10q63019.htm,1620598232,18:10:32,20210509
3,2019-03-31,SPRXE,USD,2019-07-11,2019-07-11 16:44:15,Q1,18000.0,1000.0,17000.0,0.9444444444444444,47000.0,137000.0,45000.0,0.0,274000.0,275000.0,371000.0,56000.0,-159000.0,-8.833333333333334,-215000.0,-11.944444444444445,4000.0,-215000.0,-11.944444444444445,0.0,-215000.0,-11.944444444444445,-66.19458,-66.19458,3248.0,3248.0,https://www.sec.gov/Archives/edgar/data/924515/000112178119000058/0001121781-19-000058-index.htm,https://www.sec.gov/Archives/edgar/data/924515/000112178119000058/gthp10q33119.htm,1620598232,18:10:32,20210509
4,2018-12-31,SPRXE,USD,2019-05-08,2019-05-08 17:23:45,Q4,42000.0,86000.0,-44000.0,-1.0476190476190477,69000.0,258000.0,39000.0,-2293000.0,405000.0,491000.0,968000.0,46000.0,-2696000.0,-64.19047619047619,-2742000.0,-65.28571428571429,13000.0,-2742000.0,-65.28571428571429,0.0,-2742000.0,-65.28571428571429,-5935.064935064935,-0.04203780642985267,462.0,65227000.0,https://www.sec.gov/Archives/edgar/data/924515/000165495419005469/0001654954-19-005469-index.htm,https://www.sec.gov/Archives/edgar/data/924515/000165495419005469/gthp_10k.htm,1620598232,18:10:32,20210509
5,2018-09-30,SPRXE,USD,2018-11-14,2018-11-14 11:46:40,Q3,2000.0,0.0,2000.0,1.0,43000.0,115000.0,39000.0,-509000.0,236000.0,236000.0,239000.0,58000.0,-685000.0,-342.5,-743000.0,-371.5,5000.0,-743000.0,-371.5,0.0,-743000.0,-371.5,-3.692274053202538,-0.06761525192596539,201231.0,10988645.0,https://www.sec.gov/Archives/edgar/data/924515/000112178118000063/0001121781-18-000063-index.htm,https://www.sec.gov/Archives/edgar/data/924515/000112178118000063/gthp10q93018.htm,1620598232,18:10:32,20210509
6,2018-06-30,SPRXE,USD,2018-08-14,2018-08-14 11:25:22,Q2,9000.0,0.0,9000.0,1.0,63000.0,325000.0,55000.0,5366000.0,498000.0,498000.0,312000.0,55000.0,4932000.0,548.0,4877000.0,541.8888888888889,22000.0,3419000.0,379.8888888888889,0.0,3419000.0,379.8888888888889,23.88620692064246,1.4249146259838745,143137.0,2399442.0,https://www.sec.gov/Archives/edgar/data/924515/000165495418009034/0001654954-18-009034-index.htm,https://www.sec.gov/Archives/edgar/data/924515/000165495418009034/gthp_10q.htm,1620598232,18:10:32,20210509
7,2018-03-31,SPRXE,USD,2018-05-21,2018-05-21 11:39:06,Q1,4000.0,3000.0,1000.0,0.25,69000.0,184000.0,62000.0,0.0,377000.0,380000.0,244000.0,58000.0,-318000.0,-79.5,-376000.0,-94.0,14000.0,1082000.0,270.5,0.0,1082000.0,270.5,0.012215360646669,0.5425481611779212,88577000.0,1994293.0,https://www.sec.gov/Archives/edgar/data/924515/000112178118000024/0001121781-18-000024-index.htm,https://www.sec.gov/Archives/edgar/data/924515/000112178118000024/gthp10q33118.htm,1620598232,18:10:32,20210509
8,2017-12-31,SPRXE,USD,2018-04-17,2018-04-17 14:27:59,Q4,107000.0,335000.0,-228000.0,-2.130841121495327,83000.0,304000.0,58000.0,-6420000.0,503000.0,838000.0,292000.0,-60000.0,-7211000.0,-67.39252336448598,-7151000.0,-66.83177570093459,0.0,-7151000.0,-66.83177570093459,0.0,-7151000.0,-66.83177570093459,-843.3777568109447,-3.5857318859365197,8479.0,1994293.0,https://www.sec.gov/Archives/edgar/data/924515/000165495418004021/0001654954-18-004021-index.htm,https://www.sec.gov/Archives/edgar/data/924515/000165495418004021/gthp_10k.htm,1620598232,18:10:32,20210509
9,2017-09-30,SPRXE,USD,2017-11-20,2017-11-20 17:27:21,Q3,137000.0,97000.0,40000.0,0.291970802919708,68000.0,1130000.0,38000.0,-1027000.0,1274000.0,1371000.0,268000.0,85000.0,-2280000.0,-16.642335766423358,-2365000.0,-17.26277372262774,3000.0,-2365000.0,-17.26277372262774,0.0,-2365000.0,-17.26277372262774,-898.55623,-898.55623,2632.0,2632.0,https://www.sec.gov/Archives/edgar/data/924515/000112178117000077/0001121781-17-000077-index.htm,https://www.sec.gov/Archives/edgar/data/924515/000112178117000077/gthp10q93017.htm,1620598232,18:10:32,20210509
10,2017-06-30,SPRXE,USD,2017-08-18,2017-08-18 11:46:10,Q2,83000.0,82000.0,1000.0,0.012048192771084338,92000.0,313000.0,67000.0,-128000.0,539000.0,621000.0,323000.0,151000.0,-922000.0,-11.108433734939759,-1073000.0,-12.927710843373495,13000.0,-1180000.0,-14.216867469879517,0.0,-1180000.0,-14.216867469879517,-822.87308,-822.87308,1434.0,1434.0,https://www.sec.gov/Archives/edgar/data/924515/000165495417007742/0001654954-17-007742-index.htm,https://www.sec.gov/Archives/edgar/data/924515/000165495417007742/gthp_10q.htm,1620598232,18:10:32,20210509
11,2017-03-31,SPRXE,USD,2017-05-22,2017-05-19 17:35:56,Q1,21000.0,16000.0,5000.0,0.23809523809523808,91000.0,264000.0,82000.0,0.0,519000.0,535000.0,223000.0,37000.0,-70000.0,-3.3333333333333335,-107000.0,-5.095238095238095,2000.0,-107000.0,-5.095238095238095,0.0,-107000.0,-5.095238095238095,-74.61645746164575,-113.10782241014799,1434.0,946.0,https://www.sec.gov/Archives/edgar/data/924515/000112178117000030/0001121781-17-000030-index.htm,https://www.sec.gov/Archives/edgar/data/924515/000112178117000030/gthp10q33117.htm,1620598232,18:10:32,20210509
12,2016-12-31,SPRXE,USD,2017-03-22,2017-03-22 13:58:46,Q4,119000.0,308000.0,-189000.0,-1.588235294117647,208000.0,521000.0,98000.0,-896000.0,925000.0,1233000.0,298000.0,145000.0,-1865000.0,-15.672268907563025,-2010000.0,-16.89075630252101,1000.0,-2010000.0,-16.89075630252101,0.0,-2010000.0,-16.89075630252101,-9901.477832512315,-2124.735729386892,203.0,946.0,https://www.sec.gov/Archives/edgar/data/924515/000165495417002258/0001654954-17-002258-index.htm,https://www.sec.gov/Archives/edgar/data/924515/000165495417002258/gthp_10k.htm,1620598232,18:10:32,20210509
13,2016-09-30,SPRXE,USD,2016-12-05,2016-12-05 17:18:36,Q3,95000.0,84000.0,11000.0,0.11578947368421053,87000.0,418000.0,92000.0,467000.0,689000.0,773000.0,226000.0,160000.0,-51000.0,-0.5368421052631579,-211000.0,-2.221052631578947,23000.0,-211000.0,-2.221052631578947,0.0,-211000.0,-2.221052631578947,-0.00232,-0.00232,90807000.0,90807000.0,https://www.sec.gov/Archives/edgar/data/924515/000112178116000585/0001121781-16-000585-index.htm,https://www.sec.gov/Archives/edgar/data/924515/000112178116000585/gthp10q93016.htm,1620598232,18:10:32,20210509
14,2016-06-30,SPRXE,USD,2016-08-17,2016-08-17 16:12:29,Q2,129000.0,33000.0,96000.0,0.7441860465116279,148000.0,674000.0,86000.0,279000.0,994000.0,1027000.0,1213000.0,810000.0,-1069000.0,-8.286821705426357,-1879000.0,-14.565891472868216,21000.0,-1879000.0,-14.565891472868216,0.0,-1879000.0,-14.565891472868216,-0.10512,-0.10512,17875000.0,17875000.0,https://www.sec.gov/Archives/edgar/data/924515/000112178116000515/0001121781-16-000515-index.htm,https://www.sec.gov/Archives/edgar/data/924515/000112178116000515/gthp10q63016.htm,1620598232,18:10:32,20210509
15,2016-03-31,SPRXE,USD,2016-05-19,2016-05-19 09:33:53,Q1,1260000.0,68000.0,1192000.0,0.946031746031746,290000.0,800000.0,117000.0,0.0,1324000.0,1392000.0,158000.0,108000.0,238000.0,0.18888888888888888,130000.0,0.10317460317460317,23000.0,130000.0,0.10317460317460317,0.0,130000.0,0.10317460317460317,42.153047989623865,1.182904303041884,3084.0,109899.0,https://www.sec.gov/Archives/edgar/data/924515/000112178116000472/0001121781-16-000472-index.htm,https://www.sec.gov/Archives/edgar/data/924515/000112178116000472/gthp10q33116.htm,1620598232,18:10:32,20210509
16,2015-12-31,SPRXE,USD,2016-03-15,2016-03-15 15:45:51,Q4,9000.0,7000.0,2000.0,0.2222222222222222,387000.0,1062000.0,176000.0,-214000.0,1801000.0,1794000.0,77000.0,64000.0,-1694000.0,-188.22222222222223,-1758000.0,-195.33333333333334,5000.0,-1758000.0,-195.33333333333334,0.0,-1758000.0,-195.33333333333334,-1373.4375,-15.996505882674091,1280.0,109899.0,https://www.sec.gov/Archives/edgar/data/924515/000112178116000420/0001121781-16-000420-index.htm,https://www.sec.gov/Archives/edgar/data/924515/000112178116000420/gthp_10k123115.htm,1620598232,18:10:32,20210509
17,2015-09-30,SPRXE,USD,2015-11-12,2015-11-12 16:19:16,Q3,8000.0,230000.0,-222000.0,-27.75,413000.0,694000.0,187000.0,-584000.0,1481000.0,1711000.0,425000.0,303000.0,-1890000.0,-236.25,-2193000.0,-274.125,-221000.0,-2193000.0,-274.125,0.0,-2193000.0,-274.125,-19.954140961947918,-19.954685665929627,109902.0,109899.0,https://www.sec.gov/Archives/edgar/data/924515/000112178115000315/0001121781-15-000315-index.htm,https://www.sec.gov/Archives/edgar/data/924515/000112178115000315/gthp10q93015.htm,1620598232,18:10:32,20210509
18,2015-06-30,SPRXE,USD,2015-08-13,2015-08-13 08:29:25,Q2,10000.0,207000.0,-197000.0,-19.7,304000.0,836000.0,183000.0,123000.0,1506000.0,1713000.0,323000.0,213000.0,-1493000.0,-149.3,-1706000.0,-170.6,284000.0,-1706000.0,-170.6,0.0,-1706000.0,-170.6,-16.672204522799678,-15.523344161457338,102326.0,109899.0,https://www.sec.gov/Archives/edgar/data/924515/000112178115000224/0001121781-15-000224-index.htm,https://www.sec.gov/Archives/edgar/data/924515/000112178115000224/gthp10q630152.htm,1620598232,18:10:32,20210509
19,2015-03-31,SPRXE,USD,2015-05-13,2015-05-13 16:04:56,Q1,15000.0,107000.0,-92000.0,-6.133333333333334,373000.0,791000.0,172000.0,0.0,1508000.0,1615000.0,492000.0,474000.0,-771000.0,-51.4,-1245000.0,-83.0,6000.0,-1245000.0,-83.0,0.0,-1245000.0,-83.0,-0.012792322551477539,-11.328583517593426,97324000.0,109899.0,https://www.sec.gov/Archives/edgar/data/924515/000112178115000121/0001121781-15-000121-index.htm,https://www.sec.gov/Archives/edgar/data/924515/000112178115000121/gthp10q33115.htm,1620598232,18:10:32,20210509
20,2014-12-31,SPRXE,USD,2015-03-25,2015-03-25 16:08:58,Q4,13000.0,168000.0,-155000.0,-11.923076923076923,666000.0,696000.0,402000.0,0.0,2166000.0,2334000.0,534000.0,429000.0,-2769000.0,-213.0,-3198000.0,-246.0,11000.0,-3198000.0,-246.0,0.0,-3198000.0,-246.0,-0.041499591232919374,-29.099445854830343,77061000.0,109899.0,https://www.sec.gov/Archives/edgar/data/924515/000112178115000054/0001121781-15-000054-index.htm,https://www.sec.gov/Archives/edgar/data/924515/000112178115000054/gthp10k123114.htm,1620598232,18:10:32,20210509
21,2014-09-30,SPRXE,USD,2014-11-12,2014-11-12 13:10:54,Q3,22000.0,260000.0,-238000.0,-10.818181818181818,891000.0,1280000.0,134000.0,0.0,2439000.0,2699000.0,371000.0,59000.0,-2912000.0,-132.36363636363637,-2971000.0,-135.04545454545453,9000.0,-2971000.0,-135.04545454545453,0.0,-2971000.0,-135.04545454545453,-0.040120455895856964,-27.033912956441824,74052000.0,109899.0,https://www.sec.gov/Archives/edgar/data/924515/000112178114000322/0001121781-14-000322-index.htm,https://www.sec.gov/Archives/edgar/data/924515/000112178114000322/gthp10q93014.htm,1620598232,18:10:32,20210509
22,2014-06-30,SPRXE,USD,2014-08-13,2014-08-13 16:34:02,Q2,11000.0,271000.0,-260000.0,-23.636363636363637,624000.0,654000.0,345000.0,0.0,1968000.0,2239000.0,47000.0,183000.0,-1969000.0,-179.0,-2152000.0,-195.63636363636363,3000.0,-2152000.0,-195.63636363636363,0.0,-2152000.0,-195.63636363636363,-0.02979660219043795,-19.581615847277956,72223000.0,109899.0,https://www.sec.gov/Archives/edgar/data/924515/000112178114000235/0001121781-14-000235-index.htm,https://www.sec.gov/Archives/edgar/data/924515/000112178114000235/gthp10q63014.htm,1620598232,18:10:32,20210509
23,2014-03-31,SPRXE,USD,2014-05-15,2014-05-15 16:30:42,Q1,19000.0,192000.0,-173000.0,-9.105263157894736,607000.0,855000.0,283000.0,0.0,2028000.0,2220000.0,27000.0,117000.0,-1445000.0,-76.05263157894737,-1562000.0,-82.21052631578948,2000.0,-1562000.0,-82.21052631578948,0.0,-1562000.0,-82.21052631578948,-0.021861135603420526,-14.213050164241713,71451000.0,109899.0,https://www.sec.gov/Archives/edgar/data/924515/000112178114000134/0001121781-14-000134-index.htm,https://www.sec.gov/Archives/edgar/data/924515/000112178114000134/gthp10q33114.htm,1620598232,18:10:32,20210509
24,2013-12-31,SPRXE,USD,2014-03-26,2014-03-26 16:57:40,Q4,346000.0,217000.0,129000.0,0.37283236994219654,499000.0,449000.0,293000.0,0.0,1534000.0,1751000.0,10000.0,117000.0,-2096000.0,-6.057803468208093,-2213000.0,-6.395953757225434,-179000.0,-2213000.0,-6.395953757225434,0.0,-12217000.0,-35.309248554913296,-0.18543197134357356,-111.16570669432843,65884000.0,109899.0,https://www.sec.gov/Archives/edgar/data/924515/000112178114000055/0001121781-14-000055-index.htm,https://www.sec.gov/Archives/edgar/data/924515/000112178114000055/gthp10k123113.htm,1620598232,18:10:32,20210509
25,2013-09-30,SPRXE,USD,2013-11-13,2013-11-13 12:56:55,Q3,85000.0,117000.0,-32000.0,-0.3764705882352941,596000.0,572000.0,249000.0,0.0,1666000.0,1783000.0,11000.0,117000.0,-1320000.0,-15.529411764705882,-1437000.0,-16.905882352941177,214000.0,-1437000.0,-16.905882352941177,0.0,8567000.0,100.78823529411764,0.13137152671287494,77.95339357046015,65212000.0,109899.0,https://www.sec.gov/Archives/edgar/data/924515/000112178113000411/0001121781-13-000411-index.htm,https://www.sec.gov/Archives/edgar/data/924515/000112178113000411/gthp10q93013.htm,1620598232,18:10:32,20210509
26,2013-06-30,SPRXE,USD,2013-08-14,2013-08-14 17:29:44,Q2,389000.0,277000.0,112000.0,0.2879177377892031,1647000.0,1611000.0,359000.0,0.0,3976000.0,4253000.0,24000.0,227000.0,-1523000.0,-3.9151670951156814,-1750000.0,-4.4987146529562985,0.0,-1750000.0,-4.4987146529562985,0.0,-1750000.0,-4.4987146529562985,-0.02705711370172238,-15.923711771717668,64678000.0,109899.0,https://www.sec.gov/Archives/edgar/data/924515/000112178113000294/0001121781-13-000294-index.htm,https://www.sec.gov/Archives/edgar/data/924515/000112178113000294/gthp10q63013.htm,1620598232,18:10:32,20210509
27,2013-03-31,SPRXE,USD,2013-05-14,2013-05-14 16:23:18,Q1,167000.0,158000.0,9000.0,0.05389221556886228,813000.0,875000.0,164000.0,0.0,2016000.0,2174000.0,0.0,112000.0,-1703000.0,-10.197604790419161,-1815000.0,-10.868263473053892,75000.0,-1815000.0,-10.868263473053892,0.0,-1815000.0,-10.868263473053892,-0.028062092210643496,-16.51516392323861,64678000.0,109899.0,https://www.sec.gov/Archives/edgar/data/924515/000112178113000136/0001121781-13-000136-index.htm,https://www.sec.gov/Archives/edgar/data/924515/000112178113000136/gthp10q33113.htm,1620598232,18:10:32,20210509
28,2012-12-31,SPRXE,USD,2013-03-27,2013-03-27 17:28:48,Q4,1012000.0,13000.0,999000.0,0.9871541501976284,830000.0,1056000.0,153000.0,0.0,2192000.0,2179000.0,0.0,103000.0,-1084000.0,-1.0711462450592886,-1187000.0,-1.1729249011857708,0.0,-1187000.0,-1.1729249011857708,0.0,-1187000.0,-1.1729249011857708,-0.01835245369368255,-10.800826213159356,64678000.0,109899.0,https://www.sec.gov/Archives/edgar/data/924515/000112178113000037/0001121781-13-000037-index.htm,https://www.sec.gov/Archives/edgar/data/924515/000112178113000037/gthp10k12312012.htm,1620598232,18:10:32,20210509
29,2012-09-30,SPRXE,USD,2012-11-13,2012-11-13 09:01:00,Q3,693000.0,55000.0,638000.0,0.9206349206349206,785000.0,602000.0,132000.0,0.0,1651000.0,1706000.0,0.0,95000.0,-891000.0,-1.2857142857142858,-986000.0,-1.4227994227994227,0.0,-986000.0,-1.4227994227994227,0.0,-986000.0,-1.4227994227994227,-0.015244750919941865,-8.971874175379211,64678000.0,109899.0,https://www.sec.gov/Archives/edgar/data/924515/000112178112000323/0001121781-12-000323-index.htm,https://www.sec.gov/Archives/edgar/data/924515/000112178112000323/gthp10q93012.htm,1620598232,18:10:32,20210509
30,2012-06-30,SPRXE,USD,2012-08-14,2012-08-14 16:04:19,Q2,915000.0,75000.0,840000.0,0.9180327868852459,898000.0,981000.0,69000.0,0.0,2017000.0,2092000.0,0.0,88000.0,-1079000.0,-1.1792349726775957,-1167000.0,-1.2754098360655737,0.0,-1167000.0,-1.2754098360655737,0.0,-1167000.0,-1.2754098360655737,-0.018043229537091438,-10.618840935768297,64678000.0,109899.0,https://www.sec.gov/Archives/edgar/data/924515/000112178112000273/0001121781-12-000273-index.htm,https://www.sec.gov/Archives/edgar/data/924515/000112178112000273/gthp10q63012.htm,1620598232,18:10:32,20210509
31,2012-03-31,SPRXE,USD,2012-05-14,2012-05-14 10:36:54,Q1,718000.0,0.0,718000.0,1.0,714000.0,860000.0,70000.0,0.0,1714000.0,1714000.0,0.0,75000.0,-938000.0,-1.3064066852367688,-1013000.0,-1.4108635097493036,0.0,-1013000.0,-1.4108635097493036,0.0,-1013000.0,-1.4108635097493036,-0.015662203531339867,-9.217554299857142,64678000.0,109899.0,https://www.sec.gov/Archives/edgar/data/924515/000112178112000160/0001121781-12-000160-index.htm,https://www.sec.gov/Archives/edgar/data/924515/000112178112000160/gthp10q33112.htm,1620598232,18:10:32,20210509
32,2011-12-31,SPRXE,USD,2012-03-28,2012-03-28 12:10:25,Q4,896000.0,106000.0,790000.0,0.8816964285714286,755000.0,-854000.0,87000.0,0.0,75000.0,3697000.0,0.0,16000.0,-2745000.0,-3.0636160714285716,-2761000.0,-3.0814732142857144,139000.0,-2761000.0,-3.0814732142857144,0.0,-2761000.0,-3.0814732142857144,-0.042688394817403136,-25.123067543835703,64678000.0,109899.0,https://www.sec.gov/Archives/edgar/data/924515/000112178112000081/0001121781-12-000081-index.htm,https://www.sec.gov/Archives/edgar/data/924515/000112178112000081/gthp_10k.htm,1620598232,18:10:32,20210509
33,2011-09-30,SPRXE,USD,2011-11-14,2011-11-14 16:02:25,Q2,1021000.0,0.0,1021000.0,1.0,709000.0,2801000.0,80000.0,0.0,3670000.0,3670000.0,0.0,10000.0,-2651000.0,-2.596474045053869,-2661000.0,-2.606268364348678,9000.0,-2661000.0,-2.606268364348678,0.0,-2661000.0,-2.606268364348678,-0.05525,-0.05525,48159000.0,48159000.0,https://www.sec.gov/Archives/edgar/data/924515/000112178111000340/0001121781-11-000340-index.htm,https://www.sec.gov/Archives/edgar/data/924515/000112178111000340/gthp10q93011.htm,1620598232,18:10:32,20210509
34,2011-06-30,SPRXE,USD,2011-08-15,2011-08-15 12:52:16,Q2,913000.0,430600000.0,-429687000.0,-470.631982475356,619000.0,637000.0,71000.0,-282700000.0,1398000.0,1398000.0,-11400000.0,4000.0,-492000.0,-0.5388828039430449,-496000.0,-0.5432639649507119,7000.0,-496000.0,-0.5432639649507119,-43900000.0,-496000.0,-0.5432639649507119,-0.0076687590834596,-4.513234879298265,64678000.0,109899.0,https://www.sec.gov/Archives/edgar/data/924515/000135448811002762/0001354488-11-002762-index.htm,https://www.sec.gov/Archives/edgar/data/924515/000135448811002762/gthp10q63011.htm,1620598232,18:10:32,20210509
35,2011-03-31,SPRXE,USD,2011-05-16,2011-05-16 13:59:54,Q1,767000.0,0.0,767000.0,1.0,696000.0,713000.0,49000.0,0.0,1507000.0,1507000.0,23000.0,4000.0,-722000.0,-0.9413298565840938,-726000.0,-0.9465449804432855,37000.0,-726000.0,-0.9465449804432855,0.0,-726000.0,-0.9465449804432855,-0.01517,-0.01517,47851000.0,47851000.0,https://www.sec.gov/Archives/edgar/data/924515/000112178111000144/0001121781-11-000144-index.htm,https://www.sec.gov/Archives/edgar/data/924515/000112178111000144/gti10q33111.htm,1620598232,18:10:32,20210509
36,2010-12-31,SPRXE,USD,2011-03-30,2011-03-30 16:53:00,Q4,1062000.0,0.0,1062000.0,1.0,399000.0,987000.0,32000.0,0.0,1450000.0,1450000.0,-106000.0,3000.0,-277000.0,-0.2608286252354049,-280000.0,-0.263653483992467,2000.0,-280000.0,-0.263653483992467,0.0,-280000.0,-0.263653483992467,-0.00725,-0.00725,38596000.0,38596000.0,https://www.sec.gov/Archives/edgar/data/924515/000112178111000075/0001121781-11-000075-index.htm,https://www.sec.gov/Archives/edgar/data/924515/000112178111000075/gthp210k123110.htm,1620598232,18:10:32,20210509
37,2010-09-30,SPRXE,USD,2010-11-10,2010-11-10 16:54:45,Q3,676000.0,0.0,676000.0,1.0,509000.0,730000.0,21000.0,0.0,1281000.0,1281000.0,30000.0,2000.0,-633000.0,-0.9363905325443787,-635000.0,-0.9393491124260355,0.0,-635000.0,-0.9393491124260355,0.0,-635000.0,-0.9393491124260355,-0.01775,-0.01775,35784000.0,35784000.0,https://www.sec.gov/Archives/edgar/data/924515/000112178110000385/0001121781-10-000385-index.htm,https://www.sec.gov/Archives/edgar/data/924515/000112178110000385/gthp10q93010.htm,1620598232,18:10:32,20210509
38,2010-06-30,SPRXE,USD,2010-08-12,2010-08-12 11:50:07,Q2,805000.0,0.0,805000.0,1.0,490000.0,665000.0,44000.0,0.0,1243000.0,1243000.0,31000.0,1000.0,-465000.0,-0.577639751552795,-466000.0,-0.5788819875776398,0.0,-466000.0,-0.5788819875776398,0.0,-466000.0,-0.5788819875776398,-0.01728,-0.01728,26969000.0,26969000.0,https://www.sec.gov/Archives/edgar/data/924515/000112178110000301/0001121781-10-000301-index.htm,https://www.sec.gov/Archives/edgar/data/924515/000112178110000301/gthp10q63010.htm,1620598232,18:10:32,20210509
39,2010-03-31,SPRXE,USD,2010-05-13,2010-05-13 17:15:04,Q1,821000.0,0.0,821000.0,1.0,407000.0,536000.0,34000.0,0.0,1011000.0,1011000.0,1272000.0,1000.0,-1464000.0,-1.7831912302070645,-1465000.0,-1.784409257003654,0.0,-1465000.0,-1.784409257003654,0.0,-1465000.0,-1.784409257003654,-0.06846,-0.06846,21400000.0,21400000.0,https://www.sec.gov/Archives/edgar/data/924515/000112178110000224/0001121781-10-000224-index.htm,https://www.sec.gov/Archives/edgar/data/924515/000112178110000224/gti10q33110.htm,1620598232,18:10:32,20210509
40,2009-12-31,SPRXE,USD,2010-03-23,2010-03-23 12:36:03,Q4,550000.0,0.0,550000.0,1.0,402000.0,618000.0,21000.0,2640000.0,1062000.0,1062000.0,1343000.0,-2000.0,-1444000.0,-2.6254545454545455,-1442000.0,-2.6218181818181816,2672000.0,-1442000.0,-2.6218181818181816,0.0,-1442000.0,-2.6218181818181816,-0.08569,-0.08569,16828000.0,16828000.0,https://www.sec.gov/Archives/edgar/data/924515/000112178110000111/0001121781-10-000111-index.htm,https://www.sec.gov/Archives/edgar/data/924515/000112178110000111/gti10k123109.htm,1620598232,18:10:32,20210509
41,2009-09-30,SPRXE,USD,2009-11-12,2009-11-12 11:12:36,Q3,577000.0,0.0,577000.0,1.0,364000.0,410000.0,14000.0,-1064000.0,802000.0,802000.0,1064000.0,5000.0,-2066000.0,-3.580589254766031,-2071000.0,-3.5892547660311958,-1064000.0,-2071000.0,-3.5892547660311958,0.0,-2071000.0,-3.5892547660311958,-0.1261,-0.1261,16424000.0,16424000.0,https://www.sec.gov/Archives/edgar/data/924515/000112178109000486/0001121781-09-000486-index.htm,https://www.sec.gov/Archives/edgar/data/924515/000112178109000486/gti10q93009.htm,1620598232,18:10:32,20210509
42,2009-06-30,SPRXE,USD,2009-08-18,2009-08-18 17:02:11,Q2,242000.0,0.0,242000.0,1.0,339000.0,396000.0,14000.0,-1576000.0,763000.0,763000.0,865000.0,2000.0,-1384000.0,-5.7190082644628095,-1386000.0,-5.7272727272727275,-1576000.0,-1386000.0,-5.7272727272727275,0.0,-1386000.0,-5.7272727272727275,-0.08645,-0.08645,16033000.0,16033000.0,https://www.sec.gov/Archives/edgar/data/924515/000112178109000344/0001121781-09-000344-index.htm,https://www.sec.gov/Archives/edgar/data/924515/000112178109000344/gti10q63009.htm,1620598232,18:10:32,20210509
43,2009-03-31,SPRXE,USD,2009-08-18,2009-08-18 16:53:41,Q1,181000.0,0.0,181000.0,1.0,304000.0,451000.0,14000.0,0.0,783000.0,783000.0,711000.0,2000.0,-1311000.0,-7.2430939226519335,-1313000.0,-7.254143646408839,0.0,-1313000.0,-7.254143646408839,0.0,-1313000.0,-7.254143646408839,-0.08363,-0.08363,15700000.0,15700000.0,https://www.sec.gov/Archives/edgar/data/924515/000112178109000343/0001121781-09-000343-index.htm,https://www.sec.gov/Archives/edgar/data/924515/000112178109000343/gti10q33109.htm,1620598232,18:10:32,20210509
44,2008-12-31,SPRXE,USD,2009-07-27,2009-07-27 17:24:54,Q4,202000.0,0.0,202000.0,1.0,469000.0,376000.0,10000.0,1168000.0,865000.0,865000.0,723000.0,3000.0,-658000.0,-3.257425742574257,-661000.0,-3.272277227722772,1316000.0,3574000.0,17.693069306930692,0.0,3574000.0,17.693069306930692,0.24759,0.24759,14435000.0,14435000.0,https://www.sec.gov/Archives/edgar/data/924515/000092451509000011/0000924515-09-000011-index.htm,https://www.sec.gov/Archives/edgar/data/924515/000092451509000011/gt10k072709.htm,1620598232,18:10:32,20210509
45,2008-09-30,SPRXE,USD,2009-02-20,2009-02-20 10:01:15,Q3,341000.0,0.0,341000.0,1.0,515000.0,869000.0,16000.0,-510000.0,1416000.0,1416000.0,510000.0,2000.0,-1075000.0,-3.1524926686217007,-1077000.0,-3.158357771260997,-510000.0,-1587000.0,-4.653958944281525,0.0,-1587000.0,-4.653958944281525,-0.11212,-0.11212,14155000.0,14155000.0,https://www.sec.gov/Archives/edgar/data/924515/000092451509000003/0000924515-09-000003-index.htm,https://www.sec.gov/Archives/edgar/data/924515/000092451509000003/gt10q022009.htm,1620598232,18:10:32,20210509
46,2008-06-30,SPRXE,USD,2008-11-25,2008-11-25 17:03:57,Q2,449000.0,0.0,449000.0,1.0,606000.0,568000.0,6000.0,-467000.0,1186000.0,1186000.0,467000.0,2000.0,-544000.0,-1.2115812917594655,-546000.0,-1.2160356347438752,-467000.0,-1204000.0,-2.681514476614699,0.0,-1204000.0,-2.681514476614699,-0.08869,-0.08869,13575000.0,13575000.0,https://www.sec.gov/Archives/edgar/data/924515/000092451508000030/0000924515-08-000030-index.htm,https://www.sec.gov/Archives/edgar/data/924515/000092451508000030/gt10q112508.htm,1620598232,18:10:32,20210509
47,2008-03-31,SPRXE,USD,2008-10-01,2008-10-01 17:23:55,Q1,325000.0,0.0,325000.0,1.0,470000.0,427000.0,10000.0,-191000.0,917000.0,917000.0,191000.0,2000.0,-781000.0,-2.403076923076923,-783000.0,-2.4092307692307693,-191000.0,-783000.0,-2.4092307692307693,0.0,-783000.0,-2.4092307692307693,-0.05863,-0.05863,13354000.0,13354000.0,https://www.sec.gov/Archives/edgar/data/924515/000092451508000023/0000924515-08-000023-index.htm,https://www.sec.gov/Archives/edgar/data/924515/000092451508000023/gt10q100108.htm,1620598232,18:10:32,20210509
48,2007-12-31,SPRXE,USD,2008-07-15,2008-07-15 17:14:59,Q4,337000.0,0.0,337000.0,1.0,558000.0,640000.0,0.0,1184000.0,1198000.0,1198000.0,29000.0,3000.0,326000.0,0.9673590504451038,323000.0,0.9584569732937686,1208000.0,-2091000.0,-6.204747774480712,73000.0,-2164000.0,-6.421364985163205,-0.17194,-0.17194,12586000.0,12586000.0,https://www.sec.gov/Archives/edgar/data/924515/000092451508000017/0000924515-08-000017-index.htm,https://www.sec.gov/Archives/edgar/data/924515/000092451508000017/sp10k-071508.htm,1620598232,18:10:32,20210509
49,2007-11-19,SPRXE,USD,2007-11-19,2007-11-19 16:37:21,Q2,201000.0,0.0,201000.0,1.0,421000.0,686000.0,0.0,-374000.0,1107000.0,1107000.0,374000.0,1000.0,-1206000.0,-6.0,-1207000.0,-6.0049751243781095,-374000.0,-1280000.0,-6.3681592039801,0.0,-1280000.0,-6.3681592039801,-0.1017,-0.1017,12586000.0,12586000.0,https://www.sec.gov/Archives/edgar/data/924515/000092451507000050/0000924515-07-000050-index.htm,https://www.sec.gov/Archives/edgar/data/924515/000092451507000050/sp10qsb-q3.htm,1620598232,18:10:32,20210509
50,2007-10-23,SPRXE,USD,2007-10-23,2007-10-23 15:27:57,Q2,247000.0,229000.0,18000.0,0.0728744939271255,549000.0,851000.0,-20000.0,-410000.0,1360000.0,1131000.0,410000.0,1000.0,4450000.0,18.016194331983804,4449000.0,18.012145748987855,-410000.0,4522000.0,18.307692307692307,-73000.0,4595000.0,18.60323886639676,0.37437,0.37437,12274000.0,12274000.0,https://www.sec.gov/Archives/edgar/data/924515/000092451507000041/0000924515-07-000041-index.htm,https://www.sec.gov/Archives/edgar/data/924515/000092451507000041/sp10qsb-q2.htm,1620598232,18:10:32,20210509
51,2007-08-23,SPRXE,USD,2007-08-24,2007-08-24 15:44:12,Q1,252000.0,281000.0,-29000.0,-0.11507936507936507,397000.0,285000.0,20000.0,-400000.0,722000.0,1003000.0,400000.0,4000.0,-1147000.0,-4.551587301587301,-1151000.0,-4.567460317460317,-400000.0,-1151000.0,-4.567460317460317,0.0,-1151000.0,-4.567460317460317,-0.09689,-0.09689,11880000.0,11880000.0,https://www.sec.gov/Archives/edgar/data/924515/000092451507000037/0000924515-07-000037-index.htm,https://www.sec.gov/Archives/edgar/data/924515/000092451507000037/sp10qsb-q1.htm,1620598232,18:10:32,20210509
52,2006-12-31,SPRXE,USD,2007-04-30,2007-04-27 17:57:04,Q4,186000.0,184000.0,2000.0,0.010752688172043012,338000.0,625000.0,22000.0,0.0,1007000.0,1191000.0,213000.0,18000.0,-1100000.0,-5.913978494623656,-1118000.0,-6.010752688172043,100000.0,-1118000.0,-6.010752688172043,0.0,-1118000.0,-6.010752688172043,-0.09491,-0.09491,11780000.0,11780000.0,https://www.sec.gov/Archives/edgar/data/924515/000092451507000014/0000924515-07-000014-index.htm,https://www.sec.gov/Archives/edgar/data/924515/000092451507000014/sp10ksb2006.htm,1620598232,18:10:32,20210509
53,2006-12-21,SPRXE,USD,2006-12-21,2006-12-21 16:55:46,Q3,457000.0,363000.0,94000.0,0.20568927789934355,281000.0,723000.0,54000.0,0.0,1112000.0,1475000.0,188000.0,5000.0,-1101000.0,-2.4091903719912473,-1106000.0,-2.4201312910284463,100000.0,-1106000.0,-2.4201312910284463,0.0,-1106000.0,-2.4201312910284463,-0.09389,-0.09389,11780000.0,11780000.0,https://www.sec.gov/Archives/edgar/data/924515/000092451506000040/0000924515-06-000040-index.htm,https://www.sec.gov/Archives/edgar/data/924515/000092451506000040/sp10qsb3q06.htm,1620598232,18:10:32,20210509
54,2006-06-30,SPRXE,USD,2006-10-05,2006-10-05 15:01:26,Q2,207000.0,266000.0,-59000.0,-0.28502415458937197,814000.0,322000.0,85000.0,0.0,1306000.0,1572000.0,167000.0,12000.0,-1520000.0,-7.342995169082125,-1532000.0,-7.400966183574879,0.0,-1532000.0,-7.400966183574879,0.0,-1532000.0,-7.400966183574879,-0.13024,-0.13024,11763000.0,11763000.0,https://www.sec.gov/Archives/edgar/data/924515/000092451506000030/0000924515-06-000030-index.htm,https://www.sec.gov/Archives/edgar/data/924515/000092451506000030/sp10qsb2q06.htm,1620598232,18:10:32,20210509
55,2006-03-31,SPRXE,USD,2006-05-22,2006-05-22 17:24:48,Q1,127000.0,198000.0,-71000.0,-0.5590551181102362,523000.0,321000.0,68000.0,0.0,980000.0,1178000.0,141000.0,10000.0,-1182000.0,-9.307086614173228,-1192000.0,-9.385826771653543,0.0,-1192000.0,-9.385826771653543,0.0,-1192000.0,-9.385826771653543,-0.10155,-0.10155,11738000.0,11738000.0,https://www.sec.gov/Archives/edgar/data/924515/000092451506000015/0000924515-06-000015-index.htm,https://www.sec.gov/Archives/edgar/data/924515/000092451506000015/sp10qsb1q06.htm,1620598232,18:10:32,20210509
56,2005-12-31,SPRXE,USD,2006-04-28,2006-04-28 15:40:59,Q4,0.0,1426000.0,-1426000.0,0.0,2031000.0,1062000.0,463000.0,0.0,4019000.0,5445000.0,306000.0,33000.0,-2166000.0,0.0,-2199000.0,0.0,0.0,-2199000.0,0.0,0.0,-2199000.0,0.0,-0.18753,-0.18753,11726000.0,11726000.0,https://www.sec.gov/Archives/edgar/data/924515/000092451506000010/0000924515-06-000010-index.htm,https://www.sec.gov/Archives/edgar/data/924515/000092451506000010/sp10ksba2005.htm,1620598232,18:10:32,20210509
57,2005-09-30,SPRXE,USD,2005-11-14,2005-11-14 17:09:28,Q3,174000.0,358000.0,-184000.0,-1.0574712643678161,476000.0,249000.0,72000.0,0.0,869000.0,1227000.0,41000.0,18000.0,-1076000.0,-6.183908045977011,-1094000.0,-6.287356321839081,0.0,-1094000.0,-6.287356321839081,0.0,-1094000.0,-6.287356321839081,-0.0944,-0.0944,11589000.0,11589000.0,https://www.sec.gov/Archives/edgar/data/924515/000092451505000039/0000924515-05-000039-index.htm,https://www.sec.gov/Archives/edgar/data/924515/000092451505000039/sp10qsb3q.htm,1620598232,18:10:32,20210509
58,2005-06-30,SPRXE,USD,2005-08-16,2005-08-16 17:27:23,Q2,269000.0,318000.0,-49000.0,-0.1821561338289963,344000.0,245000.0,139000.0,0.0,867000.0,1185000.0,56000.0,-1000.0,-1248000.0,-4.639405204460966,-1247000.0,-4.635687732342007,0.0,-1247000.0,-4.635687732342007,0.0,-1247000.0,-4.635687732342007,-0.1078,-0.1078,11568000.0,11568000.0,https://www.sec.gov/Archives/edgar/data/924515/000092451505000019/0000924515-05-000019-index.htm,https://www.sec.gov/Archives/edgar/data/924515/000092451505000019/sp10qsb2q.htm,1620598232,18:10:32,20210509
59,2005-03-31,SPRXE,USD,2005-05-26,2005-05-25 17:54:16,Q1,369000.0,393000.0,-24000.0,-0.06504065040650407,664000.0,213000.0,150000.0,0.0,1177000.0,1570000.0,40000.0,26000.0,-1215000.0,-3.292682926829268,-1241000.0,-3.3631436314363143,0.0,-1241000.0,-3.3631436314363143,0.0,-1241000.0,-3.3631436314363143,-0.10738,-0.10738,11557000.0,11557000.0,https://www.sec.gov/Archives/edgar/data/924515/000092451505000012/0000924515-05-000012-index.htm,https://www.sec.gov/Archives/edgar/data/924515/000092451505000012/sp10q12005.htm,1620598232,18:10:32,20210509
60,2004-12-31,SPRXE,USD,2005-05-05,2005-05-05 15:56:15,Q4,400000.0,234000.0,166000.0,0.415,779000.0,296000.0,134000.0,0.0,1343000.0,1577000.0,-10000.0,131000.0,-3157000.0,-7.8925,-3288000.0,-8.22,0.0,-3288000.0,-8.22,0.0,-3288000.0,-8.22,-0.2886,-0.2886,11393000.0,11393000.0,https://www.sec.gov/Archives/edgar/data/924515/000092451505000004/0000924515-05-000004-index.htm,https://www.sec.gov/Archives/edgar/data/924515/000092451505000004/sp10k2004.htm,1620598232,18:10:32,20210509
61,2004-09-30,SPRXE,USD,2004-11-15,2004-11-15 16:10:19,Q3,276000.0,348000.0,-72000.0,-0.2608695652173913,922000.0,326000.0,189000.0,0.0,1626000.0,1974000.0,11000.0,87000.0,-1622000.0,-5.8768115942028984,-1709000.0,-6.192028985507246,0.0,-1709000.0,-6.192028985507246,0.0,-1709000.0,-6.192028985507246,-0.15014,-0.15014,11383000.0,11383000.0,https://www.sec.gov/Archives/edgar/data/924515/000092451504000038/0000924515-04-000038-index.htm,https://www.sec.gov/Archives/edgar/data/924515/000092451504000038/sp10q304.htm,1620598232,18:10:32,20210509
62,2004-06-30,SPRXE,USD,2004-08-16,2004-08-16 17:30:33,Q2,272000.0,241000.0,31000.0,0.11397058823529412,978000.0,402000.0,193000.0,0.0,1766000.0,2007000.0,16000.0,109000.0,-4133000.0,-15.194852941176471,-4242000.0,-15.595588235294118,0.0,-4242000.0,-15.595588235294118,0.0,-4242000.0,-15.595588235294118,-0.37279,-0.37279,11379000.0,11379000.0,https://www.sec.gov/Archives/edgar/data/924515/000092451504000023/0000924515-04-000023-index.htm,https://www.sec.gov/Archives/edgar/data/924515/000092451504000023/sp10q204.htm,1620598232,18:10:32,20210509
63,2004-03-31,SPRXE,USD,2004-05-14,2004-05-14 15:12:25,Q1,125000.0,286000.0,-161000.0,-1.288,939000.0,162000.0,163000.0,0.0,1427000.0,1713000.0,903000.0,115000.0,115000.0,0.92,0.0,0.0,0.0,0.0,0.0,0.0,0.0,0.0,-0.66,-0.66,11372000.0,11372000.0,https://www.sec.gov/Archives/edgar/data/924515/000092451504000016/0000924515-04-000016-index.htm,https://www.sec.gov/Archives/edgar/data/924515/000092451504000016/sp10q104.htm,1620598232,18:10:32,20210509
64,2003-12-31,SPRXE,USD,2004-03-30,2004-03-30 16:58:42,Q4,1586000.0,354000.0,1232000.0,0.776796973518285,798000.0,343000.0,175000.0,115000.0,1491000.0,1845000.0,230000.0,142000.0,1641000.0,1.0346784363177806,1499000.0,0.9451450189155107,115000.0,1499000.0,0.9451450189155107,0.0,1499000.0,0.9451450189155107,0.13301,0.13301,11270000.0,11270000.0,https://www.sec.gov/Archives/edgar/data/924515/000092451504000008/0000924515-04-000008-index.htm,https://www.sec.gov/Archives/edgar/data/924515/000092451504000008/sp10k2003.htm,1620598232,18:10:32,20210509
65,2003-09-30,SPRXE,USD,2003-11-14,2003-11-14 14:17:01,Q3,0.0,708000.0,-708000.0,0.0,3310000.0,1072000.0,560000.0,-98000.0,5502000.0,6210000.0,98000.0,119000.0,-3991000.0,0.0,-4110000.0,0.0,-98000.0,-4110000.0,0.0,0.0,-4110000.0,0.0,0.01126,0.01126,-365000000.0,-365000000.0,https://www.sec.gov/Archives/edgar/data/924515/000092451503000050/0000924515-03-000050-index.htm,https://www.sec.gov/Archives/edgar/data/924515/000092451503000050/sp10q303.htm,1620598232,18:10:32,20210509
66,2003-06-30,SPRXE,USD,2003-08-14,2003-08-14 17:22:26,Q2,0.0,492000.0,-492000.0,0.0,2219000.0,708000.0,369000.0,-69000.0,3665000.0,4157000.0,69000.0,119000.0,-2118000.0,0.0,-2237000.0,0.0,-69000.0,-2237000.0,0.0,0.0,-2237000.0,0.0,0.0113,0.0113,-198000000.0,-198000000.0,https://www.sec.gov/Archives/edgar/data/924515/000092451503000033/0000924515-03-000033-index.htm,https://www.sec.gov/Archives/edgar/data/924515/000092451503000033/sp10q203.htm,1620598232,18:10:32,20210509
67,2003-03-31,SPRXE,USD,2003-05-19,2003-05-19 16:59:08,Q1,0.0,312000.0,-312000.0,0.0,983000.0,312000.0,199000.0,0.0,1693000.0,2005000.0,27000.0,127000.0,127000.0,0.0,0.0,0.0,0.0,0.0,0.0,0.0,0.0,0.0,0.011249,0.011249,11196000.0,11196000.0,https://www.sec.gov/Archives/edgar/data/924515/000092451503000023/0000924515-03-000023-index.htm,https://www.sec.gov/Archives/edgar/data/924515/000092451503000023/sp10q103.htm,1620598232,18:10:32,20210509
