,date,symbol,reportedCurrency,fillingDate,acceptedDate,period,revenue,costOfRevenue,grossProfit,grossProfitRatio,researchAndDevelopmentExpenses,generalAndAdministrativeExpenses,sellingAndMarketingExpenses,otherExpenses,operatingExpenses,costAndExpenses,interestExpense,depreciationAndAmortization,ebitda,ebitdaratio,operatingIncome,operatingIncomeRatio,totalOtherIncomeExpensesNet,incomeBeforeTax,incomeBeforeTaxRatio,incomeTaxExpense,netIncome,netIncomeRatio,eps,epsdiluted,weightedAverageShsOut,weightedAverageShsOutDil,link,finalLink,timestamp,est_time,est_date
0,2019-12-31,INQD,USD,2020-10-01,2020-09-30 18:52:49,Q4,0.0,0.0,0.0,0.0,0.0,115792.0,0.0,91913.0,118292.0,118292.0,104333.0,29260.0,-89032.0,0.0,-118292.0,0.0,-1799833.0,-1918125.0,0.0,0.0,-1918125.0,0.0,-0.02,-0.02,64323610.0,64323610.0,https://www.sec.gov/Archives/edgar/data/1572565/000149315220018652/0001493152-20-018652-index.htm,https://www.sec.gov/Archives/edgar/data/1572565/000149315220018652/form10-k.htm,1620593647,16:54:07,20210509
1,2019-09-30,INQD,USD,2019-12-26,2019-12-26,Q3,0.0,0.0,0.0,0.0,0.0,115413.0,0.0,175072.0,118256.0,118256.0,17399.0,59391.0,-58865.0,0.0,-118256.0,0.0,-375405.0,-493661.0,0.0,0.0,-493661.0,0.0,-0.01,-0.01,44666277.0,44666277.0,https://www.sec.gov/Archives/edgar/data/1572565/000149315219019734/0001493152-19-019734-index.htm,https://www.sec.gov/Archives/edgar/data/1572565/000149315219019734/form10-qa.htm,1620593647,16:54:07,20210509
2,2019-06-30,INQD,USD,2019-10-24,2019-10-24,Q2,0.0,0.0,0.0,0.0,0.0,107247.0,0.0,22262.0,110109.0,110109.0,23406.0,62767.0,-47342.0,0.0,-110109.0,0.0,-60084.0,-170193.0,0.0,0.0,-170193.0,0.0,-0.01,-0.01,40590377.0,40590377.0,https://www.sec.gov/Archives/edgar/data/1572565/000149315219015899/0001493152-19-015899-index.htm,https://www.sec.gov/Archives/edgar/data/1572565/000149315219015899/form10-qa.htm,1620593647,16:54:07,20210509
3,2019-03-31,INQD,USD,2019-07-03,2019-07-03,Q1,0.0,0.0,0.0,0.0,0.0,283121.0,0.0,144041.0,286063.0,286063.0,-9294.0,17360.0,-268703.0,0.0,-286063.0,0.0,-228779.0,-514842.0,0.0,0.0,-514842.0,0.0,-0.01,-0.01,36951822.0,36951822.0,https://www.sec.gov/Archives/edgar/data/1572565/000149315219010243/0001493152-19-010243-index.htm,https://www.sec.gov/Archives/edgar/data/1572565/000149315219010243/form10-q.htm,1620593647,16:54:07,20210509
4,2018-12-31,INQD,USD,2019-06-20,2019-06-20,Q4,0.0,0.0,0.0,0.0,0.0,258704.0,0.0,159072.0,261693.0,261693.0,13191.0,22562.0,-239131.0,0.0,-261693.0,0.0,-478868.0,-740561.0,0.0,0.0,-740561.0,0.0,-0.02,-0.02,27869543.0,27869543.0,https://www.sec.gov/Archives/edgar/data/1572565/000149315219009469/0001493152-19-009469-index.htm,https://www.sec.gov/Archives/edgar/data/1572565/000149315219009469/form10-ka.htm,1620593647,16:54:07,20210509
5,2018-09-30,INQD,USD,2018-11-19,2018-11-19,Q3,0.0,0.0,0.0,0.0,0.0,243547.0,0.0,84736.0,246566.0,246566.0,39128.0,19066.0,-227500.0,0.0,-246566.0,0.0,-1144250.0,-1390816.0,0.0,0.0,-1390816.0,0.0,-0.05,-0.05,25878110.0,25878110.0,https://www.sec.gov/Archives/edgar/data/1572565/000149315218016480/0001493152-18-016480-index.htm,https://www.sec.gov/Archives/edgar/data/1572565/000149315218016480/form10-q.htm,1620593647,16:54:07,20210509
6,2018-06-30,INQD,USD,2018-08-20,2018-08-20,Q2,0.0,0.0,0.0,0.0,0.0,308505.0,0.0,44681.0,311522.0,311522.0,30516.0,32364.0,-279158.0,0.0,-311522.0,0.0,-741803.0,-1053325.0,0.0,0.0,-1053325.0,0.0,-0.04,-0.04,24822879.0,24822879.0,https://www.sec.gov/Archives/edgar/data/1572565/000149315218012366/0001493152-18-012366-index.htm,https://www.sec.gov/Archives/edgar/data/1572565/000149315218012366/form10-q.htm,1620593647,16:54:07,20210509
7,2018-03-31,INQD,USD,2018-05-16,2018-05-16,Q1,0.0,0.0,0.0,0.0,0.0,269565.0,0.0,74413.0,272603.0,272603.0,17669.0,83601.0,-189002.0,0.0,-272603.0,0.0,145387.0,-127216.0,0.0,0.0,-127216.0,0.0,-0.01,-0.01,24649867.0,24649867.0,https://www.sec.gov/Archives/edgar/data/1572565/000149315218007277/0001493152-18-007277-index.htm,https://www.sec.gov/Archives/edgar/data/1572565/000149315218007277/form10q.htm,1620593647,16:54:07,20210509
8,2017-12-31,INQD,USD,2019-02-15,2019-02-15,Q4,-4245.0,-15594.0,11349.0,-2.6734982332155477,0.0,0.0,0.0,305846.0,206939.0,441345.0,37674.0,233387.0,-212203.0,49.98892815076561,-445590.0,104.96819787985866,-520303.0,-970893.0,228.71448763250882,0.0,-970893.0,228.71448763250882,-0.03,-0.03,20234995.0,20234995.0,https://www.sec.gov/Archives/edgar/data/1572565/000149315219002184/0001493152-19-002184-index.htm,https://www.sec.gov/Archives/edgar/data/1572565/000149315219002184/form10-ka.htm,1620593647,16:54:07,20210509
9,2017-09-30,INQD,USD,2018-11-15,2018-11-15,Q3,4245.0,1165.0,3080.0,0.7255594817432274,0.0,165699.0,0.0,1461552.0,178491.0,1620620.0,6141.0,57978.0,-1558397.0,-367.1135453474676,-1616375.0,-380.77149587750296,-44146.0,-1660521.0,-391.1710247349823,0.0,-1660521.0,-391.1710247349823,-0.09,-0.09,18644318.0,18644318.0,https://www.sec.gov/Archives/edgar/data/1572565/000149315218016235/0001493152-18-016235-index.htm,https://www.sec.gov/Archives/edgar/data/1572565/000149315218016235/form10-qa.htm,1620593647,16:54:07,20210509
10,2017-06-30,INQD,USD,2017-08-14,2017-08-14,Q2,0.0,2694.0,-2694.0,0.0,888.0,406460.0,0.0,289474.0,420459.0,423150.0,6547.0,57808.0,-47652.0,0.0,-105460.0,0.0,-301233.0,-724383.0,0.0,0.0,-724383.0,0.0,-0.04,-0.04,17991073.0,17991073.0,https://www.sec.gov/Archives/edgar/data/1572565/000164033417001696/0001640334-17-001696-index.htm,https://www.sec.gov/Archives/edgar/data/1572565/000164033417001696/inqd_10q.htm,1620593647,16:54:07,20210509
11,2017-03-31,INQD,USD,2017-03-31,2017-03-31,Q1,0.0,11735.0,-11735.0,0.0,737.0,712950.0,0.0,103688.0,726828.0,738563.0,112685.0,218148.0,-838105.0,0.0,-1056253.0,0.0,-317690.0,-1056253.0,0.0,0.0,-1056253.0,0.0,-0.06,-0.06,16816214.0,16816214.0,,,1620593647,16:54:07,20210509
12,2016-12-31,INQD,USD,2016-12-31,2016-12-31,Q4,5824.0,9469.0,-3645.0,-0.6258585164835165,5471.0,231598.0,0.0,160490.0,245998.0,229592.0,-7862.0,-365311.0,-600707.0,-103.14337225274726,-235396.0,-40.41826923076923,575132.0,351364.0,60.330357142857146,0.0,351364.0,60.330357142857146,0.02,0.02,10202294.0,10202294.0,,,1620593647,16:54:07,20210509
13,2016-09-30,INQD,USD,2016-09-30,2016-09-30,Q3,21210.0,11278.0,9932.0,0.4682696841112683,6375.0,295076.0,0.0,24313.0,314410.0,326156.0,7862.0,279472.0,-25474.0,-1.201037246581801,-304946.0,-14.377463460631777,-475575.0,-780521.0,-36.7996699669967,0.0,-780521.0,-36.7996699669967,-0.07,-0.07,11980169.0,11980169.0,,,1620593647,16:54:07,20210509
14,2016-06-30,INQD,USD,2016-06-30,2016-06-30,Q2,39872.0,27123.0,12749.0,0.31974819422150885,5642.0,409931.0,0.0,101185.0,428262.0,525229.0,0.0,110079.0,-299937.0,-7.522496990369182,-410016.0,-10.28330658105939,-100349.0,-515861.0,-12.937926364365971,0.0,-515861.0,-12.937926364365971,-0.04,-0.04,11799280.0,11799280.0,,,1620593647,16:54:07,20210509
15,2016-03-31,INQD,USD,2016-03-31,2016-03-31,Q1,22294.0,16798.0,5496.0,0.24652372835740557,3030.0,300732.0,0.0,0.0,316335.0,263288.0,0.0,22204.0,-294131.0,-13.19328070332825,-316335.0,-14.189243742711044,-10836.0,-321675.0,-14.42877007266529,0.0,-321675.0,-14.42877007266529,-0.03,-0.03,11583326.0,11583326.0,,,1620593647,16:54:07,20210509
16,2015-12-31,INQD,USD,2015-12-31,2015-12-31,Q4,0.0,0.0,0.0,0.0,18093.0,303816.0,0.0,0.0,318863.0,-524240.0,0.0,-17213.0,499980.0,0.0,517193.0,0.0,10978.0,528171.0,0.0,0.0,528171.0,0.0,0.05,0.05,8235457.0,8235457.0,,,1620593647,16:54:07,20210509
17,2015-09-30,INQD,USD,2015-09-30,2015-09-30,Q3,0.0,0.0,0.0,0.0,5459.0,362989.0,0.0,0.0,380932.0,351889.0,0.0,12484.0,-368448.0,0.0,-380932.0,0.0,-654.0,-381586.0,0.0,0.0,-381586.0,0.0,-0.04,-0.04,9946256.0,9946256.0,,,1620593647,16:54:07,20210509
18,2015-06-30,INQD,USD,2015-06-30,2015-06-30,Q2,0.0,0.0,0.0,0.0,3286.0,291411.0,0.0,0.0,306126.0,277534.0,0.0,11431.0,-294695.0,0.0,-306126.0,0.0,-84.0,-306210.0,0.0,0.0,-306210.0,0.0,-0.03,-0.03,9451732.0,9451732.0,,,1620593647,16:54:07,20210509
19,2015-03-31,INQD,USD,2015-03-31,2015-03-31,Q1,0.0,0.0,0.0,0.0,9242.0,254421.0,0.0,0.0,273676.0,172852.0,0.0,10013.0,-263663.0,0.0,-273676.0,0.0,-9981.0,-283657.0,0.0,0.0,-283657.0,0.0,-0.03,-0.03,9451732.0,9451732.0,,,1620593647,16:54:07,20210509
20,2014-12-31,INQD,USD,2014-12-31,2014-12-31,Q4,0.0,0.0,0.0,0.0,-9143.0,75660.0,0.0,0.0,128455.0,-279422.0,0.0,-4113.0,124022.0,0.0,128135.0,0.0,-111.0,128024.0,0.0,0.0,128024.0,0.0,0.01,0.01,5705614.0,5705614.0,,,1620593647,16:54:07,20210509
21,2014-09-30,INQD,USD,2014-09-30,2014-09-30,Q3,0.0,0.0,0.0,0.0,21966.0,0.0,0.0,0.0,111081.0,337052.0,0.0,10228.0,-304858.0,0.0,-315086.0,0.0,149.0,-314937.0,0.0,0.0,-314937.0,0.0,-0.04,-0.04,8060465.0,8060465.0,,,1620593647,16:54:07,20210509
