,date,symbol,reportedCurrency,fillingDate,acceptedDate,period,revenue,costOfRevenue,grossProfit,grossProfitRatio,researchAndDevelopmentExpenses,generalAndAdministrativeExpenses,sellingAndMarketingExpenses,otherExpenses,operatingExpenses,costAndExpenses,interestExpense,depreciationAndAmortization,ebitda,ebitdaratio,operatingIncome,operatingIncomeRatio,totalOtherIncomeExpensesNet,incomeBeforeTax,incomeBeforeTaxRatio,incomeTaxExpense,netIncome,netIncomeRatio,eps,epsdiluted,weightedAverageShsOut,weightedAverageShsOutDil,link,finalLink,timestamp,est_time,est_date
0,2020-12-31,STRL,USD,2021-03-03,2021-03-03 09:05:41,Q4,347228000.0,300619000.0,46609000.0,0.13423168638473856,0.0,20206000.0,0.0,58802.51,25684000.0,326303000.0,6840000.0,8146000.0,29071000.0,0.08372308684783485,20925000.0,0.060262997223726196,-314000.0,13786000.0,0.039703019341758156,7759000.0,5824000.0,0.016772840899927425,0.21,0.2,28043000.0,29019000.0,https://www.sec.gov/Archives/edgar/data/874238/000087423821000010/0000874238-21-000010-index.htm,https://www.sec.gov/Archives/edgar/data/874238/000087423821000010/strl-20201231.htm,1620598393,18:13:13,20210509
1,2020-09-30,STRL,USD,2020-11-03,2020-11-03 09:08:55,Q3,383458000.0,333542000.0,49916000.0,0.1301733175471629,0.0,15154000.0,0.0,12490.0,20684000.0,354226000.0,7177000.0,8098000.0,37330000.0,0.09735094847414841,29232000.0,0.07623259913732404,-401000.0,21677000.0,0.056530311011897,6280000.0,15157000.0,0.03952714508498975,0.541263436060422,0.5368540360570963,28003000.0,28233000.0,https://www.sec.gov/Archives/edgar/data/874238/000087423820000120/0000874238-20-000120-index.htm,https://www.sec.gov/Archives/edgar/data/874238/000087423820000120/strl-20200930.htm,1620598393,18:13:13,20210509
2,2020-06-30,STRL,USD,2020-08-04,2020-08-04 09:13:18,Q2,400038000.0,340439000.0,59599000.0,0.1489833465820747,0.0,18451000.0,0.0,0.0,26414000.0,366853000.0,7557000.0,8256000.0,41441000.0,0.10359265869742375,33185000.0,0.08295461931116543,-139000.0,25513000.0,0.06377644123808238,7248000.0,18210000.0,0.0455206755358241,0.6517304319816757,0.6513574417855993,27941000.0,27957000.0,https://www.sec.gov/Archives/edgar/data/874238/000087423820000089/0000874238-20-000089-index.htm,https://www.sec.gov/Archives/edgar/data/874238/000087423820000089/strl-20200630.htm,1620598393,18:13:13,20210509
3,2020-03-31,STRL,USD,2020-05-05 00:00:00,2020-05-05 09:04:24,Q1,296688000.0,261443000.0,35245000.0,0.11879482823707059,0.0,17604000.0,0.0,0.0,22669000.0,284112000.0,7803000.0,8285000.0,20861000.0,0.07031292131801758,12576000.0,0.04238796311276492,-473000.0,4399000.0,0.014827023674702044,1184000.0,3115000.0,0.010499244998112495,0.11230891260455725,0.11128179479851386,27736000.0,27992000.0,https://www.sec.gov/Archives/edgar/data/874238/000087423820000056/0000874238-20-000056-index.html,https://www.sec.gov/Archives/edgar/data/874238/000087423820000056/a20200331form10-q.htm,1620598393,18:13:13,20210509
4,2019-12-31,STRL,USD,2020-03-03 00:00:00,2020-03-03 16:09:42,Q4,346544000.0,312965000.0,33579000.0,0.09689678655524263,0.0,15098000.0,0.0,0.0,21694000.0,334659000.0,7698000.0,8452000.0,20337000.0,0.058685188605198765,11885000.0,0.03429578927928344,-9881000.0,-5538000.0,-0.01598065469319913,-27998000.0,22301000.0,0.06435257860473706,0.81,0.79,27612000.0,28201000.0,https://www.sec.gov/Archives/edgar/data/874238/000087423820000033/0000874238-20-000033-index.html,https://www.sec.gov/Archives/edgar/data/874238/000087423820000033/strl_123119x10kdocument.htm,1620598393,18:13:13,20210509
5,2019-09-30,STRL,USD,2019-11-05 00:00:00,2019-11-05 09:07:38,Q3,291699000.0,262483000.0,29216000.0,0.10015803962303607,0.0,10839000.0,0.0,0.0,15205000.0,277688000.0,3024000.0,3815000.0,17826000.0,0.06111093970154166,14011000.0,0.048032389552243926,-1896000.0,9422000.0,0.032300419267806885,913000.0,7957000.0,0.02727811888282099,0.30180163095012325,0.2987198258062094,26365000.0,26637000.0,https://www.sec.gov/Archives/edgar/data/874238/000087423819000132/0000874238-19-000132-index.html,https://www.sec.gov/Archives/edgar/data/874238/000087423819000132/a20190930form10-q.htm,1620598393,18:13:13,20210509
6,2019-06-30,STRL,USD,2019-08-06 00:00:00,2019-08-06 09:10:57,Q2,264086000.0,238590000.0,25496000.0,0.0965443075361814,0.0,10774000.0,0.0,0.0,14312000.0,252902000.0,2904000.0,4084000.0,15268000.0,0.05781449982202767,11184000.0,0.04234984058223457,0.0,8571000.0,0.03245533651916421,706000.0,7828000.0,0.029641859091356602,0.3,0.29,26338000.0,26623000.0,https://www.sec.gov/Archives/edgar/data/874238/000087423819000104/0000874238-19-000104-index.html,https://www.sec.gov/Archives/edgar/data/874238/000087423819000104/a20190630form10-q.htm,1620598393,18:13:13,20210509
7,2019-03-31,STRL,USD,2019-05-07 00:00:00,2019-05-07 09:06:04,Q1,223949000.0,204446000.0,19503000.0,0.08708679208212584,0.0,12489000.0,0.0,0.0,14783000.0,219229000.0,3060000.0,4389000.0,9109000.0,0.040674439269655145,4720000.0,0.02107622717672327,0.0,2024000.0,0.009037771992730488,163000.0,1815000.0,0.00810452379782897,0.06880994806081056,0.06791902106799386,26377000.0,26723000.0,https://www.sec.gov/Archives/edgar/data/874238/000087423819000068/0000874238-19-000068-index.html,https://www.sec.gov/Archives/edgar/data/874238/000087423819000068/a20190331form10-q.htm,1620598393,18:13:13,20210509
8,2018-12-31,STRL,USD,2019-03-05 00:00:00,2019-03-05 14:39:02,Q4,255175000.0,228360000.0,26815000.0,0.10508474576271186,0.0,12264000.0,0.0,0.0,17405000.0,245765000.0,3085000.0,4259000.0,13669000.0,0.0535671597922994,9410000.0,0.03687665327716273,0.0,6738000.0,0.026405408053296758,187000.0,5607000.0,0.021973155677476243,0.22,0.21,26881000.0,27196000.0,https://www.sec.gov/Archives/edgar/data/874238/000087423819000044/0000874238-19-000044-index.html,https://www.sec.gov/Archives/edgar/data/874238/000087423819000044/strl_123118x10kdocument.htm,1620598393,18:13:13,20210509
9,2018-09-30,STRL,USD,2018-11-06 00:00:00,2018-11-06 09:10:55,Q3,291266000.0,259735000.0,31531000.0,0.10825499715037114,0.0,11707000.0,0.0,0.0,17159000.0,276894000.0,3067000.0,4204000.0,18576000.0,0.06377675389506499,14372000.0,0.04934321204672018,0.0,11579000.0,0.03975403926307911,1413000.0,8915000.0,0.030607760603709323,0.3313141073286755,0.3266165964462356,26908000.0,27295000.0,https://www.sec.gov/Archives/edgar/data/874238/000087423818000085/0000874238-18-000085-index.html,https://www.sec.gov/Archives/edgar/data/874238/000087423818000085/strl_093018x10qdocument.htm,1620598393,18:13:13,20210509
10,2018-06-30,STRL,USD,2018-08-02 00:00:00,2018-08-02 16:50:43,Q2,268734000.0,237269000.0,31465000.0,0.11708604047124666,0.0,13622000.0,0.0,0.0,19315000.0,256584000.0,3111000.0,4183000.0,16333000.0,0.060777571874046456,12150000.0,0.04521199401638795,0.0,9240000.0,0.03438344236308022,98000.0,8176000.0,0.03042413687884674,0.3040874772194741,0.3014193548387097,26887000.0,27125000.0,https://www.sec.gov/Archives/edgar/data/874238/000087423818000075/0000874238-18-000075-index.html,https://www.sec.gov/Archives/edgar/data/874238/000087423818000075/strl_063018x10qdocument.htm,1620598393,18:13:13,20210509
11,2018-03-31,STRL,USD,2018-05-08 00:00:00,2018-05-08 10:01:07,Q1,222492000.0,201898000.0,20594000.0,0.0925606313934883,0.0,13100000.0,0.0,0.0,13915000.0,215813000.0,3087000.0,4124000.0,10803000.0,0.0485545547705086,6679000.0,0.03001905686496593,0.0,3721000.0,0.016724196825054383,41000.0,2489000.0,0.011186919080236593,0.09268637819319282,0.09191963955979024,26854000.0,27078000.0,https://www.sec.gov/Archives/edgar/data/874238/000087423818000046/0000874238-18-000046-index.html,https://www.sec.gov/Archives/edgar/data/874238/000087423818000046/strl_033118x10qdocument.htm,1620598393,18:13:13,20210509
12,2017-12-31,STRL,USD,2018-03-06 00:00:00,2018-03-06 09:09:32,Q4,253911000.0,229942000.0,23969000.0,0.09439921862384851,0.0,11806000.0,0.0,0.0,17000000.0,246942000.0,3128000.0,3854000.0,10823000.0,0.042625171812170404,6969000.0,0.027446624998523104,0.0,3963000.0,0.015607831090421447,-351000.0,3080000.0,0.01213023460976484,0.11491679725393628,0.1123472551522889,26802000.0,27415000.0,https://www.sec.gov/Archives/edgar/data/874238/000087423818000022/0000874238-18-000022-index.html,https://www.sec.gov/Archives/edgar/data/874238/000087423818000022/strl_123117x10k.htm,1620598393,18:13:13,20210509
13,2017-09-30,STRL,USD,2017-10-31 00:00:00,2017-10-31 09:00:23,Q3,304219000.0,273588000.0,30631000.0,0.10068733379571954,0.0,13129000.0,0.0,0.0,17992000.0,291580000.0,3576000.0,4753000.0,17392000.0,0.05716934182283158,12639000.0,0.04154572857053636,-4863000.0,9170000.0,0.030142758999273548,344000.0,7132000.0,0.023443637642619298,0.27,0.26,26486000.0,26920000.0,https://www.sec.gov/Archives/edgar/data/874238/000087423817000011/0000874238-17-000011-index.html,https://www.sec.gov/Archives/edgar/data/874238/000087423817000011/strl_93017x10qdocument.htm,1620598393,18:13:13,20210509
14,2017-06-30,STRL,USD,2017-08-02 00:00:00,2017-08-02 12:17:23,Q2,246412000.0,221207000.0,25205000.0,0.10228803792023115,0.0,12812000.0,0.0,0.0,16849000.0,238056000.0,2984000.0,4317000.0,12673000.0,0.051430125156242394,8356000.0,0.03391068616788143,-755000.0,4661000.0,0.01891547489570313,98000.0,3662000.0,0.014861289222927454,0.14,0.13,26978000.0,27336000.0,https://www.sec.gov/Archives/edgar/data/874238/000117184317004586/0001171843-17-004586-index.html,https://www.sec.gov/Archives/edgar/data/874238/000117184317004586/f10q_080217p.htm,1620598393,18:13:13,20210509
15,2017-03-31,STRL,USD,2017-05-03 00:00:00,2017-05-03 09:06:10,Q1,153416000.0,144129000.0,9287000.0,0.06053475517547061,0.0,10604000.0,0.0,0.0,11075000.0,155204000.0,112000.0,4070000.0,2282000.0,0.01487458935182771,-1788000.0,-0.011654586223079732,-471000.0,-1859000.0,-0.012117380195025292,27000.0,-2257000.0,-0.014711633727903217,-0.09,-0.09,25022000.0,25022000.0,https://www.sec.gov/Archives/edgar/data/874238/000117184317002553/0001171843-17-002553-index.html,https://www.sec.gov/Archives/edgar/data/874238/000117184317002553/f10q_050317p.htm,1620598393,18:13:13,20210509
16,2016-12-31,STRL,USD,2017-03-09 00:00:00,2017-03-09 09:06:31,Q4,168345000.0,161442000.0,6903000.0,0.041005078855920876,0.0,9402000.0,0.0,0.0,12219000.0,173661000.0,452000.0,3951000.0,-1365000.0,-0.008108348926312037,-5316000.0,-0.031578009444889955,-2817000.0,-5754000.0,-0.03417980932014613,20000.0,-6348000.0,-0.037708277644123676,-0.25,-0.25,24994000.0,24994000.0,https://www.sec.gov/Archives/edgar/data/874238/000117184317001381/0001171843-17-001381-index.html,https://www.sec.gov/Archives/edgar/data/874238/000117184317001381/f10k_030917p.htm,1620598393,18:13:13,20210509
17,2016-09-30,STRL,USD,2016-10-31 00:00:00,2016-10-31 16:26:21,Q3,205629000.0,188597000.0,17032000.0,0.08282878387776044,0.0,9575000.0,0.0,0.0,13360000.0,201957000.0,491000.0,3953000.0,7625000.0,0.037081345530056556,3672000.0,0.017857403381818713,-3785000.0,3196000.0,0.015542554795286658,41000.0,2415000.0,0.01174445238755234,0.09658854846169439,0.09521038162962404,25002964.0,25364881.0,https://www.sec.gov/Archives/edgar/data/874238/000117184316012746/0001171843-16-012746-index.html,https://www.sec.gov/Archives/edgar/data/874238/000117184316012746/f10q_103116p.htm,1620598393,18:13:13,20210509
18,2016-06-30,STRL,USD,2016-08-01 00:00:00,2016-08-01 09:01:15,Q2,189582000.0,173493000.0,16089000.0,0.0848656518023863,0.0,9104000.0,0.0,0.0,12708000.0,186201000.0,812000.0,3982000.0,7363000.0,0.03883807534470572,3381000.0,0.01783397157958034,-3604000.0,2570000.0,0.013556139295924719,27000.0,2023000.0,0.010670844278465255,0.0888774817982388,0.08811531703372744,22761671.0,22958551.0,https://www.sec.gov/Archives/edgar/data/874238/000117184316011379/0001171843-16-011379-index.html,https://www.sec.gov/Archives/edgar/data/874238/000117184316011379/f10q_080116p.htm,1620598393,18:13:13,20210509
19,2016-03-31,STRL,USD,2016-05-02 00:00:00,2016-05-02 07:11:10,Q1,126567000.0,122737000.0,3830000.0,0.030260652460752012,0.0,10542000.0,0.0,0.0,10296000.0,133033000.0,873000.0,4162000.0,-2304000.0,-0.01820379719832184,-6466000.0,-0.0510875662692487,246000.0,-7336000.0,-0.05796139594049002,0.0,-7328000.0,-0.057898188311329174,-0.37,-0.37,19760221.0,19760221.0,https://www.sec.gov/Archives/edgar/data/874238/000117184316009576/0001171843-16-009576-index.html,https://www.sec.gov/Archives/edgar/data/874238/000117184316009576/f10q_050216p.htm,1620598393,18:13:13,20210509
20,2015-12-31,STRL,USD,2016-03-14 00:00:00,2016-03-14 10:51:27,Q4,152488000.0,140268000.0,12220000.0,0.08013745343895913,0.0,9560000.0,0.0,0.0,12148000.0,152416000.0,909000.0,4050000.0,4122000.0,0.027031635276218456,72000.0,0.00047216830176800796,0.0,-841000.0,-0.0055151880803735375,15000.0,-1124000.0,-0.0073710718220450135,-1.01,-1.010564,19690000.0,19690000.0,https://www.sec.gov/Archives/edgar/data/874238/000117184316008548/0001171843-16-008548-index.html,https://www.sec.gov/Archives/edgar/data/874238/000117184316008548/f10k_031416p.htm,1620598393,18:13:13,20210509
21,2015-09-30,STRL,USD,2015-11-09 00:00:00,2015-11-09 06:05:24,Q3,176000000.0,161542000.0,14458000.0,0.08214772727272728,0.0,11119000.0,0.0,0.0,12077000.0,173619000.0,1087000.0,4089000.0,6470000.0,0.036761363636363634,2381000.0,0.013528409090909091,-958000.0,1326000.0,0.007534090909090909,-39000.0,256000.0,0.0014545454545454545,0.01,0.01,19627674.0,19627674.0,https://www.sec.gov/Archives/edgar/data/874238/000117184315006116/0001171843-15-006116-index.html,https://www.sec.gov/Archives/edgar/data/874238/000117184315006116/gff10q_110915.htm,1620598393,18:13:13,20210509
22,2015-06-30,STRL,USD,2015-08-10 00:00:00,2015-08-10 17:25:17,Q2,177425000.0,168314000.0,9111000.0,0.0513512751866986,0.0,9598000.0,0.0,0.0,9273000.0,177587000.0,634000.0,4116000.0,3954000.0,0.02228547273495843,-162000.0,-0.0009130618571227279,-240000.0,-967000.0,-0.005450190221220234,28000.0,-2542000.0,-0.01432718049880231,-0.13,-0.13,19269977.0,19269977.0,https://www.sec.gov/Archives/edgar/data/874238/000117184315004528/0001171843-15-004528-index.html,https://www.sec.gov/Archives/edgar/data/874238/000117184315004528/gff10q_081015.htm,1620598393,18:13:13,20210509
23,2015-03-31,STRL,USD,2015-05-11 00:00:00,2015-05-11 06:05:34,Q1,117682000.0,124518000.0,-6836000.0,-0.05808874764195034,0.0,11603000.0,0.0,0.0,9842000.0,134360000.0,382000.0,4274000.0,-12404000.0,-0.10540269539946635,-16678000.0,-0.14172090889005964,1761000.0,-16697000.0,-0.1418823609388012,3000.0,-16992000.0,-0.14438911643241958,-0.9,-0.9,18901739.0,18901739.0,https://www.sec.gov/Archives/edgar/data/874238/000117184315002705/0001171843-15-002705-index.html,https://www.sec.gov/Archives/edgar/data/874238/000117184315002705/f10q_051115.htm,1620598393,18:13:13,20210509
24,2014-12-31,STRL,USD,2015-03-16,2015-03-16 06:06:30,Q4,153612000.0,149915000.0,3697000.0,0.02406713017212197,0.0,9581000.0,0.0,0.0,9325000.0,159240000.0,357000.0,4539000.0,-1089000.0,-0.007089289899226623,-5628000.0,-0.03663776267479103,256000.0,-5875000.0,-0.03824570997057521,59000.0,-7252000.0,-0.04720985339687003,-0.38366840215072273,-0.38366840215072273,18901739.0,18901739.0,https://www.sec.gov/Archives/edgar/data/874238/000117184315001420/f10k_031615.htm,https://www.sec.gov/Archives/edgar/data/874238/000117184315001420/f10k_031615.htm,1620598393,18:13:13,20210509
25,2014-09-30,STRL,USD,2014-11-10 00:00:00,2014-11-10 06:10:38,Q3,189275000.0,180919000.0,8356000.0,0.044147404570070006,0.0,9326000.0,0.0,0.0,9929000.0,190848000.0,211000.0,4608000.0,3035000.0,0.01603486989829613,-1573000.0,-0.008310659093910976,0.0,-1671000.0,-0.008828424250429269,546000.0,-3935000.0,-0.020789856029586582,-0.21,-0.21,18809401.0,18809401.0,https://www.sec.gov/Archives/edgar/data/874238/000117184314005379/0001171843-14-005379-index.html,https://www.sec.gov/Archives/edgar/data/874238/000117184314005379/f10q_111014.htm,1620598393,18:13:13,20210509
26,2014-06-30,STRL,USD,2014-08-11 00:00:00,2014-08-11 06:06:46,Q2,194806000.0,182307000.0,12499000.0,0.06416126813342504,0.0,9507000.0,0.0,0.0,9964000.0,192271000.0,251000.0,4568000.0,7103000.0,0.03646191595741404,2535000.0,0.013012946213155652,-457000.0,2473000.0,0.01269468086198577,28000.0,1200000.0,0.006159974538771907,0.06688171367002034,0.06626164237763338,17942124.0,18110025.0,https://www.sec.gov/Archives/edgar/data/874238/000117184314003853/0001171843-14-003853-index.html,https://www.sec.gov/Archives/edgar/data/874238/000117184314003853/f10q_081114.htm,1620598393,18:13:13,20210509
27,2014-03-31,STRL,USD,2014-05-12 00:00:00,2014-05-12 06:04:31,Q1,134538000.0,126669000.0,7869000.0,0.058489051420416535,0.0,8484000.0,0.0,0.0,7428000.0,134097000.0,319000.0,4633000.0,5074000.0,0.03771425173556913,441000.0,0.003277884315212059,1056000.0,480000.0,0.003567765241047139,0.0,205000.0,0.0015237330716972156,0.012299061089676414,0.012162438202206527,16667939.0,16855173.0,https://www.sec.gov/Archives/edgar/data/874238/000117184314002287/0001171843-14-002287-index.html,https://www.sec.gov/Archives/edgar/data/874238/000117184314002287/f10q_051214.htm,1620598393,18:13:13,20210509
28,2013-12-31,STRL,USD,2014-03-17,2014-03-17 06:49:19,Q4,125916000.0,148969000.0,-23053000.0,-0.18308237237523428,0.0,13678000.0,0.0,0.0,13971000.0,162940000.0,2000.0,4630000.0,-32394000.0,-0.25726674926141235,-37024000.0,-0.2940372947044061,-316000.0,-37334000.0,-0.29649925347056766,14150000.0,-52137000.0,-0.4140617554560183,-3.52,-3.52,16661984.0,16661984.0,https://www.sec.gov/Archives/edgar/data/874238/000117184314001265/f10k_031714.htm,https://www.sec.gov/Archives/edgar/data/874238/000117184314001265/f10k_031714.htm,1620598393,18:13:13,20210509
29,2013-09-30,STRL,USD,2013-11-08 00:00:00,2013-11-08 16:15:37,Q3,185935000.0,177576000.0,8359000.0,0.04495657084465001,0.0,8176000.0,0.0,0.0,6836000.0,184412000.0,306000.0,4534000.0,6057000.0,0.03257590018017049,1523000.0,0.008191034501304218,163000.0,1715000.0,0.009223653427272972,-380000.0,-189000.0,-0.0010164842552504907,-0.06,-0.06,16652074.0,16652074.0,https://www.sec.gov/Archives/edgar/data/874238/000117184313004537/0001171843-13-004537-index.html,https://www.sec.gov/Archives/edgar/data/874238/000117184313004537/f10q_110813.htm,1620598393,18:13:13,20210509
30,2013-06-30,STRL,USD,2013-08-09 00:00:00,2013-08-09 06:00:43,Q2,133350000.0,149985000.0,-16635000.0,-0.12474690663667042,0.0,9486000.0,0.0,0.0,9480000.0,159465000.0,209000.0,4864000.0,-21251000.0,-0.1593625796775403,-26115000.0,-0.19583802024746907,102000.0,-25967000.0,-0.1947281589801275,-9747000.0,-17025000.0,-0.12767154105736783,-0.93,-0.93,16629630.0,16629630.0,https://www.sec.gov/Archives/edgar/data/874238/000117184313003304/0001171843-13-003304-index.html,https://www.sec.gov/Archives/edgar/data/874238/000117184313003304/f10q_080913.htm,1620598393,18:13:13,20210509
31,2013-03-31,STRL,USD,2013-05-10 00:00:00,2013-05-10 06:00:54,Q1,111035000.0,109650000.0,1385000.0,0.012473544377898861,0.0,9611000.0,0.0,0.0,9359000.0,119009000.0,99000.0,4622000.0,-3352000.0,-0.03018867924528302,-7974000.0,-0.07181519340748413,573000.0,-7219000.0,-0.06501553564191472,-2800000.0,-4580000.0,-0.041248255054712475,-0.39,-0.39,16598255.0,16598255.0,https://www.sec.gov/Archives/edgar/data/874238/000117184313001961/0001171843-13-001961-index.html,https://www.sec.gov/Archives/edgar/data/874238/000117184313001961/f10q_051013.htm,1620598393,18:13:13,20210509
32,2012-12-31,STRL,USD,2013-03-18 00:00:00,2013-03-18 06:05:19,Q4,158089000.0,141819000.0,16270000.0,0.10291671147265148,0.0,9149000.0,0.0,0.0,8939000.0,150758000.0,-34000.0,4370000.0,11701000.0,0.07401526987962477,7331000.0,0.04637261289526785,-105000.0,7347000.0,0.04647382170802523,1567000.0,2926000.0,0.018508561633004194,0.17738476416434923,0.17694996319489145,16495216.0,16535748.0,https://www.sec.gov/Archives/edgar/data/874238/000117184313001025/0001171843-13-001025-index.html,https://www.sec.gov/Archives/edgar/data/874238/000117184313001025/f10k_031813.htm,1620598393,18:13:13,20210509
33,2012-09-30,STRL,USD,2012-11-08 00:00:00,2012-11-08 16:16:32,Q3,205283000.0,191114000.0,14169000.0,0.06902178943214976,0.0,10259000.0,0.0,0.0,9998000.0,201112000.0,159000.0,5243000.0,9414000.0,0.04585864392083124,4171000.0,0.020318292308666573,617000.0,4916000.0,0.023947428671638665,847000.0,990000.0,0.0048226107373723105,0.06034837838725847,0.059985338129171215,16404749.0,16504033.0,https://www.sec.gov/Archives/edgar/data/874238/000117184312004042/0001171843-12-004042-index.html,https://www.sec.gov/Archives/edgar/data/874238/000117184312004042/f10q_110812.htm,1620598393,18:13:13,20210509
34,2012-06-30,STRL,USD,2012-08-08 00:00:00,2012-08-08 17:18:28,Q2,168709000.0,153550000.0,15159000.0,0.08985294204814206,0.0,8444000.0,0.0,0.0,6919000.0,160469000.0,432000.0,4854000.0,13094000.0,0.07761293114178852,8240000.0,0.04884149630428727,333000.0,8652000.0,0.051283571119501624,984000.0,3287000.0,0.019483252227207797,0.2009218197734333,0.19988659916941554,16359597.0,16444324.0,https://www.sec.gov/Archives/edgar/data/874238/000117184312003010/0001171843-12-003010-index.html,https://www.sec.gov/Archives/edgar/data/874238/000117184312003010/f10q_080812.htm,1620598393,18:13:13,20210509
35,2012-03-31,STRL,USD,2012-05-09 00:00:00,2012-05-09 17:26:08,Q1,98425000.0,96552000.0,1873000.0,0.01902971805943612,0.0,7666000.0,0.0,0.0,6435000.0,102987000.0,385000.0,4530000.0,-32000.0,-0.0003251206502413005,-4562000.0,-0.0463500127000254,750000.0,-3781000.0,-0.03841503683007366,-3976000.0,-7500000.0,-0.0762001524003048,-0.44,-0.44,16322477.0,16322477.0,https://www.sec.gov/Archives/edgar/data/874238/000114036112024059/0001140361-12-024059-index.html,https://www.sec.gov/Archives/edgar/data/874238/000114036112024059/form10q.htm,1620598393,18:13:13,20210509
36,2011-12-31,STRL,USD,2012-03-15 00:00:00,2012-03-15 17:23:05,Q4,113989000.0,110089000.0,3900000.0,0.03421382765003641,0.0,0.0,0.0,0.0,5414000.0,115503000.0,286000.0,4547000.0,3033000.0,0.0266078305801437,-1514000.0,-0.013281983349270544,-67329000.0,-68726000.0,-0.6029178254042057,-20307000.0,-43616000.0,-0.38263341199589435,-2.6721434497962533,-2.6721434497962533,16322477.0,16322477.0,https://www.sec.gov/Archives/edgar/data/874238/000114036112016008/0001140361-12-016008-index.html,https://www.sec.gov/Archives/edgar/data/874238/000114036112016008/form10k.htm,1620598393,18:13:13,20210509
37,2011-09-30,STRL,USD,2011-11-08 00:00:00,2011-11-08 17:09:19,Q3,159427000.0,144671000.0,14756000.0,0.09255646785048957,0.0,7071000.0,0.0,0.0,6995000.0,151666000.0,357000.0,4339000.0,12100000.0,0.07589680543446217,7761000.0,0.04868058735345958,212000.0,7925000.0,0.0497092713279432,1984000.0,3461000.0,0.0217089953395598,0.2112203857393223,0.21051242227052336,16385729.0,16440835.0,https://www.sec.gov/Archives/edgar/data/874238/000087423811000027/0000874238-11-000027-index.html,https://www.sec.gov/Archives/edgar/data/874238/000087423811000027/form10-q.htm,1620598393,18:13:13,20210509
38,2011-06-30,STRL,USD,2011-08-08 00:00:00,2011-08-08 06:48:50,Q2,128498000.0,114916000.0,13582000.0,0.10569814316176128,0.0,6300000.0,0.0,0.0,6295000.0,121211000.0,374000.0,4225000.0,11512000.0,0.08958894301856839,7287000.0,0.056709053837413814,-41000.0,7437000.0,0.057876387181123444,1145000.0,4211000.0,0.032770938069075,0.26,0.25,16483691.0,16594509.0,https://www.sec.gov/Archives/edgar/data/874238/000087423811000020/0000874238-11-000020-index.html,https://www.sec.gov/Archives/edgar/data/874238/000087423811000020/form_10q.htm,1620598393,18:13:13,20210509
39,2011-03-31,STRL,USD,2011-05-10 00:00:00,2011-05-09 18:25:41,Q1,99242000.0,91643000.0,7599000.0,0.07657040365974084,0.0,6056000.0,0.0,0.0,5911000.0,97554000.0,214000.0,4211000.0,5899000.0,0.05944055944055944,1688000.0,0.01700892767175188,-204000.0,1648000.0,0.016605872513653492,166000.0,44000.0,0.0004433606739082243,0.0026723609008820126,0.0026467026686402247,16464842.0,16624459.0,https://www.sec.gov/Archives/edgar/data/874238/000087423811000012/0000874238-11-000012-index.html,https://www.sec.gov/Archives/edgar/data/874238/000087423811000012/form10q.htm,1620598393,18:13:13,20210509
40,2010-12-31,STRL,USD,2011-03-16 00:00:00,2011-03-16 07:22:26,Q4,137997000.0,109246000.0,28751000.0,0.20834510895164388,0.0,7413000.0,0.0,0.0,9216000.0,118462000.0,296000.0,3954000.0,23489000.0,0.17021384522851946,19535000.0,0.14156104842858902,-1082000.0,18698000.0,0.13549569918186627,5325000.0,9372000.0,0.06791451988086697,0.5692128718878687,0.5692128718878687,16464842.0,16464842.0,https://www.sec.gov/Archives/edgar/data/874238/000087423811000006/0000874238-11-000006-index.html,https://www.sec.gov/Archives/edgar/data/874238/000087423811000006/form10k.htm,1620598393,18:13:13,20210509
41,2010-09-30,STRL,USD,2010-11-09 00:00:00,2010-11-09 07:37:00,Q3,118874000.0,105876000.0,12998000.0,0.10934266534313643,0.0,6774000.0,0.0,0.0,6819000.0,112695000.0,297000.0,3713000.0,9892000.0,0.08321415953025893,6179000.0,0.051979406766828745,80000.0,6545000.0,0.055058297020374514,1824000.0,3496000.0,0.02940929050927873,0.22,0.21,16199356.0,16549056.0,https://www.sec.gov/Archives/edgar/data/874238/000087423810000027/0000874238-10-000027-index.html,https://www.sec.gov/Archives/edgar/data/874238/000087423810000027/form10q.htm,1620598393,18:13:13,20210509
42,2010-06-30,STRL,USD,2010-08-09 00:00:00,2010-08-09 08:33:56,Q2,116865000.0,104162000.0,12703000.0,0.10869807042313781,0.0,5241000.0,0.0,0.0,5324000.0,109486000.0,297000.0,4131000.0,11510000.0,0.09848971034954862,7379000.0,0.06314123133530142,547000.0,8112000.0,0.06941342574765755,2263000.0,4667000.0,0.03993496769777093,0.29,0.28,16119234.0,16542667.0,https://www.sec.gov/Archives/edgar/data/874238/000087423810000020/0000874238-10-000020-index.html,https://www.sec.gov/Archives/edgar/data/874238/000087423810000020/form10q.htm,1620598393,18:13:13,20210509
43,2010-03-31,STRL,USD,2010-05-10 00:00:00,2010-05-10 07:49:26,Q1,86157000.0,77908000.0,8249000.0,0.09574381652100236,0.0,5464000.0,0.0,0.0,5433000.0,83341000.0,297000.0,3972000.0,6788000.0,0.07878640156922827,2816000.0,0.032684517798902,417000.0,3138000.0,0.03642188098471395,858000.0,1552000.0,0.018013626286894856,0.1,0.09,16087808.0,16532581.0,https://www.sec.gov/Archives/edgar/data/874238/000087423810000016/0000874238-10-000016-index.html,https://www.sec.gov/Archives/edgar/data/874238/000087423810000016/form10q.htm,1620598393,18:13:13,20210509
44,2009-12-31,STRL,USD,2010-03-15 00:00:00,2010-03-15 07:04:19,Q4,71677000.0,64240000.0,7437000.0,0.10375713269249551,0.0,4435000.0,0.0,0.0,6346000.0,70586000.0,80000.0,3413000.0,4504000.0,0.06283745134422479,1091000.0,0.015221061149322656,0.0,1177000.0,0.016420888151010785,113000.0,761000.0,0.010617073817263557,0.04730290167560428,0.04730290167560428,16087808.0,16087808.0,https://www.sec.gov/Archives/edgar/data/874238/000087423810000005/0000874238-10-000005-index.html,https://www.sec.gov/Archives/edgar/data/874238/000087423810000005/form10k.htm,1620598393,18:13:13,20210509
45,2009-09-30,STRL,USD,2009-11-09 00:00:00,2009-11-09 08:47:49,Q3,103929000.0,87387000.0,16542000.0,0.15916635395317957,0.0,3508000.0,0.0,0.0,3578000.0,90965000.0,52000.0,3349000.0,16313000.0,0.15696292661336103,12964000.0,0.12473900451269616,0.0,13041000.0,0.12547989492826833,4214000.0,8092000.0,0.07786084730922072,0.61,0.59,13275416.0,13740464.0,https://www.sec.gov/Archives/edgar/data/874238/000087423809000034/0000874238-09-000034-index.html,https://www.sec.gov/Archives/edgar/data/874238/000087423809000034/form10q.htm,1620598393,18:13:13,20210509
46,2009-06-30,STRL,USD,2009-08-10 00:00:00,2009-08-10 08:37:29,Q2,120375000.0,101796000.0,18579000.0,0.15434267912772587,0.0,3814000.0,0.0,0.0,3861000.0,105657000.0,45000.0,3365000.0,18083000.0,0.15022222222222223,14718000.0,0.12226791277258567,0.0,14791000.0,0.12287435098650051,5021000.0,9285000.0,0.07713395638629283,0.7,0.68,13223165.0,13730182.0,https://www.sec.gov/Archives/edgar/data/874238/000087423809000023/0000874238-09-000023-index.html,https://www.sec.gov/Archives/edgar/data/874238/000087423809000023/form10q.htm,1620598393,18:13:13,20210509
47,2009-03-31,STRL,USD,2009-05-11 00:00:00,2009-05-11 08:35:27,Q1,94866000.0,83055000.0,11811000.0,0.12450192903674658,0.0,3214000.0,0.0,0.0,3127000.0,86182000.0,58000.0,3603000.0,12287000.0,0.12951953281470707,8684000.0,0.09153964539455653,0.0,8785000.0,0.09260430501971202,2919000.0,5866000.0,0.06183458773427782,0.42,0.41,13188266.0,13715629.0,https://www.sec.gov/Archives/edgar/data/874238/000087423809000013/0000874238-09-000013-index.html,https://www.sec.gov/Archives/edgar/data/874238/000087423809000013/form10q.htm,1620598393,18:13:13,20210509
48,2008-12-31,STRL,USD,2009-03-16 00:00:00,2009-03-16 08:20:37,Q4,109272000.0,99713000.0,9559000.0,0.08747895160699905,0.0,0.0,0.0,0.0,3713000.0,103426000.0,-227000.0,3413000.0,9259000.0,0.08473350904165751,5846000.0,0.05349952412328868,-40000.0,6330000.0,0.05792883812870635,2409000.0,3832000.0,0.03506845303462918,0.2905613217082519,0.2905613217082519,13188266.0,13188266.0,https://www.sec.gov/Archives/edgar/data/874238/000087423809000003/0000874238-09-000003-index.html,https://www.sec.gov/Archives/edgar/data/874238/000087423809000003/form10k.htm,1620598393,18:13:13,20210509
49,2008-09-30,STRL,USD,2008-11-10 00:00:00,2008-11-10 12:12:32,Q3,114148000.0,101576000.0,12572000.0,0.110137715947717,0.0,0.0,0.0,0.0,3140000.0,104716000.0,144000.0,3203000.0,12635000.0,0.11068963100536146,9432000.0,0.0826295686301994,61000.0,9591000.0,0.08402249710901637,3245000.0,5978000.0,0.05237060658093002,0.46,0.44,13125671.0,13705477.0,https://www.sec.gov/Archives/edgar/data/874238/000087423808000005/0000874238-08-000005-index.html,https://www.sec.gov/Archives/edgar/data/874238/000087423808000005/form10q.htm,1620598393,18:13:13,20210509
50,2008-06-30,STRL,USD,2008-08-11 00:00:00,2008-08-11 08:24:57,Q2,106728000.0,94988000.0,11740000.0,0.10999925043100217,0.0,0.0,0.0,0.0,3533000.0,98521000.0,152000.0,3267000.0,11474000.0,0.10750693351322989,8207000.0,0.07689640956450042,-91000.0,8278000.0,0.0775616520500712,2781000.0,5140000.0,0.04815980811033656,0.39,0.37,13110500.0,13783307.0,https://www.sec.gov/Archives/edgar/data/874238/000087423808000003/0000874238-08-000003-index.html,https://www.sec.gov/Archives/edgar/data/874238/000087423808000003/form10q.htm,1620598393,18:13:13,20210509
51,2008-03-31,STRL,USD,2008-05-12 00:00:00,2008-05-12 11:38:27,Q1,84926000.0,76825000.0,8101000.0,0.09538892683041707,0.0,0.0,0.0,0.0,3458000.0,80283000.0,130000.0,3285000.0,7928000.0,0.09335185926571368,4643000.0,0.054671125450392107,-11000.0,4800000.0,0.056519793702752986,1591000.0,3117000.0,0.03670254103572522,0.24,0.23,13068864.0,13684249.0,https://www.sec.gov/Archives/edgar/data/874238/000114036108011866/0001140361-08-011866-index.html,https://www.sec.gov/Archives/edgar/data/874238/000114036108011866/form10q.htm,1620598393,18:13:13,20210509
52,2007-12-31,STRL,USD,2008-03-17,2008-03-17 16:24:13,Q4,88343000.0,76250000.0,12093000.0,0.13688690671586884,0.0,0.0,0.0,0.0,4365000.0,80615000.0,222000.0,2780000.0,10508000.0,0.1189454738915364,7728000.0,0.08747721947409529,116000.0,7754000.0,0.0877715268895102,3000000.0,4692000.0,0.053111168966415,0.35902125846592325,0.35902125846592325,13068864.0,13068864.0,https://www.sec.gov/Archives/edgar/data/874238/000114036108006929/form10k.htm,https://www.sec.gov/Archives/edgar/data/874238/000114036108006929/form10k.htm,1620598393,18:13:13,20210509
53,2007-09-30,STRL,USD,2007-11-09 00:00:00,2007-11-09 11:14:33,Q3,77714000.0,69799000.0,7915000.0,0.10184780091103277,0.0,0.0,0.0,0.0,3257000.0,73056000.0,13000.0,2103000.0,6761000.0,0.08699848161206475,4658000.0,0.05993772035926603,0.0,5125000.0,0.06594693362843246,1682000.0,3443000.0,0.04430347170394009,0.31,0.29,11003346.0,11774116.0,https://www.sec.gov/Archives/edgar/data/874238/000114036107021425/0001140361-07-021425-index.html,https://www.sec.gov/Archives/edgar/data/874238/000114036107021425/form10-q.htm,1620598393,18:13:13,20210509
54,2007-06-30,STRL,USD,2007-08-09 00:00:00,2007-08-09 09:15:23,Q2,71275000.0,63229000.0,8046000.0,0.11288670641880041,0.0,0.0,0.0,0.0,2768000.0,65997000.0,42000.0,2210000.0,7488000.0,0.10505787443002455,5278000.0,0.0740512101017187,108000.0,5711000.0,0.08012627148368993,1914000.0,3797000.0,0.05327253595229744,0.35,0.32,10969513.0,11783284.0,https://www.sec.gov/Archives/edgar/data/874238/000114036107015753/0001140361-07-015753-index.html,https://www.sec.gov/Archives/edgar/data/874238/000114036107015753/form10q.htm,1620598393,18:13:13,20210509
55,2007-03-31,STRL,USD,2007-05-10 00:00:00,2007-05-10 10:01:00,Q1,68888000.0,63256000.0,5632000.0,0.08175589362443386,0.0,0.0,0.0,0.0,2267000.0,65523000.0,0.0,2451000.0,5816000.0,0.08442689583091395,3365000.0,0.04884740448263849,308000.0,3831000.0,0.055612007896876085,1295000.0,2511000.0,0.036450470328649405,0.23,0.21,10919145.0,11774690.0,https://www.sec.gov/Archives/edgar/data/874238/000087423807000005/0000874238-07-000005-index.html,https://www.sec.gov/Archives/edgar/data/874238/000087423807000005/strl-2007qtr1.htm,1620598393,18:13:13,20210509
56,2006-12-31,STRL,USD,2007-03-16,2007-03-16 14:39:04,Q4,64115000.0,57443000.0,6672000.0,0.10406301177571552,0.0,0.0,0.0,0.0,2374000.0,59817000.0,30000.0,1437000.0,5735000.0,0.08944864696248928,4298000.0,0.06703579505575918,29000.0,4454000.0,0.06946892302893239,1539000.0,3153000.0,0.04917725961163534,0.2887588726040363,0.2887588726040363,10919145.0,10919145.0,https://www.sec.gov/Archives/edgar/data/874238/000095013407005929/d44640e10vk.htm,https://www.sec.gov/Archives/edgar/data/874238/000095013407005929/d44640e10vk.htm,1620598393,18:13:13,20210509
57,2006-09-30,STRL,USD,2006-11-13,2006-11-13 06:21:20,Q3,68743000.0,60865000.0,7878000.0,0.11460075935004291,0.0,0.0,0.0,0.0,2866000.0,63731000.0,76000.0,1931000.0,6943000.0,0.10099937448176542,5012000.0,0.07290924166824259,89000.0,5354000.0,0.07788429367353766,1809000.0,3610000.0,0.05251443783367034,0.34,0.31,10779232.0,11793285.0,https://www.sec.gov/Archives/edgar/data/874238/000095013406021189/d41202e10vq.htm,https://www.sec.gov/Archives/edgar/data/874238/000095013406021189/d41202e10vq.htm,1620598393,18:13:13,20210509
58,2006-06-30,STRL,USD,2006-08-10,2006-08-10 17:21:11,Q2,60010000.0,52700000.0,7310000.0,0.12181303116147309,0.0,0.0,0.0,0.0,2842000.0,55542000.0,0.0,1839000.0,6307000.0,0.10509915014164306,4468000.0,0.07445425762372938,0.0,4832000.0,0.08051991334777538,1676000.0,3364000.0,0.0560573237793701,0.32,0.29,10576649.0,11799809.0,https://www.sec.gov/Archives/edgar/data/874238/000095013406015743/d38726e10vq.htm,https://www.sec.gov/Archives/edgar/data/874238/000095013406015743/d38726e10vq.htm,1620598393,18:13:13,20210509
59,2006-03-31,STRL,USD,2006-05-12,2006-05-12 15:17:36,Q1,56480000.0,49794000.0,6686000.0,0.11837818696883853,0.0,0.0,0.0,0.0,2309000.0,52103000.0,0.0,1804000.0,6181000.0,0.10943696883852691,4377000.0,0.07749645892351274,0.0,4563000.0,0.08078966005665722,1541000.0,3193000.0,0.05653328611898017,0.32,0.28,10002088.0,11266294.0,https://www.sec.gov/Archives/edgar/data/874238/000095013406006063/d34503e10vk.htm,https://www.sec.gov/Archives/edgar/data/874238/000095013406006063/d34503e10vk.htm,1620598393,18:13:13,20210509
60,2005-12-31,STRL,USD,2006-03-29,2006-03-28 18:09:44,Q4,61634000.0,54142000.0,7492000.0,0.12155628386929292,0.0,0.0,0.0,0.0,2320000.0,56462000.0,138000.0,1238000.0,6410000.0,0.10400103838790278,5172000.0,0.08391472239348412,0.0,5034000.0,0.08167569847811273,-32000.0,5093000.0,0.0826329623259889,0.5091936803595409,0.5091936803595409,10002088.0,10002088.0,https://www.sec.gov/Archives/edgar/data/874238/000095013406006063/d34503e10vk.htm,https://www.sec.gov/Archives/edgar/data/874238/000095013406006063/d34503e10vk.htm,1620598393,18:13:13,20210509
61,2005-09-30,STRL,USD,2005-11-07,2005-11-07 16:46:12,Q3,61163000.0,54261000.0,6902000.0,0.1128460016676749,0.0,0.0,0.0,0.0,2410000.0,56671000.0,0.0,1294000.0,5786000.0,0.09459967627487206,4492000.0,0.07344309468142504,0.0,4126000.0,0.06745908474077465,1403000.0,2780000.0,0.045452315942645066,0.36,0.29,7801717.0,9704822.0,https://www.sec.gov/Archives/edgar/data/874238/000095013405020736/d30023e10vq.htm,https://www.sec.gov/Archives/edgar/data/874238/000095013405020736/d30023e10vq.htm,1620598393,18:13:13,20210509
62,2005-06-30,STRL,USD,2005-08-12,2005-08-12 13:00:47,Q2,63317000.0,56240000.0,7077000.0,0.11177093039783945,0.0,0.0,0.0,0.0,2995000.0,59235000.0,435000.0,1277000.0,5359000.0,0.08463761706966534,4082000.0,0.0644692578612379,0.0,3647000.0,0.057599065022032,1246000.0,2401000.0,0.03792030576306521,0.31,0.26,7720053.0,9413612.0,https://www.sec.gov/Archives/edgar/data/874238/000095013405015815/d28008e10vq.htm,https://www.sec.gov/Archives/edgar/data/874238/000095013405015815/d28008e10vq.htm,1620598393,18:13:13,20210509
63,2005-03-31,STRL,USD,2005-05-13,2005-05-13 15:48:10,Q1,45949000.0,41619000.0,4330000.0,0.09423491262051405,0.0,0.0,0.0,0.0,2555000.0,44174000.0,547000.0,1255000.0,3030000.0,0.06594267557509413,1775000.0,0.038629785196631045,0.0,1228000.0,0.026725282378288973,401000.0,827000.0,0.01799821541274021,0.11,0.09,7389499.0,9283485.0,https://www.sec.gov/Archives/edgar/data/874238/000095013405006245/d23794e10vk.htm,https://www.sec.gov/Archives/edgar/data/874238/000095013405006245/d23794e10vk.htm,1620598393,18:13:13,20210509
64,2004-12-31,STRL,USD,2005-03-29,2005-03-29 16:51:49,Q4,41452000.0,38697000.0,2755000.0,0.06646241435877642,0.0,0.0,0.0,0.0,2425000.0,41122000.0,470000.0,1071000.0,1401000.0,0.03379812795522532,330000.0,0.007961015150053074,-100000.0,-240000.0,-0.005789829200038599,-3286000.0,3046000.0,0.07348258226382322,0.41220656501881925,0.41220656501881925,7389499.0,7389499.0,https://www.sec.gov/Archives/edgar/data/874238/000095013405006245/d23794e10vk.htm,https://www.sec.gov/Archives/edgar/data/874238/000095013405006245/d23794e10vk.htm,1620598393,18:13:13,20210509
65,2004-09-30,STRL,USD,2004-11-12,2004-11-12 16:51:43,Q3,45674000.0,41033000.0,4641000.0,0.10161142006393134,0.0,0.0,0.0,0.0,2816000.0,43849000.0,0.0,1195000.0,3020000.0,0.06612076892761747,1825000.0,0.03995708718308009,0.0,1085000.0,0.02375530936637912,369000.0,716000.0,0.01567631475237553,0.13,0.1,5343508.0,7127758.0,https://www.sec.gov/Archives/edgar/data/874238/000095013404017441/d20122e10vq.htm,https://www.sec.gov/Archives/edgar/data/874238/000095013404017441/d20122e10vq.htm,1620598393,18:13:13,20210509
66,2004-06-30,STRL,USD,2004-08-13,2004-08-13 10:15:22,Q2,34743000.0,29266000.0,5477000.0,0.15764326626946434,0.0,0.0,0.0,0.0,2389000.0,31655000.0,219000.0,1181000.0,4269000.0,0.12287367239443917,3088000.0,0.08888121348185246,-442000.0,2427000.0,0.06985579829030308,803000.0,1624000.0,0.04674322885185505,0.31,0.23,5316440.0,7081760.0,https://www.sec.gov/Archives/edgar/data/874238/000095013404012204/d17661e10vq.htm,https://www.sec.gov/Archives/edgar/data/874238/000095013404012204/d17661e10vq.htm,1620598393,18:13:13,20210509
67,2004-03-31,STRL,USD,2004-05-13,2004-05-13 15:48:49,Q1,32309000.0,28684000.0,3625000.0,0.11219783961125383,0.0,0.0,0.0,0.0,2476000.0,31160000.0,519000.0,1181000.0,2330000.0,0.07211612863288867,1149000.0,0.035562846265746385,-167000.0,463000.0,0.014330372342071868,195000.0,268000.0,0.008294902349190628,0.05,0.04,5172458.0,7266573.0,https://www.sec.gov/Archives/edgar/data/874238/000095013404007480/d15451e10vq.htm,https://www.sec.gov/Archives/edgar/data/874238/000095013404007480/d15451e10vq.htm,1620598393,18:13:13,20210509
68,2003-12-31,STRL,USD,2003-12-31,2003-12-31,Q4,37708000.0,32086000.0,5622000.0,0.14909303065662458,0.0,0.0,0.0,0.0,4205000.0,36291000.0,338000.0,1225000.0,2642000.0,0.07006470775432269,1417000.0,0.03757823273575899,-403000.0,676000.0,0.017927230295958416,317000.0,359000.0,0.009520526148297443,0.06940607347609203,0.06940607347609203,5172458.0,5172458.0,,,1620598393,18:13:13,20210509
69,2003-09-30,STRL,USD,2003-09-30,2003-09-30,Q3,41376000.0,35573000.0,5803000.0,0.14025038669760248,0.0,0.0,0.0,0.0,2470000.0,38043000.0,444000.0,1296000.0,4629000.0,0.11187645011600927,3333000.0,0.08055394431554525,-454000.0,2435000.0,0.058850541376643466,143000.0,2292000.0,0.055394431554524365,0.45,0.34,5073349.0,6712633.0,,,1620598393,18:13:13,20210509
70,2003-06-30,STRL,USD,2003-06-30,2003-06-30,Q2,49311000.0,44012000.0,5299000.0,0.10746080996126625,0.0,0.0,0.0,0.0,1773000.0,45785000.0,0.0,1206000.0,4732000.0,0.09596236133925494,3526000.0,0.07150534363529436,0.0,2389000.0,0.04844760803877431,817000.0,1572000.0,0.03187929670864513,0.31,0.25,5069016.0,6219826.0,,,1620598393,18:13:13,20210509
71,2003-03-31,STRL,USD,2003-05-15,2003-05-15,Q1,41698000.0,36982000.0,4716000.0,0.11309894958990839,0.0,0.0,0.0,0.0,1995000.0,38977000.0,0.0,1080000.0,3801000.0,0.09115545110077222,2721000.0,0.06525492829392297,0.0,1797000.0,0.04309559211472972,601000.0,1196000.0,0.028682430812029355,0.24,0.2,5069016.0,5993090.0,https://www.sec.gov/Archives/edgar/data/874238/000095013403007986/0000950134-03-007986-index.htm,https://www.sec.gov/Archives/edgar/data/874238/000095013403007986/d05946e10vq.txt,1620598393,18:13:13,20210509
72,2002-12-31,STRL,USD,2002-12-31,2002-12-31,Q4,15874000.0,33966000.0,-18092000.0,-1.1397253370291043,0.0,0.0,0.0,0.0,2621000.0,36587000.0,851000.0,1175000.0,-19538000.0,-1.2308176893032632,-20713000.0,-1.3048381000377978,2425000.0,788000.0,0.04964092226281971,-1626000.0,2414000.0,0.15207257150056697,0.47622654968932826,0.47622654968932826,5069016.0,5069016.0,,,1620598393,18:13:13,20210509
73,2002-09-30,STRL,USD,2002-09-30,2002-09-30,Q3,32520000.0,28282000.0,4238000.0,0.130319803198032,0.0,2494000.0,0.0,0.0,2494000.0,30776000.0,619000.0,959000.0,2703000.0,0.0831180811808118,1744000.0,0.053628536285362856,-260000.0,865000.0,0.026599015990159902,-376000.0,1241000.0,0.03816113161131611,0.25,0.21,5055516.0,5901231.0,,,1620598393,18:13:13,20210509
74,2002-06-30,STRL,USD,2002-08-13,2002-08-13,Q2,33990000.0,29472000.0,4518000.0,0.13292144748455428,0.0,2518000.0,0.0,0.0,2518000.0,31990000.0,582000.0,839000.0,2839000.0,0.08352456604883789,2000000.0,0.05884083553986467,-239000.0,1179000.0,0.03468667255075022,482000.0,697000.0,0.020506031185642835,0.14,0.12,5055516.0,5877728.0,https://www.sec.gov/Archives/edgar/data/874238/000095013402009650/0000950134-02-009650-index.htm,https://www.sec.gov/Archives/edgar/data/874238/000095013402009650/d99000e10vq.txt,1620598393,18:13:13,20210509
75,2002-03-31,STRL,USD,2002-05-15,2002-05-15,Q1,29682000.0,26132000.0,3550000.0,0.11960110504682973,0.0,2163000.0,0.0,0.0,2163000.0,28295000.0,591000.0,882000.0,2269000.0,0.07644363587359343,1387000.0,0.04672865709857826,-156000.0,640000.0,0.02156188936055522,270000.0,370000.0,0.012465467286570987,0.07,0.06,5055516.0,5801816.0,https://www.sec.gov/Archives/edgar/data/874238/000095013402005757/0000950134-02-005757-index.htm,https://www.sec.gov/Archives/edgar/data/874238/000095013402005757/d97074e10-q.txt,1620598393,18:13:13,20210509
76,2001-08-31,STRL,USD,2001-10-22 00:00:00,2001-10-22 00:00:00,Q4,23790000.0,20935000.0,2855000.0,0.12000840689365279,0.0,2469000.0,0.0,0.0,2469000.0,23404000.0,693000.0,573000.0,959000.0,0.04031105506515342,386000.0,0.016225304749894913,0.0,-307000.0,-0.012904581757040774,1000.0,-750000.0,-0.031525851197982346,-0.15,-0.15,4943018.0,4943018.0,https://www.sec.gov/Archives/edgar/data/874238/000095013401507506/0000950134-01-507506-index.html,https://www.sec.gov/Archives/edgar/data/874238/000095013401507506/d91440e10-q.txt,1620598393,18:13:13,20210509
77,2001-05-31,STRL,USD,2001-08-16 00:00:00,2001-08-16 00:00:00,Q3,5760000.0,4705000.0,1055000.0,0.1831597222222222,0.0,1068000.0,0.0,0.0,1068000.0,5773000.0,730000.0,36000.0,23000.0,0.003993055555555555,-13000.0,-0.0022569444444444442,-922000.0,-1665000.0,-0.2890625,3000.0,-1668000.0,-0.28958333333333336,-0.34,-0.34,4943018.0,4943018.0,https://www.sec.gov/Archives/edgar/data/874238/000095013401505605/0000950134-01-505605-index.html,https://www.sec.gov/Archives/edgar/data/874238/000095013401505605/d90106e10-q.txt,1620598393,18:13:13,20210509
78,2001-02-28,STRL,USD,2001-02-28,2001-02-28,Q2,5598000.0,4010000.0,1588000.0,0.28367274026438016,0.0,1194000.0,0.0,0.0,1244000.0,5254000.0,820000.0,44000.0,388000.0,0.06931046802429439,344000.0,0.06145051804215791,-3535000.0,-4011000.0,-0.7165058949624866,22000.0,-4092000.0,-0.7309753483386924,-0.8278343311717659,-0.8278343311717659,4943018.0,4943018.0,,,1620598393,18:13:13,20210509
79,2000-11-30,STRL,USD,2000-11-30,2000-11-30,Q1,4631000.0,3705000.0,926000.0,0.19995681278341612,0.0,1023000.0,0.0,0.0,1059000.0,4764000.0,713000.0,36000.0,-97000.0,-0.020945800043187218,-133000.0,-0.028719499028287628,-241000.0,-1087000.0,-0.2347225221334485,3000.0,-692000.0,-0.14942776938026345,-0.14,-0.14,4943018.0,4943018.0,,,1620598393,18:13:13,20210509
80,2000-08-31,STRL,USD,2000-10-13 00:00:00,2000-10-13 00:00:00,Q4,5285000.0,4204000.0,1081000.0,0.2045411542100284,0.0,1104000.0,0.0,0.0,1140000.0,5344000.0,0.0,36000.0,-23000.0,-0.0043519394512772,-59000.0,-0.011163670766319774,-405000.0,0.0,0.0,0.0,-1047000.0,-0.19810785241248818,-0.21,-0.21,4943018.0,4943018.0,https://www.sec.gov/Archives/edgar/data/874238/000095013400008604/0000950134-00-008604-index.html,https://www.sec.gov/Archives/edgar/data/874238/000095013400008604/d80893e10-q.txt,1620598393,18:13:13,20210509
81,2000-05-31,STRL,USD,2000-07-28 00:00:00,2000-07-28 00:00:00,Q3,5745000.0,4468000.0,1277000.0,0.22228024369016536,0.0,1112000.0,0.0,0.0,1146000.0,5614000.0,0.0,34000.0,165000.0,0.028720626631853787,131000.0,0.02280243690165361,-667000.0,-1108000.0,-0.1928633594429939,2000.0,-1110000.0,-0.19321148825065274,-0.22,-0.22,4943018.0,4943018.0,https://www.sec.gov/Archives/edgar/data/874238/000095013400006047/0000950134-00-006047-index.html,https://www.sec.gov/Archives/edgar/data/874238/000095013400006047/e10-q.txt,1620598393,18:13:13,20210509
82,2000-02-29,STRL,USD,2000-02-29,2000-02-29,Q2,-4354000.0,-3883000.0,-471000.0,0.10817638952687184,0.0,-485000.0,0.0,0.0,-420000.0,-4303000.0,282000.0,-220000.0,-271000.0,0.06224161690399632,-51000.0,0.011713367018833257,-1587000.0,-1817000.0,0.41731740927882405,9000.0,-3025000.0,0.6947634359209922,-0.6119743039576226,-0.6119743039576226,4943018.0,4943018.0,,,1620598393,18:13:13,20210509
83,1999-11-30,STRL,USD,1999-11-30,1999-11-30,Q1,7324000.0,6035000.0,1289000.0,0.17599672310213,0.0,1530000.0,0.0,0.0,1579000.0,7614000.0,0.0,50000.0,-240000.0,-0.03276897870016385,-290000.0,-0.03959584926269798,47000.0,-674000.0,-0.09202621518296013,0.0,-1303000.0,-0.17790824685963955,-0.26,-0.26,4943018.0,4943018.0,,,1620598393,18:13:13,20210509
84,1999-08-31,STRL,USD,1999-08-31,1999-08-31,Q4,5400000.0,4400000.0,1100000.0,0.2037037037037037,0.0,1000000.0,0.0,0.0,1000000.0,5400000.0,-600000.0,50000.0,-1150000.0,-0.212963,0.0,0.0,0.0,-600000.0,-0.1111111111111111,0.0,-600000.0,-0.1111111111111111,-0.12245,-0.12245,4900000.0,4900000.0,,,1620598393,18:13:13,20210509
85,1999-05-31,STRL,USD,1999-05-31,1999-05-31,Q3,5700000.0,4500000.0,1200000.0,0.21052631578947367,0.0,1100000.0,0.0,0.0,1099999.9999999995,5600000.0,-400000.0,50000.0,150000.0,0.02631578947368421,100000.0,0.017543859649122806,0.0,-300000.0,-0.05263157894736842,0.0,-600000.0,-0.10526315789473684,-0.12245,-0.12245,4900000.0,4900000.0,,,1620598393,18:13:13,20210509
86,1999-02-28,STRL,USD,1999-02-28,1999-02-28,Q2,7400000.0,5800000.0,1600000.0,0.21621621621621623,0.0,1700000.0,0.0,0.0,1700000.0000000002,7500000.0,-300000.0,-240000.00000000003,-340000.0,-0.04594594594594595,-100000.0,-0.013513513513513514,0.0,-400000.0,-0.05405405405405406,0.0,-400000.0,-0.05405405405405406,-0.09091,-0.09091,4400000.0,4400000.0,,,1620598393,18:13:13,20210509
87,1998-11-30,STRL,USD,1998-11-30,1998-11-30,Q1,7600000.0,6200000.0,1500000.0,0.19736842105263158,0.0,1400000.0,0.0,0.0,1500000.0,7700000.0,-100000.0,120000.0,-180000.0,-0.023684,0.0,0.0,0.0,-200000.0,-0.02631578947368421,0.0,-200000.0,-0.02631578947368421,-0.0625,-0.0625,3200000.0,3200000.0,,,1620598393,18:13:13,20210509
88,1998-08-31,STRL,USD,1998-08-31,1998-08-31,Q4,9100000.0,7300000.0,1700000.0,0.18681318681318682,0.0,1700000.0,0.0,0.0,1799999.9999999998,9100000.0,-100000.0,130000.0,-170000.0,-0.018681,0.0,0.0,0.0,-200000.0,-0.02197802197802198,0.0,-200000.0,-0.02197802197802198,-0.0625,-0.0625,3200000.0,3200000.0,,,1620598393,18:13:13,20210509
89,1998-05-31,STRL,USD,1998-07-15,1998-07-15,Q3,8000000.0,6600000.0,1500000.0,0.1875,0.0,1600000.0,0.0,0.0,1700000.000000001,8300000.000000001,-100000.0,140000.0,-60000.0,-0.0075,-200000.0,-0.025,0.0,-400000.0,-0.05,0.0,-400000.0,-0.05,-0.125,-0.125,3200000.0,3200000.0,https://www.sec.gov/Archives/edgar/data/874238/0000950134-98-005940-index.html,https://www.sec.gov/Archives/edgar/data/874238/,1620598393,18:13:13,20210509
90,1998-02-28,STRL,USD,1998-05-29,1998-05-29,Q2,6900000.0,5500000.0,1500000.0,0.21739130434782608,0.0,2000000.0,0.0,0.0,200000.00000000017,5700000.0,-100000.0,-240000.0,1060000.0,0.1536231884057971,1300000.0,0.18840579710144928,0.0,1100000.0,0.15942028985507245,1000000.0,100000.0,0.014492753623188406,0.03125,0.03125,3200000.0,3200000.0,https://www.sec.gov/Archives/edgar/data/874238/0000950134-98-004857-index.html,https://www.sec.gov/Archives/edgar/data/874238/,1620598393,18:13:13,20210509
91,1997-11-30,STRL,USD,1997-11-30,1997-11-30,Q1,7900000.0,6400000.0,1500000.0,0.189873417721519,0.0,1600000.0,0.0,0.0,1699999.9999999993,8099999.999999999,-200000.0,159999.99999999997,-40000.00000000003,-0.00506329113924051,-200000.0,-0.02531645569620253,0.0,-300000.0,-0.0379746835443038,0.0,-300000.0,-0.0379746835443038,-0.09375,-0.09375,3200000.0,3200000.0,,,1620598393,18:13:13,20210509
92,1997-08-31,STRL,USD,1997-08-31,1997-08-31,Q4,9400000.0,7400000.0,2000000.0,0.2127659574468085,0.0,1700000.0,0.0,0.0,1699999.9999999993,9100000.0,-200000.0,170000.0,470000.0,0.05,300000.0,0.031914893617021274,0.0,100000.0,0.010638297872340425,0.0,100000.0,0.010638297872340425,0.03125,0.03125,3200000.0,3200000.0,,,1620598393,18:13:13,20210509
93,1997-05-31,STRL,USD,1997-05-31,1997-05-31,Q3,8300000.0,6800000.0,1500000.0,0.18072289156626506,0.0,1600000.0,0.0,0.0,1600000.0000000005,8400000.0,-200000.0,170000.0,70000.0,0.008433734939759036,-100000.0,-0.012048192771084338,0.0,-300000.0,-0.03614457831325301,0.0,-300000.0,-0.03614457831325301,-0.09375,-0.09375,3200000.0,3200000.0,,,1620598393,18:13:13,20210509
94,1997-02-28,STRL,USD,1997-02-28,1997-02-28,Q2,9500000.0,7100000.0,2400000.0,0.25263157894736843,0.0,2800000.0,0.0,0.0,6400000.0,13500000.0,-200000.0,309999.99999999994,-3690000.0,-0.38842105263157894,-4000000.0,-0.42105263157894735,0.0,-4200000.0,-0.4421052631578947,3100000.0,-7300000.0,-0.7684210526315789,-2.28125,-2.28125,3200000.0,3200000.0,,,1620598393,18:13:13,20210509
95,1996-11-30,STRL,USD,1996-11-30,1996-11-30,Q1,10300000.0,8000000.0,2300000.0,0.22330097087378642,0.0,2500000.0,0.0,0.0,2699999.999999999,10700000.0,-200000.0,290000.00000000006,-109999.99999999994,-0.010679611650485431,-400000.0,-0.038834951456310676,0.0,-600000.0,-0.05825242718446602,0.0,-600000.0,-0.05825242718446602,-0.1875,-0.1875,3200000.0,3200000.0,,,1620598393,18:13:13,20210509
96,1996-08-31,STRL,USD,1996-08-31,1996-08-31,Q4,11500000.0,8900000.0,2700000.0,0.23478260869565218,0.0,2800000.0,0.0,0.0,2900000.0000000005,11800000.0,-200000.0,329999.99999999994,129999.99999999994,0.011304347826086952,-200000.0,-0.017391304347826087,0.0,-400000.0,-0.034782608695652174,0.0,-400000.0,-0.034782608695652174,-0.125,-0.125,3200000.0,3200000.0,,,1620598393,18:13:13,20210509
97,1996-05-31,STRL,USD,1996-06-12 00:00:00,1996-06-12 00:00:00,Q3,10900000.0,8500000.0,2500000.0,0.22935779816513763,0.0,2600000.0,0.0,0.0,2699999.999999999,11200000.0,-200000.0,280000.0,-20000.0,-0.001834862385321101,-300000.0,-0.027522935779816515,0.0,-500000.0,-0.045871559633027525,0.0,-500000.0,-0.045871559633027525,-0.15625,-0.15625,3200000.0,3200000.0,https://www.sec.gov/Archives/edgar/data/874238/000095013496002832/0000950134-96-002832-index.html,https://www.sec.gov/Archives/edgar/data/874238/0000950134-96-002832.txt,1620598393,18:13:13,20210509
98,1996-02-29,STRL,USD,1996-02-29,1996-02-29,Q2,9400000.0,7400000.0,2000000.0,0.2127659574468085,0.0,2800000.0,0.0,0.0,3000000.0,10400000.0,-100000.0,189999.99999999994,-710000.0,-0.07553191489361702,-900000.0,-0.09574468085106383,0.0,-1000000.0,-0.10638297872340426,-100000.0,-900000.0,-0.09574468085106383,-0.28125,-0.28125,3200000.0,3200000.0,,,1620598393,18:13:13,20210509
99,1995-11-30,STRL,USD,1995-11-30,1995-11-30,Q1,11600000.0,9100000.0,2500000.0,0.21551724137931033,0.0,2700000.0,0.0,0.0,2800000.000000001,11900000.0,-200000.0,240000.00000000006,-59999.99999999994,-0.005172413793103443,-300000.0,-0.02586206896551724,0.0,-500000.0,-0.04310344827586207,2000000.0,-2400000.0,-0.20689655172413793,-0.75,-0.75,3200000.0,3200000.0,,,1620598393,18:13:13,20210509
