,date,symbol,reportedCurrency,fillingDate,acceptedDate,period,revenue,costOfRevenue,grossProfit,grossProfitRatio,researchAndDevelopmentExpenses,generalAndAdministrativeExpenses,sellingAndMarketingExpenses,otherExpenses,operatingExpenses,costAndExpenses,interestExpense,depreciationAndAmortization,ebitda,ebitdaratio,operatingIncome,operatingIncomeRatio,totalOtherIncomeExpensesNet,incomeBeforeTax,incomeBeforeTaxRatio,incomeTaxExpense,netIncome,netIncomeRatio,eps,epsdiluted,weightedAverageShsOut,weightedAverageShsOutDil,link,finalLink,timestamp,est_time,est_date
0,2020-12-31,ASHIANA.NS,INR,2020-12-31,2020-12-31,Q4,733300000,450000000,283300000,0.3863357425337515,0.0,0.0,0.0,96300000.0,287500000.0,737500000,19300000.0,24400000.0,20200000.0,0.02754670666848493,-4200000.0,-0.005727533069684986,0.0,140400000,0.1914632483294695,11800000.0,128600000.0,0.17537160780035457,1.256447,1.256447,102352099,102352099,https://www.nseindia.com/companies-listing/corporate-filings-annual-reports,https://www.nseindia.com/companies-listing/corporate-filings-annual-reports,1620588789,15:33:09,20210509
1,2020-09-30,ASHIANA.NS,INR,2020-09-30,2020-09-30,Q3,472100000,249500000,222600000,0.4715102732471934,0.0,0.0,0.0,25900000.0,265100000.0,514600000,27000000.0,22200000.0,-20300000.0,-0.04299936454141072,-42500000.0,-0.09002330014827367,0.0,-41100000,-0.08705782673162465,-18200000.0,-22900000.0,-0.04850667231518746,-0.223737,-0.223737,102352099,102352099,https://www.nseindia.com/companies-listing/corporate-filings-annual-reports,https://www.nseindia.com/companies-listing/corporate-filings-annual-reports,1620588789,15:33:09,20210509
2,2020-06-30,ASHIANA.NS,INR,2020-06-30,2020-06-30,Q2,360000000,165100000,194900000,0.5413888888888889,0.0,0.0,0.0,20100000.0,227100000.0,392200000,24200000.0,22300000.0,-9900000.0,-0.0275,-32200000.0,-0.08944444444444444,0.0,-34500000,-0.09583333333333334,-1800000.0,-32700000.0,-0.09083333333333334,-0.319485,-0.319485,102352099,102352099,https://www.nseindia.com/companies-listing/corporate-filings-annual-reports,https://www.nseindia.com/companies-listing/corporate-filings-annual-reports,1620588789,15:33:09,20210509
3,2020-03-31,ASHIANA.NS,INR,2020-03-31,2020-03-31,Q1,894100000,966100000,-72000000,-0.08052790515602282,0.0,0.0,0.0,-14400000.0,-58700000.0,907400000,32500000.0,18300000.0,5000000.0,0.005592215635834918,-13300000.0,-0.01487529359132088,0.0,-137200000,-0.15345039704731014,-56000000.0,-81200000.0,-0.09081758192595907,-0.793339861061374,-0.793339861061374,102352099,102352099,https://www.nseindia.com/companies-listing/corporate-filings-annual-reports,https://www.nseindia.com/companies-listing/corporate-filings-annual-reports,1620588789,15:33:09,20210509
4,2019-12-31,ASHIANA.NS,INR,2019-12-31,2019-12-31,Q4,735000000,444900000,290100000,0.3946938775510204,0.0,0.0,0.0,30100000.0,346600000.0,791500000,33200000.0,24200000.0,-32300000.0,-0.04394557823129252,-56500000.0,-0.07687074829931972,0.0,-56600000,-0.07700680272108844,14500000.0,-71100000.0,-0.09673469387755101,-0.694661,-0.694661,102352099,102352099,https://www.nseindia.com/companies-listing/corporate-filings-annual-reports,https://www.nseindia.com/companies-listing/corporate-filings-annual-reports,1620588789,15:33:09,20210509
5,2019-09-30,ASHIANA.NS,INR,2019-09-30,2019-09-30,Q3,722600000,479300000,243300000,0.3367008026570717,0.0,0.0,0.0,26900000.0,356000000.0,835300000,35800000.0,27900000.0,-84800000.0,-0.1173539994464434,-112700000.0,-0.1559645723775256,0.0,-117200000,-0.16219208414060338,-22100000.0,-95100000.0,-0.13160808192637696,-0.929146,-0.929146,102352099,102352099,https://www.nseindia.com/companies-listing/corporate-filings-annual-reports,https://www.nseindia.com/companies-listing/corporate-filings-annual-reports,1620588789,15:33:09,20210509
6,2019-06-30,ASHIANA.NS,INR,2019-06-30,2019-06-30,Q2,633300000,393000000,240300000,0.379441023211748,0.0,0.0,0.0,26900000.0,323600000.0,716600000,34000000.0,18300000.0,-65000000.0,-0.10263698089373124,-83300000.0,-0.13153323859150481,0.0,-83000000,-0.13105952944891835,-28000000.0,-55000000.0,-0.08684667614084952,-0.537361,-0.537361,102352099,102352099,https://www.nseindia.com/companies-listing/corporate-filings-annual-reports,https://www.nseindia.com/companies-listing/corporate-filings-annual-reports,1620588789,15:33:09,20210509
7,2019-03-31,ASHIANA.NS,INR,2019-03-31,2019-03-31,Q1,632100000,726300000,-94200000,-0.14902705268153774,0.0,0.0,0.0,-22400000.0,-5000000.0,721300000,32400000.0,24800000.0,-64400000.0,-0.10188261351052048,-89200000.0,-0.14111691188103148,0.0,-85600000,-0.13542161050466697,-6500000.0,-79100000.0,-0.12513842746400886,-0.7728224508615109,-0.7728224508615109,102352099,102352099,https://www.nseindia.com/companies-listing/corporate-filings-annual-reports,https://www.nseindia.com/companies-listing/corporate-filings-annual-reports,1620588789,15:33:09,20210509
8,2018-12-31,ASHIANA.NS,INR,2018-12-31,2018-12-31,Q4,618000000,314100000,303900000,0.491747572815534,0.0,0.0,0.0,37500000.0,302400000.0,616500000,36500000.0,17000000.0,18500000.0,0.029935275080906147,1500000.0,0.0024271844660194173,0.0,55800000,0.09029126213592233,21400000.0,34400000.0,0.05566343042071197,0.336095,0.336095,102352099,102352099,https://www.nseindia.com/companies-listing/corporate-filings-annual-reports,https://www.nseindia.com/companies-listing/corporate-filings-annual-reports,1620588789,15:33:09,20210509
9,2018-09-30,ASHIANA.NS,INR,2018-09-30,2018-09-30,Q3,675000000,341600000,333400000,0.49392592592592593,0.0,0.0,0.0,32800000.0,307200000.0,648800000,44600000.0,17800000.0,44000000.0,0.06518518518518518,26200000.0,0.038814814814814816,0.0,20500000,0.03037037037037037,-100000.0,20600000.0,0.030518518518518518,0.201266,0.201266,102352099,102352099,https://www.nseindia.com/companies-listing/corporate-filings-annual-reports,https://www.nseindia.com/companies-listing/corporate-filings-annual-reports,1620588789,15:33:09,20210509
10,2018-06-30,ASHIANA.NS,INR,2018-06-30,2018-06-30,Q2,1367700000,804000000,563700000,0.41215178767273525,0.0,0.0,0.0,37400000.0,325000000.0,1129000000,38100000.0,18200000.0,256900000.0,0.18783358923740587,238700000.0,0.17452657746581854,0.0,248400000,0.1816187760473788,86900000.0,161500000.0,0.118081450610514,1.577887,1.577887,102352099,102352099,https://www.nseindia.com/companies-listing/corporate-filings-annual-reports,https://www.nseindia.com/companies-listing/corporate-filings-annual-reports,1620588789,15:33:09,20210509
11,2018-03-31,ASHIANA.NS,INR,2018-03-31,2018-03-31,Q1,937700000,520600000,417100000,0.4448117734883225,0.0,0.0,0.0,71900000.0,352500000.0,873100000,41800000.0,15300000.0,79900000.0,0.08520848885571078,64600000.0,0.06889196971312786,0.0,156900000,0.16732430414844834,15100000.0,141800000.0,0.1512210728377946,1.79,1.79,79217877,79217877,https://www.nseindia.com/companies-listing/corporate-filings-annual-reports,https://www.nseindia.com/companies-listing/corporate-filings-annual-reports,1620588789,15:33:09,20210509
12,2017-12-31,ASHIANA.NS,INR,2017-12-31,2017-12-31,Q4,327100000,121800000,205300000,0.6276368083154998,0.0,0.0,0.0,0.0,233900000.0,355700000,29900000.0,18900000.0,-9700000.0,-0.02965453989605625,-28600000.0,-0.0874350351574442,0.0,-58600000,-0.17915010700091716,-23100000.0,-35500000.0,-0.10852950168144299,-0.28,-0.28,126785714,126785714,https://www.nseindia.com/companies-listing/corporate-filings-annual-reports,https://www.nseindia.com/companies-listing/corporate-filings-annual-reports,1620588789,15:33:09,20210509
13,2017-09-30,ASHIANA.NS,INR,2017-09-30,2017-09-30,Q3,1133900000,528900000,605000000,0.5335567510362466,0.0,0.0,0.0,0.0,245122000.0,774022000,270842000.0,19500000.0,379378000.0,0.3345780051150895,359878000.0,0.31738072140400386,0.0,330100000,0.29111914630919833,99300000.0,230700000.0,0.2034570949819208,2.4,2.4,96125000,96125000,https://www.nseindia.com/companies-listing/corporate-filings-annual-reports,https://www.nseindia.com/companies-listing/corporate-filings-annual-reports,1620588789,15:33:09,20210509
14,2017-06-30,ASHIANA.NS,INR,2017-06-30,2017-06-30,Q2,735400000,502100000,233300000,0.3172423171063367,0.0,0.0,0.0,22900000.0,195600000.0,697700000,19800000.0,19400000.0,57100000.0,0.07764481914604297,37700000.0,0.05126461789502312,0.0,59200000,0.08050040794125646,13800000.0,45400000.0,0.061735110144139245,0.61,0.61,74426230,74426230,https://www.nseindia.com/companies-listing/corporate-filings-annual-reports,https://www.nseindia.com/companies-listing/corporate-filings-annual-reports,1620588789,15:33:09,20210509
15,2017-03-31,ASHIANA.NS,INR,2017-03-31,2017-03-31,Q1,1916800000,1121900000,794900000,0.4147015859766277,0.0,0.0,0.0,27900000.0,300800000.0,1422700000,25100000.0,20900000.0,515000000.0,0.2686769616026711,494100000.0,0.25777337228714525,0.0,557700000,0.29095367278797996,177200000.0,380500000.0,0.19850792988313856,3.89,3.89,97814910,97814910,https://www.nseindia.com/companies-listing/corporate-filings-annual-reports,https://www.nseindia.com/companies-listing/corporate-filings-annual-reports,1620588789,15:33:09,20210509
16,2016-12-31,ASHIANA.NS,INR,2016-12-31,2016-12-31,Q4,494700000,184300000,310400000,0.6274509803921569,0.0,0.0,0.0,0.0,134700000.0,319000000,17300000.0,20100000.0,195800000.0,0.3957954315746917,175700000.0,0.3551647463108955,0.0,158400000,0.32019405700424497,-900000.0,159300000.0,0.32201334141904187,1.56,1.56,102115385,102115385,https://www.nseindia.com/companies-listing/corporate-filings-annual-reports,https://www.nseindia.com/companies-listing/corporate-filings-annual-reports,1620588789,15:33:09,20210509
17,2016-09-30,ASHIANA.NS,INR,2016-09-30,2016-09-30,Q3,1162800000,706100000,456700000,0.39275885792913656,0.0,0.0,0.0,0.0,122800000.0,828900000,14800000.0,19900000.0,353800000.0,0.304265565875473,333900000.0,0.2871517027863777,0.0,319200000,0.27450980392156865,110700000.0,206900000.0,0.17793257653938768,2.02,2.02,102425743,102425743,https://www.nseindia.com/companies-listing/corporate-filings-annual-reports,https://www.nseindia.com/companies-listing/corporate-filings-annual-reports,1620588789,15:33:09,20210509
18,2016-06-30,ASHIANA.NS,INR,2016-06-30,2016-06-30,Q2,187300000,126300000,61000000,0.3256807261078484,0.0,0.0,0.0,0.0,106500000.0,232800000,9500000.0,17900000.0,-27600000.0,-0.14735718099305925,-45500000.0,-0.2429257875066738,0.0,-55000000,-0.2936465563267485,-19600000.0,-37100000.0,-0.198077949813134,-0.36,-0.36,103055556,103055556,https://www.nseindia.com/companies-listing/corporate-filings-annual-reports,https://www.nseindia.com/companies-listing/corporate-filings-annual-reports,1620588789,15:33:09,20210509
19,2016-03-31,ASHIANA.NS,INR,2016-03-31,2016-03-31,Q1,3696990405,2407727073,1289263332,0.348733210196146,0.0,0.0,0.0,0.0,383714691.0,2791441764,4384989.0,19123907.0,924672548.0,0.25011494396886325,905548641.0,0.24494211285354958,0.0,1176587345,0.31825545000298694,83792965.0,1092910112.0,0.295621571135779,10.677945275943975,10.677945275943975,102352099,102352099,https://www.nseindia.com/companies-listing/corporate-filings-annual-reports,https://www.nseindia.com/companies-listing/corporate-filings-annual-reports,1620588789,15:33:09,20210509
20,2015-12-31,ASHIANA.NS,INR,2015-12-31,2015-12-31,Q4,304100000,189800000,114300000,0.37586320289378494,0.0,0.0,0.0,0.0,110100000.0,299900000,4300000.0,18800000.0,23000000.0,0.07563301545544229,4200000.0,0.013811246300559027,0.0,12800000,0.0420914172969418,11800000.0,400000.0,0.0013153567905294311,0.01,0.01,102352099,102352099,https://www.nseindia.com/companies-listing/corporate-filings-annual-reports,https://www.nseindia.com/companies-listing/corporate-filings-annual-reports,1620588789,15:33:09,20210509
21,2015-09-30,ASHIANA.NS,INR,2015-09-30,2015-09-30,Q3,792400000,518500000,273900000,0.3456587582029278,0.0,0.0,0.0,0.0,115800000.0,634300000,3100000.0,19700000.0,177800000.0,0.22438162544169613,158100000.0,0.19952044422009085,0.0,155000000,0.19560827864714792,20900000.0,133400000.0,0.16834931852599697,1.31,1.31,101832061,101832061,https://www.nseindia.com/companies-listing/corporate-filings-annual-reports,https://www.nseindia.com/companies-listing/corporate-filings-annual-reports,1620588789,15:33:09,20210509
22,2015-06-30,ASHIANA.NS,INR,2015-06-30,2015-06-30,Q2,220300000,56200000,164100000,0.7448933272809805,0.0,0.0,0.0,0.0,106100000.0,162300000,3600000.0,20600000.0,78600000.0,0.35678620063549704,58000000.0,0.2632773490694508,0.0,54500000,0.24738992283250114,-13100000.0,67100000.0,0.30458465728551976,0.66,0.66,101666667,101666667,https://www.nseindia.com/companies-listing/corporate-filings-annual-reports,https://www.nseindia.com/companies-listing/corporate-filings-annual-reports,1620588789,15:33:09,20210509
23,2015-03-31,ASHIANA.NS,INR,2015-03-31,2015-03-31,Q1,691235830,333785223,357450607,0.5171181693518404,0.0,0.0,4638187.0,0.0,239220272.0,573005495,0.0,18277934.0,136508269.0,0.19748436506828645,118230335.0,0.17104196551848302,0.0,311299678,0.45035234646329025,15308842.0,295699385.0,0.42778364802067625,2.889040751377263,2.889040751377263,102352099,102352099,https://www.nseindia.com/companies-listing/corporate-filings-annual-reports,https://www.nseindia.com/companies-listing/corporate-filings-annual-reports,1620588789,15:33:09,20210509
24,2014-12-31,ASHIANA.NS,INR,2014-12-31,2014-12-31,Q4,358400000,203600000,154800000,0.43191964285714285,0.0,0.0,16000000.0,0.0,80000000.0,283600000,0.0,21200000.0,96000000.0,0.26785714285714285,74800000.0,0.20870535714285715,0.0,70600000,0.19698660714285715,17800000.0,52700000.0,0.14704241071428573,0.57,0.57,92456140,92456140,https://www.nseindia.com/companies-listing/corporate-filings-annual-reports,https://www.nseindia.com/companies-listing/corporate-filings-annual-reports,1620588789,15:33:09,20210509
25,2014-09-30,ASHIANA.NS,INR,2014-09-30,2014-09-30,Q3,264300000,47000000,217300000,0.8221717744986757,0.0,0.0,16300000.0,0.0,93400000.0,140400000,0.0,19300000.0,143200000.0,0.5418085508891411,123900000.0,0.46878547105561863,0.0,119400000,0.4517593643586833,-18900000.0,138200000.0,0.522890654559213,1.49,1.49,92751678,92751678,https://www.nseindia.com/companies-listing/corporate-filings-annual-reports,https://www.nseindia.com/companies-listing/corporate-filings-annual-reports,1620588789,15:33:09,20210509
26,2014-06-30,ASHIANA.NS,INR,2014-06-30,2014-06-30,Q2,113100000,57200000,55900000,0.4942528735632184,0.0,0.0,3800000.0,0.0,61800000.0,119000000,0.0,21600000.0,15700000.0,0.138815207780725,-5900000.0,-0.052166224580017684,0.0,-10400000,-0.09195402298850575,11400000.0,-21800000.0,-0.1927497789566755,-0.23,-0.23,94782609,94782609,https://www.nseindia.com/companies-listing/corporate-filings-annual-reports,https://www.nseindia.com/companies-listing/corporate-filings-annual-reports,1620588789,15:33:09,20210509
27,2014-03-31,ASHIANA.NS,INR,2014-03-31,2014-03-31,Q1,190616579,163797688,26818891,0.14069547958889767,0.0,0.0,18201776.0,0.0,205409342.0,369207030,0.0,8057200.0,-170533251.0,-0.8946401823736434,-178590451.0,-0.9369093283328729,0.0,15440958,0.0810053253552515,-14000752.0,29435880.0,0.154424552966088,0.2875942974066414,0.2875942974066414,102352099,102352099,https://www.nseindia.com/companies-listing/corporate-filings-annual-reports,https://www.nseindia.com/companies-listing/corporate-filings-annual-reports,1620588789,15:33:09,20210509
28,2013-12-31,ASHIANA.NS,INR,2013-12-31,2013-12-31,Q4,137300000,-154200000,291500000,2.123088128186453,0.0,0.0,6800000.0,0.0,63800000.0,-90400000,0.0,7800000.0,235500000.0,1.7152221412964312,227700000.0,1.6584122359796067,0.0,23300000,0.16970138383102695,7000000.0,16300000.0,0.11871813546977422,0.18,0.18,93049775,93049775,https://www.nseindia.com/companies-listing/corporate-filings-annual-reports,https://www.nseindia.com/companies-listing/corporate-filings-annual-reports,1620588789,15:33:09,20210509
29,2013-09-30,ASHIANA.NS,INR,2013-09-30,2013-09-30,Q3,560200000,365400000,194800000,0.34773295251695824,0.0,0.0,17600000.0,0.0,50600000.0,416000000,0.0,7300000.0,151500000.0,0.27043912888254196,144200000.0,0.25740806854694753,0.0,139700000,0.2493752231345948,40500000.0,99200000.0,0.1770796144234202,1.066,1.066,93049775,93049775,https://www.nseindia.com/companies-listing/corporate-filings-annual-reports,https://www.nseindia.com/companies-listing/corporate-filings-annual-reports,1620588789,15:33:09,20210509
30,2013-06-30,ASHIANA.NS,INR,2013-06-30,2013-06-30,Q2,118800000,59900000,58900000,0.4957912457912458,0.0,0.0,4000000.0,0.0,41100000.0,101000000,5000000.0,7200000.0,25000000.0,0.21043771043771045,17800000.0,0.14983164983164984,0.0,80700000,0.6792929292929293,7000000.0,73700000.0,0.6203703703703703,0.792,0.792,93055556,93055556,https://www.nseindia.com/companies-listing/corporate-filings-annual-reports,https://www.nseindia.com/companies-listing/corporate-filings-annual-reports,1620588789,15:33:09,20210509
31,2013-03-31,ASHIANA.NS,INR,2013-03-31,2013-03-31,Q1,447610261,381794378,65815883,0.14703836961414074,0.0,0.0,13702819.0,0.0,16686966.0,398481344,0.0,6704622.0,55833539.0,0.12473695056780658,49128917.0,0.10975824568954642,0.0,142290545,0.3178893725137369,43218879.0,99073081.0,0.22133782362062518,0.9679633536386977,0.9679633536386977,102352099,102352099,https://www.nseindia.com/companies-listing/corporate-filings-annual-reports,https://www.nseindia.com/companies-listing/corporate-filings-annual-reports,1620588789,15:33:09,20210509
32,2012-12-31,ASHIANA.NS,INR,2012-12-31,2012-12-31,Q4,307000000,155300000,151700000,0.49413680781758956,0.0,0.0,11100000.0,0.0,55000000.0,210300000,5000000.0,6500000.0,103200000.0,0.33615635179153097,96700000.0,0.3149837133550489,0.0,91700000,0.2986970684039088,19300000.0,72400000.0,0.23583061889250814,0.778,0.778,93049775,93049775,https://www.nseindia.com/companies-listing/corporate-filings-annual-reports,https://www.nseindia.com/companies-listing/corporate-filings-annual-reports,1620588789,15:33:09,20210509
33,2012-09-30,ASHIANA.NS,INR,2012-09-30,2012-09-30,Q3,282500000,156700000,125800000,0.4453097345132743,0.0,0.0,8100000.0,0.0,40000000.0,196700000,5500000.0,6400000.0,92200000.0,0.3263716814159292,85800000.0,0.303716814159292,0.0,80100000,0.28353982300884956,9200000.0,70900000.0,0.25097345132743365,0.762,0.762,93049775,93049775,https://www.nseindia.com/companies-listing/corporate-filings-annual-reports,https://www.nseindia.com/companies-listing/corporate-filings-annual-reports,1620588789,15:33:09,20210509
34,2012-06-30,ASHIANA.NS,INR,2012-06-30,2012-06-30,Q2,306900000,158000000,148900000,0.4851743238840013,0.0,0.0,5900000.0,0.0,37300000.0,195300000,5400000.0,6300000.0,117900000.0,0.3841642228739003,111600000.0,0.36363636363636365,0.0,106200000,0.3460410557184751,17200000.0,89000000.0,0.28999674160964484,0.956,0.956,93049775,93049775,https://www.nseindia.com/companies-listing/corporate-filings-annual-reports,https://www.nseindia.com/companies-listing/corporate-filings-annual-reports,1620588789,15:33:09,20210509
35,2009-06-30,ASHIANA.NS,INR,2009-06-30,2009-06-30,Q2,276947000,139408000,137539000,0.49662570816798884,0.0,0.0,0.0,15309000.0,43293000.0,182701000,1747000.0,3200000.0,97446000.0,0.3518579367171336,94246000.0,0.3403033793469509,0.0,107809000,0.38927664860063477,18853000.0,88956000.0,0.3212022516943675,0.984,0.984,90402439,90402439,https://www.nseindia.com/companies-listing/corporate-filings-annual-reports,https://www.nseindia.com/companies-listing/corporate-filings-annual-reports,1620588789,15:33:09,20210509
36,2008-06-30,ASHIANA.NS,INR,2008-06-30,2008-06-30,Q2,212475000,113922000,98553000,0.463833392163784,0.0,0.0,0.0,13622000.0,41326000.0,155248000,133000.0,3450000.0,60677000.0,0.2855724202847394,57227000.0,0.26933521590775383,0.0,70716000,0.3328203318037416,7119000.0,63597000.0,0.29931521355453583,0.678,0.678,93800885,93800885,https://www.nseindia.com/companies-listing/corporate-filings-annual-reports,https://www.nseindia.com/companies-listing/corporate-filings-annual-reports,1620588789,15:33:09,20210509
