,date,symbol,reportedCurrency,fillingDate,acceptedDate,period,revenue,costOfRevenue,grossProfit,grossProfitRatio,researchAndDevelopmentExpenses,generalAndAdministrativeExpenses,sellingAndMarketingExpenses,otherExpenses,operatingExpenses,costAndExpenses,interestExpense,depreciationAndAmortization,ebitda,ebitdaratio,operatingIncome,operatingIncomeRatio,totalOtherIncomeExpensesNet,incomeBeforeTax,incomeBeforeTaxRatio,incomeTaxExpense,netIncome,netIncomeRatio,eps,epsdiluted,weightedAverageShsOut,weightedAverageShsOutDil,link,finalLink,timestamp,est_time,est_date
0,2019-09-30,0680.HK,HKD,2019-09-30,2019-09-30,Q3,2330303000.0,1034709250.0,1295593750.0,0.5559765189333747,0.0,240029750.0,631301000.0,18313750.0,0.0,2282981500.0,342179250.0,383163500.0,430485000.0,0.18473348744776966,47321500.0,0.020307015868751832,0.0,202210750.0,0.08677444521163127,362567250.0,-140353750.0,-0.06022982848153223,-0.00205,-0.00205,68645535794,68645535794,https://www1.hkexnews.hk/search/titlesearch.xhtml,https://www1.hkexnews.hk/search/titlesearch.xhtml,1620584855,14:27:35,20210509
1,2019-06-30,0680.HK,HKD,2019-06-30,2019-06-30,Q2,2330303000.0,1034709250.0,1295593750.0,0.5559765189333747,0.0,240029750.0,631301000.0,18313750.0,0.0,2282981500.0,342179250.0,383163500.0,430485000.0,0.18473348744776966,47321500.0,0.020307015868751832,0.0,202210750.0,0.08677444521163127,362567250.0,-140353750.0,-0.06022982848153223,-0.00205,-0.00205,68645535794,68645535794,https://www1.hkexnews.hk/search/titlesearch.xhtml,https://www1.hkexnews.hk/search/titlesearch.xhtml,1620584855,14:27:35,20210509
2,2019-03-31,0680.HK,HKD,2019-03-31,2019-03-31,Q1,2330303000.0,1034709250.0,1295593750.0,0.5559765189333747,0.0,240029750.0,631301000.0,18313750.0,0.0,2282981500.0,342179250.0,383163500.0,430485000.0,0.18473348744776966,47321500.0,0.020307015868751832,0.0,202210750.0,0.08677444521163127,362567250.0,-140353750.0,-0.06022982848153223,-0.00205,-0.00205,68645535794,68645535794,https://www1.hkexnews.hk/search/titlesearch.xhtml,https://www1.hkexnews.hk/search/titlesearch.xhtml,1620584855,14:27:35,20210509
3,2019-01-31,0680.HK,HKD,2019-01-31,2019-01-31,Q1,2330303000.0,1034709250.0,1295593750.0,0.5559765189333747,0.0,240029750.0,631301000.0,18313750.0,0.0,2282981500.0,342179250.0,383163500.0,430485000.0,0.18473348744776966,47321500.0,0.020307015868751832,0.0,202210750.0,0.08677444521163127,362567250.0,-140353750.0,-0.06022982848153223,-0.00205,-0.00205,68645535794,68645535794,https://www1.hkexnews.hk/search/titlesearch.xhtml,https://www1.hkexnews.hk/search/titlesearch.xhtml,1620584855,14:27:35,20210509
4,2018-09-30,0680.HK,HKD,2018-09-30,2018-09-30,Q3,4197362750.0,1515714000.0,2681648750.0,0.6388889666493562,0.0,333179250.0,944105250.0,22925750.0,0.0,3241885750.0,273985000.0,311557000.0,1267034000.0,0.30186430753453464,955477000.0,0.22763746116534722,0.0,856045250.0,0.20394836019355247,612459000.0,285213500.0,0.06795064353206069,0.00415,0.004075,68645535794,68645535794,https://www1.hkexnews.hk/search/titlesearch.xhtml,https://www1.hkexnews.hk/search/titlesearch.xhtml,1620584855,14:27:35,20210509
5,2018-06-30,0680.HK,HKD,2018-06-30,2018-06-30,Q2,4197362750.0,1515714000.0,2681648750.0,0.6388889666493562,0.0,333179250.0,944105250.0,22925750.0,0.0,3241885750.0,273985000.0,311557000.0,1267034000.0,0.30186430753453464,955477000.0,0.22763746116534722,0.0,856045250.0,0.20394836019355247,612459000.0,285213500.0,0.06795064353206069,0.00415,0.004075,68645535794,68645535794,https://www1.hkexnews.hk/search/titlesearch.xhtml,https://www1.hkexnews.hk/search/titlesearch.xhtml,1620584855,14:27:35,20210509
6,2018-03-31,0680.HK,HKD,2018-03-31,2018-03-31,Q1,4197362750.0,1515714000.0,2681648750.0,0.6388889666493562,0.0,333179250.0,944105250.0,22925750.0,0.0,3241885750.0,273985000.0,311557000.0,1267034000.0,0.30186430753453464,955477000.0,0.22763746116534722,0.0,856045250.0,0.20394836019355247,612459000.0,285213500.0,0.06795064353206069,0.00415,0.004075,68645535794,68645535794,https://www1.hkexnews.hk/search/titlesearch.xhtml,https://www1.hkexnews.hk/search/titlesearch.xhtml,1620584855,14:27:35,20210509
7,2018-01-31,0680.HK,HKD,2018-01-31,2018-01-31,Q1,4197362750.0,1515714000.0,2681648750.0,0.6388889666493562,0.0,333179250.0,944105250.0,22925750.0,0.0,3241885750.0,273985000.0,311557000.0,1267034000.0,0.30186430753453464,955477000.0,0.22763746116534722,0.0,856045250.0,0.20394836019355247,612459000.0,285213500.0,0.06795064353206069,0.00415,0.004075,68645535794,68645535794,https://www1.hkexnews.hk/search/titlesearch.xhtml,https://www1.hkexnews.hk/search/titlesearch.xhtml,1620584855,14:27:35,20210509
8,2017-09-30,0680.HK,HKD,2017-09-30,2017-09-30,Q3,3975221250.0,1440753000.0,2534468250.0,0.6375665882748036,0.0,270796000.0,755329000.0,12907250.0,0.0,2805821000.0,205932750.0,245041250.0,1414441500.0,0.35581453485136205,1169400250.0,0.29417236839333155,0.0,1054097500.0,0.26516700171091107,653488750.0,427006750.0,0.10741710288452498,0.006225,0.006225,68645535794,68645535794,https://www1.hkexnews.hk/search/titlesearch.xhtml,https://www1.hkexnews.hk/search/titlesearch.xhtml,1620584855,14:27:35,20210509
9,2017-06-30,0680.HK,HKD,2017-06-30,2017-06-30,Q2,3975221250.0,1440753000.0,2534468250.0,0.6375665882748036,0.0,270796000.0,755329000.0,12907250.0,0.0,2805821000.0,205932750.0,245041250.0,1414441500.0,0.35581453485136205,1169400250.0,0.29417236839333155,0.0,1054097500.0,0.26516700171091107,653488750.0,427006750.0,0.10741710288452498,0.006225,0.006225,68645535794,68645535794,https://www1.hkexnews.hk/search/titlesearch.xhtml,https://www1.hkexnews.hk/search/titlesearch.xhtml,1620584855,14:27:35,20210509
10,2017-03-31,0680.HK,HKD,2017-03-31,2017-03-31,Q1,3975221250.0,1440753000.0,2534468250.0,0.6375665882748036,0.0,270796000.0,755329000.0,12907250.0,0.0,2805821000.0,205932750.0,245041250.0,1414441500.0,0.35581453485136205,1169400250.0,0.29417236839333155,0.0,1054097500.0,0.26516700171091107,653488750.0,427006750.0,0.10741710288452498,0.006225,0.006225,68645535794,68645535794,https://www1.hkexnews.hk/search/titlesearch.xhtml,https://www1.hkexnews.hk/search/titlesearch.xhtml,1620584855,14:27:35,20210509
11,2017-01-31,0680.HK,HKD,2017-01-31,2017-01-31,Q1,3975221250.0,1440753000.0,2534468250.0,0.6375665882748036,0.0,270796000.0,755329000.0,12907250.0,0.0,2805821000.0,205932750.0,245041250.0,1414441500.0,0.35581453485136205,1169400250.0,0.29417236839333155,0.0,1054097500.0,0.26516700171091107,653488750.0,427006750.0,0.10741710288452498,0.006225,0.006225,68645535794,68645535794,https://www1.hkexnews.hk/search/titlesearch.xhtml,https://www1.hkexnews.hk/search/titlesearch.xhtml,1620584855,14:27:35,20210509
12,2016-09-30,0680.HK,HKD,2016-09-30,2016-09-30,Q3,2228894750.0,887806000.0,1341088750.0,0.6016833006583195,0.0,192763500.0,513522500.0,15179500.0,0.0,1695857000.0,129178500.0,132462250.0,665500000.0,0.29857847706806256,533037750.0,0.23914891001470573,0.0,600139250.0,0.2692541897727562,280541250.0,339888250.0,0.15249183479839054,0.00495,0.00495,68645535794,68645535794,https://www1.hkexnews.hk/search/titlesearch.xhtml,https://www1.hkexnews.hk/search/titlesearch.xhtml,1620584855,14:27:35,20210509
13,2016-06-30,0680.HK,HKD,2016-06-30,2016-06-30,Q2,2228894750.0,887806000.0,1341088750.0,0.6016833006583195,0.0,192763500.0,513522500.0,15179500.0,0.0,1695857000.0,129178500.0,132462250.0,665500000.0,0.29857847706806256,533037750.0,0.23914891001470573,0.0,600139250.0,0.2692541897727562,280541250.0,339888250.0,0.15249183479839054,0.00495,0.00495,68645535794,68645535794,https://www1.hkexnews.hk/search/titlesearch.xhtml,https://www1.hkexnews.hk/search/titlesearch.xhtml,1620584855,14:27:35,20210509
14,2016-03-31,0680.HK,HKD,2016-03-31,2016-03-31,Q1,2228894750.0,887806000.0,1341088750.0,0.6016833006583195,0.0,192763500.0,513522500.0,15179500.0,0.0,1695857000.0,129178500.0,132462250.0,665500000.0,0.29857847706806256,533037750.0,0.23914891001470573,0.0,600139250.0,0.2692541897727562,280541250.0,339888250.0,0.15249183479839054,0.00495,0.00495,68645535794,68645535794,https://www1.hkexnews.hk/search/titlesearch.xhtml,https://www1.hkexnews.hk/search/titlesearch.xhtml,1620584855,14:27:35,20210509
15,2016-01-31,0680.HK,HKD,2016-01-31,2016-01-31,Q1,2228894750.0,887806000.0,1341088750.0,0.6016833006583195,0.0,192763500.0,513522500.0,15179500.0,0.0,1695857000.0,129178500.0,132462250.0,665500000.0,0.29857847706806256,533037750.0,0.23914891001470573,0.0,600139250.0,0.2692541897727562,280541250.0,339888250.0,0.15249183479839054,0.00495,0.00495,68645535794,68645535794,https://www1.hkexnews.hk/search/titlesearch.xhtml,https://www1.hkexnews.hk/search/titlesearch.xhtml,1620584855,14:27:35,20210509
16,2015-09-30,0680.HK,HKD,2015-09-30,2015-09-30,Q3,1050029250.0,398273250.0,651756000.0,0.6207027089959637,0.0,119452500.0,408383500.0,-12382500.0,0.0,980184750.0,74639250.0,68525500.0,138370000.0,0.13177728144239792,69844500.0,0.06651671846284282,0.0,86917250.0,0.08277602742971207,23059750.0,59718750.0,0.05687341566913493,0.000875,0.000875,68645535794,68645535794,https://www1.hkexnews.hk/search/titlesearch.xhtml,https://www1.hkexnews.hk/search/titlesearch.xhtml,1620584855,14:27:35,20210509
17,2015-06-30,0680.HK,HKD,2015-06-30,2015-06-30,Q2,1050029250.0,398273250.0,651756000.0,0.6207027089959637,0.0,119452500.0,408383500.0,-12382500.0,0.0,980184750.0,74639250.0,68525500.0,138370000.0,0.13177728144239792,69844500.0,0.06651671846284282,0.0,86917250.0,0.08277602742971207,23059750.0,59718750.0,0.05687341566913493,0.000875,0.000875,68645535794,68645535794,https://www1.hkexnews.hk/search/titlesearch.xhtml,https://www1.hkexnews.hk/search/titlesearch.xhtml,1620584855,14:27:35,20210509
18,2015-03-31,0680.HK,HKD,2015-03-31,2015-03-31,Q1,1050029250.0,398273250.0,651756000.0,0.6207027089959637,0.0,119452500.0,408383500.0,-12382500.0,0.0,980184750.0,74639250.0,68525500.0,138370000.0,0.13177728144239792,69844500.0,0.06651671846284282,0.0,86917250.0,0.08277602742971207,23059750.0,59718750.0,0.05687341566913493,0.000875,0.000875,68645535794,68645535794,https://www1.hkexnews.hk/search/titlesearch.xhtml,https://www1.hkexnews.hk/search/titlesearch.xhtml,1620584855,14:27:35,20210509
19,2015-01-31,0680.HK,HKD,2015-01-31,2015-01-31,Q1,1050029250.0,398273250.0,651756000.0,0.6207027089959637,0.0,119452500.0,408383500.0,-12382500.0,0.0,980184750.0,74639250.0,68525500.0,138370000.0,0.13177728144239792,69844500.0,0.06651671846284282,0.0,86917250.0,0.08277602742971207,23059750.0,59718750.0,0.05687341566913493,0.000875,0.000875,68645535794,68645535794,https://www1.hkexnews.hk/search/titlesearch.xhtml,https://www1.hkexnews.hk/search/titlesearch.xhtml,1620584855,14:27:35,20210509
20,2014-09-30,0680.HK,HKD,2014-09-30,2014-09-30,Q3,788253750.0,269541250.0,518712500.0,0.658052689251399,0.0,126942000.0,301929500.0,3567250.0,0.0,866759250.0,72611000.0,142072000.0,63566500.0,0.08064217899375677,-78505500.0,-0.09959419793435807,0.0,-181259250.0,-0.22995038082597133,5485500.0,-175432750.0,-0.2225587255373032,-0.00255,-0.00255575,68645535794,68645535794,https://www1.hkexnews.hk/search/titlesearch.xhtml,https://www1.hkexnews.hk/search/titlesearch.xhtml,1620584855,14:27:35,20210509
21,2014-06-30,0680.HK,HKD,2014-06-30,2014-06-30,Q2,788253750.0,269541250.0,518712500.0,0.658052689251399,0.0,126942000.0,301929500.0,3567250.0,0.0,866759250.0,72611000.0,142072000.0,63566500.0,0.08064217899375677,-78505500.0,-0.09959419793435807,0.0,-181259250.0,-0.22995038082597133,5485500.0,-175432750.0,-0.2225587255373032,-0.00255,-0.00255575,68645535794,68645535794,https://www1.hkexnews.hk/search/titlesearch.xhtml,https://www1.hkexnews.hk/search/titlesearch.xhtml,1620584855,14:27:35,20210509
22,2014-03-31,0680.HK,HKD,2014-03-31,2014-03-31,Q1,788253750.0,269541250.0,518712500.0,0.658052689251399,0.0,126942000.0,301929500.0,3567250.0,0.0,866759250.0,72611000.0,142072000.0,63566500.0,0.08064217899375677,-78505500.0,-0.09959419793435807,0.0,-181259250.0,-0.22995038082597133,5485500.0,-175432750.0,-0.2225587255373032,-0.00255,-0.00255575,68645535794,68645535794,https://www1.hkexnews.hk/search/titlesearch.xhtml,https://www1.hkexnews.hk/search/titlesearch.xhtml,1620584855,14:27:35,20210509
23,2014-01-31,0680.HK,HKD,2014-01-31,2014-01-31,Q1,788253750.0,269541250.0,518712500.0,0.658052689251399,0.0,126942000.0,301929500.0,3567250.0,0.0,866759250.0,72611000.0,142072000.0,63566500.0,0.08064217899375677,-78505500.0,-0.09959419793435807,0.0,-181259250.0,-0.22995038082597133,5485500.0,-175432750.0,-0.2225587255373032,-0.00255,-0.00255575,68645535794,68645535794,https://www1.hkexnews.hk/search/titlesearch.xhtml,https://www1.hkexnews.hk/search/titlesearch.xhtml,1620584855,14:27:35,20210509
24,2013-09-30,0680.HK,HKD,2013-09-30,2013-09-30,Q3,579650250.0,201136250.0,378514000.0,0.6530041175691721,0.0,117368500.0,237529750.0,-8011500.0,0.0,631210000.0,63753000.0,67902000.0,16342250.0,0.02819329414590954,-51559750.0,-0.08894975892790523,0.0,227647750.0,0.3927329454270053,14507250.0,216299250.0,0.3731547601333735,0.003151,0.003151,68644636623,68644636623,https://www1.hkexnews.hk/search/titlesearch.xhtml,https://www1.hkexnews.hk/search/titlesearch.xhtml,1620584855,14:27:35,20210509
25,2013-06-30,0680.HK,HKD,2013-06-30,2013-06-30,Q2,579650250.0,201136250.0,378514000.0,0.6530041175691721,0.0,117368500.0,237529750.0,-8011500.0,0.0,631210000.0,63753000.0,67902000.0,16342250.0,0.02819329414590954,-51559750.0,-0.08894975892790523,0.0,227647750.0,0.3927329454270053,14507250.0,216299250.0,0.3731547601333735,0.003151,0.003151,68644636623,68644636623,https://www1.hkexnews.hk/search/titlesearch.xhtml,https://www1.hkexnews.hk/search/titlesearch.xhtml,1620584855,14:27:35,20210509
26,2013-03-31,0680.HK,HKD,2013-03-31,2013-03-31,Q1,579650250.0,201136250.0,378514000.0,0.6530041175691721,0.0,117368500.0,237529750.0,-8011500.0,0.0,631210000.0,63753000.0,67902000.0,16342250.0,0.02819329414590954,-51559750.0,-0.08894975892790523,0.0,227647750.0,0.3927329454270053,14507250.0,216299250.0,0.3731547601333735,0.003151,0.003151,68644636623,68644636623,https://www1.hkexnews.hk/search/titlesearch.xhtml,https://www1.hkexnews.hk/search/titlesearch.xhtml,1620584855,14:27:35,20210509
27,2013-01-31,0680.HK,HKD,2013-01-31,2013-01-31,Q1,579650250.0,201136250.0,378514000.0,0.6530041175691721,0.0,117368500.0,237529750.0,-8011500.0,0.0,631210000.0,63753000.0,67902000.0,16342250.0,0.02819329414590954,-51559750.0,-0.08894975892790523,0.0,227647750.0,0.3927329454270053,14507250.0,216299250.0,0.3731547601333735,0.003151,0.003151,68644636623,68644636623,https://www1.hkexnews.hk/search/titlesearch.xhtml,https://www1.hkexnews.hk/search/titlesearch.xhtml,1620584855,14:27:35,20210509
28,2012-09-30,0680.HK,HKD,2012-09-30,2012-09-30,Q3,488392000.0,184547250.0,303844750.0,0.6221329382954676,0.0,105730750.0,175648500.0,0.0,0.0,533981000.0,36854000.0,49094250.0,3505250.0,0.007177124113417091,-45589000.0,-0.09334509983783518,0.0,-60512250.0,-0.12390098527412406,32561000.0,-86515750.0,-0.17714407688905634,-0.00126025,-0.00126025,68645535794,68645535794,https://www1.hkexnews.hk/search/titlesearch.xhtml,https://www1.hkexnews.hk/search/titlesearch.xhtml,1620584855,14:27:35,20210509
29,2012-06-30,0680.HK,HKD,2012-06-30,2012-06-30,Q2,488392000.0,184547250.0,303844750.0,0.6221329382954676,0.0,105730750.0,175648500.0,0.0,0.0,533981000.0,36854000.0,49094250.0,3505250.0,0.007177124113417091,-45589000.0,-0.09334509983783518,0.0,-60512250.0,-0.12390098527412406,32561000.0,-86515750.0,-0.17714407688905634,-0.00126025,-0.00126025,68645535794,68645535794,https://www1.hkexnews.hk/search/titlesearch.xhtml,https://www1.hkexnews.hk/search/titlesearch.xhtml,1620584855,14:27:35,20210509
30,2012-03-31,0680.HK,HKD,2012-03-31,2012-03-31,Q1,488392000.0,184547250.0,303844750.0,0.6221329382954676,0.0,105730750.0,175648500.0,0.0,0.0,533981000.0,36854000.0,49094250.0,3505250.0,0.007177124113417091,-45589000.0,-0.09334509983783518,0.0,-60512250.0,-0.12390098527412406,32561000.0,-86515750.0,-0.17714407688905634,-0.00126025,-0.00126025,68645535794,68645535794,https://www1.hkexnews.hk/search/titlesearch.xhtml,https://www1.hkexnews.hk/search/titlesearch.xhtml,1620584855,14:27:35,20210509
31,2012-01-31,0680.HK,HKD,2012-01-31,2012-01-31,Q1,488392000.0,184547250.0,303844750.0,0.6221329382954676,0.0,105730750.0,175648500.0,0.0,0.0,533981000.0,36854000.0,49094250.0,3505250.0,0.007177124113417091,-45589000.0,-0.09334509983783518,0.0,-60512250.0,-0.12390098527412406,32561000.0,-86515750.0,-0.17714407688905634,-0.00126025,-0.00126025,68645535794,68645535794,https://www1.hkexnews.hk/search/titlesearch.xhtml,https://www1.hkexnews.hk/search/titlesearch.xhtml,1620584855,14:27:35,20210509
32,2011-09-30,0680.HK,HKD,2011-09-30,2011-09-30,Q3,583363000.0,220688000.0,362675000.0,0.6216969536977833,0.0,134226000.0,153340750.0,0.0,0.0,574632500.0,0.0,43662250.0,52392750.0,0.08981157529702775,8730500.0,0.014965810310218508,0.0,-64540500.0,-0.11063523055113197,70181250.0,-123686500.0,-0.21202321710495867,-0.0018025,-0.0018025,68645535794,68645535794,https://www1.hkexnews.hk/search/titlesearch.xhtml,https://www1.hkexnews.hk/search/titlesearch.xhtml,1620584855,14:27:35,20210509
33,2011-06-30,0680.HK,HKD,2011-06-30,2011-06-30,Q2,583363000.0,220688000.0,362675000.0,0.6216969536977833,0.0,134226000.0,153340750.0,0.0,0.0,574632500.0,0.0,43662250.0,52392750.0,0.08981157529702775,8730500.0,0.014965810310218508,0.0,-64540500.0,-0.11063523055113197,70181250.0,-123686500.0,-0.21202321710495867,-0.0018025,-0.0018025,68645535794,68645535794,https://www1.hkexnews.hk/search/titlesearch.xhtml,https://www1.hkexnews.hk/search/titlesearch.xhtml,1620584855,14:27:35,20210509
34,2011-03-31,0680.HK,HKD,2011-03-31,2011-03-31,Q1,583363000.0,220688000.0,362675000.0,0.6216969536977833,0.0,134226000.0,153340750.0,0.0,0.0,574632500.0,0.0,43662250.0,52392750.0,0.08981157529702775,8730500.0,0.014965810310218508,0.0,-64540500.0,-0.11063523055113197,70181250.0,-123686500.0,-0.21202321710495867,-0.0018025,-0.0018025,68645535794,68645535794,https://www1.hkexnews.hk/search/titlesearch.xhtml,https://www1.hkexnews.hk/search/titlesearch.xhtml,1620584855,14:27:35,20210509
35,2011-01-31,0680.HK,HKD,2011-01-31,2011-01-31,Q1,583363000.0,220688000.0,362675000.0,0.6216969536977833,0.0,134226000.0,153340750.0,0.0,0.0,574632500.0,0.0,43662250.0,52392750.0,0.08981157529702775,8730500.0,0.014965810310218508,0.0,-64540500.0,-0.11063523055113197,70181250.0,-123686500.0,-0.21202321710495867,-0.0018025,-0.0018025,68645535794,68645535794,https://www1.hkexnews.hk/search/titlesearch.xhtml,https://www1.hkexnews.hk/search/titlesearch.xhtml,1620584855,14:27:35,20210509
36,2010-09-30,0680.HK,HKD,2010-09-30,2010-09-30,Q3,490863500.0,201994000.0,288869500.0,0.5884925238890242,0.0,115101250.0,104486500.0,-2838750.0,0.0,492503500.0,68607750.0,40182250.0,38542250.0,0.07851928285562076,-1640000.0,-0.0033410510253868947,0.0,-72562250.0,-0.1478257193700489,34578500.0,-95393250.0,-0.19433763154115147,-0.00139,-0.00139,68645531684,68645531684,https://www1.hkexnews.hk/search/titlesearch.xhtml,https://www1.hkexnews.hk/search/titlesearch.xhtml,1620584855,14:27:35,20210509
37,2010-06-30,0680.HK,HKD,2010-06-30,2010-06-30,Q2,490863500.0,201994000.0,288869500.0,0.5884925238890242,0.0,115101250.0,104486500.0,-2838750.0,0.0,492503500.0,68607750.0,40182250.0,38542250.0,0.07851928285562076,-1640000.0,-0.0033410510253868947,0.0,-72562250.0,-0.1478257193700489,34578500.0,-95393250.0,-0.19433763154115147,-0.00139,-0.00139,68645531684,68645531684,https://www1.hkexnews.hk/search/titlesearch.xhtml,https://www1.hkexnews.hk/search/titlesearch.xhtml,1620584855,14:27:35,20210509
38,2010-03-31,0680.HK,HKD,2010-03-31,2010-03-31,Q1,490863500.0,201994000.0,288869500.0,0.5884925238890242,0.0,115101250.0,104486500.0,-2838750.0,0.0,492503500.0,68607750.0,40182250.0,38542250.0,0.07851928285562076,-1640000.0,-0.0033410510253868947,0.0,-72562250.0,-0.1478257193700489,34578500.0,-95393250.0,-0.19433763154115147,-0.00139,-0.00139,68645531684,68645531684,https://www1.hkexnews.hk/search/titlesearch.xhtml,https://www1.hkexnews.hk/search/titlesearch.xhtml,1620584855,14:27:35,20210509
39,2010-01-31,0680.HK,HKD,2010-01-31,2010-01-31,Q1,490863500.0,201994000.0,288869500.0,0.5884925238890242,0.0,115101250.0,104486500.0,-2838750.0,0.0,492503500.0,68607750.0,40182250.0,38542250.0,0.07851928285562076,-1640000.0,-0.0033410510253868947,0.0,-72562250.0,-0.1478257193700489,34578500.0,-95393250.0,-0.19433763154115147,-0.00139,-0.00139,68645531684,68645531684,https://www1.hkexnews.hk/search/titlesearch.xhtml,https://www1.hkexnews.hk/search/titlesearch.xhtml,1620584855,14:27:35,20210509
40,2009-09-30,0680.HK,HKD,2009-09-30,2009-09-30,Q3,1002093750.0,619902500.0,382191250.0,0.3813927090154988,0.0,90198750.0,85215250.0,0.0,0.0,807775250.0,64011750.0,22907500.0,217226000.0,0.21677213334580722,194318500.0,0.19391249571210278,0.0,144349250.0,0.14404765023232607,109626000.0,50208250.0,0.05010334611906321,0.0007325,0.0007325,68645035794,68645035794,https://www1.hkexnews.hk/search/titlesearch.xhtml,https://www1.hkexnews.hk/search/titlesearch.xhtml,1620584855,14:27:35,20210509
41,2009-06-30,0680.HK,HKD,2009-06-30,2009-06-30,Q2,1002093750.0,619902500.0,382191250.0,0.3813927090154988,0.0,90198750.0,85215250.0,0.0,0.0,807775250.0,64011750.0,22907500.0,217226000.0,0.21677213334580722,194318500.0,0.19391249571210278,0.0,144349250.0,0.14404765023232607,109626000.0,50208250.0,0.05010334611906321,0.0007325,0.0007325,68645035794,68645035794,https://www1.hkexnews.hk/search/titlesearch.xhtml,https://www1.hkexnews.hk/search/titlesearch.xhtml,1620584855,14:27:35,20210509
42,2009-03-31,0680.HK,HKD,2009-03-31,2009-03-31,Q1,1002093750.0,619902500.0,382191250.0,0.3813927090154988,0.0,90198750.0,85215250.0,0.0,0.0,807775250.0,64011750.0,22907500.0,217226000.0,0.21677213334580722,194318500.0,0.19391249571210278,0.0,144349250.0,0.14404765023232607,109626000.0,50208250.0,0.05010334611906321,0.0007325,0.0007325,68645035794,68645035794,https://www1.hkexnews.hk/search/titlesearch.xhtml,https://www1.hkexnews.hk/search/titlesearch.xhtml,1620584855,14:27:35,20210509
43,2009-01-31,0680.HK,HKD,2009-01-31,2009-01-31,Q1,1002093750.0,619902500.0,382191250.0,0.3813927090154988,0.0,90198750.0,85215250.0,0.0,0.0,807775250.0,64011750.0,22907500.0,217226000.0,0.21677213334580722,194318500.0,0.19391249571210278,0.0,144349250.0,0.14404765023232607,109626000.0,50208250.0,0.05010334611906321,0.0007325,0.0007325,68645035794,68645035794,https://www1.hkexnews.hk/search/titlesearch.xhtml,https://www1.hkexnews.hk/search/titlesearch.xhtml,1620584855,14:27:35,20210509
44,2008-09-30,0680.HK,HKD,2008-09-30,2008-09-30,Q3,123715250.0,47177750.0,76537500.0,0.6186585728113551,0.0,80291750.0,71238000.0,-4250000.0,0.0,207663500.0,46646500.0,19211750.0,-64736500.0,-0.5232701708156432,-83948250.0,-0.6785602421690131,0.0,-132347750.0,-1.0697771697506977,1343000.0,-123059500.0,-0.9946995216838668,-0.0017925,-0.0017925,68645035794,68645035794,https://www1.hkexnews.hk/search/titlesearch.xhtml,https://www1.hkexnews.hk/search/titlesearch.xhtml,1620584855,14:27:35,20210509
45,2008-06-30,0680.HK,HKD,2008-06-30,2008-06-30,Q2,123715250.0,47177750.0,76537500.0,0.6186585728113551,0.0,80291750.0,71238000.0,-4250000.0,0.0,207663500.0,46646500.0,19211750.0,-64736500.0,-0.5232701708156432,-83948250.0,-0.6785602421690131,0.0,-132347750.0,-1.0697771697506977,1343000.0,-123059500.0,-0.9946995216838668,-0.0017925,-0.0017925,68645035794,68645035794,https://www1.hkexnews.hk/search/titlesearch.xhtml,https://www1.hkexnews.hk/search/titlesearch.xhtml,1620584855,14:27:35,20210509
46,2008-03-31,0680.HK,HKD,2008-03-31,2008-03-31,Q1,123715250.0,47177750.0,76537500.0,0.6186585728113551,0.0,80291750.0,71238000.0,-4250000.0,0.0,207663500.0,46646500.0,19211750.0,-64736500.0,-0.5232701708156432,-83948250.0,-0.6785602421690131,0.0,-132347750.0,-1.0697771697506977,1343000.0,-123059500.0,-0.9946995216838668,-0.0017925,-0.0017925,68645035794,68645035794,https://www1.hkexnews.hk/search/titlesearch.xhtml,https://www1.hkexnews.hk/search/titlesearch.xhtml,1620584855,14:27:35,20210509
47,2008-01-31,0680.HK,HKD,2008-01-31,2008-01-31,Q1,123715250.0,47177750.0,76537500.0,0.6186585728113551,0.0,80291750.0,71238000.0,-4250000.0,0.0,207663500.0,46646500.0,19211750.0,-64736500.0,-0.5232701708156432,-83948250.0,-0.6785602421690131,0.0,-132347750.0,-1.0697771697506977,1343000.0,-123059500.0,-0.9946995216838668,-0.0017925,-0.0017925,68645035794,68645035794,https://www1.hkexnews.hk/search/titlesearch.xhtml,https://www1.hkexnews.hk/search/titlesearch.xhtml,1620584855,14:27:35,20210509
48,2007-09-30,0680.HK,HKD,2007-09-30,2007-09-30,Q3,168257750.0,32999000.0,135258750.0,0.803878276037805,0.0,62511250.0,55490500.0,0.0,0.0,179541500.0,0.0,0.0,-11283750.0,-14.911509914700343,-11283750.0,-0.06706228984994747,0.0,-11766250.0,-0.06992991407528033,-17150500.0,5384250.0,0.032000011886525286,-5.25e-05,-5.25e-05,69380952381,69380952381,https://www1.hkexnews.hk/search/titlesearch.xhtml,https://www1.hkexnews.hk/search/titlesearch.xhtml,1620584855,14:27:35,20210509
49,2007-06-30,0680.HK,HKD,2007-06-30,2007-06-30,Q2,168257750.0,32999000.0,135258750.0,0.803878276037805,0.0,62511250.0,55490500.0,0.0,0.0,179541500.0,0.0,0.0,-11283750.0,-14.911509914700343,-11283750.0,-0.06706228984994747,0.0,-11766250.0,-0.06992991407528033,-17150500.0,5384250.0,0.032000011886525286,-5.25e-05,-5.25e-05,69380952381,69380952381,https://www1.hkexnews.hk/search/titlesearch.xhtml,https://www1.hkexnews.hk/search/titlesearch.xhtml,1620584855,14:27:35,20210509
50,2007-03-31,0680.HK,HKD,2007-03-31,2007-03-31,Q1,168257750.0,32999000.0,135258750.0,0.803878276037805,0.0,62511250.0,55490500.0,0.0,0.0,179541500.0,0.0,0.0,-11283750.0,-14.911509914700343,-11283750.0,-0.06706228984994747,0.0,-11766250.0,-0.06992991407528033,-17150500.0,5384250.0,0.032000011886525286,-5.25e-05,-5.25e-05,69380952381,69380952381,https://www1.hkexnews.hk/search/titlesearch.xhtml,https://www1.hkexnews.hk/search/titlesearch.xhtml,1620584855,14:27:35,20210509
51,2007-01-31,0680.HK,HKD,2007-01-31,2007-01-31,Q1,168257750.0,32999000.0,135258750.0,0.803878276037805,0.0,62511250.0,55490500.0,0.0,0.0,179541500.0,0.0,0.0,-11283750.0,-14.911509914700343,-11283750.0,-0.06706228984994747,0.0,-11766250.0,-0.06992991407528033,-17150500.0,5384250.0,0.032000011886525286,-5.25e-05,-5.25e-05,69380952381,69380952381,https://www1.hkexnews.hk/search/titlesearch.xhtml,https://www1.hkexnews.hk/search/titlesearch.xhtml,1620584855,14:27:35,20210509
52,2006-09-30,0680.HK,HKD,2006-09-30,2006-09-30,Q3,524809250.0,0.0,0.0,0.0,0.0,50950250.0,51084500.0,0.0,0.0,192386000.0,0.0,0.0,332423250.0,1.5787380996966969,332423250.0,0.6334172844705005,0.0,6893500.0,0.0131352486641575,15569000.0,-8675500.0,-0.016530768083832362,8e-05,8e-05,68378125000,68378125000,https://www1.hkexnews.hk/search/titlesearch.xhtml,https://www1.hkexnews.hk/search/titlesearch.xhtml,1620584855,14:27:35,20210509
53,2006-06-30,0680.HK,HKD,2006-06-30,2006-06-30,Q2,524809250.0,0.0,0.0,0.0,0.0,50950250.0,51084500.0,0.0,0.0,192386000.0,0.0,0.0,332423250.0,1.5787380996966969,332423250.0,0.6334172844705005,0.0,6893500.0,0.0131352486641575,15569000.0,-8675500.0,-0.016530768083832362,8e-05,8e-05,68378125000,68378125000,https://www1.hkexnews.hk/search/titlesearch.xhtml,https://www1.hkexnews.hk/search/titlesearch.xhtml,1620584855,14:27:35,20210509
54,2006-03-31,0680.HK,HKD,2006-03-31,2006-03-31,Q1,524809250.0,0.0,0.0,0.0,0.0,50950250.0,51084500.0,0.0,0.0,192386000.0,0.0,0.0,332423250.0,1.5787380996966969,332423250.0,0.6334172844705005,0.0,6893500.0,0.0131352486641575,15569000.0,-8675500.0,-0.016530768083832362,8e-05,8e-05,68378125000,68378125000,https://www1.hkexnews.hk/search/titlesearch.xhtml,https://www1.hkexnews.hk/search/titlesearch.xhtml,1620584855,14:27:35,20210509
55,2006-01-31,0680.HK,HKD,2006-01-31,2006-01-31,Q1,524809250.0,0.0,0.0,0.0,0.0,50950250.0,51084500.0,0.0,0.0,192386000.0,0.0,0.0,332423250.0,1.5787380996966969,332423250.0,0.6334172844705005,0.0,6893500.0,0.0131352486641575,15569000.0,-8675500.0,-0.016530768083832362,8e-05,8e-05,68378125000,68378125000,https://www1.hkexnews.hk/search/titlesearch.xhtml,https://www1.hkexnews.hk/search/titlesearch.xhtml,1620584855,14:27:35,20210509
56,2005-09-30,0680.HK,HKD,2005-09-30,2005-09-30,Q3,38710750.0,0.0,0.0,0.0,0.0,22371250.0,0.0,0.0,0.0,28635500.0,0.0,0.0,10075250.0,3.8421627254906827,10075250.0,0.2602700800165329,0.0,12964000.0,0.33489405397725436,-1037500.0,14001500.0,0.3616953946901055,0.0001175,0.0001175,68163310794,68163310794,https://www1.hkexnews.hk/search/titlesearch.xhtml,https://www1.hkexnews.hk/search/titlesearch.xhtml,1620584855,14:27:35,20210509
57,2005-06-30,0680.HK,HKD,2005-06-30,2005-06-30,Q2,38710750.0,0.0,0.0,0.0,0.0,22371250.0,0.0,0.0,0.0,28635500.0,0.0,0.0,10075250.0,3.8421627254906827,10075250.0,0.2602700800165329,0.0,12964000.0,0.33489405397725436,-1037500.0,14001500.0,0.3616953946901055,0.0001175,0.0001175,68163310794,68163310794,https://www1.hkexnews.hk/search/titlesearch.xhtml,https://www1.hkexnews.hk/search/titlesearch.xhtml,1620584855,14:27:35,20210509
58,2005-03-31,0680.HK,HKD,2005-03-31,2005-03-31,Q1,38710750.0,0.0,0.0,0.0,0.0,22371250.0,0.0,0.0,0.0,28635500.0,0.0,0.0,10075250.0,3.8421627254906827,10075250.0,0.2602700800165329,0.0,12964000.0,0.33489405397725436,-1037500.0,14001500.0,0.3616953946901055,0.0001175,0.0001175,68163310794,68163310794,https://www1.hkexnews.hk/search/titlesearch.xhtml,https://www1.hkexnews.hk/search/titlesearch.xhtml,1620584855,14:27:35,20210509
59,2005-01-31,0680.HK,HKD,2005-01-31,2005-01-31,Q1,38710750.0,0.0,0.0,0.0,0.0,22371250.0,0.0,0.0,0.0,28635500.0,0.0,0.0,10075250.0,3.8421627254906827,10075250.0,0.2602700800165329,0.0,12964000.0,0.33489405397725436,-1037500.0,14001500.0,0.3616953946901055,0.0001175,0.0001175,68163310794,68163310794,https://www1.hkexnews.hk/search/titlesearch.xhtml,https://www1.hkexnews.hk/search/titlesearch.xhtml,1620584855,14:27:35,20210509
60,2004-09-30,0680.HK,HKD,2004-09-30,2004-09-30,Q3,303750.0,392250.0,-88500.0,-0.291358024691358,0.0,2586250.0,0.0,0.0,0.0,3049500.0,0.0,507750.0,-2238000.0,-7.367901234567901,-2745750.0,-9.039506172839506,0.0,1309500.0,4.311111111111111,5250.0,1304250.0,4.293827160493827,4.25e-05,4.25e-05,30688235294,30688235294,https://www1.hkexnews.hk/search/titlesearch.xhtml,https://www1.hkexnews.hk/search/titlesearch.xhtml,1620584855,14:27:35,20210509
61,2004-06-30,0680.HK,HKD,2004-06-30,2004-06-30,Q2,303750.0,392250.0,-88500.0,-0.291358024691358,0.0,2586250.0,0.0,0.0,0.0,3049500.0,0.0,507750.0,-2238000.0,-7.367901234567901,-2745750.0,-9.039506172839506,0.0,1309500.0,4.311111111111111,5250.0,1304250.0,4.293827160493827,4.25e-05,4.25e-05,30688235294,30688235294,https://www1.hkexnews.hk/search/titlesearch.xhtml,https://www1.hkexnews.hk/search/titlesearch.xhtml,1620584855,14:27:35,20210509
62,2004-03-31,0680.HK,HKD,2004-03-31,2004-03-31,Q1,303750.0,392250.0,-88500.0,-0.291358024691358,0.0,2586250.0,0.0,0.0,0.0,3049500.0,0.0,507750.0,-2238000.0,-7.367901234567901,-2745750.0,-9.039506172839506,0.0,1309500.0,4.311111111111111,5250.0,1304250.0,4.293827160493827,4.25e-05,4.25e-05,30688235294,30688235294,https://www1.hkexnews.hk/search/titlesearch.xhtml,https://www1.hkexnews.hk/search/titlesearch.xhtml,1620584855,14:27:35,20210509
63,2004-01-31,0680.HK,HKD,2004-01-31,2004-01-31,Q1,303750.0,392250.0,-88500.0,-0.291358024691358,0.0,2586250.0,0.0,0.0,0.0,3049500.0,0.0,507750.0,-2238000.0,-7.367901234567901,-2745750.0,-9.039506172839506,0.0,1309500.0,4.311111111111111,5250.0,1304250.0,4.293827160493827,4.25e-05,4.25e-05,30688235294,30688235294,https://www1.hkexnews.hk/search/titlesearch.xhtml,https://www1.hkexnews.hk/search/titlesearch.xhtml,1620584855,14:27:35,20210509
64,2003-09-30,0680.HK,HKD,2003-09-30,2003-09-30,Q3,25144000.0,19002000.0,6142000.0,0.24427298759147312,0.0,8851750.0,0.0,0.0,0.0,31772500.0,0.0,23250.0,-6605250.0,-0.26269686605154313,-6628500.0,-0.2636215399300032,0.0,57500.0,0.002286827871460388,10000.0,47500.0,0.0018891186764237989,1.5e-06,1.5e-06,29931804183,29931804183,https://www1.hkexnews.hk/search/titlesearch.xhtml,https://www1.hkexnews.hk/search/titlesearch.xhtml,1620584855,14:27:35,20210509
65,2003-06-30,0680.HK,HKD,2003-06-30,2003-06-30,Q2,25144000.0,19002000.0,6142000.0,0.24427298759147312,0.0,8851750.0,0.0,0.0,0.0,31772500.0,0.0,23250.0,-6605250.0,-0.26269686605154313,-6628500.0,-0.2636215399300032,0.0,57500.0,0.002286827871460388,10000.0,47500.0,0.0018891186764237989,1.5e-06,1.5e-06,29931804183,29931804183,https://www1.hkexnews.hk/search/titlesearch.xhtml,https://www1.hkexnews.hk/search/titlesearch.xhtml,1620584855,14:27:35,20210509
66,2003-03-31,0680.HK,HKD,2003-03-31,2003-03-31,Q1,25144000.0,19002000.0,6142000.0,0.24427298759147312,0.0,8851750.0,0.0,0.0,0.0,31772500.0,0.0,23250.0,-6605250.0,-0.26269686605154313,-6628500.0,-0.2636215399300032,0.0,57500.0,0.002286827871460388,10000.0,47500.0,0.0018891186764237989,1.5e-06,1.5e-06,29931804183,29931804183,https://www1.hkexnews.hk/search/titlesearch.xhtml,https://www1.hkexnews.hk/search/titlesearch.xhtml,1620584855,14:27:35,20210509
67,2003-01-31,0680.HK,HKD,2003-01-31,2003-01-31,Q1,25144000.0,19002000.0,6142000.0,0.24427298759147312,0.0,8851750.0,0.0,0.0,0.0,31772500.0,0.0,23250.0,-6605250.0,-0.26269686605154313,-6628500.0,-0.2636215399300032,0.0,57500.0,0.002286827871460388,10000.0,47500.0,0.0018891186764237989,1.5e-06,1.5e-06,29931804183,29931804183,https://www1.hkexnews.hk/search/titlesearch.xhtml,https://www1.hkexnews.hk/search/titlesearch.xhtml,1620584855,14:27:35,20210509
68,2002-09-30,0680.HK,HKD,2002-09-30,2002-09-30,Q3,53834500.0,49987750.0,3846750.0,0.07145510778404184,0.0,9299250.0,0.0,0.0,0.0,56075750.0,0.0,0.0,-2241250.0,-24.019854991634134,-2241250.0,-0.04163222468862904,0.0,13075000.0,0.24287399344286656,37000.0,13038000.0,0.24218670183618313,0.000575,0.000575,22674782609,22674782609,https://www1.hkexnews.hk/search/titlesearch.xhtml,https://www1.hkexnews.hk/search/titlesearch.xhtml,1620584855,14:27:35,20210509
69,2002-06-30,0680.HK,HKD,2002-06-30,2002-06-30,Q2,53834500.0,49987750.0,3846750.0,0.07145510778404184,0.0,9299250.0,0.0,0.0,0.0,56075750.0,0.0,0.0,-2241250.0,-24.019854991634134,-2241250.0,-0.04163222468862904,0.0,13075000.0,0.24287399344286656,37000.0,13038000.0,0.24218670183618313,0.000575,0.000575,22674782609,22674782609,https://www1.hkexnews.hk/search/titlesearch.xhtml,https://www1.hkexnews.hk/search/titlesearch.xhtml,1620584855,14:27:35,20210509
70,2002-03-31,0680.HK,HKD,2002-03-31,2002-03-31,Q1,53834500.0,49987750.0,3846750.0,0.07145510778404184,0.0,9299250.0,0.0,0.0,0.0,56075750.0,0.0,0.0,-2241250.0,-24.019854991634134,-2241250.0,-0.04163222468862904,0.0,13075000.0,0.24287399344286656,37000.0,13038000.0,0.24218670183618313,0.000575,0.000575,22674782609,22674782609,https://www1.hkexnews.hk/search/titlesearch.xhtml,https://www1.hkexnews.hk/search/titlesearch.xhtml,1620584855,14:27:35,20210509
71,2002-01-31,0680.HK,HKD,2002-01-31,2002-01-31,Q1,53834500.0,49987750.0,3846750.0,0.07145510778404184,0.0,9299250.0,0.0,0.0,0.0,56075750.0,0.0,0.0,-2241250.0,-24.019854991634134,-2241250.0,-0.04163222468862904,0.0,13075000.0,0.24287399344286656,37000.0,13038000.0,0.24218670183618313,0.000575,0.000575,22674782609,22674782609,https://www1.hkexnews.hk/search/titlesearch.xhtml,https://www1.hkexnews.hk/search/titlesearch.xhtml,1620584855,14:27:35,20210509
