,date,symbol,reportedCurrency,fillingDate,acceptedDate,period,revenue,costOfRevenue,grossProfit,grossProfitRatio,researchAndDevelopmentExpenses,generalAndAdministrativeExpenses,sellingAndMarketingExpenses,otherExpenses,operatingExpenses,costAndExpenses,interestExpense,depreciationAndAmortization,ebitda,ebitdaratio,operatingIncome,operatingIncomeRatio,totalOtherIncomeExpensesNet,incomeBeforeTax,incomeBeforeTaxRatio,incomeTaxExpense,netIncome,netIncomeRatio,eps,epsdiluted,weightedAverageShsOut,weightedAverageShsOutDil,link,finalLink,timestamp,est_time,est_date
0,2020-12-31,DHI,USD,2021-01-27,2021-01-27 16:42:01,Q1,307000000,262000000.0,45000000.0,0.1465798045602606,0.0,15000000.0,0.0,0.0,15000000.0,277000000.0,0.0,20000000.0,49000000.0,0.15960912052117263,29000000.0,0.09446254071661238,0.0,29000000.0,0.09446254071661238,0.0,29000000.0,0.09446254071661238,0.07964844822850865,0.07848443843031123,364100000,369500000,https://www.sec.gov/Archives/edgar/data/882184/000088218421000021/0000882184-21-000021-index.htm,https://www.sec.gov/Archives/edgar/data/882184/000088218420000143/dhi-20200930.htm,1620591113,16:11:53,20210509
1,2020-09-30,DHI,USD,2020-11-20,2020-11-19 18:04:43,Q4,6400300000,4753500000.0,1646800000.0,0.2573004390419199,0.0,597700000.0,0.0,6300000.0,597700000.0,5351200000.0,0.0,23000000.0,1072100000.0,0.1675077730731372,1049100000.0,0.1639141915222724,7000000.0,1056100000.0,0.16500789025514428,224900000.0,829000000.0,0.12952517850725748,2.28,2.24,364100000,369500000,https://www.sec.gov/Archives/edgar/data/882184/000088218420000143/0000882184-20-000143-index.htm,https://www.sec.gov/Archives/edgar/data/882184/000088218420000143/dhi-20200930.htm,1620591113,16:11:53,20210509
2,2020-06-30,DHI,USD,2020-07-30,2020-07-30 12:03:33,Q3,5390000000,4084700000.0,1305300000.0,0.24217068645640075,0.0,527500000.0,0.0,4600000.0,527500000.0,4612200000.0,0.0,18600000.0,796400000.0,0.14775510204081632,777800000.0,0.14430426716141,4600000.0,782400000.0,0.14515769944341372,149500000.0,630700000.0,0.11701298701298701,1.73,1.72,363800000,367700000,https://www.sec.gov/Archives/edgar/data/882184/000088218420000112/0000882184-20-000112-index.htm,https://www.sec.gov/Archives/edgar/data/882184/000088218420000112/dhi-20200630.htm,1620591113,16:11:53,20210509
3,2020-03-31,DHI,USD,2020-04-29 00:00:00,2020-04-29 16:42:16,Q2,4500000000,3450800000.0,1049200000.0,0.23315555555555556,0.0,466800000.0,0.0,10400000.0,466800000.0,3917600000.0,0.0,19800000.0,602200000.0,0.13382222222222223,582400000.0,0.12942222222222222,38900000.0,621300000.0,0.13806666666666667,137300000.0,482700000.0,0.10726666666666666,1.32,1.3,365800000,370100000,https://www.sec.gov/Archives/edgar/data/882184/000088218420000099/0000882184-20-000099-index.html,https://www.sec.gov/Archives/edgar/data/882184/000088218420000099/dhi-20200331.htm,1620591113,16:11:53,20210509
4,2019-12-31,DHI,USD,2020-01-28 00:00:00,2020-01-28 16:11:16,Q1,4020700000,3084200000.0,936500000.0,0.23291964085855696,0.0,455800000.0,0.0,11500000.0,455800000.0,3540000000.0,0.0,19000000.0,499700000.0,0.12428184147039073,480700000.0,0.11955629616733404,42600000.0,523300000.0,0.1301514661626085,90800000.0,431300000.0,0.10726987837938667,1.17,1.16,368300000,373400000,https://www.sec.gov/Archives/edgar/data/882184/000088218420000017/0000882184-20-000017-index.html,https://www.sec.gov/Archives/edgar/data/882184/000088218420000017/a1231201910q.htm,1620591113,16:11:53,20210509
5,2019-09-30,DHI,USD,2019-11-25 00:00:00,2019-11-25 12:48:27,Q4,5038900000,3881500000.0,1157400000.0,0.2296929885490881,0.0,505500000.0,0.0,7700000.0,505500000.0,4387000000.0,0.0,19600000.0,671500000.0,0.13326321220901388,651900000.0,0.12937347436940602,8200000.0,660100000.0,0.13100081366965013,156200000.0,505300000.0,0.1002798229772371,1.37,1.35,369700000,374800000,https://www.sec.gov/Archives/edgar/data/882184/000088218419000147/0000882184-19-000147-index.html,https://www.sec.gov/Archives/edgar/data/882184/000088218419000147/a2019930-10k.htm,1620591113,16:11:53,20210509
6,2019-06-30,DHI,USD,2019-07-31,2019-07-30 17:34:21,Q3,4906300000,3831600000.0,1074700000.0,0.2190449014532336,0.0,480000000.0,0.0,9400000.0,480000000.0,4311600000.0,0.0,18300000.0,613000000.0,0.12494140187106373,594700000.0,0.12121150357703361,32000000.0,626700000.0,0.1277337301021136,153100000.0,474800000.0,0.0967735360658745,1.28,1.26,372300000,376900000,https://www.sec.gov/Archives/edgar/data/882184/000088218419000107/a630201910q.htm,https://www.sec.gov/Archives/edgar/data/882184/000088218419000107/a630201910q.htm,1620591113,16:11:53,20210509
7,2019-03-31,DHI,USD,2019-04-30 00:00:00,2019-04-30 16:51:20,Q2,4128700000,3256700000.0,872000000.0,0.21120449536173613,0.0,444200000.0,0.0,5700000.0,444200000.0,3700900000.0,0.0,17200000.0,445000000.0,0.10778211059171168,427800000.0,0.10361615036209945,35000000.0,462800000.0,0.11209339501538014,108400000.0,351300000.0,0.08508731561992879,0.94,0.93,373300000,377700000,https://www.sec.gov/Archives/edgar/data/882184/000088218419000096/0000882184-19-000096-index.html,https://www.sec.gov/Archives/edgar/data/882184/000088218419000096/a331201910q.htm,1620591113,16:11:53,20210509
8,2018-12-31,DHI,USD,2019-01-29 00:00:00,2019-01-29 16:44:31,Q1,3519000000,2751100000.0,767900000.0,0.21821540210287013,0.0,402800000.0,0.0,8600000.0,402800000.0,3153900000.0,0.0,16900000.0,382000000.0,0.10855356635407787,365100000.0,0.10375106564364876,10600000.0,375700000.0,0.1067632850241546,89000000.0,287200000.0,0.08161409491332765,0.77,0.76,375100000,380100000,https://www.sec.gov/Archives/edgar/data/882184/000088218419000022/0000882184-19-000022-index.html,https://www.sec.gov/Archives/edgar/data/882184/000088218419000022/a1231201810q.htm,1620591113,16:11:53,20210509
9,2018-09-30,DHI,USD,2018-11-16 00:00:00,2018-11-16 15:58:56,Q4,4505100000,3459100000.0,1046000000.0,0.23218130563139552,0.0,456900000.0,0.0,14600000.0,456900000.0,3916000000.0,0.0,15800000.0,604900000.0,0.13427004949945617,589100000.0,0.13076291314288252,18600000.0,607700000.0,0.13489156733479835,138800000.0,466200000.0,0.10348271958447093,1.24,1.22,376700000,382700000,https://www.sec.gov/Archives/edgar/data/882184/000088218418000120/0000882184-18-000120-index.html,https://www.sec.gov/Archives/edgar/data/882184/000088218418000120/a2018930-10k.htm,1620591113,16:11:53,20210509
10,2018-06-30,DHI,USD,2018-07-27 00:00:00,2018-07-27 16:49:36,Q3,4435300000,3397200000.0,1038100000.0,0.23405406624129146,0.0,434900000.0,0.0,12600000.0,434900000.0,3832100000.0,0.0,13500000.0,616700000.0,0.13904358217031543,603200000.0,0.13599981962888644,13000000.0,616200000.0,0.13893085022433657,162500000.0,453800000.0,0.10231551417040562,1.2,1.18,377400000,383400000,https://www.sec.gov/Archives/edgar/data/882184/000088218418000083/0000882184-18-000083-index.html,https://www.sec.gov/Archives/edgar/data/882184/000088218418000083/a630201810q.htm,1620591113,16:11:53,20210509
11,2018-03-31,DHI,USD,2018-04-30 00:00:00,2018-04-30 17:22:00,Q2,3794700000,2961600000.0,833100000.0,0.21954304688117637,0.0,400900000.0,0.0,11100000.0,400900000.0,3362500000.0,0.0,16900000.0,449100000.0,0.11834927662265791,432200000.0,0.11389569662950957,12600000.0,444800000.0,0.11721611721611722,94000000.0,351000000.0,0.09249743062692703,0.93,0.91,376800000,383900000,https://www.sec.gov/Archives/edgar/data/882184/000088218418000075/0000882184-18-000075-index.html,https://www.sec.gov/Archives/edgar/data/882184/000088218418000075/a331201810q.htm,1620591113,16:11:53,20210509
12,2017-12-31,DHI,USD,2018-02-08 00:00:00,2018-02-08 16:49:07,Q1,3332700000,2580100000.0,752600000.0,0.22582290635220692,0.0,384200000.0,0.0,20500000.0,384200000.0,2964300000.0,0.0,16200000.0,384600000.0,0.11540192636600954,368400000.0,0.1105410027905302,22800000.0,391200000.0,0.11738230263750113,202400000.0,189300000.0,0.056800792150508594,0.5,0.49,375800000,383800000,https://www.sec.gov/Archives/edgar/data/882184/000088218418000019/0000882184-18-000019-index.html,https://www.sec.gov/Archives/edgar/data/882184/000088218418000019/a1231201710q.htm,1620591113,16:11:53,20210509
13,2017-09-30,DHI,USD,2017-11-15 00:00:00,2017-11-15 17:31:38,Q4,4159100000,3263900000.0,895200000.0,0.21523887379481138,0.0,416100000.0,0.0,3200000.0,416100000.0,3680000000.0,0.0,14300000.0,493400000.0,0.11863143468538867,479100000.0,0.11519319083455555,3200000.0,485600000.0,0.11675602894857061,172300000.0,313300000.0,0.07532879709552548,0.84,0.82,374700000,380000000,https://www.sec.gov/Archives/edgar/data/882184/000088218417000103/0000882184-17-000103-index.html,https://www.sec.gov/Archives/edgar/data/882184/000088218417000103/a2017930-10k.htm,1620591113,16:11:53,20210509
14,2017-06-30,DHI,USD,2017-07-27 00:00:00,2017-07-27 11:21:24,Q3,3776400000,2961100000.0,815300000.0,0.2158934434911556,0.0,374500000.0,0.0,1300000.0,374500000.0,3335600000.0,0.0,13100000.0,453900000.0,0.1201938353987925,440800000.0,0.11672492320728736,1300000.0,444500000.0,0.11770469229954454,155500000.0,289000000.0,0.07652791017900647,0.77,0.76,374800000,379400000,https://www.sec.gov/Archives/edgar/data/882184/000088218417000080/0000882184-17-000080-index.html,https://www.sec.gov/Archives/edgar/data/882184/000088218417000080/a630201710q.htm,1620591113,16:11:53,20210509
15,2017-03-31,DHI,USD,2017-04-25 00:00:00,2017-04-25 17:01:25,Q2,3251300000,2549900000.0,701400000.0,0.21572909297819334,0.0,355200000.0,0.0,2400000.0,355200000.0,2905100000.0,0.0,12900000.0,359100000.0,0.11044812844093133,346200000.0,0.10648048472918525,2400000.0,353900000.0,0.10884876818503368,124700000.0,229200000.0,0.07049487897148833,0.61,0.6,374400000,378900000,https://www.sec.gov/Archives/edgar/data/882184/000088218417000073/0000882184-17-000073-index.html,https://www.sec.gov/Archives/edgar/data/882184/000088218417000073/a331201710q.htm,1620591113,16:11:53,20210509
16,2016-12-31,DHI,USD,2017-01-25 00:00:00,2017-01-25 17:06:04,Q1,2904200000,2267900000.0,636300000.0,0.21909648095861167,0.0,325900000.0,0.0,4100000.0,325900000.0,2593800000.0,0.0,14400000.0,324800000.0,0.1118380276840438,310400000.0,0.10687969148130294,4100000.0,318100000.0,0.10953102403415743,111200000.0,206900000.0,0.07124165002410303,0.5542459148138227,0.5482246952835188,373300000,377400000,https://www.sec.gov/Archives/edgar/data/882184/000088218417000020/0000882184-17-000020-index.html,https://www.sec.gov/Archives/edgar/data/882184/000088218417000020/a1231201610q.htm,1620591113,16:11:53,20210509
17,2016-09-30,DHI,USD,2016-11-18 00:00:00,2016-11-18 15:56:19,Q4,3741200000,2918300000.0,822900000.0,0.21995616379771196,0.0,384800000.0,0.0,-4100000.0,384800000.0,3303100000.0,0.0,19600000.0,457700000.0,0.12234042553191489,438100000.0,0.11710146477066181,-11300000.0,433100000.0,0.1157649951887095,149400000.0,283700000.0,0.07583128407997435,0.76,0.75,372800000,377300000,https://www.sec.gov/Archives/edgar/data/882184/000088218416000203/0000882184-16-000203-index.html,https://www.sec.gov/Archives/edgar/data/882184/000088218416000203/a2016930-10k.htm,1620591113,16:11:53,20210509
18,2016-06-30,DHI,USD,2016-07-26,2016-07-25 18:15:36,Q3,3231900000,2523000000.0,708900000.0,0.21934465794114916,0.0,336800000.0,0.0,3800000.0,336800000.0,2859800000.0,0.0,13800000.0,385900000.0,0.11940344688882701,372100000.0,0.11513351279433151,3800000.0,378600000.0,0.1171447136359417,128800000.0,249800000.0,0.07729199542065039,0.67,0.66,371800000,375900000,https://www.sec.gov/Archives/edgar/data/882184/000088218416000178/a630201610q.htm,https://www.sec.gov/Archives/edgar/data/882184/000088218416000178/a630201610q.htm,1620591113,16:11:53,20210509
19,2016-03-31,DHI,USD,2016-04-25 00:00:00,2016-04-25 17:32:12,Q2,2767900000,2169300000.0,598600000.0,0.21626503847682357,0.0,309200000.0,0.0,9600000.0,309200000.0,2478500000.0,0.0,14000000.0,303400000.0,0.10961378662523935,289400000.0,0.10455580042631597,9600000.0,300500000.0,0.10856606091260522,105400000.0,195100000.0,0.07048665052928213,0.53,0.52,370200000,373700000,https://www.sec.gov/Archives/edgar/data/882184/000088218416000164/0000882184-16-000164-index.html,https://www.sec.gov/Archives/edgar/data/882184/000088218416000164/a331201610q.htm,1620591113,16:11:53,20210509
20,2015-12-31,DHI,USD,2016-01-28 00:00:00,2016-01-28 15:12:35,Q1,2416400000,1892200000.0,524200000.0,0.21693428240357557,0.0,289400000.0,0.0,3400000.0,289400000.0,2181600000.0,0.0,13600000.0,248400000.0,0.10279755007449098,234800000.0,0.09716934282403576,3400000.0,241300000.0,0.09985929481873862,83600000.0,157700000.0,0.06526237377917564,0.43,0.42,369300000,373500000,https://www.sec.gov/Archives/edgar/data/882184/000088218416000122/0000882184-16-000122-index.html,https://www.sec.gov/Archives/edgar/data/882184/000088218416000122/a1231201510q.htm,1620591113,16:11:53,20210509
21,2015-09-30,DHI,USD,2015-11-19 00:00:00,2015-11-18 18:15:33,Q4,3172400000,2508800000.0,663600000.0,0.2091791703442189,0.0,323200000.0,0.0,4500000.0,323200000.0,2832000000.0,0.0,14400000.0,354800000.0,0.11183961669398562,340400000.0,0.1073004665237675,-5300000.0,338800000.0,0.10679611650485436,99900000.0,238900000.0,0.07530576219896608,0.65,0.64,367700000,371500000,https://www.sec.gov/Archives/edgar/data/882184/000088218415000085/0000882184-15-000085-index.html,https://www.sec.gov/Archives/edgar/data/882184/000088218415000085/a2015930-10k.htm,1620591113,16:11:53,20210509
22,2015-06-30,DHI,USD,2015-07-28 00:00:00,2015-07-28 14:53:07,Q3,2950800000,2320400000.0,630400000.0,0.21363697980208757,0.0,303800000.0,0.0,3900000.0,303800000.0,2624200000.0,0.0,14300000.0,340900000.0,0.11552799240883828,326600000.0,0.11068184899010437,3900000.0,333800000.0,0.11312186525687949,112400000.0,221400000.0,0.07503050020333468,0.6035986913849509,0.597893599783959,366800000,370300000,https://www.sec.gov/Archives/edgar/data/882184/000088218415000064/0000882184-15-000064-index.html,https://www.sec.gov/Archives/edgar/data/882184/000088218415000064/a630201510q.htm,1620591113,16:11:53,20210509
23,2015-03-31,DHI,USD,2015-04-24 00:00:00,2015-04-24 16:24:16,Q2,2398000000,1892000000.0,506000000.0,0.21100917431192662,0.0,283100000.0,0.0,4500000.0,283100000.0,2175100000.0,0.0,13100000.0,236000000.0,0.09841534612176814,222900000.0,0.09295246038365304,4500000.0,230100000.0,0.09595496246872394,82200000.0,147900000.0,0.06167639699749791,0.40431930016402406,0.40037899296155927,365800000,369400000,https://www.sec.gov/Archives/edgar/data/882184/000088218415000051/0000882184-15-000051-index.html,https://www.sec.gov/Archives/edgar/data/882184/000088218415000051/a331201510q.htm,1620591113,16:11:53,20210509
24,2014-12-31,DHI,USD,2015-01-27,2015-01-27 16:13:38,Q1,2302600000,1814400000.0,488200000.0,0.21202119343350995,0.0,275800000.0,0.0,5500000.0,275800000.0,2090200000.0,0.0,12300000.0,224700000.0,0.09758533831321116,212400000.0,0.09224355076869625,5500000.0,220700000.0,0.0958481716320681,78200000.0,142500000.0,0.06188656301572136,0.39051795012332147,0.3871230643846781,364900000,368100000,https://www.sec.gov/Archives/edgar/data/882184/000088218414000097/a2014930-10k.htm,https://www.sec.gov/Archives/edgar/data/882184/000088218414000097/a2014930-10k.htm,1620591113,16:11:53,20210509
25,2014-09-30,DHI,USD,2014-11-18 00:00:00,2014-11-17 18:57:57,Q4,2472400000,1949700000.0,522700000.0,0.21141401067788385,0.0,278500000.0,0.0,3900000.0,278500000.0,2228200000.0,0.0,11800000.0,256000000.0,0.10354311600064714,244200000.0,0.09877042549749232,3900000.0,250800000.0,0.101439896456884,84600000.0,166200000.0,0.06722213234104514,0.46,0.45,364500000,367600000,https://www.sec.gov/Archives/edgar/data/882184/000088218414000097/0000882184-14-000097-index.html,https://www.sec.gov/Archives/edgar/data/882184/000088218414000097/a2014930-10k.htm,1620591113,16:11:53,20210509
26,2014-06-30,DHI,USD,2014-07-24 00:00:00,2014-07-24 17:14:16,Q3,2147000000,1725500000.0,421500000.0,0.19632044713553795,0.0,255700000.0,0.0,3100000.0,255700000.0,1981200000.0,0.0,9900000.0,175700000.0,0.08183511877037727,165800000.0,0.07722403353516534,3100000.0,171800000.0,0.080018630647415,58700000.0,113100000.0,0.05267815556590592,0.32,0.307504,349700000,367800000,https://www.sec.gov/Archives/edgar/data/882184/000088218414000070/0000882184-14-000070-index.html,https://www.sec.gov/Archives/edgar/data/882184/000088218414000070/a630201410q.htm,1620591113,16:11:53,20210509
27,2014-03-31,DHI,USD,2014-04-24 00:00:00,2014-04-24 16:45:33,Q2,1735000000,1319800000.0,415200000.0,0.23930835734870318,0.0,218100000.0,0.0,2800000.0,218100000.0,1537900000.0,0.0,8900000.0,206000000.0,0.11873198847262248,197100000.0,0.11360230547550432,2800000.0,201900000.0,0.11636887608069164,70900000.0,131000000.0,0.07550432276657061,0.4,0.35763,324300000,366300000,https://www.sec.gov/Archives/edgar/data/882184/000088218414000057/0000882184-14-000057-index.html,https://www.sec.gov/Archives/edgar/data/882184/000088218414000057/a331201410q.htm,1620591113,16:11:53,20210509
28,2013-12-31,DHI,USD,2014-01-28,2014-01-28 16:43:47,Q1,1670600000,1273600000.0,397000000.0,0.2376391715551299,0.0,213200000.0,0.0,3300000.0,213200000.0,1486800000.0,0.0,7800000.0,191600000.0,0.11468933317371005,183800000.0,0.11002035196935232,3300000.0,189700000.0,0.11355201723931521,66500000.0,123200000.0,0.07374595953549623,0.38,0.33809,323100000,364400000,https://www.sec.gov/Archives/edgar/data/882184/000088218413000084/a2013930-10k.htm,https://www.sec.gov/Archives/edgar/data/882184/000088218413000084/a2013930-10k.htm,1620591113,16:11:53,20210509
29,2013-09-30,DHI,USD,2013-11-26 00:00:00,2013-11-26 17:05:55,Q4,1859900000,1446500000.0,413400000.0,0.2222700145169095,0.0,218100000.0,0.0,4600000.0,218100000.0,1664600000.0,0.0,6700000.0,202000000.0,0.10860798967686434,195300000.0,0.10500564546480994,4600000.0,202700000.0,0.10898435399752675,63200000.0,139500000.0,0.07500403247486424,0.43,0.4,322900000,364400000,https://www.sec.gov/Archives/edgar/data/882184/000088218413000084/0000882184-13-000084-index.html,https://www.sec.gov/Archives/edgar/data/882184/000088218413000084/a2013930-10k.htm,1620591113,16:11:53,20210509
30,2013-06-30,DHI,USD,2013-07-25 00:00:00,2013-07-25 17:08:38,Q3,1692800000,1295400000.0,397400000.0,0.23475897920604916,0.0,198800000.0,0.0,3800000.0,198800000.0,1494200000.0,0.0,5900000.0,204500000.0,0.12080576559546313,198600000.0,0.11732041587901701,3800000.0,205100000.0,0.1211602079395085,59100000.0,146000000.0,0.0862476370510397,0.45,0.399344,322600000,365600000,https://www.sec.gov/Archives/edgar/data/882184/000088218413000053/0000882184-13-000053-index.html,https://www.sec.gov/Archives/edgar/data/882184/000088218413000053/a630201310q.htm,1620591113,16:11:53,20210509
31,2013-03-31,DHI,USD,2013-04-26 00:00:00,2013-04-26 16:51:24,Q2,1431600000,1109200000.0,322400000.0,0.22520257055043308,0.0,183100000.0,0.0,3200000.0,183100000.0,1292300000.0,3000000.0,5300000.0,144600000.0,0.10100586756077116,139300000.0,0.09730371612182173,3200000.0,142100000.0,0.09925956971221012,31100000.0,111000000.0,0.07753562447611065,0.35,0.303777,321700000,365400000,https://www.sec.gov/Archives/edgar/data/882184/000088218413000041/0000882184-13-000041-index.html,https://www.sec.gov/Archives/edgar/data/882184/000088218413000041/a331201310q.htm,1620591113,16:11:53,20210509
32,2012-12-31,DHI,USD,2013-01-29 00:00:00,2013-01-29 15:03:51,Q1,1275100000,1002300000.0,272800000.0,0.2139440043918124,0.0,166500000.0,0.0,3300000.0,166500000.0,1168800000.0,4200000.0,4800000.0,111100000.0,0.08713042114343973,106300000.0,0.08336601050897968,3300000.0,107900000.0,0.0846208140537997,41600000.0,66300000.0,0.05199592188847933,0.21,0.182093,321100000,364100000,https://www.sec.gov/Archives/edgar/data/882184/000088218413000012/0000882184-13-000012-index.html,https://www.sec.gov/Archives/edgar/data/882184/000088218413000012/a1231201210q.htm,1620591113,16:11:53,20210509
33,2012-09-30,DHI,USD,2012-11-16 00:00:00,2012-11-16 17:08:42,Q4,1336200000,1066400000.0,269800000.0,0.20191588085615925,0.0,171300000.0,0.0,0.0,171300000.0,1237700000.0,5800000.0,4400000.0,102900000.0,0.07700942972608892,98500000.0,0.07371650950456518,3900000.0,99200000.0,0.07424038317617124,-900000.0,100100000.0,0.07491393503966472,0.31,0.3,319600000,362800000,https://www.sec.gov/Archives/edgar/data/882184/000088218412000065/0000882184-12-000065-index.html,https://www.sec.gov/Archives/edgar/data/882184/000088218412000065/a2012930-10k.htm,1620591113,16:11:53,20210509
34,2012-06-30,DHI,USD,2012-07-27 00:00:00,2012-07-27 17:07:08,Q3,1150000000,917900000.0,232100000.0,0.20182608695652174,0.0,157900000.0,0.0,0.0,157900000.0,1075800000.0,6800000.0,4600000.0,78800000.0,0.06852173913043479,74200000.0,0.06452173913043478,2600000.0,72200000.0,0.06278260869565218,-715600000.0,787800000.0,0.6850434782608695,2.47,2.22,318800000,360000000,https://www.sec.gov/Archives/edgar/data/882184/000088218412000031/0000882184-12-000031-index.html,https://www.sec.gov/Archives/edgar/data/882184/000088218412000031/a630201210q.htm,1620591113,16:11:53,20210509
35,2012-03-31,DHI,USD,2012-04-23,2012-04-23 16:01:07,Q2,961200000,771200000.0,190000000.0,0.1976695796920516,0.0,172700000.0,0.0,0.0,172700000.0,943900000.0,6300000.0,4800000.0,22100000.0,0.022992093216812316,17300000.0,0.01799833541406575,3200000.0,42300000.0,0.04400749063670412,1700000.0,40600000.0,0.04223886808156471,0.1280757097791798,0.1275526233113415,317000000,318300000,https://www.sec.gov/Archives/edgar/data/882184/000119312512175867/d311286d10q.htm,https://www.sec.gov/Archives/edgar/data/882184/000119312512175867/d311286d10q.htm,1620591113,16:11:53,20210509
36,2011-12-31,DHI,USD,2012-01-27 00:00:00,2012-01-27 17:12:57,Q1,906600000,737000000.0,169600000.0,0.1870725788660931,0.0,137900000.0,0.0,0.0,137900000.0,874900000.0,7800000.0,5000000.0,36700000.0,0.04048091771453784,31700000.0,0.034965806309287445,2300000.0,29200000.0,0.032208250606662256,1500000.0,27700000.0,0.030553717185087138,0.08757508694277584,0.08751974723538705,316300000,316500000,https://www.sec.gov/Archives/edgar/data/882184/000119312512027358/0001193125-12-027358-index.html,https://www.sec.gov/Archives/edgar/data/882184/000119312512027358/d263661d10q.htm,1620591113,16:11:53,20210509
37,2011-09-30,DHI,USD,2011-11-17 00:00:00,2011-11-17 16:46:06,Q4,1098300000,914100000.0,184200000.0,0.16771373941546025,0.0,144100000.0,0.0,0.0,136200000.0,1050300000.0,10200000.0,5000000.0,53000000.0,0.048256396248748064,48000000.0,0.04370390603660202,0.0,33900000.0,0.03086588363835018,-1900000.0,35800000.0,0.032595829918965674,0.11329113924050632,0.11321948134092347,316000000,316200000,https://www.sec.gov/Archives/edgar/data/882184/000095012311099334/0000950123-11-099334-index.html,https://www.sec.gov/Archives/edgar/data/882184/000095012311099334/d84410e10vk.htm,1620591113,16:11:53,20210509
38,2011-06-30,DHI,USD,2011-08-02 00:00:00,2011-08-02 17:13:32,Q3,999200000,824100000.0,175100000.0,0.17524019215372297,0.0,133000000.0,0.0,0.0,139500000.0,963600000.0,10400000.0,5000000.0,40600000.0,0.040632506004803844,35600000.0,0.03562850280224179,1200000.0,28900000.0,0.028923138510808646,200000.0,28700000.0,0.028722978382706165,0.09005334170065893,0.08996865203761756,318700000,319000000,https://www.sec.gov/Archives/edgar/data/882184/000095012311071704/0000950123-11-071704-index.html,https://www.sec.gov/Archives/edgar/data/882184/000095012311071704/d82619e10vq.htm,1620591113,16:11:53,20210509
39,2011-03-31,DHI,USD,2011-04-29 00:00:00,2011-04-29 17:04:36,Q2,751100000,628300000.0,122800000.0,0.16349354280388764,0.0,141400000.0,0.0,0.0,141400000.0,769700000.0,14800000.0,5000000.0,-13600000.0,-0.018106776727466384,-18600000.0,-0.02476367993609373,700000.0,-30800000.0,-0.04100652376514446,-58600000.0,27800000.0,0.037012381839968043,0.08706545568430943,0.08690215692403876,319300000,319900000,https://www.sec.gov/Archives/edgar/data/882184/000095012311042179/0000950123-11-042179-index.html,https://www.sec.gov/Archives/edgar/data/882184/000095012311042179/d79800e10vq.htm,1620591113,16:11:53,20210509
40,2010-12-31,DHI,USD,2011-01-28,2011-01-28 14:59:10,Q1,788200000,656800000.0,131400000.0,0.16670895711748288,0.0,137900000.0,0.0,0.0,137900000.0,794700000.0,16500000.0,4900000.0,-1600000.0,-0.0020299416391778738,-6500000.0,-0.008246637909160111,800000.0,-19900000.0,-0.025247399137274803,500000.0,-20400000.0,-0.02588175589951789,-0.06,-0.06,319100000,319100000,https://www.sec.gov/Archives/edgar/data/882184/000095012310106707/d76058e10vk.htm,https://www.sec.gov/Archives/edgar/data/882184/000095012310106707/d76058e10vk.htm,1620591113,16:11:53,20210509
41,2010-09-30,DHI,USD,2010-11-15 00:00:00,2010-11-15 09:26:37,Q4,948500000,798000000.0,150500000.0,0.15867158671586715,0.0,141700000.0,0.0,0.0,141700000.0,939700000.0,17500000.0,4500000.0,13300000.0,0.014022140221402213,8800000.0,0.009277807063784924,4500000.0,-1700000.0,-0.0017923036373220875,7100000.0,-8800000.0,-0.009277807063784924,-0.027577561892823566,-0.027577561892823566,319100000,319100000,https://www.sec.gov/Archives/edgar/data/1262768/000119312510259896/0001193125-10-259896-index.html,https://www.sec.gov/Archives/edgar/data/1262768/000119312510259896/d10q.htm,1620591113,16:11:53,20210509
42,2010-06-30,DHI,USD,2010-08-03 00:00:00,2010-08-03 17:11:57,Q3,1406100000,1171500000.0,234600000.0,0.16684446340943035,0.0,164400000.0,0.0,0.0,164400000.0,1335900000.0,20300000.0,4000000.0,74200000.0,0.05277007325225802,70200000.0,0.04992532536803926,-6600000.0,46300000.0,0.03292795675983216,-4200000.0,50500000.0,0.03591494203826186,0.15870521684475172,0.15825759949858978,318200000,319100000,https://www.sec.gov/Archives/edgar/data/882184/000095012310071859/0000950123-10-071859-index.html,https://www.sec.gov/Archives/edgar/data/882184/000095012310071859/d72689e10vq.htm,1620591113,16:11:53,20210509
43,2010-03-31,DHI,USD,2010-04-30 00:00:00,2010-04-30 17:21:27,Q2,913500000,737600000.0,175900000.0,0.19255610290093048,0.0,146100000.0,0.0,0.0,146100000.0,883700000.0,22900000.0,-3100000.0,26700000.0,0.02922824302134647,29800000.0,0.03262178434592228,3300000.0,12100000.0,0.01324575807334428,700000.0,11400000.0,0.012479474548440065,0.03583778685947815,0.035736677115987464,318100000,319000000,https://www.sec.gov/Archives/edgar/data/882184/000095012310042064/0000950123-10-042064-index.html,https://www.sec.gov/Archives/edgar/data/882184/000095012310042064/d72645e10vq.htm,1620591113,16:11:53,20210509
44,2009-12-31,DHI,USD,2010-02-02 00:00:00,2010-02-02 17:18:38,Q1,1132200000,920600000.0,211600000.0,0.18689277512806923,0.0,147100000.0,0.0,0.0,147100000.0,1067700000.0,27400000.0,11800000.0,76300000.0,0.0673909203320968,64500000.0,0.05696873343932168,-3100000.0,42800000.0,0.037802508390743686,-149200000.0,192000000.0,0.16958134605193428,0.6,0.56,317700000,356100000,https://www.sec.gov/Archives/edgar/data/882184/000095012310007802/0000950123-10-007802-index.html,https://www.sec.gov/Archives/edgar/data/882184/000095012310007802/d70840e10vq.htm,1620591113,16:11:53,20210509
45,2009-09-30,DHI,USD,2009-11-09 00:00:00,2009-11-09 16:17:46,Q4,1028800000,1079400000.0,-50600000.0,-0.049183514774494556,0.0,154400000.0,0.0,0.0,154400000.0,1233800000.0,27100000.0,5000000.0,-200000000.0,-0.19440124416796267,-205000000.0,-0.19926127527216175,3600000.0,-226100000.0,-0.2197706065318818,5800000.0,-231900000.0,-0.22540824261275272,-0.7299338999055713,-0.7299338999055713,317700000,317700000,https://www.sec.gov/Archives/edgar/data/1262768/000119312509229404/0001193125-09-229404-index.html,https://www.sec.gov/Archives/edgar/data/1262768/000119312509229404/d10q.htm,1620591113,16:11:53,20210509
46,2009-06-30,DHI,USD,2009-08-05 00:00:00,2009-08-05 17:08:59,Q3,932900000,922500000.0,10400000.0,0.011148033015328546,0.0,152400000.0,0.0,0.0,152400000.0,1074900000.0,20500000.0,2400000.0,-139600000.0,-0.14964090470575625,-142000000.0,-0.1522135277092936,-1700000.0,-161900000.0,-0.1735448601136242,-19600000.0,-142300000.0,-0.15253510558473576,-0.45,-0.45,316900000,316900000,https://www.sec.gov/Archives/edgar/data/882184/000095012309030387/0000950123-09-030387-index.html,https://www.sec.gov/Archives/edgar/data/882184/000095012309030387/d68620e10vq.htm,1620591113,16:11:53,20210509
47,2009-03-31,DHI,USD,2009-05-04 00:00:00,2009-05-04 17:20:49,Q2,778000000,720300000.0,57700000.0,0.07416452442159382,0.0,144100000.0,0.0,0.0,139700000.0,860000000.0,23400000.0,10100000.0,-71900000.0,-0.09241645244215939,-82000000.0,-0.10539845758354756,0.0,-103000000.0,-0.13239074550128535,5600000.0,-108600000.0,-0.13958868894601542,-0.34,-0.34,316800000,316800000,https://www.sec.gov/Archives/edgar/data/882184/000095013409009307/0000950134-09-009307-index.html,https://www.sec.gov/Archives/edgar/data/882184/000095013409009307/d67499e10vq.htm,1620591113,16:11:53,20210509
48,2008-12-31,DHI,USD,2009-02-06 00:00:00,2009-02-06 17:21:49,Q1,918000000,816600000.0,101400000.0,0.11045751633986928,0.0,150200000.0,0.0,0.0,150200000.0,966800000.0,0.0,8200000.0,-40600000.0,-0.04422657952069717,-48800000.0,-0.05315904139433551,10500000.0,-61300000.0,-0.06677559912854031,1300000.0,-62600000.0,-0.0681917211328976,-0.2,-0.2,313000000,313000000,https://www.sec.gov/Archives/edgar/data/882184/000095013409002092/0000950134-09-002092-index.html,https://www.sec.gov/Archives/edgar/data/882184/000095013409002092/d66193e10vq.htm,1620591113,16:11:53,20210509
49,2008-09-30,DHI,USD,2008-11-06 00:00:00,2008-11-06 12:12:13,Q4,1782400000,2656700000.0,-874300000.0,-0.49051840215439857,0.0,199400000.0,0.0,0.0,199400000.0,2856100000.0,0.0,13000000.0,-1060700000.0,-0.595096499102334,-1073700000.0,-0.6023900359066428,-77300000.0,-1165200000.0,-0.6537253141831239,-365400000.0,-799800000.0,-0.4487208258527828,-2.555271565495208,-2.555271565495208,313000000,313000000,https://www.sec.gov/Archives/edgar/data/1262768/000119312508227481/0001193125-08-227481-index.html,https://www.sec.gov/Archives/edgar/data/1262768/000119312508227481/d10q.htm,1620591113,16:11:53,20210509
50,2008-06-30,DHI,USD,2008-08-06 00:00:00,2008-08-06 16:09:29,Q3,1464200000,1616300000.0,-152100000.0,-0.10387925146837863,0.0,217800000.0,0.0,0.0,217800000.0,1834100000.0,0.0,14800000.0,-355100000.0,-0.2425215134544461,-369900000.0,-0.2526294222100806,900000.0,-379100000.0,-0.2589127168419615,20200000.0,-399300000.0,-0.2727086463597869,-1.26,-1.26,316904762,316904762,https://www.sec.gov/Archives/edgar/data/882184/000095013408014297/0000950134-08-014297-index.html,https://www.sec.gov/Archives/edgar/data/882184/000095013408014297/d59130e10vq.htm,1620591113,16:11:53,20210509
51,2008-03-31,DHI,USD,2008-05-08 00:00:00,2008-05-08 10:18:41,Q2,1656900000,2302800000.0,-645900000.0,-0.38982437081296395,0.0,231100000.0,0.0,0.0,231100000.0,2533900000.0,0.0,16100000.0,-860900000.0,-0.5195847667330558,-877000000.0,-0.5293017080089324,1800000.0,-884600000.0,-0.5338885871205263,421000000.0,-1305600000.0,-0.7879775484338222,-4.14,-4.14,315362319,315362319,https://www.sec.gov/Archives/edgar/data/1262768/000119312508107157/0001193125-08-107157-index.html,https://www.sec.gov/Archives/edgar/data/1262768/000119312508107157/d10q.htm,1620591113,16:11:53,20210509
52,2007-12-31,DHI,USD,2008-02-07,2008-02-07 17:21:28,Q1,1742600000,1706000000.0,36600000.0,0.021003098817858373,0.0,243600000.0,0.0,0.0,243600000.0,1949600000.0,0.0,16500000.0,-190500000.0,-0.10931940778147596,-207000000.0,-0.11878801790428097,1700000.0,-202900000.0,-0.11643521175255366,-74100000.0,-128800000.0,-0.07391254447377482,-0.41,-0.41,314146341,314146341,https://www.sec.gov/Archives/edgar/data/882184/000095013407024545/d51532e10vk.htm,https://www.sec.gov/Archives/edgar/data/882184/000095013407024545/d51532e10vk.htm,1620591113,16:11:53,20210509
53,2007-09-30,DHI,USD,2007-11-08 00:00:00,2007-11-08 11:48:18,Q4,3172400000,2906500000.0,265900000.0,0.08381666876812507,0.0,317100000.0,0.0,0.0,317100000.0,3223600000.0,0.0,17800000.0,-33400000.0,-0.010528306644811499,-51200000.0,-0.016139200605220023,-84400000.0,-100200000.0,-0.0315849199344345,-50000000.0,-50200000.0,-0.01582398184339932,-0.1597981368816898,-0.1597981368816898,314146341,314146341,https://www.sec.gov/Archives/edgar/data/1262768/000119312507239814/0001193125-07-239814-index.html,https://www.sec.gov/Archives/edgar/data/1262768/000119312507239814/d10q.htm,1620591113,16:11:53,20210509
54,2007-06-30,DHI,USD,2007-08-09 00:00:00,2007-08-09 10:50:24,Q3,2598100000,2976400000.0,-378300000.0,-0.14560640468034333,0.0,303500000.0,0.0,0.0,303500000.0,3279900000.0,0.0,17800000.0,-664000000.0,-0.2555713790847158,-681800000.0,-0.26242253954813133,-425500000.0,-1111400000.0,-0.4277741426427004,-287600000.0,-823800000.0,-0.3170778645933567,-2.62,-2.62,314427481,314427481,https://www.sec.gov/Archives/edgar/data/1262768/000119312507176844/0001193125-07-176844-index.html,https://www.sec.gov/Archives/edgar/data/1262768/000119312507176844/d10q.htm,1620591113,16:11:53,20210509
55,2007-03-31,DHI,USD,2007-05-04 00:00:00,2007-05-04 17:15:58,Q2,2658100000,2244700000.0,413400000.0,0.15552462285090854,0.0,334400000.0,0.0,0.0,334400000.0,2579100000.0,0.0,18100000.0,97100000.0,0.036529852150031975,79000000.0,0.0297204770324668,11200000.0,83400000.0,0.03137579474060419,31700000.0,51700000.0,0.019449983070614348,0.16,0.16,323125000,323125000,https://www.sec.gov/Archives/edgar/data/882184/000095013407010272/0000950134-07-010272-index.html,https://www.sec.gov/Archives/edgar/data/882184/000095013407010272/d46137e10vq.htm,1620591113,16:11:53,20210509
56,2006-12-31,DHI,USD,2007-02-05 00:00:00,2007-02-05 17:27:18,Q1,2868000000,2367200000.0,500800000.0,0.17461645746164575,0.0,340300000.0,0.0,0.0,340300000.0,2707500000.0,0.0,17300000.0,177800000.0,0.06199442119944212,160500000.0,0.05596234309623431,16400000.0,176900000.0,0.061680613668061365,67200000.0,109700000.0,0.038249651324965134,0.35,0.35,313428571,313428571,https://www.sec.gov/Archives/edgar/data/882184/000095013407002037/0000950134-07-002037-index.html,https://www.sec.gov/Archives/edgar/data/882184/000095013407002037/d43191e10vq.htm,1620591113,16:11:53,20210509
57,2006-09-30,DHI,USD,2006-12-12,2006-12-11 18:56:46,Q4,4882800000,3971500000.0,911300000.0,0.18663471778487753,0.0,464300000.0,0.0,0.0,464300000.0,4435800000.0,0.0,17400000.0,464400000.0,0.09510936347997051,447000000.0,0.09154583435733596,14100000.0,445800000.0,0.09130007372818874,168100000.0,277700000.0,0.056873105595150325,0.8860072938277219,0.8860072938277219,313428571,313428571,https://www.sec.gov/Archives/edgar/data/882184/000095013406022931/d41553e10vk.htm,https://www.sec.gov/Archives/edgar/data/882184/000095013406022931/d41553e10vk.htm,1620591113,16:11:53,20210509
58,2006-06-30,DHI,USD,2006-08-08,2006-08-08 11:39:59,Q3,3667800000,2795400000.0,872400000.0,0.23785375429412728,0.0,407200000.0,0.0,0.0,407200000.0,3202600000.0,0.0,15600000.0,480800000.0,0.13108675500299907,465200000.0,0.12683352418343422,15700000.0,472200000.0,0.1287420251922133,179400000.0,292800000.0,0.07982987076721741,0.94,0.93,311489362,314838710,https://www.sec.gov/Archives/edgar/data/882184/000095013406015220/d38519e10vq.htm,https://www.sec.gov/Archives/edgar/data/882184/000095013406015220/d38519e10vq.htm,1620591113,16:11:53,20210509
59,2006-03-31,DHI,USD,2006-05-08,2006-05-05 18:14:18,Q2,3597600000,2614900000.0,982700000.0,0.273154325105626,0.0,414300000.0,0.0,0.0,414300000.0,3029200000.0,0.0,14900000.0,583300000.0,0.16213586835668223,568400000.0,0.15799421836780075,19000000.0,569000000.0,0.15816099621970203,216200000.0,352800000.0,0.0980653769179453,1.13,1.11,312212389,317837838,https://www.sec.gov/Archives/edgar/data/882184/000095013406008928/d35727e10vq.htm,https://www.sec.gov/Archives/edgar/data/882184/000095013406008928/d35727e10vq.htm,1620591113,16:11:53,20210509
60,2005-12-31,DHI,USD,2006-02-02,2006-02-01 20:52:36,Q1,2903100000,2036400000.0,866700000.0,0.2985429368605973,0.0,373000000.0,0.0,0.0,373000000.0,2409400000.0,0.0,13800000.0,507500000.0,0.17481313079122318,493700000.0,0.17005959147118596,19100000.0,500100000.0,0.17226413144569597,190000000.0,310100000.0,0.10681685095243017,0.99,0.98,312900000,317600000,https://www.sec.gov/Archives/edgar/data/882184/000095013405023092/d30840e10vk.htm,https://www.sec.gov/Archives/edgar/data/882184/000095013405023092/d30840e10vk.htm,1620591113,16:11:53,20210509
61,2005-09-30,DHI,USD,2005-12-14,2005-12-13 19:47:23,Q4,5096800000,3755100000.0,1341700000.0,0.263243603829854,0.0,442400000.0,0.0,0.0,442400000.0,4197500000.0,0.0,14800000.0,914100000.0,0.1793478260869565,899300000.0,0.17644404332129965,17200000.0,904400000.0,0.17744467116622195,340600000.0,563800000.0,0.11061842724846963,1.801853627356983,1.801853627356983,312900000,312900000,https://www.sec.gov/Archives/edgar/data/882184/000095013405023092/d30840e10vk.htm,https://www.sec.gov/Archives/edgar/data/882184/000095013405023092/d30840e10vk.htm,1620591113,16:11:53,20210509
62,2005-06-30,DHI,USD,2005-08-09,2005-08-09 13:23:21,Q3,3370200000,2430700000.0,939500000.0,0.2787668387632781,0.0,340500000.0,0.0,0.0,340500000.0,2771200000.0,0.0,13400000.0,612400000.0,0.18171028425612723,599000000.0,0.17773425909441576,9500000.0,604400000.0,0.17933653789092635,232700000.0,371700000.0,0.11029019049314581,1.19,1.17,312352941,317692308,https://www.sec.gov/Archives/edgar/data/882184/000095013405015311/d27613e10vq.htm,https://www.sec.gov/Archives/edgar/data/882184/000095013405015311/d27613e10vq.htm,1620591113,16:11:53,20210509
63,2005-03-31,DHI,USD,2005-05-04,2005-05-04 17:26:21,Q2,2876700000,2107400000.0,769300000.0,0.2674244794382452,0.0,300900000.0,0.0,0.0,300900000.0,2408300000.0,0.0,13900000.0,482300000.0,0.16765738519831752,468400000.0,0.16282545972816073,12200000.0,478000000.0,0.16616261688740572,184000000.0,294000000.0,0.10220043800187716,0.94,0.92,312765957,319565217,https://www.sec.gov/Archives/edgar/data/882184/000095013405008971/d24906e10vq.htm,https://www.sec.gov/Archives/edgar/data/882184/000095013405008971/d24906e10vq.htm,1620591113,16:11:53,20210509
64,2004-12-31,DHI,USD,2005-02-08,2005-02-08 16:08:41,Q1,2520100000,1847100000.0,673000000.0,0.26705289472639976,0.0,290400000.0,0.0,0.0,290400000.0,2137500000.0,0.0,15000000.0,397600000.0,0.15777151700329353,382600000.0,0.15181937224713304,11600000.0,391800000.0,0.15547002103091148,150800000.0,241000000.0,0.09563112574897821,0.772519,0.757519,311325550,317058740,https://www.sec.gov/Archives/edgar/data/882184/000095013404019034/d20584e10vk.htm,https://www.sec.gov/Archives/edgar/data/882184/000095013404019034/d20584e10vk.htm,1620591113,16:11:53,20210509
65,2004-09-30,DHI,USD,2004-12-10,2004-12-10 14:27:35,Q4,3510611000,2634931000.0,875680000.0,0.24943806078201203,0.0,316666000.0,0.0,0.0,316666000.0,2951597000.0,0.0,16150000.0,575164000.0,0.16383586788738486,559014000.0,0.15923552908596253,8828000.0,565881000.0,0.1611915988413413,216248000.0,349633000.0,0.09959320471564637,1.1230462774417327,1.1230462774417327,311325550,311325550,https://www.sec.gov/Archives/edgar/data/882184/000095013404019034/d20584e10vk.htm,https://www.sec.gov/Archives/edgar/data/882184/000095013404019034/d20584e10vk.htm,1620591113,16:11:53,20210509
66,2004-06-30,DHI,USD,2004-08-13 00:00:00,2004-08-13 17:18:52,Q3,2790396000,2115874000.0,674522000.0,0.24172984766319905,0.0,276435000.0,0.0,0.0,276435000.0,2392309000.0,0.0,13415000.0,411502000.0,0.14747082492950822,398087000.0,0.14266326356545808,12137000.0,408611000.0,0.14643477126544047,157315000.0,251296000.0,0.09005746854568313,0.81002,0.79502,310734898,316109430,https://www.sec.gov/Archives/edgar/data/882184/000095013404012291/0000950134-04-012291-index.html,https://www.sec.gov/Archives/edgar/data/882184/000095013404012291/d17709e10vq.htm,1620591113,16:11:53,20210509
67,2004-03-31,DHI,USD,2004-05-10,2004-05-07 19:43:24,Q2,2335263000,1776171000.0,559092000.0,0.23941286270539977,0.0,248890000.0,0.0,0.0,248890000.0,2025061000.0,0.0,14201000.0,324403000.0,0.13891497445897957,310202000.0,0.13283386068292952,610000.0,306596000.0,0.13128970912483948,118039000.0,188557000.0,0.080743368091731,0.607515,0.600015,310409572,316120096,https://www.sec.gov/Archives/edgar/data/882184/000095013404007003/d15082e10vq.htm,https://www.sec.gov/Archives/edgar/data/882184/000095013404007003/d15082e10vq.htm,1620591113,16:11:53,20210509
68,2003-12-31,DHI,USD,2004-02-06,2004-02-06 17:04:22,Q1,2204530000,1670324000.0,534206000.0,0.24232194617446803,0.0,238009000.0,0.0,0.0,238009000.0,1908333000.0,0.0,11734000.0,307931000.0,0.13968102044426703,296197000.0,0.13435834395540092,7125000.0,301812000.0,0.13690537212013446,116198000.0,185614000.0,0.08419663148154029,0.40001,0.39001,464558385,473418164,https://www.sec.gov/Archives/edgar/data/882184/000095013403016601/d10877e10vk.htm,https://www.sec.gov/Archives/edgar/data/882184/000095013403016601/d10877e10vk.htm,1620591113,16:11:53,20210509
69,2003-09-30,DHI,USD,2003-12-12,2003-12-12 14:44:05,Q4,2862232000,2214015000.0,648217000.0,0.22647255708132674,0.0,271328000.0,0.0,0.0,271328000.0,2485343000.0,0.0,9972000.0,386861000.0,0.1351606019358319,376889000.0,0.1316766076264957,506000.0,372141000.0,0.13001776236168136,141414000.0,230727000.0,0.0806108659256133,0.4966587784224366,0.4966587784224366,464558385,464558385,https://www.sec.gov/Archives/edgar/data/882184/000093066102004301/d10k.htm,https://www.sec.gov/Archives/edgar/data/882184/000093066102004301/d10k.htm,1620591113,16:11:53,20210509
70,2003-06-30,DHI,USD,2003-06-30,2003-06-30,Q3,2212387000,1726831000.0,485556000.0,0.2194715481513858,0.0,233315000.0,0.0,0.0,233315000.0,1960146000.0,0.0,13546000.0,265787000.0,0.12013585326617811,252241000.0,0.11401305467804683,2104000.0,250910000.0,0.11341144203071163,95345000.0,155565000.0,0.07031545565943029,0.535013,0.495012,291984700,314944126,,,1620591113,16:11:53,20210509
71,2003-03-31,DHI,USD,2003-05-13,2003-05-13,Q2,1908547000,1496405000.0,412142000.0,0.21594542864283667,0.0,209520000.0,0.0,0.0,209520000.0,1705925000.0,0.0,11595000.0,214217000.0,0.11224088272387318,202622000.0,0.10616558041274331,5053000.0,206186000.0,0.10803296958366758,78351000.0,127835000.0,0.06698027347505721,0.435011,0.430011,292646683,296428589,https://www.sec.gov/Archives/edgar/data/882184/000088218403000008/0000882184-03-000008-index.htm,https://www.sec.gov/Archives/edgar/data/882184/000088218403000008/dhi10q2q2003.txt,1620591113,16:11:53,20210509
72,2002-12-31,DHI,USD,2003-02-18,2003-02-18,Q1,1744934000,1368540000.0,376394000.0,0.21570672587043407,0.0,201188000.0,0.0,0.0,201188000.0,1569728000.0,0.0,10748000.0,185954000.0,0.10656792749754432,175206000.0,0.10040838220815229,6133000.0,178925000.0,0.10253969491109692,67097000.0,111828000.0,0.06408723768348831,0.38001,0.375009,293038673,296998574,https://www.sec.gov/Archives/edgar/data/882184/000088218403000005/0000882184-03-000005-index.htm,https://www.sec.gov/Archives/edgar/data/882184/000088218403000005/dhi10qa1q2003.txt,1620591113,16:11:53,20210509
73,2002-09-30,DHI,USD,2002-12-13,2002-12-13 10:48:28,Q4,2170397000,1720590000.0,449807000.0,0.20724641620864753,0.0,221348000.0,0.0,0.0,221348000.0,1941938000.0,0.0,16033000.0,244492000.0,0.1126485154559281,228459000.0,0.10526138766317868,-7427000.0,218229000.0,0.10054796426644526,81836000.0,136393000.0,0.06284242007337829,0.4654436856530537,0.4654436856530537,293038673,293038673,https://www.sec.gov/Archives/edgar/data/882184/000093066102004301/d10k.htm,https://www.sec.gov/Archives/edgar/data/882184/000093066102004301/d10k.htm,1620591113,16:11:53,20210509
74,2002-06-30,DHI,USD,2002-08-13,2002-08-13,Q3,1808479000,1441988000.0,366491000.0,0.20265150991523817,0.0,195240000.0,0.0,0.0,195240000.0,1637228000.0,0.0,9112000.0,180363000.0,0.09973187413290395,171251000.0,0.0946933859889996,872000.0,169503000.0,0.09372682790344815,63563000.0,105940000.0,0.05857961303393625,0.360009,0.335008,294270421,316230900,https://www.sec.gov/Archives/edgar/data/882184/000088218402000006/0000882184-02-000006-index.htm,https://www.sec.gov/Archives/edgar/data/882184/000088218402000006/drh10q3q2002.txt,1620591113,16:11:53,20210509
75,2002-03-31,DHI,USD,2002-05-15,2002-05-15,Q2,1600065000,1295045000.0,305020000.0,0.19062975566617607,0.0,164412000.0,0.0,0.0,164412000.0,1459457000.0,0.0,7911000.0,148519000.0,0.09282060416295589,140608000.0,0.08787643002003044,5244000.0,142290000.0,0.08892763731473409,53359000.0,88931000.0,0.055579617078056205,0.230006,0.213339,231872098,234338822,https://www.sec.gov/Archives/edgar/data/882184/000095013402005626/0000950134-02-005626-index.htm,https://www.sec.gov/Archives/edgar/data/882184/000095013402005626/d96909e10-q.txt,1620591113,16:11:53,20210509
76,2001-12-31,DHI,USD,2001-12-31,2001-12-31,Q1,1134968000,906805000.0,228163000.0,0.20103033741920476,0.0,133540000.0,0.0,0.0,133540000.0,1040345000.0,0.0,7589000.0,102212000.0,0.09005716460728408,94623000.0,0.0833706324759817,25394000.0,117485000.0,0.10351393167032022,44057000.0,73428000.0,0.06469609715868642,0.316675,0.313341,231872098,234338822,,,1620591113,16:11:53,20210509
77,2001-09-30,DHI,USD,2001-11-20 00:00:00,2001-11-20 00:00:00,Q4,1540034000,1227597000.0,312437000.0,0.20287668973542142,0.0,151809000.0,0.0,0.0,151809000.0,1379406000.0,0.0,14954000.0,175582000.0,0.11401176857134324,160628000.0,0.1043015933414457,-17909000.0,138822000.0,0.09014216569244575,52058000.0,86764000.0,0.056339015891856935,0.3741890496889367,0.3741890496889367,231872098,231872098,https://www.sec.gov/Archives/edgar/data/882184/000095013401508934/0000950134-01-508934-index.html,https://www.sec.gov/Archives/edgar/data/882184/000095013401508934/d92481e10-k.htm,1620591113,16:11:53,20210509
78,2001-06-30,DHI,USD,2001-08-14 00:00:00,2001-08-14 00:00:00,Q3,1120981000,882807000.0,238174000.0,0.2124692568384299,0.0,121625000.0,0.0,0.0,121625000.0,1004432000.0,0.0,7971000.0,124520000.0,0.11108127613224489,116549000.0,0.10397054008943951,-2800000.0,110085000.0,0.09820416224717457,41282000.0,68803000.0,0.0613774898950116,0.303341,0.296674,226817406,231914427,https://www.sec.gov/Archives/edgar/data/882184/000088218401500007/0000882184-01-500007-index.html,https://www.sec.gov/Archives/edgar/data/882184/000088218401500007/dhi10q3q01.txt,1620591113,16:11:53,20210509
79,2001-03-31,DHI,USD,2001-05-15,2001-05-15,Q2,906836000,713407000.0,193429000.0,0.2133009717302798,0.0,103931000.0,0.0,0.0,103931000.0,817338000.0,0.0,6547000.0,96045000.0,0.10591220463237012,89498000.0,0.09869259711789122,-4471000.0,82529000.0,0.09100763533869409,30948000.0,51581000.0,0.056880185612392976,0.226672,0.223339,227557546,230953928,https://www.sec.gov/Archives/edgar/data/882184/000095013401501950/0000950134-01-501950-index.htm,https://www.sec.gov/Archives/edgar/data/882184/000095013401501950/d87419e10-q.txt,1620591113,16:11:53,20210509
80,2000-12-31,DHI,USD,2000-12-31,2000-12-31,Q1,887663000,696741000.0,190922000.0,0.21508387755262978,0.0,102035000.0,0.0,0.0,108625000.0,805366000.0,0.0,6590000.0,88887000.0,0.10013597502655851,82297000.0,0.0927119864182691,-1898000.0,76361000.0,0.08602476390251707,28636000.0,49861000.0,0.05617109195719547,0.222228,0.219225,224368891,227442437,,,1620591113,16:11:53,20210509
81,2000-09-30,DHI,USD,2000-12-13 00:00:00,2000-12-13 00:00:00,Q4,1086675000,869473000.0,217202000.0,0.19987760830054985,0.0,108649000.0,0.0,0.0,115412000.0,984885000.0,0.0,6763000.0,108553000.0,0.09989463270987185,101790000.0,0.09367106080474843,2160000.0,99493000.0,0.09155727333379345,37807000.0,61686000.0,0.05676582234798813,0.2749311623597587,0.2749311623597587,224368891,224368891,https://www.sec.gov/Archives/edgar/data/882184/000093066100003182/0000930661-00-003182-index.html,https://www.sec.gov/Archives/edgar/data/882184/000093066100003182/0000930661-00-003182-0001.txt,1620591113,16:11:53,20210509
82,2000-06-30,DHI,USD,2000-08-11 00:00:00,2000-08-11 00:00:00,Q3,959216000,766693000.0,192523000.0,0.2007087037747494,0.0,106398000.0,0.0,0.0,113619000.0,880312000.0,0.0,7221000.0,86125000.0,0.08978686760854698,78904000.0,0.0822588447231906,2447000.0,77527000.0,0.08082329735951027,29460000.0,48067000.0,0.05011071541759103,0.214899,0.212144,224393333,226200878,https://www.sec.gov/Archives/edgar/data/882184/000088218400000014/0000882184-00-000014-index.html,https://www.sec.gov/Archives/edgar/data/882184/000088218400000014/0000882184-00-000014-0001.txt,1620591113,16:11:53,20210509
83,2000-03-31,DHI,USD,2000-05-12 00:00:00,2000-05-12 00:00:00,Q2,798864000,638914000.0,159950000.0,0.2002218149772677,0.0,90155000.0,0.0,0.0,95563000.0,734477000.0,0.0,5408000.0,69795000.0,0.0873678122934567,64387000.0,0.08059819944320935,1934000.0,63603000.0,0.07961680586432734,24169000.0,39434000.0,0.04936259488473633,0.176328,0.173572,224451406,225997620,https://www.sec.gov/Archives/edgar/data/882184/000088218400000008/0000882184-00-000008-index.html,https://www.sec.gov/Archives/edgar/data/882184/0000882184-00-000008.txt,1620591113,16:11:53,20210509
84,1999-12-31,DHI,USD,1999-12-31,1999-12-31,Q1,809000000,641500000.0,167500000.0,0.20704573547589616,0.0,90700000.0,0.0,0.0,95800000.0,737300000.0,0.0,5100000.0,76800000.0,0.09493201483312731,71700000.0,0.08862793572311496,1800000.0,68600000.0,0.08479604449938195,26100000.0,42500000.0,0.05253399258343634,0.187348,0.184593,227395019,229213454,,,1620591113,16:11:53,20210509
85,1999-09-30,DHI,USD,1999-09-30,1999-09-30,Q4,953500000,766900000.0,186600000.0,0.1957000524383849,0.0,95800000.0,0.0,0.0,102100000.0,869000000.0,0.0,6300000.0,90800000.0,0.09522810697430519,84500000.0,0.0886208704771893,2000000.0,81700000.0,0.08568432092291557,32300000.0,49400000.0,0.051809124278972205,0.21724310504796063,0.21724310504796063,227395019,227395019,,,1620591113,16:11:53,20210509
86,1999-06-30,DHI,USD,1999-07-30,1999-07-30,Q3,843000000,677600000.0,165400000.0,0.19620403321470936,0.0,83900000.0,0.0,0.0,89400000.0,767000000.0,0.0,5500000.0,81500000.0,0.0966785290628707,76000000.0,0.09015421115065243,1600000.0,73300000.0,0.08695136417556347,28900000.0,44400000.0,0.052669039145907474,0.052408,0.051648,227877758,227877758,https://www.sec.gov/Archives/edgar/data/882184/0000882184-99-000021-index.html,https://www.sec.gov/Archives/edgar/data/882184/000088218499000021/,1620591113,16:11:53,20210509
87,1999-03-31,DHI,USD,1999-03-31,1999-03-31,Q2,699100000,565100000.0,134000000.0,0.19167501072807897,0.0,71900000.0,0.0,0.0,77100000.0,642200000.0,0.0,5200000.0,62100000.0,0.08882849377771421,56900000.0,0.08139035903304248,1500000.0,54600000.0,0.07810041481905307,21200000.0,33400000.0,0.04777571162923759,0.040255,0.039496,223166525,223166525,,,1620591113,16:11:53,20210509
88,1998-12-31,DHI,USD,1998-12-31,1998-12-31,Q1,660600000,530400000.0,130200000.0,0.19709355131698456,0.0,70500000.0,0.0,0.0,74300000.0,604700000.0,0.0,3800000.0,59700000.0,0.09037238873751136,55900000.0,0.08462004238570996,1900000.0,54300000.0,0.08219800181653043,21600000.0,32700000.0,0.049500454132606724,0.041015,0.039496,223166525,223166525,,,1620591113,16:11:53,20210509
89,1998-09-30,DHI,USD,1998-09-30,1998-09-30,Q4,686800000,552700000.0,134100000.0,0.19525334886429818,0.0,69400000.0,0.0,0.0,72200000.0,624900000.0,0.0,2800000.0,64700000.0,0.09420500873616773,61900000.0,0.09012813046010483,1300000.0,57600000.0,0.08386721025043681,25100000.0,32500000.0,0.04732090856144438,0.1456311604081302,0.1456311604081302,223166525,223166525,,,1620591113,16:11:53,20210509
90,1998-06-30,DHI,USD,1998-06-30,1998-06-30,Q3,613800000,495300000.0,118500000.0,0.1930596285434995,0.0,62300000.0,0.0,0.0,66100000.0,561400000.0,0.0,3800000.0,56200000.0,0.09156076898012382,52400000.0,0.08536982730531117,-8800000.0,38900000.0,0.06337569240795048,15800000.0,23100000.0,0.03763440860215054,0.033419,0.029622,193639657,193639657,,,1620591113,16:11:53,20210509
91,1998-03-31,DHI,USD,1998-05-14,1998-05-14,Q2,277500000,225800000.0,51700000.0,0.18630630630630632,0.0,30000000.0,0.0,0.0,31600000.0,257400000.0,0.0,1600000.0,21700000.0,0.0781981981981982,20100000.0,0.07243243243243243,700000.0,19200000.0,0.06918918918918919,7500000.0,11700000.0,0.04216216216216216,0.023546,0.023546,135928866,135928866,https://www.sec.gov/Archives/edgar/data/882184/0000882184-98-000036-index.html,https://www.sec.gov/Archives/edgar/data/882184/,1620591113,16:11:53,20210509
92,1997-12-31,DHI,USD,1997-12-31,1997-12-31,Q1,231200000,185600000.0,45600000.0,0.1972318339100346,0.0,25700000.0,0.0,0.0,27300000.0,212900000.0,0.0,1600000.0,19900000.0,0.08607266435986159,18300000.0,0.0791522491349481,700000.0,17800000.0,0.07698961937716263,7000000.0,10800000.0,0.04671280276816609,0.022027,0.021267,135576798,135576798,,,1620591113,16:11:53,20210509
93,1997-09-30,DHI,USD,1997-12-08,1997-12-08,Q4,283200000,230000000.0,53200000.0,0.18785310734463276,0.0,28500000.0,0.0,0.0,30100000.0,260100000.0,0.0,1600000.0,24700000.0,0.08721751412429378,23100000.0,0.0815677966101695,700000.0,22000000.0,0.07768361581920905,9100000.0,12900000.0,0.045550847457627115,0.09514902395024848,0.09514902395024848,135576798,135576798,https://www.sec.gov/Archives/edgar/data/882184/0000882184-97-000027-index.html,https://www.sec.gov/Archives/edgar/data/882184/,1620591113,16:11:53,20210509
94,1997-06-30,DHI,USD,1997-06-30,1997-06-30,Q3,250100000,204800000.0,45300000.0,0.18112754898040784,0.0,27100000.0,0.0,0.0,28200000.0,233000000.0,0.0,1100000.0,18200000.0,0.07277089164334266,17100000.0,0.06837265093962415,800000.0,16200000.0,0.06477409036385445,6400000.0,9800000.0,0.039184326269492205,0.019748,0.019748,135141241,135141241,,,1620591113,16:11:53,20210509
95,1997-03-31,DHI,USD,1997-03-31,1997-03-31,Q2,159600000,128800000.0,30800000.0,0.19298245614035087,0.0,18800000.0,0.0,0.0,19800000.0,148600000.0,0.0,1000000.0,12000000.0,0.07518796992481203,11000000.0,0.06892230576441102,400000.0,10600000.0,0.06641604010025062,3900000.0,6700000.0,0.041979949874686714,0.015191,0.015191,133714805,133714805,,,1620591113,16:11:53,20210509
96,1996-12-31,DHI,USD,1997-01-30,1997-01-30,Q1,144400000,117300000.0,27100000.0,0.18767313019390583,0.0,15100000.0,0.0,0.0,15800000.0,133100000.0,0.0,700000.0,12000000.0,0.08310249307479224,11300000.0,0.07825484764542937,700000.0,11200000.0,0.07756232686980609,4400000.0,6800000.0,0.04709141274238227,0.01595,0.01595,117657413,117657413,https://www.sec.gov/Archives/edgar/data/882184/0000882184-97-000004-index.html,https://www.sec.gov/Archives/edgar/data/882184/,1620591113,16:11:53,20210509
97,1996-09-30,DHI,USD,1996-09-30,1996-09-30,Q4,168900000,137900000.0,31000000.0,0.18354055654233273,0.0,15200000.0,0.0,0.0,15600000.0,153500000.0,0.0,400000.0,15800000.0,0.09354647720544701,15400000.0,0.09117821195973949,500000.0,15700000.0,0.09295441089402014,6300000.0,9400000.0,0.055654233274126705,0.0798929685798888,0.0798929685798888,117657413,117657413,,,1620591113,16:11:53,20210509
98,1996-06-30,DHI,USD,1996-06-30,1996-06-30,Q2,143300000,116700000.0,26600000.0,0.1856245638520586,0.0,14100000.0,0.0,0.0,14800000.0,131500000.0,0.0,800000.0,12600000.0,0.08792742498255408,11800000.0,0.08234473133286811,400000.0,12000000.0,0.0837404047452896,4600000.0,7400000.0,0.051639916259595256,0.017469,0.017469,126762391,126762391,,,1620591113,16:11:53,20210509
99,1996-03-31,DHI,USD,1996-03-31,1996-03-31,Q1,114000000,93200000.0,20800000.0,0.1824561403508772,0.0,12100000.0,0.0,0.0,12800000.0,106000000.0,0.0,700000.0,8700000.0,0.07631578947368421,8000000.0,0.07017543859649122,200000.0,8000000.0,0.07017543859649122,2900000.0,5100000.0,0.04473684210526316,0.011252,0.011252,117291303,117291303,,,1620591113,16:11:53,20210509
100,1995-12-31,DHI,USD,1995-12-31,1995-12-31,Q1,121100000,98800000.0,22300000.0,0.18414533443435177,0.0,12500000.0,0.0,0.0,13200000.0,112000000.0,0.0,700000.0,9800000.0,0.08092485549132948,9100000.0,0.07514450867052024,400000.0,8700000.0,0.07184145334434351,3300000.0,5400000.0,0.04459124690338563,0.014769,0.014769,92287777,92287777,,,1620591113,16:11:53,20210509
101,1995-06-30,DHI,USD,1995-06-30,1995-06-30,Q2,120500000,98400000.0,22100000.0,0.183402489626556,0.0,12000000.0,0.0,0.0,12500000.0,110900000.0,0.0,500000.0,10100000.0,0.08381742738589211,9600000.0,0.07966804979253111,200000.0,9400000.0,0.07800829875518672,3300000.0,6100000.0,0.05062240663900415,0.010047,0.010047,107355911,107355911,,,1620591113,16:11:53,20210509
102,1995-03-31,DHI,USD,1995-03-31,1995-03-31,Q1,87100000,71300000.0,15800000.0,0.18140068886337543,0.0,9400000.0,0.0,0.0,9800000.0,81100000.0,0.0,400000.0,6400000.0,0.07347876004592423,6000000.0,0.06888633754305395,0.0,6000000.0,0.06888633754305395,2100000.0,3900000.0,0.04477611940298507,0.006846,0.006846,99343656,99343656,,,1620591113,16:11:53,20210509
103,1994-12-31,DHI,USD,1994-12-31,1994-12-31,Q1,97000000,79800000.0,17200000.0,0.177319587628866,0.0,10600000.0,0.0,0.0,11100000.0,90900000.0,0.0,500000.0,6600000.0,0.06804123711340206,6100000.0,0.06288659793814433,0.0,6000000.0,0.061855670103092786,2200000.0,3800000.0,0.03917525773195876,0.006389,0.006389,98995669,98995669,,,1620591113,16:11:53,20210509
104,1994-06-30,DHI,USD,1994-06-30,1994-06-30,Q2,107800000,89900000.0,17900000.0,0.1660482374768089,0.0,10600000.0,0.0,0.0,10800000.0,100700000.0,0.0,300000.0,7400000.0,0.0686456400742115,7100000.0,0.06586270871985157,200000.0,7300000.0,0.06771799628942486,2600000.0,4700000.0,0.04359925788497217,0.008215,0.008215,98955379,98955379,,,1620591113,16:11:53,20210509
105,1994-03-31,DHI,USD,1994-03-31,1994-03-31,Q1,82600000,68000000.0,14600000.0,0.17675544794188863,0.0,8700000.0,0.0,0.0,8900000.0,76900000.0,0.0,200000.0,5900000.0,0.07142857142857142,5700000.0,0.06900726392251816,100000.0,5800000.0,0.07021791767554479,2100000.0,3700000.0,0.044794188861985475,0.006028,0.006028,92684359,92684359,,,1620591113,16:11:53,20210509
106,1993-12-31,DHI,USD,1993-12-31,1993-12-31,Q1,78900000,64700000.0,14200000.0,0.17997465145754118,0.0,8300000.0,0.0,0.0,8500000.0,73200000.0,0.0,200000.0,5900000.0,0.07477820025348543,5700000.0,0.07224334600760456,100000.0,5800000.0,0.07351077313054499,2200000.0,3600000.0,0.045627376425855515,0.006028,0.006028,98255749,98255749,,,1620591113,16:11:53,20210509
107,1993-06-30,DHI,USD,1993-06-30,1993-06-30,Q2,64500000,53000000.0,11500000.0,0.17829457364341086,0.0,6600000.0,0.0,0.0,6700000.0,59700000.0,0.0,100000.0,4900000.0,0.07596899224806201,4800000.0,0.07441860465116279,100000.0,4800000.0,0.07441860465116279,1600000.0,3200000.0,0.04961240310077519,0.004921,0.004921,97951723,97951723,,,1620591113,16:11:53,20210509
108,1993-03-31,DHI,USD,1993-03-31,1993-03-31,Q1,45100000,36500000.0,8600000.0,0.19068736141906872,0.0,5900000.0,0.0,0.0,6000000.0,42500000.0,0.0,100000.0,2700000.0,0.0598669623059867,2600000.0,0.057649667405764965,0.0,2600000.0,0.057649667405764965,900000.0,1700000.0,0.037694013303769404,0.00246,0.00246,97717289,97717289,,,1620591113,16:11:53,20210509
109,1992-09-30,DHI,USD,1992-09-30,1992-09-30,Q4,45700000,37700000.0,8000000.0,0.175054704595186,0.0,4900000.0,0.0,0.0,5000000.0,42700000.0,0.0,100000.0,3100000.0,0.06783369803063458,3000000.0,0.06564551422319474,100000.0,3200000.0,0.0700218818380744,1100000.0,2100000.0,0.045951859956236324,0.00287,0.00287,96768581,96768581,,,1620591113,16:11:53,20210509
110,1992-06-30,DHI,USD,1992-06-30,1992-06-30,Q2,46000000,37800000.0,8200000.0,0.1782608695652174,0.0,4200000.0,0.0,0.0,4300000.0,42100000.0,0.0,0.0,3800000.0,0.08260869565217391,3900000.0,0.08478260869565217,200000.0,3800000.0,0.08260869565217391,1400000.0,2400000.0,0.05217391304347826,0.00451,0.00451,96750264,96750264,,,1620591113,16:11:53,20210509
111,1992-03-31,DHI,USD,1992-03-31,1992-03-31,Q1,32700000,26600000.0,6100000.0,0.18654434250764526,0.0,3600000.0,0.0,0.0,3700000.0,30300000.0,0.0,100000.0,2500000.0,0.0764525993883792,2400000.0,0.07339449541284404,200000.0,2200000.0,0.0672782874617737,800000.0,1400000.0,0.04281345565749235,0.00246,0.00246,96750264,96750264,,,1620591113,16:11:53,20210509
112,1991-09-30,DHI,USD,1991-09-30,1991-09-30,Q4,34400000,0.0,0.0,0.0,0.0,0.0,0.0,0.0,0.0,0.0,0.0,0.0,34400000.0,1.0,34400000.0,1.0,0.0,0.0,0.0,0.0,2000000.0,0.05813953488372093,0.0041,0.0041,487753816,487753816,,,1620591113,16:11:53,20210509
113,1991-06-30,DHI,USD,1991-06-30,1991-06-30,Q2,28200000,0.0,0.0,0.0,0.0,0.0,0.0,0.0,0.0,0.0,0.0,0.0,28200000.0,1.0,28200000.0,1.0,0.0,0.0,0.0,0.0,900000.0,0.031914893617021274,0.00246,0.00246,365793030,365793030,,,1620591113,16:11:53,20210509
114,1991-03-31,DHI,USD,1991-03-31,1991-03-31,Q1,21900000,0.0,0.0,0.0,0.0,0.0,0.0,0.0,0.0,0.0,0.0,0.0,21900000.0,1.0,21900000.0,1.0,0.0,0.0,0.0,0.0,600000.0,0.0273972602739726,0.00164,0.00164,365815362,365815362,,,1620591113,16:11:53,20210509
