,date,symbol,reportedCurrency,fillingDate,acceptedDate,period,revenue,costOfRevenue,grossProfit,grossProfitRatio,researchAndDevelopmentExpenses,generalAndAdministrativeExpenses,sellingAndMarketingExpenses,otherExpenses,operatingExpenses,costAndExpenses,interestExpense,depreciationAndAmortization,ebitda,ebitdaratio,operatingIncome,operatingIncomeRatio,totalOtherIncomeExpensesNet,incomeBeforeTax,incomeBeforeTaxRatio,incomeTaxExpense,netIncome,netIncomeRatio,eps,epsdiluted,weightedAverageShsOut,weightedAverageShsOutDil,link,finalLink,timestamp,est_time,est_date
0,2020-12-31,CVLY,USD,2021-03-09,2021-03-09 16:58:15,Q4,19602000.0,0.0,19602000.0,1.0,0.0,8864000.0,359000.0,0.0,-45653352.0,1346.648,3063000.0,836000.0,910361.334,0.04644226782981328,74361.334,0.3069074584226099,1685.785,6016000.0,0.3069074584226099,1259000.0,4757000.0,0.2426793184368942,0.49,0.48,9804000.0,9831000.0,https://www.sec.gov/Archives/edgar/data/806279/000080627921000029/0000806279-21-000029-index.htm,https://www.sec.gov/Archives/edgar/data/806279/000080627921000029/c279-20201231x10k.htm,1620590867,16:07:47,20210509
1,2020-09-30,CVLY,USD,2020-11-02,2020-11-02 16:33:38,Q3,18881000.0,0.0,18881000.0,1.0,0.0,8708000.0,352000.0,0.0,352.0,352.0,3430000.0,846000.0,850666.0,0.045054075525660715,4666.0,0.0002471267411683703,215.0,4666000.0,0.24712674116837033,1042000.0,3624000.0,0.19193898628250622,0.3700980392156863,0.36926839209292844,9792000.0,9814000.0,https://www.sec.gov/Archives/edgar/data/806279/000080627920000044/0000806279-20-000044-index.htm,https://www.sec.gov/Archives/edgar/data/806279/000080627920000044/cvly-20200930x10q.htm,1620590867,16:07:47,20210509
2,2020-06-30,CVLY,USD,2020-08-03,2020-08-03 16:39:52,Q2,18151000.0,0.0,0.0,0.0,0.0,8421000.0,311000.0,0.0,19000000.0,0.0,3938000.0,872000.0,0.0,0.0,0.0,0.2068756542339265,0.0,3755000.0,0.2068756542339265,705000.0,3050000.0,0.16803481901823591,0.31218014329580346,0.3114151521339596,9770000.0,9794000.0,https://www.sec.gov/Archives/edgar/data/806279/000080627920000037/0000806279-20-000037-index.htm,https://www.sec.gov/Archives/edgar/data/806279/000080627920000037/cvly-20200630x10q.htm,1620590867,16:07:47,20210509
3,2020-03-31,CVLY,USD,2020-05-08 00:00:00,2020-05-08 16:32:50,Q1,18401000.0,0.0,0.0,0.0,0.0,9014000.0,325000.0,0.0,28000000.0,0.0,4822000.0,874000.0,0.0,0.0,0.0,-0.21542307483288953,0.0,-3964000.0,-0.21542307483288953,-975000.0,-2989000.0,-0.16243682408564752,-0.3062813812890665,-0.3045959441557118,9759000.0,9813000.0,https://www.sec.gov/Archives/edgar/data/806279/000089710120000343/0000897101-20-000343-index.html,https://www.sec.gov/Archives/edgar/data/806279/000089710120000343/codorus200760_10q.htm,1620590867,16:07:47,20210509
4,2019-12-31,CVLY,USD,2020-03-11 00:00:00,2020-03-11 14:36:22,Q4,19371000.0,0.0,0.0,0.0,0.0,8230000.0,621000.0,0.0,19000000.0,0.0,5288000.0,1172000.0,0.0,0.0,0.0,0.2949254039543648,0.0,5713000.0,0.2949254039543648,1219000.0,4494000.0,0.23199628310360848,0.46134893748075145,0.45843109252269715,9741000.0,9803000.0,https://www.sec.gov/Archives/edgar/data/806279/000089710120000128/0000897101-20-000128-index.html,https://www.sec.gov/Archives/edgar/data/806279/000089710120000128/codorus200404_10k.htm,1620590867,16:07:47,20210509
5,2019-09-30,CVLY,USD,2019-11-04 00:00:00,2019-11-04 16:34:18,Q3,19223000.0,0.0,0.0,0.0,0.0,8817000.0,441000.0,0.0,18000000.0,0.0,5453000.0,767000.0,0.0,0.0,0.0,0.34515944441554386,0.0,6635000.0,0.34515944441554386,1432000.0,5203000.0,0.2706653488009156,0.504762,0.495238,10353000.0,10419150.0,https://www.sec.gov/Archives/edgar/data/806279/000138713119008288/0001387131-19-008288-index.html,https://www.sec.gov/Archives/edgar/data/806279/000138713119008288/codorus192136_10q.htm,1620590867,16:07:47,20210509
6,2019-06-30,CVLY,USD,2019-08-05,2019-08-05 16:32:31,Q2,19568000.0,0.0,0.0,0.0,0.0,8535000.0,374000.0,0.0,19000000.0,0.0,5292000.0,826000.0,0.0,0.0,0.0,0.31587285363859363,0.0,6181000.0,0.31587285363859363,1322000.0,4859000.0,0.24831357318070318,0.4894879466489367,0.4863498736331106,9926700.0,9990750.0,https://www.sec.gov/Archives/edgar/data/806279/000089710119000709/codorus191615_10q.htm,https://www.sec.gov/Archives/edgar/data/806279/000089710119000709/codorus191615_10q.htm,1620590867,16:07:47,20210509
7,2019-03-31,CVLY,USD,2019-05-08 00:00:00,2019-05-08 16:34:08,Q1,18431000.0,0.0,0.0,0.0,0.0,8809000.0,349000.0,0.0,19000000.0,0.0,5345000.0,817000.0,0.0,0.0,0.0,0.2790407465682817,0.0,5143000.0,0.2790407465682817,1052000.0,4091000.0,0.22196299712440995,0.41207725819042584,0.40922072011243316,9927750.0,9997050.0,https://www.sec.gov/Archives/edgar/data/806279/000089710119000463/0000897101-19-000463-index.html,https://www.sec.gov/Archives/edgar/data/806279/000089710119000463/codorus191063_10q.htm,1620590867,16:07:47,20210509
8,2018-12-31,CVLY,USD,2019-03-15 00:00:00,2019-03-15 16:32:41,Q4,18911000.0,0.0,0.0,0.0,0.0,8646000.0,389000.0,0.0,19000000.0,0.0,5034000.0,643000.0,0.0,0.0,0.0,0.2899370736608323,0.0,5483000.0,0.2899370736608323,1138000.0,4345000.0,0.22976045687694993,0.4394281871185344,0.43549728879133215,9887850.0,9977100.0,https://www.sec.gov/Archives/edgar/data/806279/000089710119000229/0000897101-19-000229-index.html,https://www.sec.gov/Archives/edgar/data/806279/000089710119000229/codorus190547_10k.htm,1620590867,16:07:47,20210509
9,2018-09-30,CVLY,USD,2018-11-08 00:00:00,2018-11-08 16:32:20,Q3,19421000.0,0.0,0.0,0.0,0.0,8242000.0,373000.0,0.0,18000000.0,0.0,4364000.0,597000.0,0.0,0.0,0.0,0.33144534267030534,0.0,6437000.0,0.33144534267030534,1377000.0,5060000.0,0.2605427114978631,0.4883559439239979,0.48285843029785874,10361295.0,10479262.0,https://www.sec.gov/Archives/edgar/data/806279/000089710118001078/0000897101-18-001078-index.html,https://www.sec.gov/Archives/edgar/data/806279/000089710118001078/codorus182420_10q.htm,1620590867,16:07:47,20210509
10,2018-06-30,CVLY,USD,2018-08-06 00:00:00,2018-08-06 16:32:43,Q2,19326000.0,0.0,0.0,0.0,0.0,7893000.0,419000.0,0.0,16000000.0,0.0,3755000.0,592000.0,0.0,0.0,0.0,0.39837524578288314,0.0,7699000.0,0.39837524578288314,1645000.0,6054000.0,0.31325675256131635,0.61678,0.60771,9847530.0,9961087.0,https://www.sec.gov/Archives/edgar/data/806279/000089710118000711/0000897101-18-000711-index.html,https://www.sec.gov/Archives/edgar/data/806279/000089710118000711/codorus181701_10q.htm,1620590867,16:07:47,20210509
11,2018-03-31,CVLY,USD,2018-05-07 00:00:00,2018-05-07 16:46:13,Q1,18274000.0,0.0,0.0,0.0,0.0,8836000.0,408000.0,0.0,17000000.0,0.0,3248000.0,591000.0,0.0,0.0,0.0,0.27935865163620444,0.0,5105000.0,0.27935865163620444,1022000.0,4083000.0,0.2234321987523257,0.417234,0.408163,9826582.0,9928012.0,https://www.sec.gov/Archives/edgar/data/806279/000089710118000451/0000897101-18-000451-index.html,https://www.sec.gov/Archives/edgar/data/806279/000089710118000451/codorus181122_10-q.htm,1620590867,16:07:47,20210509
12,2017-12-31,CVLY,USD,2018-03-13 00:00:00,2018-03-13 16:17:18,Q4,18464000.0,0.0,0.0,0.0,0.0,7566000.0,416000.0,0.0,15000000.0,0.0,2985000.0,602000.0,0.0,0.0,0.0,0.3458080589254766,0.0,6385000.0,0.3458080589254766,4895000.0,1490000.0,0.08069757365684575,0.15205602192872347,0.1501304068987441,9799020.0,9924705.0,https://www.sec.gov/Archives/edgar/data/806279/000089710118000245/0000897101-18-000245-index.html,https://www.sec.gov/Archives/edgar/data/806279/000089710118000245/codorus180644_10k.htm,1620590867,16:07:47,20210509
13,2017-09-30,CVLY,USD,2017-11-06 00:00:00,2017-11-06 13:58:19,Q3,17808000.0,0.0,0.0,0.0,0.0,7319000.0,459000.0,0.0,16000000.0,0.0,2771000.0,600000.0,0.0,0.0,0.0,0.2816711590296496,0.0,5016000.0,0.2816711590296496,1606000.0,3410000.0,0.1914869721473495,0.3316840885112121,0.3280274334825778,10280867.0,10395472.0,https://www.sec.gov/Archives/edgar/data/806279/000089710117001386/0000897101-17-001386-index.html,https://www.sec.gov/Archives/edgar/data/806279/000089710117001386/codorus172925_10q.htm,1620590867,16:07:47,20210509
14,2017-06-30,CVLY,USD,2017-08-07 00:00:00,2017-08-07 13:10:08,Q2,17200000.0,0.0,0.0,0.0,0.0,7498000.0,361000.0,0.0,15000000.0,0.0,2667000.0,593000.0,0.0,0.0,0.0,0.318546511627907,0.0,5479000.0,0.318546511627907,1794000.0,3685000.0,0.21424418604651163,0.37716132115977363,0.3729195818402635,9770355.0,9881487.0,https://www.sec.gov/Archives/edgar/data/806279/000089710117000929/0000897101-17-000929-index.html,https://www.sec.gov/Archives/edgar/data/806279/000089710117000929/codorus172153_10q.htm,1620590867,16:07:47,20210509
15,2017-03-31,CVLY,USD,2017-05-08 00:00:00,2017-05-08 16:02:27,Q1,16526000.0,0.0,0.0,0.0,0.0,7653000.0,336000.0,0.0,14000000.0,0.0,2445000.0,562000.0,0.0,0.0,0.0,0.3042478518697809,0.0,5028000.0,0.3042478518697809,1609000.0,3419000.0,0.2068861188430352,0.354173,0.345535,9758778.0,9867595.0,https://www.sec.gov/Archives/edgar/data/806279/000089710117000542/0000897101-17-000542-index.html,https://www.sec.gov/Archives/edgar/data/806279/000089710117000542/codorus171427_10q.htm,1620590867,16:07:47,20210509
16,2016-12-31,CVLY,USD,2017-03-15 00:00:00,2017-03-15 15:28:40,Q4,16357000.0,0.0,0.0,0.0,0.0,7114000.0,243000.0,0.0,13000000.0,0.0,2231000.0,581000.0,0.0,0.0,0.0,0.336308614049031,0.0,5501000.0,0.336308614049031,1659000.0,3842000.0,0.23488414745980316,0.3951969885207721,0.3912371035338425,9721734.0,9820132.0,https://www.sec.gov/Archives/edgar/data/806279/000089710117000320/0000897101-17-000320-index.html,https://www.sec.gov/Archives/edgar/data/806279/000089710117000320/codorus170731_10-k.htm,1620590867,16:07:47,20210509
17,2016-09-30,CVLY,USD,2016-11-03 00:00:00,2016-11-03 15:26:09,Q3,15694000.0,0.0,0.0,0.0,0.0,6830000.0,437000.0,0.0,13000000.0,0.0,2245000.0,599000.0,0.0,0.0,0.0,0.316235504014273,0.0,4963000.0,0.316235504014273,1560000.0,3403000.0,0.21683445902892826,0.337308,0.329081,10183511.0,10268596.0,https://www.sec.gov/Archives/edgar/data/806279/000089710116003192/0000897101-16-003192-index.html,https://www.sec.gov/Archives/edgar/data/806279/000089710116003192/codorus163740_10-q.htm,1620590867,16:07:47,20210509
18,2016-06-30,CVLY,USD,2016-08-08 00:00:00,2016-08-08 15:28:24,Q2,15380000.0,0.0,0.0,0.0,0.0,6898000.0,369000.0,0.0,13000000.0,0.0,2124000.0,589000.0,0.0,0.0,0.0,0.2881664499349805,0.0,4432000.0,0.2881664499349805,1392000.0,3040000.0,0.1976592977893368,0.3139613013778563,0.3114202093276499,9682722.0,9761730.0,https://www.sec.gov/Archives/edgar/data/806279/000089710116002744/0000897101-16-002744-index.html,https://www.sec.gov/Archives/edgar/data/806279/000089710116002744/codorus162657_10q.htm,1620590867,16:07:47,20210509
19,2016-03-31,CVLY,USD,2016-05-05 00:00:00,2016-05-05 15:06:26,Q1,15053000.0,0.0,0.0,0.0,0.0,6831000.0,469000.0,0.0,13000000.0,0.0,2049000.0,574000.0,0.0,0.0,0.0,0.2718395004318076,0.0,4092000.0,0.2718395004318076,1275000.0,2817000.0,0.18713877632365641,0.2911498807959833,0.2888276304999517,9675429.0,9753222.0,https://www.sec.gov/Archives/edgar/data/806279/000089710116002297/0000897101-16-002297-index.html,https://www.sec.gov/Archives/edgar/data/806279/000089710116002297/codorus161633_10q.htm,1620590867,16:07:47,20210509
20,2015-12-31,CVLY,USD,2016-03-08 00:00:00,2016-03-08 16:01:19,Q4,14286000.0,0.0,0.0,0.0,0.0,6640000.0,355000.0,0.0,13000000.0,0.0,2094000.0,573000.0,0.0,0.0,0.0,0.27670446591068176,0.0,3953000.0,0.27670446591068176,1183000.0,2770000.0,0.19389612207755844,0.3505978516072443,0.3472323637611257,7900790.0,7977367.0,https://www.sec.gov/Archives/edgar/data/806279/000089710116001967/0000897101-16-001967-index.html,https://www.sec.gov/Archives/edgar/data/806279/000089710116001967/codorus160880_10k.htm,1620590867,16:07:47,20210509
21,2015-09-30,CVLY,USD,2015-11-04 00:00:00,2015-11-04 16:43:42,Q3,14129000.0,0.0,0.0,0.0,0.0,6211000.0,242000.0,0.0,12000000.0,0.0,2095000.0,573000.0,0.0,0.0,0.0,0.3081605209144313,0.0,4354000.0,0.3081605209144313,1343000.0,3011000.0,0.21310779248354447,0.38162366102186424,0.3779553731483984,7889972.0,7966549.0,https://www.sec.gov/Archives/edgar/data/806279/000089710115001479/0000897101-15-001479-index.html,https://www.sec.gov/Archives/edgar/data/806279/000089710115001479/codorus153771_10q.htm,1620590867,16:07:47,20210509
22,2015-06-30,CVLY,USD,2015-08-05 00:00:00,2015-08-05 13:57:25,Q2,13743000.0,0.0,0.0,0.0,0.0,5676000.0,470000.0,0.0,12000000.0,0.0,1977000.0,563000.0,0.0,0.0,0.0,0.30524630721094376,0.0,4195000.0,0.30524630721094376,1275000.0,2920000.0,0.21247180382740305,0.39002669679311236,0.3858173030868423,7486667.0,7568349.0,https://www.sec.gov/Archives/edgar/data/806279/000089710115001030/0000897101-15-001030-index.html,https://www.sec.gov/Archives/edgar/data/806279/000089710115001030/codorus152686_10q.htm,1620590867,16:07:47,20210509
23,2015-03-31,CVLY,USD,2015-05-06 00:00:00,2015-05-06 16:20:54,Q1,13833000.0,0.0,0.0,0.0,0.0,6041000.0,219000.0,0.0,12000000.0,0.0,2008000.0,557000.0,0.0,0.0,0.0,0.2491144364924456,0.0,3446000.0,0.2491144364924456,1012000.0,2434000.0,0.17595604713366586,0.32678251200697495,0.3225816712116136,7448379.0,7545376.0,https://www.sec.gov/Archives/edgar/data/806279/000089710115000616/0000897101-15-000616-index.html,https://www.sec.gov/Archives/edgar/data/806279/000089710115000616/codorus151680_10q.htm,1620590867,16:07:47,20210509
24,2014-12-31,CVLY,USD,2015-03-10,2015-03-10 15:31:22,Q4,13149000.0,0.0,0.0,0.0,0.0,5752000.0,235000.0,0.0,11000000.0,0.0,1949000.0,461000.0,0.0,0.0,0.0,0.3047380028899536,0.0,4007000.0,0.3047380028899536,1227000.0,2780000.0,0.21142292189520115,0.368257,0.360422,7413919.0,7521127.0,https://www.sec.gov/Archives/edgar/data/806279/000089710115000318/codorus150883_10k.htm,https://www.sec.gov/Archives/edgar/data/806279/000089710115000318/codorus150883_10k.htm,1620590867,16:07:47,20210509
25,2014-09-30,CVLY,USD,2014-11-07 00:00:00,2014-11-07 14:04:41,Q3,12609000.0,0.0,0.0,0.0,0.0,5111000.0,340000.0,0.0,10000000.0,0.0,2024000.0,438000.0,0.0,0.0,0.0,0.36132920929494805,0.0,4556000.0,0.36132920929494805,1377000.0,3179000.0,0.2521215005155048,0.41034752136672703,0.4037132475219385,7747092.0,7874401.0,https://www.sec.gov/Archives/edgar/data/806279/000089710114001617/0000897101-14-001617-index.html,https://www.sec.gov/Archives/edgar/data/806279/000089710114001617/codorus143990_10q.htm,1620590867,16:07:47,20210509
26,2014-06-30,CVLY,USD,2014-08-08 00:00:00,2014-08-08 14:09:10,Q2,12014000.0,0.0,0.0,0.0,0.0,5002000.0,413000.0,0.0,10000000.0,0.0,2075000.0,437000.0,0.0,0.0,0.0,0.32636923589145994,0.0,3921000.0,0.32636923589145994,1114000.0,2807000.0,0.23364408190444483,0.373108,0.365646,7337023.0,7472373.0,https://www.sec.gov/Archives/edgar/data/806279/000089710114001106/0000897101-14-001106-index.html,https://www.sec.gov/Archives/edgar/data/806279/000089710114001106/codorus142845_10q.htm,1620590867,16:07:47,20210509
27,2014-03-31,CVLY,USD,2014-05-09 00:00:00,2014-05-09 15:23:17,Q1,11951000.0,0.0,0.0,0.0,0.0,5012000.0,307000.0,0.0,10000000.0,0.0,1992000.0,436000.0,0.0,0.0,0.0,0.3307672998075475,0.0,3953000.0,0.3307672998075475,950000.0,3003000.0,0.2512760438457033,0.455191,0.440267,6506164.0,6646874.0,https://www.sec.gov/Archives/edgar/data/806279/000089710114000620/0000897101-14-000620-index.html,https://www.sec.gov/Archives/edgar/data/806279/000089710114000620/codorus141708_10q.htm,1620590867,16:07:47,20210509
28,2013-12-31,CVLY,USD,2014-03-25,2014-03-25 13:27:47,Q4,11864000.0,0.0,0.0,0.0,0.0,4873000.0,333000.0,0.0,11000000.0,0.0,2114000.0,430000.0,0.0,0.0,0.0,0.299055967633176,0.0,3548000.0,0.299055967633176,966000.0,2582000.0,0.21763317599460552,0.395494,0.388032,6413697.0,6555747.0,https://www.sec.gov/Archives/edgar/data/806279/000089710114000375/codorus141036_10k.htm,https://www.sec.gov/Archives/edgar/data/806279/000089710114000375/codorus141036_10k.htm,1620590867,16:07:47,20210509
29,2013-09-30,CVLY,USD,2013-11-12 00:00:00,2013-11-12 15:44:30,Q3,11345000.0,0.0,0.0,0.0,0.0,4640000.0,341000.0,0.0,10000000.0,0.0,2124000.0,387000.0,0.0,0.0,0.0,0.3232260907888938,0.0,3667000.0,0.3232260907888938,990000.0,2677000.0,0.23596297928602908,0.390875,0.383768,6685134.0,6817401.0,https://www.sec.gov/Archives/edgar/data/806279/000089710113001663/0000897101-13-001663-index.html,https://www.sec.gov/Archives/edgar/data/806279/000089710113001663/codorus134622_10q.htm,1620590867,16:07:47,20210509
30,2013-06-30,CVLY,USD,2013-08-13 00:00:00,2013-08-13 14:16:36,Q2,11144000.0,0.0,0.0,0.0,0.0,4567000.0,254000.0,0.0,10000000.0,0.0,2172000.0,370000.0,0.0,0.0,0.0,0.32501794687724334,0.0,3622000.0,0.32501794687724334,977000.0,2645000.0,0.23734745154343145,0.405088,0.397982,6340394.0,6457183.0,https://www.sec.gov/Archives/edgar/data/806279/000089710113001206/0000897101-13-001206-index.html,https://www.sec.gov/Archives/edgar/data/806279/000089710113001206/codorus133539_10q.htm,1620590867,16:07:47,20210509
31,2013-03-31,CVLY,USD,2013-05-13 00:00:00,2013-05-13 11:42:26,Q1,10981000.0,0.0,0.0,0.0,0.0,4782000.0,146000.0,0.0,10000000.0,0.0,2209000.0,359000.0,0.0,0.0,0.0,0.3320280484473181,0.0,3646000.0,0.3320280484473181,984000.0,2662000.0,0.2424187232492487,0.412195,0.405088,6310845.0,6427634.0,https://www.sec.gov/Archives/edgar/data/806279/000089710113000721/0000897101-13-000721-index.html,https://www.sec.gov/Archives/edgar/data/806279/000089710113000721/codorus131637_10q.htm,1620590867,16:07:47,20210509
32,2012-12-31,CVLY,USD,2013-03-28 00:00:00,2013-03-28 11:51:58,Q4,10749000.0,0.0,0.0,0.0,0.0,3571000.0,241000.0,0.0,11000000.0,0.0,2519000.0,517000.0,0.0,0.0,0.0,0.31109870685645175,0.0,3344000.0,0.31109870685645175,890000.0,2454000.0,0.22830030700530282,0.383768,0.376661,6286924.0,6389643.0,https://www.sec.gov/Archives/edgar/data/806279/000089710113000450/0000897101-13-000450-index.html,https://www.sec.gov/Archives/edgar/data/806279/000089710113000450/codorus125093_10k.htm,1620590867,16:07:47,20210509
33,2012-09-30,CVLY,USD,2012-11-13 00:00:00,2012-11-13 15:23:24,Q3,11226000.0,0.0,0.0,0.0,0.0,4586000.0,259000.0,0.0,12000000.0,0.0,2677000.0,353000.0,0.0,0.0,0.0,0.21218599679315875,0.0,2382000.0,0.21218599679315875,511000.0,1871000.0,0.16666666666666666,0.277504,0.270736,6573199.0,6681053.0,https://www.sec.gov/Archives/edgar/data/806279/000089710112001946/0000897101-12-001946-index.html,https://www.sec.gov/Archives/edgar/data/806279/000089710112001946/codorus124179_10q.htm,1620590867,16:07:47,20210509
34,2012-06-30,CVLY,USD,2012-08-14 00:00:00,2012-08-14 14:18:58,Q2,10958000.0,0.0,0.0,0.0,0.0,4573000.0,197000.0,0.0,10000000.0,0.0,2640000.0,359000.0,0.0,0.0,0.0,0.34276327797043254,0.0,3756000.0,0.34276327797043254,977000.0,2779000.0,0.2536046723854718,0.433177,0.426409,6236339.0,6324986.0,https://www.sec.gov/Archives/edgar/data/806279/000089710112001381/0000897101-12-001381-index.html,https://www.sec.gov/Archives/edgar/data/806279/000089710112001381/codorus122782_10q.htm,1620590867,16:07:47,20210509
35,2012-03-31,CVLY,USD,2012-05-08,2012-05-08 15:18:52,Q1,10535000.0,0.0,0.0,0.0,0.0,4787000.0,210000.0,0.0,10000000.0,0.0,2691000.0,338000.0,0.0,0.0,0.0,0.2861888941623161,0.0,3015000.0,0.2861888941623161,725000.0,2290000.0,0.21737066919791173,0.3685121939719451,0.3663347631053862,6214177.0,6251113.0,https://www.sec.gov/Archives/edgar/data/806279/000089710112000518/codorus120791_10k.htm,https://www.sec.gov/Archives/edgar/data/806279/000089710112000518/codorus120791_10k.htm,1620590867,16:07:47,20210509
36,2011-12-31,CVLY,USD,2012-03-28 00:00:00,2012-03-28 15:57:24,Q4,10615000.0,0.0,0.0,0.0,0.0,4461000.0,179000.0,0.0,10000000.0,0.0,2958000.0,398000.0,0.0,0.0,0.0,0.34601978332548283,0.0,3673000.0,0.34601978332548283,938000.0,2735000.0,0.25765426283561,0.4401226421455327,0.4401226421455327,6214177.0,6214177.0,https://www.sec.gov/Archives/edgar/data/806279/000089710112000518/0000897101-12-000518-index.html,https://www.sec.gov/Archives/edgar/data/806279/000089710112000518/codorus120791_10k.htm,1620590867,16:07:47,20210509
37,2011-09-30,CVLY,USD,2011-11-14 00:00:00,2011-11-14 14:24:23,Q3,10399000.0,0.0,0.0,0.0,0.0,3610000.0,278000.0,0.0,13000000.0,0.0,3131000.0,336000.0,0.0,0.0,0.0,0.05019713433984037,0.0,522000.0,0.05019713433984037,-139000.0,661000.0,0.06356380421194345,0.10736522172461356,0.10636967694998066,6156556.0,6214177.0,https://www.sec.gov/Archives/edgar/data/806279/000089710111001949/0000897101-11-001949-index.html,https://www.sec.gov/Archives/edgar/data/806279/000089710111001949/codorus115225_10q.htm,1620590867,16:07:47,20210509
38,2011-06-30,CVLY,USD,2011-08-10 00:00:00,2011-08-10 15:01:11,Q2,9875000.0,0.0,0.0,0.0,0.0,3816000.0,233000.0,0.0,11000000.0,0.0,3127000.0,331000.0,0.0,0.0,0.0,0.24232911392405063,0.0,2393000.0,0.24232911392405063,521000.0,1872000.0,0.18956962025316457,0.30619705547040993,0.3028306414784477,6113710.0,6181673.0,https://www.sec.gov/Archives/edgar/data/806279/000089710111001384/0000897101-11-001384-index.html,https://www.sec.gov/Archives/edgar/data/806279/000089710111001384/codorus113722_10q.htm,1620590867,16:07:47,20210509
39,2011-03-31,CVLY,USD,2011-05-12 00:00:00,2011-05-12 16:57:19,Q1,9521000.0,0.0,0.0,0.0,0.0,4304000.0,150000.0,0.0,11000000.0,0.0,3143000.0,340000.0,0.0,0.0,0.0,0.18989601932570108,0.0,1808000.0,0.18989601932570108,297000.0,1511000.0,0.15870181703602562,0.20982,0.203052,6113710.0,6181673.0,https://www.sec.gov/Archives/edgar/data/806279/000089710111000841/0000897101-11-000841-index.html,https://www.sec.gov/Archives/edgar/data/806279/000089710111000841/codorus112534_10q.htm,1620590867,16:07:47,20210509
40,2010-12-31,CVLY,USD,2011-03-28,2011-03-28 15:47:02,Q4,10041000.0,0.0,0.0,0.0,0.0,4230000.0,171000.0,0.0,12000000.0,0.0,3307000.0,373000.0,0.0,0.0,0.0,0.11074594163927895,0.0,1112000.0,0.11074594163927895,20000.0,1092000.0,0.10875410815655812,0.1786149490244058,0.1786149490244058,6113710.0,6113710.0,https://www.sec.gov/Archives/edgar/data/806279/000089710111000527/codorus111568_10k.htm,https://www.sec.gov/Archives/edgar/data/806279/000089710111000527/codorus111568_10k.htm,1620590867,16:07:47,20210509
41,2010-09-30,CVLY,USD,2010-11-15 00:00:00,2010-11-15 10:57:26,Q3,9714000.0,0.0,0.0,0.0,0.0,4132000.0,179000.0,0.0,11000000.0,0.0,3298000.0,341000.0,0.0,0.0,0.0,0.22781552398599958,0.0,2213000.0,0.22781552398599958,433000.0,1780000.0,0.18324068354951617,0.2940625467732913,0.2934179431995611,6053134.0,6066432.0,https://www.sec.gov/Archives/edgar/data/806279/000095012310105385/0000950123-10-105385-index.html,https://www.sec.gov/Archives/edgar/data/806279/000095012310105385/c08453e10vq.htm,1620590867,16:07:47,20210509
42,2010-06-30,CVLY,USD,2010-08-11 00:00:00,2010-08-11 13:45:13,Q2,9771000.0,0.0,0.0,0.0,0.0,3970000.0,223000.0,0.0,11000000.0,0.0,3232000.0,344000.0,0.0,0.0,0.0,0.19435062941357076,0.0,1899000.0,0.19435062941357076,274000.0,1625000.0,0.16630846382151265,0.230125,0.230125,5996731.0,5996731.0,https://www.sec.gov/Archives/edgar/data/806279/000136231010000035/0001362310-10-000035-index.html,https://www.sec.gov/Archives/edgar/data/806279/000136231010000035/c04750e10vq.htm,1620590867,16:07:47,20210509
43,2010-03-31,CVLY,USD,2010-05-12 00:00:00,2010-05-12 14:11:57,Q1,8921000.0,0.0,0.0,0.0,0.0,3902000.0,127000.0,0.0,10000000.0,0.0,3317000.0,345000.0,0.0,0.0,0.0,0.2373052348391436,0.0,2117000.0,0.2373052348391436,406000.0,1711000.0,0.19179464185629413,0.243662,0.243662,6016527.0,6016527.0,https://www.sec.gov/Archives/edgar/data/806279/000095012310048361/0000950123-10-048361-index.html,https://www.sec.gov/Archives/edgar/data/806279/000095012310048361/c00902e10vq.htm,1620590867,16:07:47,20210509
44,2009-12-31,CVLY,USD,2010-03-24 00:00:00,2010-03-24 15:53:31,Q4,8857000.0,0.0,0.0,0.0,0.0,4082000.0,151000.0,0.0,11000000.0,0.0,3663000.0,347000.0,0.0,0.0,0.0,0.13650220164841367,0.0,1209000.0,0.13650220164841367,107000.0,1102000.0,0.12442136163486509,0.18316214653403864,0.18316214653403864,6016527.0,6016527.0,https://www.sec.gov/Archives/edgar/data/806279/000089710110000615/0000897101-10-000615-index.html,https://www.sec.gov/Archives/edgar/data/806279/000089710110000615/codorus101441_10k.htm,1620590867,16:07:47,20210509
45,2009-09-30,CVLY,USD,2009-11-12 00:00:00,2009-11-12 11:17:03,Q3,7899000.0,0.0,0.0,0.0,0.0,3844000.0,235000.0,0.0,11000000.0,0.0,4231000.0,346000.0,0.0,0.0,0.0,0.14571464742372453,0.0,1151000.0,0.14571464742372453,75000.0,1076000.0,0.1362197746550196,0.142136,0.142136,5985172.0,5985172.0,https://www.sec.gov/Archives/edgar/data/806279/000095012309061541/0000950123-09-061541-index.html,https://www.sec.gov/Archives/edgar/data/806279/000095012309061541/c92422e10vq.htm,1620590867,16:07:47,20210509
46,2009-06-30,CVLY,USD,2009-08-12 00:00:00,2009-08-12 08:56:31,Q2,7774000.0,0.0,0.0,0.0,0.0,4218000.0,115000.0,0.0,12000000.0,0.0,4271000.0,348000.0,0.0,0.0,0.0,0.0020581425263699513,0.0,16000.0,0.0020581425263699513,-277000.0,293000.0,0.03768973501414973,0.006768,0.006768,5957100.0,5957100.0,https://www.sec.gov/Archives/edgar/data/806279/000095012309033809/0000950123-09-033809-index.html,https://www.sec.gov/Archives/edgar/data/806279/000095012309033809/c89219e10vq.htm,1620590867,16:07:47,20210509
47,2009-03-31,CVLY,USD,2009-05-14 00:00:00,2009-05-14 09:42:40,Q1,6919000.0,0.0,0.0,0.0,0.0,3808000.0,125000.0,0.0,10000000.0,0.0,4193000.0,353000.0,0.0,0.0,0.0,0.12530712530712532,0.0,867000.0,0.12530712530712532,-96000.0,963000.0,0.13918196271137448,0.16201748274631578,0.16197723235911513,5943803.0,5945280.0,https://www.sec.gov/Archives/edgar/data/806279/000136231009007398/0001362310-09-007398-index.html,https://www.sec.gov/Archives/edgar/data/806279/000136231009007398/c85496e10vq.htm,1620590867,16:07:47,20210509
48,2008-12-31,CVLY,USD,2009-03-30 00:00:00,2009-03-30 16:56:11,Q4,6878000.0,0.0,0.0,0.0,0.0,3174000.0,181000.0,0.0,10000000.0,0.0,4047000.0,463000.0,0.0,0.0,0.0,0.1363768537365513,0.0,938000.0,0.1363768537365513,97000.0,841000.0,0.12227391683628962,0.14149190341604526,0.14149190341604526,5943803.0,5943803.0,https://www.sec.gov/Archives/edgar/data/806279/000089710109000656/0000897101-09-000656-index.html,https://www.sec.gov/Archives/edgar/data/806279/000089710109000656/cordus091461_10k.htm,1620590867,16:07:47,20210509
49,2008-09-30,CVLY,USD,2008-11-14 00:00:00,2008-11-14 07:57:13,Q3,6752000.0,0.0,0.0,0.0,0.0,2744000.0,249000.0,0.0,9000000.0,0.0,4031000.0,438000.0,0.0,0.0,0.0,0.21860189573459715,0.0,1476000.0,0.21860189573459715,346000.0,1130000.0,0.16735781990521326,0.189515,0.189515,5889137.0,5889137.0,https://www.sec.gov/Archives/edgar/data/806279/000136231008007290/0001362310-08-007290-index.html,https://www.sec.gov/Archives/edgar/data/806279/000136231008007290/c77237e10vq.htm,1620590867,16:07:47,20210509
50,2008-06-30,CVLY,USD,2008-08-13 00:00:00,2008-08-13 10:28:07,Q2,6946000.0,0.0,0.0,0.0,0.0,2675000.0,210000.0,0.0,10000000.0,0.0,3775000.0,428000.0,0.0,0.0,0.0,0.17204146271235243,0.0,1195000.0,0.17204146271235243,224000.0,971000.0,0.13979268643823783,0.16921,0.162441,5831516.0,5895047.0,https://www.sec.gov/Archives/edgar/data/806279/000089322008002383/0000893220-08-002383-index.html,https://www.sec.gov/Archives/edgar/data/806279/000089322008002383/w65506e10vq.htm,1620590867,16:07:47,20210509
51,2008-03-31,CVLY,USD,2008-05-14 00:00:00,2008-05-14 10:30:41,Q1,7012000.0,0.0,0.0,0.0,0.0,2858000.0,72000.0,0.0,9000000.0,0.0,3956000.0,406000.0,0.0,0.0,0.0,0.2944951511694238,0.0,2065000.0,0.2944951511694238,542000.0,1523000.0,0.21719908727895038,0.251397,0.244951,6058136.0,6217560.0,https://www.sec.gov/Archives/edgar/data/806279/000089322008001521/0000893220-08-001521-index.html,https://www.sec.gov/Archives/edgar/data/806279/000089322008001521/w58449e10vq.htm,1620590867,16:07:47,20210509
52,2007-12-31,CVLY,USD,2008-03-25,2008-03-25 15:03:07,Q4,7102000.0,0.0,0.0,0.0,0.0,2831000.0,201000.0,0.0,10000000.0,0.0,4419000.0,395000.0,0.0,0.0,0.0,0.2516192621796677,0.0,1787000.0,0.2516192621796677,450000.0,1337000.0,0.18825682906223598,0.22069494643236798,0.22069494643236798,6058136.0,6058136.0,https://www.sec.gov/Archives/edgar/data/806279/000089710108000690/codorus081258_10-k.htm,https://www.sec.gov/Archives/edgar/data/806279/000089710108000690/codorus081258_10-k.htm,1620590867,16:07:47,20210509
53,2007-09-30,CVLY,USD,2007-11-13 00:00:00,2007-11-13 08:40:59,Q3,6799000.0,0.0,0.0,0.0,0.0,2741000.0,247000.0,0.0,9000000.0,0.0,4741000.0,407000.0,0.0,0.0,0.0,0.31945874393293133,0.0,2172000.0,0.31945874393293133,531000.0,1641000.0,0.24135902338579202,0.283628,0.277182,5785749.0,5920301.0,https://www.sec.gov/Archives/edgar/data/806279/000089322007003666/0000893220-07-003666-index.html,https://www.sec.gov/Archives/edgar/data/806279/000089322007003666/w42388e10vq.txt,1620590867,16:07:47,20210509
54,2007-06-30,CVLY,USD,2007-08-10 00:00:00,2007-08-10 10:37:55,Q2,6521000.0,0.0,0.0,0.0,0.0,2568000.0,156000.0,0.0,9000000.0,0.0,4748000.0,414000.0,0.0,0.0,0.0,0.3352246587946634,0.0,2186000.0,0.3352246587946634,559000.0,1627000.0,0.24950161018248734,0.283628,0.277182,5736389.0,5869793.0,https://www.sec.gov/Archives/edgar/data/806279/000089322007002800/0000893220-07-002800-index.html,https://www.sec.gov/Archives/edgar/data/806279/000089322007002800/w38271e10vq.txt,1620590867,16:07:47,20210509
55,2007-03-31,CVLY,USD,2007-05-10 00:00:00,2007-05-10 14:53:45,Q1,5946000.0,0.0,0.0,0.0,0.0,2536000.0,71000.0,0.0,8000000.0,0.0,4581000.0,410000.0,0.0,0.0,0.0,0.40514631685166497,0.0,2409000.0,0.40514631685166497,640000.0,1769000.0,0.29751093171880255,0.294678,0.288539,6003155.0,6130882.0,https://www.sec.gov/Archives/edgar/data/806279/000089322007001800/0000893220-07-001800-index.html,https://www.sec.gov/Archives/edgar/data/806279/000089322007001800/w34856e10vq.txt,1620590867,16:07:47,20210509
56,2006-12-31,CVLY,USD,2006-12-31,2006-12-31,Q4,5973000.0,0.0,0.0,0.0,0.0,2593000.0,198000.0,0.0,9000000.0,0.0,4358000.0,404000.0,0.0,0.0,0.0,0.24711200401808137,0.0,1476000.0,0.24711200401808137,345000.0,1131000.0,0.18935208437970869,0.18840093250965534,0.18840093250965534,6003155.0,6003155.0,,,1620590867,16:07:47,20210509
57,2006-09-30,CVLY,USD,2006-09-30,2006-09-30,Q3,5833000.0,0.0,0.0,0.0,0.0,2208000.0,138000.0,0.0,8000000.0,0.0,4123000.0,410000.0,0.0,0.0,0.0,0.3271044059660552,0.0,1908000.0,0.3271044059660552,501000.0,1407000.0,0.2412137836447797,0.233872,0.228025,6016119.0,6170378.0,,,1620590867,16:07:47,20210509
58,2006-06-30,CVLY,USD,2006-06-30,2006-06-30,Q2,5922000.0,0.0,0.0,0.0,0.0,2140000.0,145000.0,0.0,7000000.0,0.0,3504000.0,418000.0,0.0,0.0,0.0,0.32674772036474165,0.0,1935000.0,0.32674772036474165,512000.0,1423000.0,0.240290442418102,0.251412,0.245565,5660030.0,5794793.0,,,1620590867,16:07:47,20210509
59,2006-03-31,CVLY,USD,2006-03-31,2006-03-31,Q1,5979000.0,0.0,0.0,0.0,0.0,2139000.0,108000.0,0.0,7000000.0,0.0,3092000.0,417000.0,0.0,0.0,0.0,0.3090817862518816,0.0,1848000.0,0.3090817862518816,487000.0,1361000.0,0.22763003846797122,0.228303,0.222735,5961367.0,6110401.0,,,1620590867,16:07:47,20210509
60,2005-12-31,CVLY,USD,2005-12-31,2005-12-31,Q4,5699000.0,0.0,0.0,0.0,0.0,2385000.0,271000.0,0.0,7000000.0,0.0,2735000.0,408000.0,0.0,0.0,0.0,0.23600631689770135,0.0,1345000.0,0.23600631689770135,324000.0,1021000.0,0.17915423758554133,0.1712694420591787,0.1712694420591787,5961367.0,5961367.0,,,1620590867,16:07:47,20210509
61,2005-09-30,CVLY,USD,2005-09-30,2005-09-30,Q3,5451000.0,0.0,0.0,0.0,0.0,2016000.0,161000.0,0.0,6000000.0,0.0,2386000.0,405000.0,0.0,0.0,0.0,0.31810676940011007,0.0,1734000.0,0.31810676940011007,451000.0,1283000.0,0.23536965694368006,0.228303,0.222735,5619716.0,5760209.0,,,1620590867,16:07:47,20210509
62,2005-06-30,CVLY,USD,2005-06-30,2005-06-30,Q2,5138000.0,0.0,0.0,0.0,0.0,1928000.0,177000.0,0.0,6000000.0,0.0,2136000.0,400000.0,0.0,0.0,0.0,0.27890229661346827,0.0,1433000.0,0.27890229661346827,348000.0,1085000.0,0.2111716621253406,0.194893,0.189325,5567155.0,5730894.0,,,1620590867,16:07:47,20210509
63,2005-03-31,CVLY,USD,2005-03-31,2005-03-31,Q1,5138000.0,0.0,0.0,0.0,0.0,1834000.0,89000.0,0.0,5000000.0,0.0,1892000.0,374000.0,0.0,0.0,0.0,0.3224990268586999,0.0,1657000.0,0.3224990268586999,429000.0,1228000.0,0.23900350330868042,0.206825,0.201522,5937377.0,6093624.0,,,1620590867,16:07:47,20210509
64,2004-12-31,CVLY,USD,2005-03-29,2005-03-29,Q4,5091000.0,0.0,0.0,0.0,0.0,1924000.0,130000.0,0.0,0.0,0.0,1703000.0,310000.0,0.0,0.0,0.0,0.31054802592810843,0.0,1581000.0,0.31054802592810843,389000.0,1192000.0,0.23413867609506972,0.20076205368128047,0.20076205368128047,5937377.0,5937377.0,https://www.sec.gov/Archives/edgar/data/806279/000089322005000692/0000893220-05-000692-index.htm,https://www.sec.gov/Archives/edgar/data/806279/000089322005000692/w07132e10vk.txt,1620590867,16:07:47,20210509
65,2004-09-30,CVLY,USD,2004-09-30,2004-09-30,Q3,4699000.0,0.0,0.0,0.0,0.0,1762000.0,107000.0,0.0,0.0,0.0,1634000.0,306000.0,0.0,0.0,0.0,0.3077250478825282,0.0,1446000.0,0.3077250478825282,360000.0,1086000.0,0.23111300276654606,0.190916,0.190916,5688375.0,5688375.0,,,1620590867,16:07:47,20210509
66,2004-06-30,CVLY,USD,2004-06-30,2004-06-30,Q2,4357000.0,0.0,0.0,0.0,0.0,1724000.0,133000.0,0.0,0.0,0.0,1585000.0,295000.0,0.0,0.0,0.0,0.24971310534771632,0.0,1088000.0,0.24971310534771632,277000.0,811000.0,0.18613725040165252,0.143187,0.143187,5663931.0,5663931.0,,,1620590867,16:07:47,20210509
67,2004-03-31,CVLY,USD,2004-03-31,2004-03-31,Q1,4403000.0,0.0,0.0,0.0,0.0,1667000.0,108000.0,0.0,0.0,0.0,1623000.0,309000.0,0.0,0.0,0.0,0.28298887122416533,0.0,1246000.0,0.28298887122416533,327000.0,919000.0,0.2087213263683852,0.156571,0.15152,5869539.0,6065190.0,,,1620590867,16:07:47,20210509
68,2003-12-31,CVLY,USD,2003-12-31,2003-12-31,Q4,4193000.0,0.0,0.0,0.0,0.0,1692000.0,128000.0,0.0,0.0,0.0,1661000.0,296000.0,0.0,0.0,0.0,0.23133794419270212,0.0,970000.0,0.23133794419270212,235000.0,735000.0,0.17529215358931552,0.12522278155064648,0.12522278155064648,5869539.0,5869539.0,,,1620590867,16:07:47,20210509
69,2003-09-30,CVLY,USD,2003-09-30,2003-09-30,Q3,4699000.0,0.0,0.0,0.0,0.0,1590000.0,78000.0,0.0,0.0,0.0,1702000.0,296000.0,0.0,0.0,0.0,0.33070866141732286,0.0,1554000.0,0.33070866141732286,431000.0,1123000.0,0.23898701851457757,0.202027,0.196977,5558658.0,5701188.0,,,1620590867,16:07:47,20210509
70,2003-06-30,CVLY,USD,2003-06-30,2003-06-30,Q2,4293000.0,0.0,0.0,0.0,0.0,1623000.0,112000.0,0.0,0.0,0.0,1752000.0,292000.0,0.0,0.0,0.0,0.21616585138597716,0.0,928000.0,0.21616585138597716,215000.0,713000.0,0.16608432331702772,0.126267,0.126267,5646765.0,5646765.0,,,1620590867,16:07:47,20210509
71,2003-03-31,CVLY,USD,2003-03-31,2003-03-31,Q1,4261000.0,0.0,0.0,0.0,0.0,1653000.0,53000.0,0.0,0.0,0.0,1783000.0,305000.0,0.0,0.0,0.0,0.27012438394743016,0.0,1151000.0,0.27012438394743016,290000.0,861000.0,0.20206524290072753,0.144305,0.144305,5966524.0,5966524.0,,,1620590867,16:07:47,20210509
72,2002-12-31,CVLY,USD,2002-12-31,2002-12-31,Q4,4215000.0,0.0,0.0,0.0,0.0,1664000.0,76000.0,0.0,0.0,0.0,2009000.0,423000.0,0.0,0.0,0.0,0.18813760379596678,0.0,793000.0,0.18813760379596678,110000.0,683000.0,0.1620403321470937,0.11447201083914185,0.11447201083914185,5966524.0,5966524.0,,,1620590867,16:07:47,20210509
73,2002-09-30,CVLY,USD,2002-11-13,2002-11-13,Q3,3960000.0,0.0,0.0,0.0,0.0,1488000.0,109000.0,0.0,0.0,0.0,2140000.0,431000.0,0.0,0.0,0.0,0.3138888888888889,0.0,1243000.0,0.3138888888888889,271000.0,972000.0,0.24545454545454545,0.173166,0.173166,5613106.0,5613106.0,https://www.sec.gov/Archives/edgar/data/806279/000089322002001340/0000893220-02-001340-index.htm,https://www.sec.gov/Archives/edgar/data/806279/000089322002001340/w65581e10vq.txt,1620590867,16:07:47,20210509
74,2002-06-30,CVLY,USD,2002-08-12 00:00:00,2002-08-12 11:51:18,Q2,3461000.0,0.0,0.0,0.0,0.0,1415000.0,150000.0,0.0,0.0,0.0,2342000.0,442000.0,0.0,0.0,0.0,0.2265241259751517,0.0,784000.0,0.2265241259751517,125000.0,659000.0,0.19040739670615428,0.115444,0.115444,5708390.0,5708390.0,https://www.sec.gov/Archives/edgar/data/806279/000089322002000975/0000893220-02-000975-index.html,https://www.sec.gov/Archives/edgar/data/806279/000089322002000975/w62953e10vq.txt,1620590867,16:07:47,20210509
75,2002-03-31,CVLY,USD,2002-03-31,2002-03-31,Q1,3665000.0,0.0,0.0,0.0,0.0,1438000.0,97000.0,0.0,0.0,0.0,2416000.0,439000.0,0.0,0.0,0.0,0.26139154160982264,0.0,958000.0,0.26139154160982264,171000.0,787000.0,0.21473396998635744,0.132852,0.132852,5923870.0,5923870.0,,,1620590867,16:07:47,20210509
76,2001-12-31,CVLY,USD,2001-12-31,2001-12-31,Q4,3749000.0,0.0,0.0,0.0,0.0,1479000.0,133000.0,0.0,0.0,0.0,2522000.0,228000.0,0.0,0.0,0.0,0.24939983995732196,0.0,935000.0,0.24939983995732196,155000.0,780000.0,0.20805548146172312,0.13167068149706188,0.13167068149706188,5923870.0,5923870.0,,,1620590867,16:07:47,20210509
77,2001-09-30,CVLY,USD,2001-11-13 00:00:00,2001-11-13 00:00:00,Q3,3634000.0,0.0,0.0,0.0,0.0,1332000.0,82000.0,0.0,0.0,0.0,2757000.0,238000.0,0.0,0.0,0.0,0.26995046780407267,0.0,981000.0,0.26995046780407267,265000.0,716000.0,0.19702806824435884,0.128271,0.128271,5581922.0,5581922.0,https://www.sec.gov/Archives/edgar/data/806279/000089322001500856/0000893220-01-500856-index.html,https://www.sec.gov/Archives/edgar/data/806279/000089322001500856/w54811e10-q.txt,1620590867,16:07:47,20210509
78,2001-06-30,CVLY,USD,2001-08-13 00:00:00,2001-08-13 00:00:00,Q2,3524000.0,0.0,0.0,0.0,0.0,1223000.0,112000.0,0.0,0.0,0.0,2764000.0,249000.0,0.0,0.0,0.0,0.28433598183881953,0.0,1002000.0,0.28433598183881953,276000.0,726000.0,0.20601589103291715,0.128271,0.128271,5659882.0,5659882.0,https://www.sec.gov/Archives/edgar/data/806279/000080627901500012/0000806279-01-500012-index.html,https://www.sec.gov/Archives/edgar/data/806279/000080627901500012/jun10q.txt,1620590867,16:07:47,20210509
79,2001-03-31,CVLY,USD,2001-05-09 00:00:00,2001-05-09 00:00:00,Q1,3358000.0,0.0,0.0,0.0,0.0,1247000.0,87000.0,0.0,0.0,0.0,2828000.0,230000.0,0.0,0.0,0.0,0.258487194758785,0.0,868000.0,0.258487194758785,236000.0,632000.0,0.18820726622989875,0.109074,0.109074,5794222.0,5794222.0,https://www.sec.gov/Archives/edgar/data/806279/000080627901500004/0000806279-01-500004-index.html,https://www.sec.gov/Archives/edgar/data/806279/000080627901500004/mar10q.txt,1620590867,16:07:47,20210509
80,2000-12-31,CVLY,USD,2000-12-31,2000-12-31,Q4,3285000.0,0.0,0.0,0.0,0.0,1233000.0,145000.0,0.0,0.0,0.0,2962000.0,236000.0,0.0,0.0,0.0,0.2968036529680365,0.0,975000.0,0.2968036529680365,270000.0,705000.0,0.2146118721461187,0.12167293555545507,0.12167293555545507,5794222.0,5794222.0,,,1620590867,16:07:47,20210509
81,2000-09-30,CVLY,USD,2000-11-13 00:00:00,2000-11-13 00:00:00,Q3,3197000.0,0.0,0.0,0.0,0.0,1212000.0,39000.0,0.0,0.0,0.0,2794000.0,231000.0,0.0,0.0,0.0,0.28088833281201125,0.0,898000.0,0.28088833281201125,251000.0,647000.0,0.2023772286518611,0.1178,0.1178,5492355.0,5492355.0,https://www.sec.gov/Archives/edgar/data/806279/000080627900000011/0000806279-00-000011-index.html,https://www.sec.gov/Archives/edgar/data/806279/000080627900000011/0000806279-00-000011-0001.txt,1620590867,16:07:47,20210509
82,2000-06-30,CVLY,USD,2000-08-11 00:00:00,2000-08-11 00:00:00,Q2,3351000.0,0.0,0.0,0.0,0.0,1214000.0,72000.0,0.0,0.0,0.0,2654000.0,223000.0,0.0,0.0,0.0,0.26887496269770217,0.0,901000.0,0.26887496269770217,254000.0,647000.0,0.1930766935243211,0.1178,0.1178,5492355.0,5492355.0,https://www.sec.gov/Archives/edgar/data/806279/000080627900000009/0000806279-00-000009-index.html,https://www.sec.gov/Archives/edgar/data/806279/000080627900000009/0000806279-00-000009-0001.txt,1620590867,16:07:47,20210509
83,2000-03-31,CVLY,USD,2000-05-12 00:00:00,2000-05-12 00:00:00,Q1,3356000.0,0.0,0.0,0.0,0.0,1165000.0,113000.0,0.0,0.0,0.0,2654000.0,218000.0,0.0,0.0,0.0,0.29410011918951134,0.0,987000.0,0.29410011918951134,279000.0,708000.0,0.21096543504171633,0.124656,0.124656,5679621.0,5679621.0,https://www.sec.gov/Archives/edgar/data/806279/000080627900000007/0000806279-00-000007-index.html,https://www.sec.gov/Archives/edgar/data/806279/0000806279-00-000007.txt,1620590867,16:07:47,20210509
84,1999-12-31,CVLY,USD,1999-12-31,1999-12-31,Q4,3300000.0,0.0,0.0,0.0,0.0,1200000.0,100000.0,0.0,0.0,0.0,2500000.0,200000.0,0.0,0.0,0.0,0.3333333333333333,0.0,1100000.0,0.3333333333333333,300000.0,800000.0,0.24242424242424243,0.14085446898657497,0.14085446898657497,5679621.0,5679621.0,,,1620590867,16:07:47,20210509
85,1999-09-30,CVLY,USD,1999-09-30,1999-09-30,Q3,3400000.0,0.0,0.0,0.0,0.0,1200000.0,100000.0,0.0,0.0,0.0,2400000.0,200000.0,0.0,0.0,0.0,0.29411764705882354,0.0,1000000.0,0.29411764705882354,300000.0,700000.0,0.20588235294117646,0.077397,0.077397,5766262.0,5766262.0,,,1620590867,16:07:47,20210509
86,1999-06-30,CVLY,USD,1999-08-06,1999-08-06,Q2,3200000.0,0.0,0.0,0.0,0.0,1200000.0,100000.0,0.0,0.0,0.0,2300000.0,200000.0,0.0,0.0,0.0,0.25,0.0,800000.0,0.25,200000.0,600000.0,0.1875,0.064053,0.064053,5783106.0,5783106.0,https://www.sec.gov/Archives/edgar/data/806279/0000806279-99-000008-index.html,https://www.sec.gov/Archives/edgar/data/806279/000080627999000008/,1620590867,16:07:47,20210509
87,1999-03-31,CVLY,USD,1999-03-31,1999-03-31,Q1,3100000.0,0.0,0.0,0.0,0.0,1100000.0,100000.0,0.0,0.0,0.0,2300000.0,200000.0,0.0,0.0,0.0,0.25806451612903225,0.0,800000.0,0.25806451612903225,200000.0,600000.0,0.1935483870967742,0.061003,0.061003,5533010.0,5533010.0,,,1620590867,16:07:47,20210509
88,1998-12-31,CVLY,USD,1999-03-29,1999-03-29,Q4,3100000.0,0.0,0.0,0.0,0.0,1100000.0,100000.0,0.0,0.0,0.0,2300000.0,200000.0,0.0,0.0,0.0,0.2903225806451613,0.0,900000.0,0.2903225806451613,300000.0,600000.0,0.1935483870967742,0.10844007149815381,0.10844007149815381,5533010.0,5533010.0,https://www.sec.gov/Archives/edgar/data/806279/0000950115-99-000423-index.html,https://www.sec.gov/Archives/edgar/data/806279/,1620590867,16:07:47,20210509
89,1998-09-30,CVLY,USD,1998-11-13,1998-11-13,Q3,3000000.0,0.0,0.0,0.0,0.0,1000000.0,100000.0,0.0,0.0,0.0,2400000.0,200000.0,0.0,0.0,0.0,0.26666666666666666,0.0,800000.0,0.26666666666666666,200000.0,600000.0,0.2,0.061003,0.061003,5821688.0,5821688.0,https://www.sec.gov/Archives/edgar/data/806279/0000806279-98-000013-index.html,https://www.sec.gov/Archives/edgar/data/806279/,1620590867,16:07:47,20210509
90,1998-06-30,CVLY,USD,1998-06-30,1998-06-30,Q2,3300000.0,0.0,0.0,0.0,0.0,1000000.0,100000.0,0.0,0.0,0.0,2300000.0,200000.0,0.0,0.0,0.0,0.2727272727272727,0.0,900000.0,0.2727272727272727,300000.0,600000.0,0.18181818181818182,0.061003,0.061003,5821688.0,5821688.0,,,1620590867,16:07:47,20210509
91,1998-03-31,CVLY,USD,1998-03-31,1998-03-31,Q1,3100000.0,0.0,0.0,0.0,0.0,1000000.0,100000.0,0.0,0.0,0.0,2300000.0,200000.0,0.0,0.0,0.0,0.3225806451612903,0.0,1000000.0,0.3225806451612903,300000.0,700000.0,0.22580645161290322,0.065359,0.065359,5822709.0,5822709.0,,,1620590867,16:07:47,20210509
92,1997-12-31,CVLY,USD,1997-12-31,1997-12-31,Q4,3000000.0,0.0,0.0,0.0,0.0,1100000.0,100000.0,0.0,0.0,0.0,2300000.0,200000.0,0.0,0.0,0.0,0.3,0.0,900000.0,0.3,300000.0,600000.0,0.2,0.10304481985962204,0.10304481985962204,5822709.0,5822709.0,,,1620590867,16:07:47,20210509
93,1997-09-30,CVLY,USD,1997-11-12 00:00:00,1997-11-12 00:00:00,Q3,3000000.0,0.0,0.0,0.0,0.0,1000000.0,100000.0,0.0,0.0,0.0,2300000.0,200000.0,0.0,0.0,0.0,0.3333333333333333,0.0,1000000.0,0.3333333333333333,300000.0,700000.0,0.23333333333333334,0.035101,0.035101,5821764.0,5821764.0,https://www.sec.gov/Archives/edgar/data/806279/000080627997000008/0000806279-97-000008-index.html,https://www.sec.gov/Archives/edgar/data/806279/0000806279-97-000008.txt,1620590867,16:07:47,20210509
94,1997-06-30,CVLY,USD,1997-08-04 00:00:00,1997-08-04 00:00:00,Q2,2700000.0,0.0,0.0,0.0,0.0,900000.0,100000.0,0.0,0.0,0.0,2300000.0,200000.0,0.0,0.0,0.0,0.3333333333333333,0.0,900000.0,0.3333333333333333,300000.0,600000.0,0.2222222222222222,0.029049,0.029049,5821764.0,5821764.0,https://www.sec.gov/Archives/edgar/data/806279/000080627997000006/0000806279-97-000006-index.html,https://www.sec.gov/Archives/edgar/data/806279/0000806279-97-000006.txt,1620590867,16:07:47,20210509
95,1997-03-31,CVLY,USD,1997-05-13 00:00:00,1997-05-13 00:00:00,Q1,2800000.0,0.0,0.0,0.0,0.0,900000.0,100000.0,0.0,0.0,0.0,2100000.0,100000.0,0.0,0.0,0.0,0.32142857142857145,0.0,900000.0,0.32142857142857145,300000.0,600000.0,0.21428571428571427,0.031124,0.031124,5821764.0,5821764.0,https://www.sec.gov/Archives/edgar/data/806279/000080627997000004/0000806279-97-000004-index.html,https://www.sec.gov/Archives/edgar/data/806279/0000806279-97-000004.txt,1620590867,16:07:47,20210509
96,1996-12-31,CVLY,USD,1996-12-31,1996-12-31,Q4,0.0,0.0,0.0,0.0,0.0,0.0,0.0,0.0,0.0,0.0,0.0,150000.0,0.0,0.0,0.0,0.0,0.0,0.0,0.0,0.0,600000.0,0.0,0.10306154629421597,0.10306154629421597,5821764.0,5821764.0,,,1620590867,16:07:47,20210509
97,1996-09-30,CVLY,USD,1996-11-13 00:00:00,1996-11-13 00:00:00,Q3,0.0,0.0,0.0,0.0,0.0,0.0,0.0,0.0,0.0,0.0,0.0,100000.0,0.0,0.0,0.0,0.0,0.0,0.0,0.0,0.0,700000.0,0.0,0.033429,0.033429,20939777.0,20939777.0,https://www.sec.gov/Archives/edgar/data/806279/000080627996000009/0000806279-96-000009-index.html,https://www.sec.gov/Archives/edgar/data/806279/0000806279-96-000009.txt,1620590867,16:07:47,20210509
98,1996-06-30,CVLY,USD,1996-08-02 00:00:00,1996-08-02 00:00:00,Q2,2600000.0,0.0,0.0,0.0,0.0,900000.0,100000.0,0.0,0.0,0.0,2200000.0,90000.0,0.0,0.0,0.0,0.38461538461538464,0.0,1000000.0,0.38461538461538464,300000.0,700000.0,0.2692307692307692,0.033429,0.033429,20939777.0,20939777.0,https://www.sec.gov/Archives/edgar/data/806279/000080627996000004/0000806279-96-000004-index.html,https://www.sec.gov/Archives/edgar/data/806279/0000806279-96-000004.txt,1620590867,16:07:47,20210509
99,1996-03-31,CVLY,USD,1996-05-10 00:00:00,1996-05-10 00:00:00,Q1,0.0,0.0,0.0,0.0,0.0,0.0,0.0,0.0,0.0,0.0,0.0,90000.0,0.0,0.0,0.0,0.0,0.0,0.0,0.0,0.0,700000.0,0.0,0.031837,0.031837,21986766.0,21986766.0,https://www.sec.gov/Archives/edgar/data/806279/000080627996000002/0000806279-96-000002-index.html,https://www.sec.gov/Archives/edgar/data/806279/0000806279-96-000002.txt,1620590867,16:07:47,20210509
100,1995-12-31,CVLY,USD,1996-03-28,1996-03-28,Q4,2870000.0,2260000.0,2870000.0,1.0,0.0,1910000.0,0.0,0.0,4170000.0,0.0,2260000.0,89999.99999999997,1050000.0,0.36585365853658536,960000.0,0.3344947735191638,0.0,960000.0,0.3344947735191638,300000.0,660000.0,0.22996515679442509,0.11419,0.11419,5780000.0,5780000.0,https://www.sec.gov/Archives/edgar/data/806279/0000950115-96-000290-index.html,https://www.sec.gov/Archives/edgar/data/806279/,1620590867,16:07:47,20210509
101,1995-09-30,CVLY,USD,1995-11-13 00:00:00,1995-11-13 00:00:00,Q3,2580000.0,2290000.0,2580000.0,1.0,0.0,1540000.0,0.0,0.0,3830000.0,0.0,2290000.0,90000.00000000001,1140000.0,0.4418604651162791,1050000.0,0.4069767441860465,0.0,1050000.0,0.4069767441860465,320000.0,720000.0,0.27906976744186046,0.12435,0.12435,5790000.0,5790000.0,https://www.sec.gov/Archives/edgar/data/806279/000080627995000008/0000806279-95-000008-index.html,https://www.sec.gov/Archives/edgar/data/806279/0000806279-95-000008.txt,1620590867,16:07:47,20210509
102,1995-06-30,CVLY,USD,1995-08-04 00:00:00,1995-08-04 00:00:00,Q2,2620000.0,2170000.0,2620000.0,1.0,0.0,1730000.0,0.0,0.0,3900000.0,0.0,2170000.0,100000.0,980000.0,0.37404580152671757,880000.0,0.33587786259541985,0.0,880000.0,0.33587786259541985,280000.0,610000.0,0.23282442748091603,0.10517,0.10517,5800000.0,5800000.0,https://www.sec.gov/Archives/edgar/data/806279/000080627995000006/0000806279-95-000006-index.html,https://www.sec.gov/Archives/edgar/data/806279/0000806279-95-000006.txt,1620590867,16:07:47,20210509
