,date,symbol,reportedCurrency,fillingDate,acceptedDate,period,revenue,costOfRevenue,grossProfit,grossProfitRatio,researchAndDevelopmentExpenses,generalAndAdministrativeExpenses,sellingAndMarketingExpenses,otherExpenses,operatingExpenses,costAndExpenses,interestExpense,depreciationAndAmortization,ebitda,ebitdaratio,operatingIncome,operatingIncomeRatio,totalOtherIncomeExpensesNet,incomeBeforeTax,incomeBeforeTaxRatio,incomeTaxExpense,netIncome,netIncomeRatio,eps,epsdiluted,weightedAverageShsOut,weightedAverageShsOutDil,link,finalLink,timestamp,est_time,est_date
0,2020-12-31,8213.HK,HKD,2020-12-31,2020-12-31,Q4,48969000,20113000.0,28856000.0,0.5892707631358615,0.0,0.0,0.0,0.0,24518000.0,44631000,1436000.0,0.0,4338000.0,0.08858665686454696,4338000.0,0.08858665686454696,0.0,2902000.0,0.05926198207028937,1394000.0,1432000.0,0.02924299046335437,0.00034,0.00034,4166175000,4166175000,https://www1.hkexnews.hk/search/titlesearch.xhtml,https://www1.hkexnews.hk/search/titlesearch.xhtml,1620585843,14:44:03,20210509
1,2020-09-30,8213.HK,HKD,2020-09-30,2020-09-30,Q3,46844000,18162000.0,28682000.0,0.6122875928614123,0.0,0.0,0.0,0.0,23819000.0,41981000,1406000.0,5713500.0,10576500.0,0.22578131671078472,4863000.0,0.10381265476902057,0.0,5350000.0,0.11420886346170267,771000.0,4628000.0,0.09879600375715139,0.0011,0.0011,4166175000,4166175000,https://www1.hkexnews.hk/search/titlesearch.xhtml,https://www1.hkexnews.hk/search/titlesearch.xhtml,1620585843,14:44:03,20210509
2,2020-06-30,8213.HK,HKD,2020-06-30,2020-06-30,Q2,41354000,15970000.0,25384000.0,0.6138221211974658,0.0,0.0,0.0,0.0,23250000.0,39220000,1433000.0,5713500.0,7847500.0,0.1897639889732553,2134000.0,0.05160323064274314,0.0,701000.0,0.016951201818445616,107000.0,612000.0,0.014799052086859795,0.0001,0.0001,4166175000,4166175000,https://www1.hkexnews.hk/search/titlesearch.xhtml,https://www1.hkexnews.hk/search/titlesearch.xhtml,1620585843,14:44:03,20210509
3,2020-03-31,8213.HK,HKD,2020-03-31,2020-03-31,Q1,44577000,18863000.0,25714000.0,0.5768445610965296,0.0,0.0,0.0,0.0,30504000.0,49367000,-223000.0,5713500.0,923500.0,0.02071696166184355,-4790000.0,-0.1074545169033358,0.0,-14939000.0,-0.33512798079727213,-88000.0,-14845000.0,-0.33301927002714404,-0.0035632204600142816,-0.0035632204600142816,4166175000,4166175000,https://www1.hkexnews.hk/search/titlesearch.xhtml,https://www1.hkexnews.hk/search/titlesearch.xhtml,1620585843,14:44:03,20210509
4,2019-12-31,8213.HK,HKD,2019-12-31,2019-12-31,Q4,51981000,19173000.0,32808000.0,0.6311536907716281,0.0,0.0,0.0,0.0,30922000.0,50095000,1520000.0,0.0,1886000.0,0.036282487832092494,1886000.0,0.036282487832092494,0.0,366000.0,0.007041034224043401,306000.0,49000.0,0.0009426521228910564,1e-05,1e-05,4166175000,4166175000,https://www1.hkexnews.hk/search/titlesearch.xhtml,https://www1.hkexnews.hk/search/titlesearch.xhtml,1620585843,14:44:03,20210509
5,2019-09-30,8213.HK,HKD,2019-09-30,2019-09-30,Q3,46798000,17566000.0,29232000.0,0.6246420787213128,0.0,0.0,0.0,0.0,31540000.0,49106000,1174000.0,0.0,-2308000.0,-0.04931834693790333,-2308000.0,-0.04931834693790333,0.0,-3482000.0,-0.0744048890978247,626000.0,-4024000.0,-0.08598658062310355,-0.001,-0.001,4166175000,4166175000,https://www1.hkexnews.hk/search/titlesearch.xhtml,https://www1.hkexnews.hk/search/titlesearch.xhtml,1620585843,14:44:03,20210509
6,2019-06-30,8213.HK,HKD,2019-06-30,2019-06-30,Q2,44769000,16260000.0,28509000.0,0.6368022515579977,0.0,0.0,0.0,0.0,31351000.0,47611000,1589000.0,2391000.0,-451000.0,-0.010073935089012486,-2842000.0,-0.06348142688020729,0.0,-4431000.0,-0.09897473698318032,-177000.0,-4147000.0,-0.0926310616721392,-0.001,-0.001,4166175000,4166175000,https://www1.hkexnews.hk/search/titlesearch.xhtml,https://www1.hkexnews.hk/search/titlesearch.xhtml,1620585843,14:44:03,20210509
7,2019-03-31,8213.HK,HKD,2019-03-31,2019-03-31,Q1,56890000,22168000.0,34722000.0,0.6103357356301635,0.0,0.0,0.0,0.0,35983000.0,58151000,-811000.0,2391000.0,1130000.0,0.019862893302865177,-1261000.0,-0.022165582703462822,0.0,-55264000.0,-0.9714185269818949,243000.0,-55548000.0,-0.9764106169801371,-0.013333093305009992,-0.013333093305009992,4166175000,4166175000,https://www1.hkexnews.hk/search/titlesearch.xhtml,https://www1.hkexnews.hk/search/titlesearch.xhtml,1620585843,14:44:03,20210509
8,2018-12-31,8213.HK,HKD,2018-12-31,2018-12-31,Q4,58748000,20359000.0,38389000.0,0.6534520324096139,0.0,0.0,0.0,0.0,44400000.0,64759000,1601000.0,0.0,-6011000.0,-0.10231837679580581,-6011000.0,-0.10231837679580581,0.0,-7612000.0,-0.1295703683529652,449000.0,-7642000.0,-0.13008102403486077,-0.0018,-0.0018,4166175000,4166175000,https://www1.hkexnews.hk/search/titlesearch.xhtml,https://www1.hkexnews.hk/search/titlesearch.xhtml,1620585843,14:44:03,20210509
9,2018-09-30,8213.HK,HKD,2018-09-30,2018-09-30,Q3,68825000,22764000.0,46061000.0,0.6692480929894661,0.0,0.0,0.0,0.0,49796000.0,72560000,1823000.0,0.0,-3735000.0,-0.054268071195059935,-3735000.0,-0.054268071195059935,0.0,-5558000.0,-0.08075553941155103,852000.0,-6182000.0,-0.08982201235016346,-0.0015,-0.0015,4166175000,4166175000,https://www1.hkexnews.hk/search/titlesearch.xhtml,https://www1.hkexnews.hk/search/titlesearch.xhtml,1620585843,14:44:03,20210509
10,2018-06-30,8213.HK,HKD,2018-06-30,2018-06-30,Q2,67329000,21958000.0,45371000.0,0.6738701005510256,0.0,51153000.0,0.0,0.0,50664000.0,72622000,1635000.0,4368250.0,-924750.0,-0.013734794813527603,-5293000.0,-0.07861397020600336,0.0,-6928000.0,-0.1028977112388421,-181000.0,-6544000.0,-0.0971943738953497,-0.0016,-0.0016,4166175000,4166175000,https://www1.hkexnews.hk/search/titlesearch.xhtml,https://www1.hkexnews.hk/search/titlesearch.xhtml,1620585843,14:44:03,20210509
11,2018-03-31,8213.HK,HKD,2018-03-31,2018-03-31,Q1,78011000,28293000.0,49718000.0,0.637320377895425,0.0,0.0,0.0,0.0,52882000.0,81175000,-1152000.0,4368250.0,1204250.0,0.015436925561779748,-3164000.0,-0.04055838279217033,0.0,-11433000.0,-0.1465562548871313,5291000.0,-15628000.0,-0.2003307225904039,-0.0037511626371911884,-0.0037511626371911884,4166175000,4166175000,https://www1.hkexnews.hk/search/titlesearch.xhtml,https://www1.hkexnews.hk/search/titlesearch.xhtml,1620585843,14:44:03,20210509
12,2017-12-31,8213.HK,HKD,2017-12-31,2017-12-31,Q4,75436000,24742000.0,50694000.0,0.6720133623203776,0.0,0.0,0.0,0.0,55280000.0,80022000,1037000.0,0.0,-4586000.0,-0.060793255209714195,-4586000.0,-0.060793255209714195,0.0,-5623000.0,-0.07454000742351131,-182000.0,-5441000.0,-0.07212736624423352,-0.0013,-0.0013,3949191809,3949191809,https://www1.hkexnews.hk/search/titlesearch.xhtml,https://www1.hkexnews.hk/search/titlesearch.xhtml,1620585843,14:44:03,20210509
13,2017-09-30,8213.HK,HKD,2017-09-30,2017-09-30,Q3,75495000,24442000.0,51053000.0,0.6762434598317769,0.0,0.0,0.0,0.0,57255000.0,81697000,1116000.0,0.0,-6202000.0,-0.08215113583681039,-6202000.0,-0.08215113583681039,0.0,-7318000.0,-0.09693357175971919,-328000.0,-6914000.0,-0.0915822239883436,-0.0018,-0.0018,3840107364,3840107364,https://www1.hkexnews.hk/search/titlesearch.xhtml,https://www1.hkexnews.hk/search/titlesearch.xhtml,1620585843,14:44:03,20210509
14,2017-06-30,8213.HK,HKD,2017-06-30,2017-06-30,Q2,76601000,25598000.0,51003000.0,0.6658268168822862,0.0,0.0,0.0,0.0,59803000.0,85401000,1088000.0,6172000.0,-2628000.0,-0.03430764611428049,-8800000.0,-0.11488100677536847,0.0,-9888000.0,-0.12908447670395948,-260000.0,-9449000.0,-0.12335348102505189,-0.0027,-0.0027,3510456567,3510456567,https://www1.hkexnews.hk/search/titlesearch.xhtml,https://www1.hkexnews.hk/search/titlesearch.xhtml,1620585843,14:44:03,20210509
15,2017-03-31,8213.HK,HKD,2017-03-31,2017-03-31,Q1,86450000,30519000.0,55931000.0,0.6469751301330249,0.0,0.0,0.0,0.0,63627000.0,94146000,-962000.0,6172000.0,-1524000.0,-0.017628687102371313,-7696000.0,-0.08902255639097745,0.0,-16964000.0,-0.19622903412377096,-3520000.0,-13507000.0,-0.1562406015037594,-0.003242062563382479,-0.003242062563382479,4166175000,4166175000,https://www1.hkexnews.hk/search/titlesearch.xhtml,https://www1.hkexnews.hk/search/titlesearch.xhtml,1620585843,14:44:03,20210509
16,2016-12-31,8213.HK,HKD,2016-12-31,2016-12-31,Q4,86567000,28918000.0,57649000.0,0.6659466078297734,0.0,0.0,0.0,0.0,66252000.0,95170000,1023000.0,0.0,-8603000.0,-0.09937967123730752,-8603000.0,-0.09937967123730752,0.0,-9626000.0,-0.11119710744278997,308000.0,-9781000.0,-0.11298762807998429,-0.0035,-0.0035,2794571429,2794571429,https://www1.hkexnews.hk/search/titlesearch.xhtml,https://www1.hkexnews.hk/search/titlesearch.xhtml,1620585843,14:44:03,20210509
17,2016-09-30,8213.HK,HKD,2016-09-30,2016-09-30,Q3,85827000,28593000.0,57234000.0,0.6668530881890314,0.0,0.0,0.0,0.0,66035000.0,94628000,1167000.0,0.0,-8801000.0,-0.10254348864576415,-8801000.0,-0.10254348864576415,0.0,-9968000.0,-0.11614060843324361,633000.0,-10471000.0,-0.12200123504258567,-0.0038,-0.0038,2777450000,2777450000,https://www1.hkexnews.hk/search/titlesearch.xhtml,https://www1.hkexnews.hk/search/titlesearch.xhtml,1620585843,14:44:03,20210509
18,2016-06-30,8213.HK,HKD,2016-06-30,2016-06-30,Q2,77575000,24997000.0,52578000.0,0.6777699000966806,0.0,0.0,0.0,0.0,65288000.0,90285000,1083000.0,8283250.0,-4426750.0,-0.05706413148565904,-12710000.0,-0.16384144376409926,0.0,-13793000.0,-0.17780212697389622,-32000.0,-13574000.0,-0.17497905252980986,-0.0049,-0.0049,2777450000,2777450000,https://www1.hkexnews.hk/search/titlesearch.xhtml,https://www1.hkexnews.hk/search/titlesearch.xhtml,1620585843,14:44:03,20210509
19,2016-03-31,8213.HK,HKD,2016-03-31,2016-03-31,Q1,91118000,34982000.0,56136000.0,0.6160802475910357,0.0,0.0,0.0,0.0,78916000.0,113898000,-2697000.0,8283250.0,-14496750.0,-0.1590986413222415,-22780000.0,-0.25000548738997785,0.0,-25452000.0,-0.2793300994315064,1621000.0,-27417000.0,-0.300895542044382,-0.0065808565410718466,-0.0065808565410718466,4166175000,4166175000,https://www1.hkexnews.hk/search/titlesearch.xhtml,https://www1.hkexnews.hk/search/titlesearch.xhtml,1620585843,14:44:03,20210509
20,2015-12-31,8213.HK,HKD,2015-12-31,2015-12-31,Q4,86833000,29491000.0,57342000.0,0.6603710570865915,0.0,0.0,0.0,0.0,64693000.0,94184000,1099000.0,0.0,-7351000.0,-0.08465675492036438,-7351000.0,-0.08465675492036438,0.0,-8450000.0,-0.09731323344811305,94000.0,-8490000.0,-0.09777388780763074,-0.0031,-0.0031,2727950000,2727950000,https://www1.hkexnews.hk/search/titlesearch.xhtml,https://www1.hkexnews.hk/search/titlesearch.xhtml,1620585843,14:44:03,20210509
21,2015-09-30,8213.HK,HKD,2015-09-30,2015-09-30,Q3,137222000,41728000.0,95494000.0,0.6959088192855373,0.0,0.0,0.0,0.0,86540000.0,128268000,2013000.0,9125250.0,18079250.0,0.13175183279649036,8954000.0,0.06525192753348588,0.0,6941000.0,0.050582268149422106,1303000.0,5690000.0,0.04146565419539141,0.0025,0.0019,2242950000,3272956250,https://www1.hkexnews.hk/search/titlesearch.xhtml,https://www1.hkexnews.hk/search/titlesearch.xhtml,1620585843,14:44:03,20210509
22,2015-06-30,8213.HK,HKD,2015-06-30,2015-06-30,Q2,127698000,38188000.0,89510000.0,0.7009506805118326,0.0,0.0,0.0,0.0,95310000.0,133498000,1975000.0,9125250.0,3325250.0,0.02603995364062084,-5800000.0,-0.0454196620150668,0.0,-7775000.0,-0.06088584002881799,880000.0,-8488000.0,-0.06646932606618741,-0.0038,-0.0038,2242950000,2242950000,https://www1.hkexnews.hk/search/titlesearch.xhtml,https://www1.hkexnews.hk/search/titlesearch.xhtml,1620585843,14:44:03,20210509
23,2015-03-31,8213.HK,HKD,2015-03-31,2015-03-31,Q1,129640000,41985000.0,87655000.0,0.6761416229558778,0.0,0.0,0.0,0.0,98836000.0,140821000,-2529000.0,9125250.0,-2055750.0,-0.01585737426720148,-11181000.0,-0.08624652884912064,0.0,-15274000.0,-0.11781857451403888,-549000.0,-15185000.0,-0.11713205800678803,-0.003644830089950614,-0.003644830089950614,4166175000,4166175000,https://www1.hkexnews.hk/search/titlesearch.xhtml,https://www1.hkexnews.hk/search/titlesearch.xhtml,1620585843,14:44:03,20210509
24,2014-12-31,8213.HK,HKD,2014-12-31,2014-12-31,Q4,125786000,39576000.0,86210000.0,0.6853703909815083,0.0,0.0,0.0,0.0,91092000.0,130668000,1894000.0,0.0,-4882000.0,-0.03881195045553559,-4882000.0,-0.03881195045553559,0.0,-6776000.0,-0.05386927003005104,1158000.0,-7568000.0,-0.06016567821538168,-0.0034,-0.0034,2242950000,2242950000,https://www1.hkexnews.hk/search/titlesearch.xhtml,https://www1.hkexnews.hk/search/titlesearch.xhtml,1620585843,14:44:03,20210509
25,2014-09-30,8213.HK,HKD,2014-09-30,2014-09-30,Q3,129764000,40483000.0,89281000.0,0.688025954810271,0.0,0.0,0.0,0.0,91915000.0,132398000,1974000.0,6448500.0,3814500.0,0.029395672143275486,-2634000.0,-0.020298387842544927,0.0,-4608000.0,-0.03551061927807404,1058000.0,-5545000.0,-0.04273142011651922,-0.0025,-0.0025,2242950000,2242950000,https://www1.hkexnews.hk/search/titlesearch.xhtml,https://www1.hkexnews.hk/search/titlesearch.xhtml,1620585843,14:44:03,20210509
26,2014-06-30,8213.HK,HKD,2014-06-30,2014-06-30,Q2,120801000,37955000.0,82846000.0,0.6858055810796269,0.0,0.0,0.0,0.0,89149000.0,127104000,1930000.0,6448500.0,145500.0,0.0012044602279782453,-6303000.0,-0.05217672039138749,0.0,-8233000.0,-0.06815340932608174,354000.0,-8345000.0,-0.0690805539689241,-0.0037,-0.0037,2242950000,2242950000,https://www1.hkexnews.hk/search/titlesearch.xhtml,https://www1.hkexnews.hk/search/titlesearch.xhtml,1620585843,14:44:03,20210509
27,2014-03-31,8213.HK,HKD,2014-03-31,2014-03-31,Q1,113314000,37973000.0,75341000.0,0.6648869513034577,0.0,0.0,0.0,0.0,89667000.0,127640000,1769000.0,6448500.0,-7877500.0,-0.0695192121008878,-14326000.0,-0.1264274493884251,0.0,-17319000.0,-0.15284077872107596,-848000.0,-16062000.0,-0.14174770990345412,-0.0038553349295216838,-0.0038553349295216838,4166175000,4166175000,https://www1.hkexnews.hk/search/titlesearch.xhtml,https://www1.hkexnews.hk/search/titlesearch.xhtml,1620585843,14:44:03,20210509
28,2013-12-31,8213.HK,HKD,2013-12-31,2013-12-31,Q4,105031000,35107000.0,69924000.0,0.6657463034723081,0.0,0.0,0.0,0.0,75040000.0,110147000,1734000.0,0.0,-5116000.0,-0.048709428644876276,-5116000.0,-0.048709428644876276,0.0,-6850000.0,-0.06521884015195514,379000.0,-7048000.0,-0.06710399786729632,-0.0031,-0.0031,2242950000,2242950000,https://www1.hkexnews.hk/search/titlesearch.xhtml,https://www1.hkexnews.hk/search/titlesearch.xhtml,1620585843,14:44:03,20210509
29,2013-09-30,8213.HK,HKD,2013-09-30,2013-09-30,Q3,103538000,32839000.0,70699000.0,0.6828314242114006,0.0,0.0,0.0,0.0,70748000.0,103587000,1659000.0,4149000.0,4100000.0,0.039598987811238384,-49000.0,-0.000473256195792849,0.0,-1708000.0,-0.016496358824779307,479000.0,-2288000.0,-0.02209816685661303,-0.001,-0.001,2242950000,2242950000,https://www1.hkexnews.hk/search/titlesearch.xhtml,https://www1.hkexnews.hk/search/titlesearch.xhtml,1620585843,14:44:03,20210509
30,2013-06-30,8213.HK,HKD,2013-06-30,2013-06-30,Q2,92730000,29492000.0,63238000.0,0.6819583737733204,0.0,0.0,0.0,0.0,63675000.0,93167000,1587000.0,4149000.0,3712000.0,0.04003019519033754,-437000.0,-0.004712606491965922,0.0,-2024000.0,-0.021826809015421115,279000.0,-2314000.0,-0.024954168014666236,-0.001,-0.001,2242950000,2242950000,https://www1.hkexnews.hk/search/titlesearch.xhtml,https://www1.hkexnews.hk/search/titlesearch.xhtml,1620585843,14:44:03,20210509
31,2013-03-31,8213.HK,HKD,2013-03-31,2013-03-31,Q1,93294000,30885000.0,62409000.0,0.6689497716894978,0.0,0.0,0.0,0.0,61285000.0,92170000,1141000.0,4149000.0,5273000.0,0.056520247818723605,1124000.0,0.012047934486676529,0.0,-3996000.0,-0.04283233648466139,125000.0,-4206000.0,-0.04508328509872017,-0.0010095591279771013,-0.0010095591279771013,4166175000,4166175000,https://www1.hkexnews.hk/search/titlesearch.xhtml,https://www1.hkexnews.hk/search/titlesearch.xhtml,1620585843,14:44:03,20210509
32,2012-12-31,8213.HK,HKD,2012-12-31,2012-12-31,Q4,78065000,25084000.0,52981000.0,0.6786780247229872,0.0,0.0,0.0,0.0,52448000.0,77532000,1565000.0,0.0,533000.0,0.006827643630308077,533000.0,0.006827643630308077,0.0,-1032000.0,-0.013219752770127458,419000.0,-1578000.0,-0.020213924293857682,-0.0007,-0.0007,2242950000,2242950000,https://www1.hkexnews.hk/search/titlesearch.xhtml,https://www1.hkexnews.hk/search/titlesearch.xhtml,1620585843,14:44:03,20210509
33,2012-09-30,8213.HK,HKD,2012-09-30,2012-09-30,Q3,50295000,17656000.0,32639000.0,0.6489511879908539,0.0,0.0,0.0,0.0,34984000.0,52640000,1774000.0,2030250.0,-314750.0,-0.0062580773436723336,-2345000.0,-0.04662491301322199,0.0,-4119000.0,-0.0818968088279153,92000.0,-4223000.0,-0.08396460880803261,-0.0022,-0.0022,1777376000,1777376000,https://www1.hkexnews.hk/search/titlesearch.xhtml,https://www1.hkexnews.hk/search/titlesearch.xhtml,1620585843,14:44:03,20210509
34,2012-06-30,8213.HK,HKD,2012-06-30,2012-06-30,Q2,33411000,9799000.0,23612000.0,0.7067133578761485,0.0,0.0,0.0,0.0,26000000.0,35799000,1004000.0,2030250.0,-357750.0,-0.010707551405225824,-2388000.0,-0.07147346682230403,0.0,-3392000.0,-0.10152345036065966,-227000.0,-7915000.0,-0.23689802759570203,-0.004817553790437932,-0.00466879018462809,1642950000,1695300000,https://www1.hkexnews.hk/search/titlesearch.xhtml,https://www1.hkexnews.hk/search/titlesearch.xhtml,1620585843,14:44:03,20210509
35,2012-03-31,8213.HK,HKD,2012-03-31,2012-03-31,Q1,-10865000,-9634000.0,-1231000.0,0.11329958582604693,0.0,-6029000.0,0.0,0.0,-4696000.0,-14330000,1869000.0,2030250.0,5495250.0,-0.5057754256787851,3465000.0,-0.3189139438564197,0.0,1458000.0,-0.13419236079153243,-682000.0,-6811000.0,0.6268752876208007,-0.0016348329102834134,-0.0016348329102834134,4166175000,4166175000,https://www1.hkexnews.hk/search/titlesearch.xhtml,https://www1.hkexnews.hk/search/titlesearch.xhtml,1620585843,14:44:03,20210509
36,2011-12-31,8213.HK,HKD,2011-12-31,2011-12-31,Q4,35980000,12496000.0,23484000.0,0.6526959421901056,0.0,24884000.0,0.0,0.0,24549000.0,37045000,551000.0,0.0,-1065000.0,-0.02959977765425236,-1065000.0,-0.02959977765425236,0.0,-1616000.0,-0.04491384102279044,234000.0,-1899000.0,-0.052779321845469705,-0.0014,-0.0014,1186907000,1186907000,https://www1.hkexnews.hk/search/titlesearch.xhtml,https://www1.hkexnews.hk/search/titlesearch.xhtml,1620585843,14:44:03,20210509
37,2011-09-30,8213.HK,HKD,2011-09-30,2011-09-30,Q3,32545000,13352000.0,19193000.0,0.589737286833615,0.0,0.0,0.0,0.0,20634000.0,33986000,416000.0,1144250.0,-296750.0,-0.009118144108157936,-1441000.0,-0.04427715470886465,0.0,-1857000.0,-0.057059456137655555,696000.0,-2539000.0,-0.07801505607620218,-0.002241,-0.002241,1124128296,1124128296,https://www1.hkexnews.hk/search/titlesearch.xhtml,https://www1.hkexnews.hk/search/titlesearch.xhtml,1620585843,14:44:03,20210509
38,2011-06-30,8213.HK,HKD,2011-06-30,2011-06-30,Q2,31612000,12563000.0,19049000.0,0.6025876249525497,0.0,0.0,0.0,0.0,25083000.0,37646000,626000.0,1144250.0,-4889750.0,-0.15468018473997217,-6034000.0,-0.19087688219663418,0.0,-4914000.0,-0.15544729849424269,-214000.0,-4772000.0,-0.1509553334176895,-0.004287,-0.004287,1124128296,1124128296,https://www1.hkexnews.hk/search/titlesearch.xhtml,https://www1.hkexnews.hk/search/titlesearch.xhtml,1620585843,14:44:03,20210509
39,2011-03-31,8213.HK,HKD,2011-03-31,2011-03-31,Q1,26843000,8884000.0,17959000.0,0.6690384830309578,0.0,24062000.0,0.0,0.0,25998000.0,34882000,645000.0,1144250.0,-6894750.0,-0.25685467347166857,-8039000.0,-0.29948217412360767,0.0,-17549000.0,-0.6537644823603919,-289000.0,-17260000.0,-0.6429981745706516,-0.004142888860885584,-0.004142888860885584,4166175000,4166175000,https://www1.hkexnews.hk/search/titlesearch.xhtml,https://www1.hkexnews.hk/search/titlesearch.xhtml,1620585843,14:44:03,20210509
40,2010-12-31,8213.HK,HKD,2010-12-31,2010-12-31,Q4,29100000,10551000.0,18549000.0,0.6374226804123712,0.0,22894000.0,0.0,0.0,22377000.0,32928000,601000.0,0.0,-3828000.0,-0.13154639175257732,-3828000.0,-0.13154639175257732,0.0,-4429000.0,-0.15219931271477663,-493000.0,-3936000.0,-0.1352577319587629,-0.0035,-0.0035,1081228120,1081228120,https://www1.hkexnews.hk/search/titlesearch.xhtml,https://www1.hkexnews.hk/search/titlesearch.xhtml,1620585843,14:44:03,20210509
41,2010-09-30,8213.HK,HKD,2010-09-30,2010-09-30,Q3,19763000,6514000.0,13249000.0,0.6703941709254668,0.0,0.0,0.0,0.0,15382000.0,21896000,591000.0,766500.0,-1366500.0,-0.06914436067398674,-2133000.0,-0.1079289581541264,0.0,-2724000.0,-0.13783332490006578,785000.0,-3509000.0,-0.17755401507868238,-0.003118,-0.003118,1059661031,1059661031,https://www1.hkexnews.hk/search/titlesearch.xhtml,https://www1.hkexnews.hk/search/titlesearch.xhtml,1620585843,14:44:03,20210509
42,2010-06-30,8213.HK,HKD,2010-06-30,2010-06-30,Q2,12628000,5275000.0,7353000.0,0.5822774786189421,0.0,0.0,0.0,0.0,9558000.0,14833000,668000.0,766500.0,-1438500.0,-0.11391352549889135,-2205000.0,-0.1746119733924612,0.0,-2873000.0,-0.2275102945834653,63000.0,-2936000.0,-0.2324992081089642,-0.002923,-0.002923,994484579,994484579,https://www1.hkexnews.hk/search/titlesearch.xhtml,https://www1.hkexnews.hk/search/titlesearch.xhtml,1620585843,14:44:03,20210509
43,2009-09-30,8213.HK,HKD,2009-09-30,2009-09-30,Q3,15419000,6501000.0,8918000.0,0.5783773266748816,0.0,0.0,0.0,0.0,8823000.0,15324000,241000.0,1121750.0,1216750.0,0.07891238082884752,95000.0,0.006161229651728387,0.0,-146000.0,-0.009468837148972047,-74000.0,-771000.0,-0.05000324275244828,-0.001004,-0.001004,769740000,769740000,https://www1.hkexnews.hk/search/titlesearch.xhtml,https://www1.hkexnews.hk/search/titlesearch.xhtml,1620585843,14:44:03,20210509
44,2009-06-30,8213.HK,HKD,2009-06-30,2009-06-30,Q2,12793000,5625000.0,7168000.0,0.5603064175721097,0.0,0.0,0.0,0.0,7226000.0,12851000,245000.0,1121750.0,1063750.0,0.08315094192136324,-58000.0,-0.0045337293832564685,0.0,-303000.0,-0.023684827640115688,30000.0,-944000.0,-0.07379035409989838,-0.001228,-0.001228,769740000,769740000,https://www1.hkexnews.hk/search/titlesearch.xhtml,https://www1.hkexnews.hk/search/titlesearch.xhtml,1620585843,14:44:03,20210509
45,2008-09-30,8213.HK,HKD,2008-09-30,2008-09-30,Q3,16403000,6745000.0,9658000.0,0.5887947326708529,0.0,0.0,0.0,0.0,9251000.0,15996000,247000.0,1275000.0,1682000.0,0.10254221788697189,407000.0,0.024812534292507467,0.0,160000.0,0.009754313235383772,-2000.0,-516000.0,-0.03145766018411266,-0.000672,-0.000672,769740000,769740000,https://www1.hkexnews.hk/search/titlesearch.xhtml,https://www1.hkexnews.hk/search/titlesearch.xhtml,1620585843,14:44:03,20210509
46,2008-06-30,8213.HK,HKD,2008-06-30,2008-06-30,Q2,14844000,6723000.0,8121000.0,0.5470897332255457,0.0,0.0,0.0,0.0,8492000.0,15215000,241000.0,1275000.0,904000.0,0.06090002694691458,-371000.0,-0.02499326327135543,0.0,-612000.0,-0.041228779304769606,31000.0,-1125000.0,-0.07578819725141471,-0.0014615324655078339,-0.0014615324655078339,769740000,769740000,https://www1.hkexnews.hk/search/titlesearch.xhtml,https://www1.hkexnews.hk/search/titlesearch.xhtml,1620585843,14:44:03,20210509
