,date,symbol,reportedCurrency,fillingDate,acceptedDate,period,revenue,costOfRevenue,grossProfit,grossProfitRatio,researchAndDevelopmentExpenses,generalAndAdministrativeExpenses,sellingAndMarketingExpenses,otherExpenses,operatingExpenses,costAndExpenses,interestExpense,depreciationAndAmortization,ebitda,ebitdaratio,operatingIncome,operatingIncomeRatio,totalOtherIncomeExpensesNet,incomeBeforeTax,incomeBeforeTaxRatio,incomeTaxExpense,netIncome,netIncomeRatio,eps,epsdiluted,weightedAverageShsOut,weightedAverageShsOutDil,link,finalLink,timestamp,est_time,est_date
0,2020-12-31,CAAS,USD,2021-03-30,2021-03-30 06:16:08,Q4,146480000.0,123697000.0,22783000.0,0.15553659202621517,8333000.0,3302000.0,5611000.0,0.0,23990000.0,147687000.0,378000.0,6122000.0,4915000.0,0.03355406881485527,-1207000.0,-0.0082400327689787,-4593000.0,-5685000.0,-0.03881075914800655,1869000.0,-3212000.0,-0.02192790824685964,-0.10303441484183158,-0.10303441484183158,31174050,31174050,https://www.sec.gov/Archives/edgar/data/1157762/000110465921043566/0001104659-21-043566-index.htm,https://www.sec.gov/Archives/edgar/data/1157762/000110465921043566/tm211741d1_10k.htm,1620589849,15:50:49,20210509
1,2020-09-30,CAAS,USD,2020-11-12,2020-11-12 06:10:36,Q3,0.0,0.0,0.0,0.0,0.0,5142000.0,0.0,0.0,13517000.0,0.0,0.0,-10562000.0,-10562000.0,0.0,0.0,0.0,0.0,0.0,0.0,0.0,0.0,0.0,0.0,0.0,31174050,31174050,https://www.sec.gov/Archives/edgar/data/1157762/000110465920123819/0001104659-20-123819-index.htm,https://www.sec.gov/Archives/edgar/data/1157762/000110465920123819/tm2029659-1_10q.htm,1620589849,15:50:49,20210509
2,2020-06-30,CAAS,USD,2020-08-14,2020-08-14 06:05:53,Q2,83184000.0,75353000.0,7831000.0,0.09414070013464128,6125000.0,4759000.0,2977000.0,2977000.0,13023000.00000001,88376000.00000001,446000.0,5462000.0,270000.0,0.003245816503173687,-5192000.0,-0.06241584920176957,1214000.0,-4440000.0,-0.053375649163300634,-31000.0,-4098000.0,-0.049264281592613965,-0.13146,-0.13146,31174050,31174050,https://www.sec.gov/Archives/edgar/data/1157762/000110465920094950/0001104659-20-094950-index.htm,https://www.sec.gov/Archives/edgar/data/1157762/000110465920094950/tm2024703-1_10q.htm,1620589849,15:50:49,20210509
3,2020-03-31,CAAS,USD,2020-06-23,2020-05-14 06:29:31,Q1,73555000.0,62403000.0,11152000.0,0.15161443817551493,5193000.0,3429000.0,2118000.0,2118000.0,10000000.0,72543000.00000001,-725000.0,5100000.0,6112000.0,0.08309428318945007,1012000.0,0.013758412072598735,-54000.0,233000.0,0.003167697641220855,514000.0,-28000.0,-0.00038066752770036025,-0.0009,-0.0009,31174050,31174050,https://www.sec.gov/Archives/edgar/data/1157762/000110465920075810/0001104659-20-075810-index.htm,https://www.sec.gov/Archives/edgar/data/1157762/000110465920061126/tm205260d1_10k.htm,1620589849,15:50:49,20210509
4,2019-12-31,CAAS,USD,2020-05-14,2020-05-14 06:29:31,Q4,115944000.0,99140000.0,16804000.0,0.14493203615538536,8641000.0,3138000.0,3763000.0,3763000.0,16622000.0,117856000.0,948000.0,4791000.0,2879000.0,0.024830952873801146,-1912000.0,-0.01649071965776582,851000.0,-2017000.0,-0.01739632926240254,-1234000.0,1733000.0,0.014946870903194645,0.05531,0.05531,31332380,31332380,https://www.sec.gov/Archives/edgar/data/1157762/000110465920061126/0001104659-20-061126-index.htm,https://www.sec.gov/Archives/edgar/data/1157762/000110465920061126/tm205260d1_10k.htm,1620589849,15:50:49,20210509
5,2019-09-30,CAAS,USD,2019-11-12,2019-11-12 06:52:30,Q3,100542000.0,83225000.0,17317000.0,0.17223647828768077,6112000.0,4429000.0,3563000.0,3563000.0,13002000.00000001,96227000.00000001,787000.0,3773000.0000000014,8088000.000000002,0.08044399355493229,4315000.0,0.042917387758349745,-43000.0,5251000.0,0.0522269300391876,948000.0,4249000.0,0.04226094567444451,0.13492,0.13492,31492040,31492040,https://www.sec.gov/Archives/edgar/data/1157762/000110465919061991/0001104659-19-061991-index.htm,https://www.sec.gov/Archives/edgar/data/1157762/000110465919061991/tm1919538-1_10q.htm,1620589849,15:50:49,20210509
6,2019-06-30,CAAS,USD,2019-08-08,2019-08-08 06:09:34,Q2,105748000.0,90563000.0,15185000.0,0.1435960963800734,6752000.0,4434000.0,3859000.0,3859000.0,12445000.0,103123000.0,731000.0,5289999.999999999,7914999.999999999,0.074847751257707,2625000.0,0.024823164504293227,-462000.0,2999000.0,0.02835987441842872,674000.0,2450000.0,0.02316828687067368,0.07778,0.07778,31499580,31499580,https://www.sec.gov/Archives/edgar/data/1157762/000114420419038359/0001144204-19-038359-index.htm,https://www.sec.gov/Archives/edgar/data/1157762/000114420419038359/tv525978_10q.htm,1620589849,15:50:49,20210509
7,2019-03-31,CAAS,USD,2019-05-09,2019-05-09 08:20:45,Q1,109193000.0,95148000.0,14045000.0,0.12862546133909683,6602000.0,4590000.0,3085000.0,3085000.0,13008000.00000001,108156000.00000001,568000.0,3987000.0,5024000.0,0.046010275383953185,1037000.0,0.009496945774912311,1228000.0,1211000.0,0.011090454516315148,198000.0,1467000.0,0.01343492714734461,0.04655,0.04655,31513300,31513300,https://www.sec.gov/Archives/edgar/data/1157762/000114420419024655/0001144204-19-024655-index.htm,https://www.sec.gov/Archives/edgar/data/1157762/000114420419016630/tv516484_10k.htm,1620589849,15:50:49,20210509
8,2018-12-31,CAAS,USD,2019-03-28,2019-03-28 16:02:27,Q4,124274000.0,112887000.0,11387000.0,0.09162817644881471,10202000.0,2582000.0,4882000.0,4882000.0,21302999.999999996,134190000.0,1281000.0,3225999.999999999,-6690000.000000001,-0.05383266008980157,-9916000.0,-0.07979142861740991,694000.0,-9569000.0,-0.07699921141992694,-2581000.0,-3159000.0,-0.02541963725316639,-0.09983,-0.09983,31643240,31643240,https://www.sec.gov/Archives/edgar/data/1157762/000114420419016630/0001144204-19-016630-index.htm,https://www.sec.gov/Archives/edgar/data/1157762/000114420419016630/tv516484_10k.htm,1620589849,15:50:49,20210509
9,2018-09-30,CAAS,USD,2018-11-09,2018-11-09 06:07:08,Q3,112084000.0,96718000.0,15366000.0,0.13709360836515472,6957000.0,3708000.0,3353000.0,3353000.0,13536000.000000002,110254000.0,431000.0,4750000.0,6580000.0,0.05870597052210842,1830000.0,0.016327040433960244,-1141000.0,1753000.0,0.015640055672531315,326000.0,377000.0,0.0033635487669961815,0.01191,0.01191,31645560,31645560,https://www.sec.gov/Archives/edgar/data/1157762/000114420418058489/0001144204-18-058489-index.htm,https://www.sec.gov/Archives/edgar/data/1157762/000114420418058489/tv505727_10q.htm,1620589849,15:50:49,20210509
10,2018-06-30,CAAS,USD,2018-08-09,2018-08-09 09:29:06,Q2,125800000.0,108800000.0,17000000.0,0.13513513513513514,8100000.0,4442000.0,4887000.0,4887000.0,16437000.0,125200000.0,801000.0,4500000.0,5100000.0,0.04054054054054054,600000.0,0.0047694753577106515,500000.0,1300000.0,0.010333863275039745,200000.0,800000.0,0.006359300476947536,0.02532,0.02532,31600000,31600000,https://www.sec.gov/Archives/edgar/data/1157762/000114420418043064/0001144204-18-043064-index.htm,https://www.sec.gov/Archives/edgar/data/1157762/000114420418043064/tv499599_10q.htm,1620589849,15:50:49,20210509
11,2018-03-31,CAAS,USD,2018-05-10,2018-05-10 09:31:29,Q1,134000000.0,112400000.0,21600000.0,0.16119402985074627,8300000.0,4424000.0,5827000.0,5827000.0,17045000.0,129400000.0,415000.0,4340000.0,8940000.0,0.06671641791044776,4600000.0,0.034328358208955224,500000.0,4000000.0,0.029850746268656716,600000.0,4300000.0,0.03208955223880597,0.13608,0.13608,31600000,31600000,https://www.sec.gov/Archives/edgar/data/1157762/000114420418026858/0001144204-18-026858-index.htm,https://www.sec.gov/Archives/edgar/data/1157762/000114420418017693/tv488705_10k.htm,1620589849,15:50:49,20210509
12,2017-12-31,CAAS,USD,2018-03-29,2018-03-29 06:09:20,Q4,143700000.0,127300000.0,16400000.0,0.11412665274878218,9900000.0,651000.0,6752000.0,6752000.0,20407000.0,147700000.0,560000.0,4430000.0,430000.0,0.0029923451635351424,-4000000.0,-0.027835768963117607,600000.0,-3600000.0,-0.025052192066805846,-800000.0,-39000000.0,-0.27139874739039666,-1.23418,-1.23418,31600000,31600000,https://www.sec.gov/Archives/edgar/data/1157762/000114420418017693/0001144204-18-017693-index.htm,https://www.sec.gov/Archives/edgar/data/1157762/000114420418017693/tv488705_10k.htm,1620589849,15:50:49,20210509
13,2017-09-30,CAAS,USD,2017-11-09,2017-11-09 06:20:28,Q3,118400000.0,95900000.0,22500000.0,0.19003378378378377,9200000.0,4390000.0,4537000.0,4537000.0,17568000.0,113400000.0,318000.0,3120000.0,8020000.0,0.06773648648648649,4900000.0,0.041385135135135136,100000.0,5700000.0,0.04814189189189189,1000000.0,5100000.0,0.04307432432432432,0.16139,0.16139,31600000,31600000,https://www.sec.gov/Archives/edgar/data/1157762/000114420417057418/0001144204-17-057418-index.htm,https://www.sec.gov/Archives/edgar/data/1157762/000114420417057418/tv478024_10q.htm,1620589849,15:50:49,20210509
14,2017-06-30,CAAS,USD,2017-08-10,2017-08-10 06:03:47,Q2,117700000.0,93600000.0,24100000.0,0.20475785896346643,7700000.0,5283000.0,4555000.0,4555000.0,12990000.0,106600000.0,644000.0,3619999.999999999,14720000.0,0.12506372132540358,11100000.0,0.09430756159728122,-100000.0,11100000.0,0.09430756159728122,2200000.0,8900000.0,0.07561597281223449,0.28165,0.28165,31600000,31600000,https://www.sec.gov/Archives/edgar/data/1157762/000114420417041835/0001144204-17-041835-index.htm,https://www.sec.gov/Archives/edgar/data/1157762/000114420417041835/v471688_10q.htm,1620589849,15:50:49,20210509
15,2017-03-31,CAAS,USD,2017-05-11,2017-05-11 06:24:43,Q1,119300000.0,97700000.0,21600000.0,0.18105616093880972,6800000.0,4354000.0,4068000.0,4068000.0,14399000.0,112099999.99999999,231000.0,4190000.0,11390000.0,0.09547359597652975,7200000.0,0.06035205364626991,-400000.0,7100000.0,0.05951383067896061,1200000.0,5700000.0,0.04777870913663034,0.18038,0.18038,31600000,31600000,https://www.sec.gov/Archives/edgar/data/1157762/000114420417026238/0001144204-17-026238-index.htm,https://www.sec.gov/Archives/edgar/data/1157762/000114420417017409/v462087_10k.htm,1620589849,15:50:49,20210509
16,2016-12-31,CAAS,USD,2017-03-30,2017-03-30 06:11:29,Q4,149600000.0,127800000.0,21800000.0,0.14572192513368984,8900000.0,596000.0,4886000.0,4886000.0,16791000.0,144600000.0,132000.0,3199999.999999999,8199999.999999999,0.05481283422459893,5000000.0,0.03342245989304813,121000.0,5100000.0,0.03409090909090909,-900000.0,5800000.0,0.03877005347593583,0.18297,0.18297,31700000,31700000,https://www.sec.gov/Archives/edgar/data/1157762/000114420417017409/0001144204-17-017409-index.htm,https://www.sec.gov/Archives/edgar/data/1157762/000114420417017409/v462087_10k.htm,1620589849,15:50:49,20210509
17,2016-09-30,CAAS,USD,2016-11-10,2016-11-10 06:09:48,Q3,94600000.0,74600000.0,20000000.0,0.21141649048625794,6700000.0,3741000.0,3840000.0,3840000.0,14282000.0,88900000.00000001,201000.0,3380000.000000001,9080000.0,0.0959830866807611,5700000.0,0.06025369978858351,300000.0,6700000.0,0.0708245243128964,1200000.0,5700000.0,0.06025369978858351,0.17868,0.17868,31900000,31900000,https://www.sec.gov/Archives/edgar/data/1157762/000114420416132971/0001144204-16-132971-index.htm,https://www.sec.gov/Archives/edgar/data/1157762/000114420416132971/v451972_10q.htm,1620589849,15:50:49,20210509
18,2016-06-30,CAAS,USD,2016-08-11,2016-08-11 06:04:07,Q2,101000000.0,82900000.0,18100000.0,0.1792079207920792,6000000.0,3942000.0,4128000.0,4128000.0,12872000.0,95700000.0,127000.0,3539999.9999999995,8840000.0,0.08752475247524752,5300000.0,0.05247524752475247,1000000.0,6500000.0,0.06435643564356436,1200000.0,5400000.0,0.053465346534653464,0.16822,0.16822,32100000,32100000,https://www.sec.gov/Archives/edgar/data/1157762/000114420416118141/0001144204-16-118141-index.htm,https://www.sec.gov/Archives/edgar/data/1157762/000114420416118141/v445540_10q.htm,1620589849,15:50:49,20210509
19,2016-03-31,CAAS,USD,2016-05-12,2016-05-12 07:52:38,Q1,116900000.0,95800000.0,21100000.0,0.1804961505560308,6100000.0,4315000.0,4305000.0,4305000.0,13958000.0,109800000.0,196000.0,3810000.0,10910000.0,0.09332763045337895,7100000.0,0.06073567151411463,-800000.0,6500000.0,0.055603079555175364,1100000.0,5700000.0,0.04875962360992301,0.17757,0.17757,32100000,32100000,https://www.sec.gov/Archives/edgar/data/1157762/000114420416101003/0001144204-16-101003-index.htm,https://www.sec.gov/Archives/edgar/data/1157762/000114420416091114/v434432_10k.htm,1620589849,15:50:49,20210509
20,2015-12-31,CAAS,USD,2016-03-30,2016-03-30 06:19:20,Q4,120100000.0,99900000.0,20200000.0,0.16819317235636969,4600000.0,1813000.0,4014000.0,4014000.0,13092000.0,113000000.0,297000.0,3760000.0,10860000.0,0.09042464612822648,7100000.0,0.059117402164862616,200000.0,7900000.0,0.06577851790174855,500000.0,6900000.0,0.05745212323064113,0.21495,0.21495,32100000,32100000,https://www.sec.gov/Archives/edgar/data/1157762/000114420416091114/0001144204-16-091114-index.htm,https://www.sec.gov/Archives/edgar/data/1157762/000114420416091114/v434432_10k.htm,1620589849,15:50:49,20210509
21,2015-09-30,CAAS,USD,2015-11-12,2015-11-12 09:01:37,Q3,90800000.0,74900000.0,15900000.0,0.1751101321585903,5400000.0,3080000.0,3319000.0,3319000.0,10962000.0,85900000.0,500000.0,3609999.9999999995,8610000.0,0.0948237885462555,5000000.0,0.05506607929515418,100000.0,5200000.0,0.05726872246696035,900000.0,4300000.0,0.0473568281938326,0.13396,0.13396,32100000,32100000,https://www.sec.gov/Archives/edgar/data/1157762/000114420415064401/0001144204-15-064401-index.htm,https://www.sec.gov/Archives/edgar/data/1157762/000114420415064401/v423309_10q.htm,1620589849,15:50:49,20210509
22,2015-06-30,CAAS,USD,2015-08-13,2015-08-13 06:08:30,Q2,109200000.0,87400000.0,21800000.0,0.19963369963369965,6400000.0,3787000.0,4046000.0,4046000.0,13533000.0,100900000.0,66000.0,3930000.0,12230000.0,0.111996336996337,8300000.0,0.076007326007326,100000.0,9200000.0,0.08424908424908426,1600000.0,7700000.0,0.07051282051282051,0.23988,0.23988,32100000,32100000,https://www.sec.gov/Archives/edgar/data/1157762/000114420415048700/0001144204-15-048700-index.htm,https://www.sec.gov/Archives/edgar/data/1157762/000114420415048700/v416790_10q.htm,1620589849,15:50:49,20210509
23,2015-03-31,CAAS,USD,2015-05-14,2015-05-14 06:03:30,Q1,123400000.0,101800000.0,21600000.0,0.17504051863857376,5900000.0,4448000.0,3624000.0,3624000.0,12308000.0,114100000.0,474000.0,3970000.0,13370000.0,0.10834683954619125,9400000.0,0.07617504051863858,94000.0,9700000.0,0.07860615883306321,1400000.0,8500000.0,0.06888168557536467,0.2648,0.2648,32100000,32100000,https://www.sec.gov/Archives/edgar/data/1157762/000114420415030357/0001144204-15-030357-index.htm,https://www.sec.gov/Archives/edgar/data/1157762/000114420415018486/v404302_10k.htm,1620589849,15:50:49,20210509
24,2014-12-31,CAAS,USD,2015-03-26,2015-03-26 06:24:15,Q4,135300000.0,111300000.0,24000000.0,0.17738359201773837,6500000.0,1512000.0,4632000.0,4632000.0,14640000.0,125900000.00000001,236000.0,3929999.9999999995,13230000.0,0.09778270509977827,9300000.0,0.06873614190687362,500000.0,9900000.0,0.07317073170731707,300000.0,9000000.0,0.06651884700665188,0.28037,0.28037,32100000,32100000,https://www.sec.gov/Archives/edgar/data/1157762/000114420415018486/0001144204-15-018486-index.htm,https://www.sec.gov/Archives/edgar/data/1157762/000114420415018486/v404302_10k.htm,1620589849,15:50:49,20210509
25,2014-09-30,CAAS,USD,2014-11-12,2014-11-12 06:20:26,Q3,101700000.0,81200000.0,20500000.0,0.2015732546705998,5400000.0,3734000.0,3735000.0,3735000.0,11777000.0,92900000.0,728000.0,3840000.0,12640000.0,0.12428711897738447,8800000.0,0.08652900688298919,-100000.0,9300000.0,0.09144542772861357,1400000.0,6700000.0,0.06588003933136677,0.23843,0.23843,28100000,28100000,https://www.sec.gov/Archives/edgar/data/1157762/000114420414066791/0001144204-14-066791-index.htm,https://www.sec.gov/Archives/edgar/data/1157762/000114420414066791/v392644_10q.htm,1620589849,15:50:49,20210509
26,2014-06-30,CAAS,USD,2014-08-13,2014-08-13 06:03:16,Q2,115500000.0,93900000.0,21600000.0,0.18701298701298702,5200000.0,3776000.0,4327000.0,4327000.0,5057000.0,99000000.0,546000.0,4040000.0,20540000.0,0.17783549783549785,16500000.0,0.14285714285714285,139000.0,16600000.0,0.14372294372294372,3100000.0,11000000.0,0.09523809523809523,0.39146,0.39146,28100000,28100000,https://www.sec.gov/Archives/edgar/data/1157762/000114420414049059/0001144204-14-049059-index.htm,https://www.sec.gov/Archives/edgar/data/1157762/000114420414049059/v385437_10q.htm,1620589849,15:50:49,20210509
27,2014-03-31,CAAS,USD,2014-05-14,2014-05-14 06:18:53,Q1,114300000.0,93000000.0,21300000.0,0.18635170603674542,5900000.0,3545000.0,3042000.0,3042000.0,11566000.0,104500000.0,278000.0,3710000.0,13510000.0,0.11819772528433946,9800000.0,0.0857392825896763,200000.0,10200000.0,0.08923884514435695,2000000.0,6800000.0,0.0594925634295713,0.24199,0.24199,28100000,28100000,https://www.sec.gov/Archives/edgar/data/1157762/000114420414030119/0001144204-14-030119-index.htm,https://www.sec.gov/Archives/edgar/data/1157762/000114420414018987/v371386_10k.htm,1620589849,15:50:49,20210509
28,2013-12-31,CAAS,USD,2014-03-31,2014-03-31 07:52:31,Q4,129200000.0,106800000.0,22400000.0,0.17337461300309598,7800000.0,207000.0,3720000.0,3720000.0,13767000.0,120600000.0,280000.0,3629999.999999999,12230000.0,0.0946594427244582,8600000.0,0.06656346749226007,400000.0,9200000.0,0.07120743034055728,300000.0,7200000.0,0.05572755417956656,0.25623,0.25623,28100000,28100000,https://www.sec.gov/Archives/edgar/data/1157762/000114420414018987/0001144204-14-018987-index.htm,https://www.sec.gov/Archives/edgar/data/1157762/000114420414018987/v371386_10k.htm,1620589849,15:50:49,20210509
29,2013-09-30,CAAS,USD,2013-11-13,2013-11-13 06:09:13,Q3,90900000.0,74400000.0,16500000.0,0.18151815181518152,5100000.0,2821000.0,9611000.0,2647000.0,5555000.0,79900000.0,284000.0,3740000.000000001,14740000.0,0.16215621562156216,11000000.0,0.12101210121012101,400000.0,12200000.0,0.1342134213421342,1900000.0,8600000.0,0.09460946094609461,0.30605,0.30605,28100000,28100000,https://www.sec.gov/Archives/edgar/data/1157762/000114420413060707/0001144204-13-060707-index.htm,https://www.sec.gov/Archives/edgar/data/1157762/000114420413060707/v358937_10q.htm,1620589849,15:50:49,20210509
30,2013-06-30,CAAS,USD,2013-08-14,2013-08-14 06:42:12,Q2,97900000.0,79500000.0,18400000.0,0.18794688457609807,4600000.0,3217000.0,6964000.0,3800000.0,10575000.0,90100000.0,582000.0,3749999.9999999995,11550000.0,0.11797752808988764,7800000.0,0.07967313585291114,-200000.0,7700000.0,0.07865168539325842,1600000.0,5000000.0,0.05107252298263534,0.17857,0.17857,28000000,28000000,https://www.sec.gov/Archives/edgar/data/1157762/000114420413045380/0001144204-13-045380-index.htm,https://www.sec.gov/Archives/edgar/data/1157762/000114420413045380/v351401_10q.htm,1620589849,15:50:49,20210509
31,2013-03-31,CAAS,USD,2013-05-14,2013-05-14 06:26:57,Q1,97200000.0,77800000.0,19400000.0,0.19958847736625515,3400000.0,4126000.0,2383000.0,3164000.0,10016000.0,87800000.0,423000.0,3470000.0,12770000.0,0.13137860082304526,9300000.0,0.09567901234567901,-100000.0,9200000.0,0.09465020576131687,1700000.0,5900000.0,0.060699588477366256,0.21071,0.21071,28000000,28000000,https://www.sec.gov/Archives/edgar/data/1157762/000114420413028439/0001144204-13-028439-index.htm,https://www.sec.gov/Archives/edgar/data/1157762/000114420413017694/v336791_10k.htm,1620589849,15:50:49,20210509
32,2012-12-31,CAAS,USD,2013-03-27,2013-03-27 07:45:34,Q4,101500000.0,84300000.0,17200000.0,0.16945812807881774,4800000.0,938000.0,2434000.0,2519000.0,9815000.0,94100000.0,-940000.0,3240000.0,10640000.0,0.10482758620689656,7400000.0,0.0729064039408867,-200000.0,7200000.0,0.07093596059113301,700000.0,5100000.0,0.05024630541871921,0.18149,0.18149,28100000,28100000,https://www.sec.gov/Archives/edgar/data/1157762/000114420413017694/0001144204-13-017694-index.htm,https://www.sec.gov/Archives/edgar/data/1157762/000114420413017694/v336791_10k.htm,1620589849,15:50:49,20210509
33,2012-09-30,CAAS,USD,2012-11-09,2012-11-09 06:06:44,Q3,73200000.0,60700000.0,12500000.0,0.17076502732240437,2800000.0,2487000.0,2171000.0,2436000.0,7038000.0,67700000.0,819000.0,3360000.0000000005,8860000.0,0.12103825136612022,5500000.0,0.07513661202185792,200000.0,5300000.0,0.07240437158469945,900000.0,3300000.0,0.045081967213114756,0.11661,0.11661,28300000,28300000,https://www.sec.gov/Archives/edgar/data/1157762/000114420412060582/0001144204-12-060582-index.htm,https://www.sec.gov/Archives/edgar/data/1157762/000114420412060582/v325901_10q.htm,1620589849,15:50:49,20210509
34,2012-06-30,CAAS,USD,2012-08-09,2012-08-09 16:06:27,Q2,80400000.0,64700000.0,15700000.0,0.19527363184079602,3700000.0,3130000.0,-2378186000.0,1884862.0,7058000.0,71800000.0,454000.0,3800000.0,12400000.0,0.15422885572139303,8600000.0,0.10696517412935323,-100000.0,12900000.0,0.16044776119402984,1300000.0,13000000.0,0.16169154228855723,0.42904,0.42904,30300000,30300000,https://www.sec.gov/Archives/edgar/data/1157762/000114420412044026/0001144204-12-044026-index.htm,https://www.sec.gov/Archives/edgar/data/1157762/000114420412044026/v318580_10q.htm,1620589849,15:50:49,20210509
35,2012-03-31,CAAS,USD,2012-05-09,2012-05-09 06:10:58,Q1,80900000.0,65500000.0,15400000.0,0.1903584672435105,3600000.0,3631967.0,2383138.0,2383138.0,9618756.0,74600000.0,-4800000.0,3510000.0,9810000.0,0.12126081582200247,6300000.0,0.07787391841779975,100000.0,1600000.0,0.019777503090234856,1500000.0,-800000.0,-0.009888751545117428,-0.02827,-0.02827,28300000,28300000,https://www.sec.gov/Archives/edgar/data/1157762/000114420412026958/0001144204-12-026958-index.htm,https://www.sec.gov/Archives/edgar/data/1157762/000114420412014010/v303268_10k.htm,1620589849,15:50:49,20210509
36,2011-12-31,CAAS,USD,2012-03-09,2012-03-09 16:03:47,Q4,94400000.0,76100000.0,18300000.0,0.19385593220338984,3000000.0,3032284.0,9971835.0,2848772.0,11600843.0,86800000.0,500000.0,3359999.9999999995,10960000.0,0.11610169491525424,7600000.0,0.08050847457627118,168749.0,8100000.0,0.0858050847457627,100000.0,6700000.0,0.07097457627118645,0.16223,0.16223,41300000,41300000,https://www.sec.gov/Archives/edgar/data/1157762/000114420412014010/0001144204-12-014010-index.htm,https://www.sec.gov/Archives/edgar/data/1157762/000114420412014010/v303268_10k.htm,1620589849,15:50:49,20210509
37,2011-09-30,CAAS,USD,2011-11-08,2011-11-08 07:26:25,Q3,70900000.0,58300000.0,12600000.0,0.1777150916784203,2500000.0,3413930.0,2170775.0,2170775.0,8293482.0,65500000.0,6600000.0,3570000.0000000005,9070000.0,0.12792665726375177,5500000.0,0.07757404795486601,48891.0,12000000.0,0.1692524682651622,1000000.0,10100000.0,0.14245416078984485,0.32063,0.32063,31500000,31500000,https://www.sec.gov/Archives/edgar/data/1157762/000114420411061827/0001144204-11-061827-index.htm,https://www.sec.gov/Archives/edgar/data/1157762/000114420411061827/v237556_10q.htm,1620589849,15:50:49,20210509
38,2011-06-30,CAAS,USD,2011-08-09,2011-07-22 06:01:05,Q2,78200000.0,64300000.0,13900000.0,0.17774936061381075,1400000.0,3514000.0,2537012.0,4952288.0,7640640.0,71000000.0,-600000.0,3290000.0000000005,10490000.0,0.13414322250639385,7200000.0,0.09207161125319693,34023.0,6500000.0,0.08312020460358056,1200000.0,4300000.0,0.054987212276214836,0.15035,0.15035,28600000,28600000,https://www.sec.gov/Archives/edgar/data/1157762/000114420411044701/0001144204-11-044701-index.htm,https://www.sec.gov/Archives/edgar/data/1157762/000114420411044701/v229740_10q.htm,1620589849,15:50:49,20210509
39,2011-03-31,CAAS,USD,2011-07-22,2011-06-28 17:18:42,Q1,86400000.0,67800000.0,18600000.0,0.2152777777777778,2200000.0,3940837.0,2415276000.0,2310731000.0,9080030.0,75500000.0,12300000.0,3280000.0,14180000.0,0.16412037037037036,10900000.0,0.1261574074074074,71551.0,23200000.0,0.26851851851851855,1900000.0,19600000.0,0.22685185185185186,0.5616,0.5616,34900000,34900000,https://www.sec.gov/Archives/edgar/data/1157762/000114420411041644/0001144204-11-041644-index.htm,https://www.sec.gov/Archives/edgar/data/1157762/000114420411037999/v227056_10k.htm,1620589849,15:50:49,20210509
40,2010-12-31,CAAS,USD,2011-06-28,2011-06-28 17:18:42,Q4,100500000.0,80700000.0,19800000.0,0.19701492537313434,3700000.0,2979227.0,9363875000.0,7991252000.0,7659191.0,88200000.0,4800000.0,2540000.0,14840000.0,0.14766169154228856,12300000.0,0.12238805970149254,200000.0,17300000.0,0.17213930348258707,2000000.0,12300000.0,0.12238805970149254,0.34072,0.34072,36100000,36100000,https://www.sec.gov/Archives/edgar/data/1157762/000114420411037999/0001144204-11-037999-index.htm,https://www.sec.gov/Archives/edgar/data/1157762/000114420411037999/v227056_10k.htm,1620589849,15:50:49,20210509
41,2010-09-30,CAAS,USD,2010-11-09,2010-11-09 09:31:58,Q3,76100000.0,57900000.0,18200000.0,0.23915900131406045,1200000.0,2286784.0,2095321000.0,1467601000.0,5849706.0,63900000.0,8000000.0,2050000.0,14250000.0,0.18725361366622864,12200000.0,0.16031537450722733,0.0,20200000.0,0.26544021024967146,1900000.0,15900000.0,0.20893561103810776,0.50316,0.50316,31600000,31600000,https://www.sec.gov/Archives/edgar/data/1157762/000114420410058430/0001144204-10-058430-index.htm,https://www.sec.gov/Archives/edgar/data/1157762/000114420410058430/v201332_10q.htm,1620589849,15:50:49,20210509
42,2010-06-30,CAAS,USD,2010-08-09,2010-08-09 06:03:24,Q2,85100000.0,65300000.0,19800000.0,0.23266745005875442,1700000.0,1846421.0,2903125000.0,2029757000.0,6779303.0,71400000.00000001,18800000.0,2550000.0000000005,16250000.0,0.190951821386604,13700000.0,0.1609870740305523,200000.0,32700000.0,0.38425381903642775,2300000.0,27600000.0,0.32432432432432434,0.87342,0.87342,31600000,31600000,https://www.sec.gov/Archives/edgar/data/1157762/000114420410042036/0001144204-10-042036-index.htm,https://www.sec.gov/Archives/edgar/data/1157762/000114420410042036/v192765_10q.htm,1620589849,15:50:49,20210509
43,2010-03-31,CAAS,USD,2010-05-06,2010-05-06 06:01:29,Q1,84200000.0,61700000.0,22500000.0,0.2672209026128266,1300000.0,3604784.0,1867803000.0,1623551000.0,7096138.0,68300000.0,-14600000.0,2360000.0,18260000.0,0.2168646080760095,15900000.0,0.18883610451306412,15528.0,1200000.0,0.014251781472684086,2300000.0,-4100000.0,-0.048693586698337295,-0.15185,-0.15185,27000000,27000000,https://www.sec.gov/Archives/edgar/data/1157762/000114420410024794/0001144204-10-024794-index.htm,https://www.sec.gov/Archives/edgar/data/1157762/000114420410015464/v178314_10k.htm,1620589849,15:50:49,20210509
44,2009-12-31,CAAS,USD,2010-03-25,2010-03-25 06:04:52,Q4,83800000.0,64700000.0,19100000.0,0.22792362768496421,1100000.0,5451949.0,7575467000.0,2358636000.0,15386052.0,75200000.0,-31100000.0,2739999.999999999,11240000.0,0.1341288782816229,8500000.0,0.10143198090692124,100000.0,-22400000.0,-0.26730310262529833,0.0,-24200000.0,-0.28878281622911695,-0.8963,-0.8963,27000000,27000000,https://www.sec.gov/Archives/edgar/data/1157762/000114420410015464/0001144204-10-015464-index.htm,https://www.sec.gov/Archives/edgar/data/1157762/000114420410015464/v178314_10k.htm,1620589849,15:50:49,20210509
45,2009-09-30,CAAS,USD,2009-11-12,2009-11-12 06:15:53,Q3,64700000.0,49200000.0,15500000.0,0.23956723338485317,500000.0,2739886.0,4334443000.0,1194791000.0,8269120.0,55000000.0,-15800000.0,2050000.0000000002,11750000.0,0.18160741885625967,9700000.0,0.14992272024729522,0.0,-6200000.0,-0.09582689335394126,1800000.0,-10100000.0,-0.1561051004636785,-0.37407,-0.37407,27000000,27000000,https://www.sec.gov/Archives/edgar/data/1157762/000114420409057981/0001144204-09-057981-index.htm,https://www.sec.gov/Archives/edgar/data/1157762/000114420409057981/v165278_10q.htm,1620589849,15:50:49,20210509
46,2009-06-30,CAAS,USD,2009-08-12,2009-08-12 06:02:56,Q2,62500000.0,46200000.0,16300000.0,0.2608,400000.0,2246330.0,3816301000.0,951567000.0,7014198.0,50799999.99999999,-1900000.0,1860000.0000000002,13560000.0,0.21696,11700000.0,0.1872,-100000.0,9700000.0,0.1552,1500000.0,5500000.0,0.088,0.24664,0.24664,22300000,22300000,https://www.sec.gov/Archives/edgar/data/1157762/000114420409042167/0001144204-09-042167-index.htm,https://www.sec.gov/Archives/edgar/data/1157762/000114420409042167/v156670_10q.htm,1620589849,15:50:49,20210509
47,2009-03-31,CAAS,USD,2009-05-12,2009-05-12 06:02:39,Q1,44700000.0,33800000.0,10900000.0,0.24384787472035793,400000.0,1801702.0,2359166000.0,1011335000.0,5105324.0,37600000.00000001,-2000000.0,2030000.0,9130000.0,0.20425055928411634,7100000.0,0.15883668903803133,0.0,5100000.0,0.11409395973154363,1400000.0,2300000.0,0.05145413870246085,0.0721,0.0721,31900000,31900000,https://www.sec.gov/Archives/edgar/data/1157762/000114420409025557/0001144204-09-025557-index.htm,https://www.sec.gov/Archives/edgar/data/1157762/000114420409016354/v143597_10k.htm,1620589849,15:50:49,20210509
48,2008-12-31,CAAS,USD,2009-03-26,2009-03-26 16:41:54,Q4,38300000.0,27600000.0,10700000.0,0.2793733681462141,900000.0,0.0,3148421000.0,2463024000.0,9741650.0,37299999.99999999,-1300000.0,2599999.9999999995,3599999.9999999995,0.0939947780678851,1000000.0,0.02610966057441253,1000000.0,600000.0,0.015665796344647518,-500000.0,500000.0,0.013054830287206266,0.01538,0.01538,32500000,32500000,https://www.sec.gov/Archives/edgar/data/1157762/000114420409016354/0001144204-09-016354-index.htm,https://www.sec.gov/Archives/edgar/data/1157762/000114420409016354/v143597_10k.htm,1620589849,15:50:49,20210509
49,2008-09-30,CAAS,USD,2008-11-12,2008-11-12 06:08:28,Q3,36900000.0,27100000.0,9800000.0,0.26558265582655827,700000.0,0.0,2309064000.0,2154394000.0,6180807.0,33200000.0,400000.0,2550000.000000001,6250000.000000001,0.1693766937669377,3700000.0,0.1002710027100271,123167.0,4000000.0,0.10840108401084012,300000.0,2800000.0,0.07588075880758807,0.08917,0.08917,31400000,31400000,https://www.sec.gov/Archives/edgar/data/1157762/000114420408062502/0001144204-08-062502-index.htm,https://www.sec.gov/Archives/edgar/data/1157762/000114420408062502/v131255_10q.htm,1620589849,15:50:49,20210509
50,2008-06-30,CAAS,USD,2008-08-12,2008-08-12 06:06:00,Q2,46500000.0,32000000.0,14500000.0,0.3118279569892473,600000.0,0.0,2936835000.0,2014359000.0,8985117.0,41000000.0,600000.0,2449999.9999999995,7950000.0,0.17096774193548386,5500000.0,0.11827956989247312,0.0,6000000.0,0.12903225806451613,-400000.0,4700000.0,0.1010752688172043,0.16319,0.16319,28800000,28800000,https://www.sec.gov/Archives/edgar/data/1157762/000114420408045541/0001144204-08-045541-index.htm,https://www.sec.gov/Archives/edgar/data/1157762/000114420408045541/v121738_10q.htm,1620589849,15:50:49,20210509
51,2008-03-31,CAAS,USD,2008-05-14,2008-05-14 06:10:33,Q1,41500000.0,29300000.0,12200000.0,0.29397590361445786,200000.0,0.0,2475341000.0,1470405000.0,5427706.0,34700000.0,100000.0,2320000.0,9120000.0,0.2197590361445783,6800000.0,0.163855421686747,100000.0,7000000.0,0.1686746987951807,800000.0,4400000.0,0.10602409638554217,0.16988,0.16988,25900000,25900000,https://www.sec.gov/Archives/edgar/data/1157762/000114420408028354/0001144204-08-028354-index.htm,https://www.sec.gov/Archives/edgar/data/1157762/000114420408017093/v107789_10k.htm,1620589849,15:50:49,20210509
52,2007-12-31,CAAS,USD,2008-03-25,2008-03-25 06:10:48,Q4,37700000.0,25000000.0,12700000.0,0.33687002652519893,800000.0,0.0,3173507000.0,3345970000.0,9172192.0,34200000.0,0.0,2380000.0,5880000.0,0.1559681697612732,3500000.0,0.09283819628647215,100000.0,3600000.0,0.09549071618037135,-500000.0,2200000.0,0.058355437665782495,0.09167,0.09167,24000000,24000000,https://www.sec.gov/Archives/edgar/data/1157762/000114420408017093/0001144204-08-017093-index.htm,https://www.sec.gov/Archives/edgar/data/1157762/000114420408017093/v107789_10k.htm,1620589849,15:50:49,20210509
53,2007-09-30,CAAS,USD,2007-11-09,2007-11-09 07:01:10,Q3,31200000.0,19800000.0,11400000.0,0.36538461538461536,300000.0,0.0,2094157000.0,735810000.0,4732319.0,24600000.0,-200000.0,1529999.9999999998,8130000.0,0.2605769230769231,6600000.0,0.21153846153846154,0.0,6400000.0,0.20512820512820512,400000.0,2600000.0,0.08333333333333333,0.10833,0.10833,24000000,24000000,https://www.sec.gov/Archives/edgar/data/1157762/000114420407059510/0001144204-07-059510-index.htm,https://www.sec.gov/Archives/edgar/data/1157762/000114420407059510/v092769_10q.htm,1620589849,15:50:49,20210509
54,2007-06-30,CAAS,USD,2007-08-13,2007-08-13 07:02:08,Q2,36300000.0,24200000.0,12100000.0,0.3333333333333333,500000.0,0.0,2813166000.0,815708000.0,6149441.0,30400000.0,0.0,1610000.0,7510000.0,0.2068870523415978,5900000.0,0.162534435261708,-100000.0,5900000.0,0.162534435261708,1100000.0,2500000.0,0.06887052341597796,0.10417,0.10417,24000000,24000000,https://www.sec.gov/Archives/edgar/data/1157762/000114420407042201/0001144204-07-042201-index.htm,https://www.sec.gov/Archives/edgar/data/1157762/000114420407042201/v083728_10q.htm,1620589849,15:50:49,20210509
55,2007-03-31,CAAS,USD,2007-05-14,2007-04-02 14:58:18,Q1,28400000.0,19200000.0,9200000.0,0.323943661971831,100000.0,0.0,1593646000.0,1012716000.0,4003295.0,23200000.0,-300000.0,1830000.0,7030000.0,0.24753521126760564,5200000.0,0.18309859154929578,38462.0,4800000.0,0.16901408450704225,1300000.0,1600000.0,0.056338028169014086,0.06695,0.06695,23900000,23900000,https://www.sec.gov/Archives/edgar/data/1157762/000114420407024781/0001144204-07-024781-index.htm,https://www.sec.gov/Archives/edgar/data/1157762/000114420407016348/v069700_10k.htm,1620589849,15:50:49,20210509
56,2006-12-31,CAAS,USD,2007-04-02,2007-04-02 14:58:18,Q4,27700000.0,19100000.0,8600000.0,0.3104693140794224,400000.0,0.0,2352648000.0,4842053000.0,4701953.0,24100000.0,0.0,1600000.0000000005,5200000.0,0.18772563176895307,3600000.0,0.1299638989169675,94257.0,3600000.0,0.1299638989169675,100000.0,1400000.0,0.05054151624548736,0.05957,0.05957,23500000,23500000,https://www.sec.gov/Archives/edgar/data/1157762/000114420407016348/0001144204-07-016348-index.htm,https://www.sec.gov/Archives/edgar/data/1157762/000114420407016348/v069700_10k.htm,1620589849,15:50:49,20210509
57,2006-09-30,CAAS,USD,2006-11-13,2006-11-13 07:00:47,Q3,22400000.0,14300000.0,8100000.0,0.36160714285714285,200000.0,0.0,2810450000.0,0.0,4790824.0,19000000.0,-300000.0,1549999.9999999998,4950000.0,0.22098214285714285,3400000.0,0.15178571428571427,100000.0,3200000.0,0.14285714285714285,500000.0,1500000.0,0.06696428571428571,0.06438,0.06438,23300000,23300000,https://www.sec.gov/Archives/edgar/data/1157762/000114420406046456/0001144204-06-046456-index.htm,https://www.sec.gov/Archives/edgar/data/1157762/000114420406046456/v056678_10q.htm,1620589849,15:50:49,20210509
58,2006-06-30,CAAS,USD,2006-08-10,2006-08-10 16:52:29,Q2,24700000.0,15500000.0,9200000.0,0.3724696356275304,300000.0,0.0,1699118000.0,0.0,6244052.0,21600000.0,-200000.0,1880000.0,4980000.0,0.20161943319838058,3100000.0,0.12550607287449392,-393976.0,3000000.0,0.1214574898785425,900000.0,800000.0,0.032388663967611336,0.03433,0.03433,23300000,23300000,https://www.sec.gov/Archives/edgar/data/1157762/000114420406032174/0001144204-06-032174-index.htm,https://www.sec.gov/Archives/edgar/data/1157762/000114420406032174/v049101_10q.htm,1620589849,15:50:49,20210509
59,2006-03-31,CAAS,USD,2006-05-10,2006-05-10 12:50:44,Q1,21000000.0,14000000.0,7000000.0,0.3333333333333333,200000.0,0.0,909852000.0,0.0,4408263.0,18300000.0,-300000.0,1450000.0,4050000.0,0.19285714285714287,2600000.0,0.12380952380952381,83340.0,2300000.0,0.10952380952380952,200000.0,1100000.0,0.05238095238095238,0.04846,0.04846,22700000,22700000,https://www.sec.gov/Archives/edgar/data/1157762/000127528706002656/0001275287-06-002656-index.htm,https://www.sec.gov/Archives/edgar/data/1157762/000127528706001702/ca5269.htm,1620589849,15:50:49,20210509
60,2005-12-31,CAAS,USD,2006-03-31,2006-03-31 17:16:58,Q4,18600000.0,11600000.0,7000000.0,0.3763440860215054,200000.0,0.0,1171925000.0,0.0,3864546.0,16300000.000000002,-200000.0,1250000.0,3550000.0,0.19086021505376344,2300000.0,0.12365591397849462,100000.0,2200000.0,0.11827956989247312,200000.0,900000.0,0.04838709677419355,0.03982,0.03982,22600000,22600000,https://www.sec.gov/Archives/edgar/data/1157762/000127528706001702/0001275287-06-001702-index.htm,https://www.sec.gov/Archives/edgar/data/1157762/000127528706001702/ca5269.htm,1620589849,15:50:49,20210509
61,2005-09-30,CAAS,USD,2005-11-14,2005-11-14 07:02:34,Q3,14300000.0,9100000.0,5200000.0,0.36363636363636365,300000.0,0.0,1023272000.0,0.0,2866979.0,11500000.0,-300000.0,1370000.0,4170000.0,0.2916083916083916,2800000.0,0.1958041958041958,170675.0,2500000.0,0.17482517482517482,600000.0,1100000.0,0.07692307692307693,0.04867,0.04867,22600000,22600000,https://www.sec.gov/Archives/edgar/data/1157762/000127528705004614/0001275287-05-004614-index.htm,https://www.sec.gov/Archives/edgar/data/1157762/000127528705004614/ca4096.htm,1620589849,15:50:49,20210509
62,2005-06-30,CAAS,USD,2005-08-09,2005-08-09 07:01:03,Q2,16800000.0,11500000.0,5300000.0,0.31547619047619047,100000.0,0.0,2390373000.0,0.0,4295384.0,15000000.0,-300000.0,1230000.0,2930000.0,0.1744047619047619,1700000.0,0.10119047619047619,57021.0,1400000.0,0.08333333333333333,300000.0,500000.0,0.02976190476190476,0.02193,0.02193,22800000,22800000,https://www.sec.gov/Archives/edgar/data/1157762/000127528705003102/0001275287-05-003102-index.htm,https://www.sec.gov/Archives/edgar/data/1157762/000100201403000096/vig10k2002.htm,1620589849,15:50:49,20210509
63,2005-03-31,CAAS,USD,2005-03-31,2005-03-31,Q1,14000000.0,8900000.0,5000000.0,0.35714285714285715,400000.0,0.0,0.0,0.0,3416883.0,12400000.0,-300000.0,1060000.0,2660000.0,0.19,1600000.0,0.11428571428571428,0.0,1400000.0,0.1,300000.0,900000.0,0.06428571428571428,0.03982,0.03982,22600000,22600000,,,1620589849,15:50:49,20210509
64,2004-12-31,CAAS,USD,2005-04-01,2005-04-01,Q4,17300000.0,11100000.0,6200000.0,0.3583815028901734,1500000.0,0.0,0.0,0.0,3973827.0,15100000.0,-200000.0,49999.99999999982,2250000.0,0.13005780346820808,2200000.0,0.12716763005780346,1000000.0,3000000.0,0.17341040462427745,-500000.0,2100000.0,0.12138728323699421,0.09292,0.09292,22600000,22600000,https://www.sec.gov/Archives/edgar/data/1157762/000095014905000146/0000950149-05-000146-index.htm,https://www.sec.gov/Archives/edgar/data/1157762/000095014905000146/f07276a1e10ksbza.txt,1620589849,15:50:49,20210509
65,2004-09-30,CAAS,USD,2004-09-30,2004-09-30,Q3,14200000.0,8600000.0,5700000.0,0.4014084507042254,0.0,0.0,0.0,0.0,2196491.0,10900000.0,-200000.0,810000.0,4210000.0,0.2964788732394366,3400000.0,0.23943661971830985,200000.0,3400000.0,0.23943661971830985,400000.0,2000000.0,0.14084507042253522,0.0885,0.0885,22600000,22600000,,,1620589849,15:50:49,20210509
66,2004-06-30,CAAS,USD,2004-06-30,2004-06-30,Q2,15300000.0,8600000.0,6700000.0,0.43790849673202614,0.0,0.0,0.0,0.0,3492101.0,12000000.0,-300000.0,399999.9999999999,3700000.0,0.24183006535947713,3300000.0,0.21568627450980393,300000.0,3400000.0,0.2222222222222222,500000.0,1800000.0,0.11764705882352941,0.07965,0.07965,22600000,22600000,,,1620589849,15:50:49,20210509
67,2004-03-31,CAAS,USD,2004-03-31,2004-03-31,Q1,11400000.0,6800000.0,4600000.0,0.40350877192982454,0.0,0.0,0.0,0.0,2711890.0,9500000.0,-100000.0,750000.0,2650000.0,0.2324561403508772,1900000.0,0.16666666666666666,100000.0,1900000.0,0.16666666666666666,300000.0,1000000.0,0.08771929824561403,0.04425,0.04425,22600000,22600000,,,1620589849,15:50:49,20210509
68,2003-12-31,CAAS,USD,2003-12-31,2003-12-31,Q4,18600000.0,10100000.0,8400000.0,0.45161290322580644,0.0,0.0,0.0,0.0,6166131.0,16300000.000000002,-100000.0,860000.0000000001,3160000.0,0.16989247311827957,2300000.0,0.12365591397849462,100000.0,2300000.0,0.12365591397849462,800000.0,600000.0,0.03225806451612903,0.02715,0.02715,22100000,22100000,,,1620589849,15:50:49,20210509
69,2003-09-30,CAAS,USD,2003-11-14,2003-11-14,Q3,13100000.0,7400000.0,5700000.0,0.4351145038167939,0.0,0.0,0.0,0.0,1729000.0,9500000.0,-100000.0,600000.0,4200000.0,0.32061068702290074,3600000.0,0.2748091603053435,100000.0,3600000.0,0.2748091603053435,0.0,2000000.0,0.15267175572519084,0.08929,0.08929,22400000,22400000,https://www.sec.gov/Archives/edgar/data/1157762/000101054903000632/0001010549-03-000632-index.htm,https://www.sec.gov/Archives/edgar/data/1157762/000101054903000632/china10qsb093003.txt,1620589849,15:50:49,20210509
70,2003-06-30,CAAS,USD,2003-06-30,2003-06-30,Q2,12700000.0,7000000.0,5700000.0,0.44881889763779526,0.0,0.0,0.0,0.0,3296000.0,9300000.0,-100000.0,570000.0000000001,3970000.0,0.3125984251968504,3400000.0,0.2677165354330709,100000.0,3500000.0,0.2755905511811024,500000.0,1500000.0,0.11811023622047244,0.06667,0.06667,22500000,22500000,,,1620589849,15:50:49,20210509
71,2003-03-31,CAAS,USD,2003-03-31,2003-03-31,Q1,11100000.0,5900000.0,5200000.0,0.46846846846846846,0.0,0.0,0.0,0.0,2949000.0,9300000.0,-100000.0,360000.0,2160000.0,0.1945945945945946,1800000.0,0.16216216216216217,200000.0,2000000.0,0.18018018018018017,400000.0,0.0,0.0,0.0,0.0,21200000,21200000,,,1620589849,15:50:49,20210509
72,2002-12-31,CAAS,USD,2003-03-03,2003-02-28 18:10:26,Q4,0.0,0.0,0.0,0.0,0.0,0.0,0.0,0.0,9909134.0,0.0,2100000.0,0.0,4200000.0,0.0,0.0,0.0,0.0,2100000.0,0.0,0.0,2100000.0,0.0,0.10048,0.10048,20900000,20900000,https://www.sec.gov/Archives/edgar/data/1157762/000100201403000096/0001002014-03-000096-index.htm,https://www.sec.gov/Archives/edgar/data/1157762/000100201403000096/vig10k2002.htm,1620589849,15:50:49,20210509
73,2002-09-30,CAAS,USD,2002-09-30,2002-09-30,Q3,0.0,0.0,0.0,0.0,0.0,0.0,0.0,0.0,1130.0,0.0,800000.0,0.0,1600000.0,0.0,0.0,0.0,0.0,800000.0,0.0,0.0,800000.0,0.0,0.03828,0.03828,20900000,20900000,,,1620589849,15:50:49,20210509
74,2002-06-30,CAAS,USD,2002-06-30,2002-06-30,Q2,0.0,0.0,0.0,0.0,0.0,0.0,0.0,0.0,3751.0,0.0,1400000.0,0.0,2800000.0,0.0,0.0,0.0,0.0,1400000.0,0.0,0.0,1400000.0,0.0,0.06699,0.06699,20900000,20900000,,,1620589849,15:50:49,20210509
75,2002-03-31,CAAS,USD,2002-03-31,2002-03-31,Q1,0.0,0.0,0.0,0.0,0.0,0.0,0.0,0.0,1985.0,0.0,500000.0,0.0,1000000.0,0.0,0.0,0.0,0.0,500000.0,0.0,0.0,500000.0,0.0,0.02392,0.02392,20900000,20900000,,,1620589849,15:50:49,20210509
