,date,symbol,reportedCurrency,fillingDate,acceptedDate,period,revenue,costOfRevenue,grossProfit,grossProfitRatio,researchAndDevelopmentExpenses,generalAndAdministrativeExpenses,sellingAndMarketingExpenses,otherExpenses,operatingExpenses,costAndExpenses,interestExpense,depreciationAndAmortization,ebitda,ebitdaratio,operatingIncome,operatingIncomeRatio,totalOtherIncomeExpensesNet,incomeBeforeTax,incomeBeforeTaxRatio,incomeTaxExpense,netIncome,netIncomeRatio,eps,epsdiluted,weightedAverageShsOut,weightedAverageShsOutDil,link,finalLink,timestamp,est_time,est_date
0,2020-09-30,SVM.L,GBP,2020-09-30,2020-09-30,Q3,-393000.0,0.0,0.0,0.0,0.0,30000.0,0.0,0.0,0.0,0.0,6500.0,0.0,0.0,0.0,0.0,0.0,0.0,-423000.0,1.0763358778625953,0.0,-423000.0,1.0763358778625953,-0.0705,-0.0705,5999836.0,5999836.0,https://find-and-update.company-information.service.gov.uk/search/companies?q=SVM+UK+Emerging+Fund+PLC,https://find-and-update.company-information.service.gov.uk/search/companies?q=SVM+UK+Emerging+Fund+PLC,1620598473,18:14:33,20210509
1,2020-06-30,SVM.L,GBP,2020-06-30,2020-06-30,Q2,-393000.0,0.0,0.0,0.0,0.0,30000.0,0.0,0.0,0.0,0.0,6500.0,0.0,0.0,0.0,0.0,0.0,0.0,-423000.0,1.0763358778625953,0.0,-423000.0,1.0763358778625953,-0.0705,-0.0705,5999836.0,5999836.0,https://find-and-update.company-information.service.gov.uk/search/companies?q=SVM+UK+Emerging+Fund+PLC,https://find-and-update.company-information.service.gov.uk/search/companies?q=SVM+UK+Emerging+Fund+PLC,1620598473,18:14:33,20210509
2,2020-03-31,SVM.L,GBP,2020-03-31,2020-03-31,Q1,-393000.0,0.0,0.0,0.0,0.0,30000.0,0.0,0.0,0.0,0.0,6500.0,0.0,0.0,0.0,0.0,0.0,0.0,-423000.0,1.0763358778625953,0.0,-423000.0,1.0763358778625953,-0.0705,-0.0705,5999836.0,5999836.0,https://find-and-update.company-information.service.gov.uk/search/companies?q=SVM+UK+Emerging+Fund+PLC,https://find-and-update.company-information.service.gov.uk/search/companies?q=SVM+UK+Emerging+Fund+PLC,1620598473,18:14:33,20210509
3,2020-01-31,SVM.L,GBP,2020-01-31,2020-01-31,Q1,-393000.0,0.0,0.0,0.0,0.0,30000.0,0.0,0.0,0.0,0.0,6500.0,0.0,0.0,0.0,0.0,0.0,0.0,-423000.0,1.0763358778625953,0.0,-423000.0,1.0763358778625953,-0.0705,-0.0705,5999836.0,5999836.0,https://find-and-update.company-information.service.gov.uk/search/companies?q=SVM+UK+Emerging+Fund+PLC,https://find-and-update.company-information.service.gov.uk/search/companies?q=SVM+UK+Emerging+Fund+PLC,1620598473,18:14:33,20210509
4,2019-06-30,SVM.L,GBP,2019-06-30,2019-06-30,Q2,-3250.0,0.0,0.0,0.0,0.0,26000.0,0.0,0.0,0.0,0.0,6500.0,0.0,0.0,0.0,0.0,0.0,0.0,-29250.0,9.0,750.0,-30000.0,9.23076923076923,-0.005,-0.005,6005000.0,6005000.0,https://find-and-update.company-information.service.gov.uk/search/companies?q=SVM+UK+Emerging+Fund+PLC,https://find-and-update.company-information.service.gov.uk/search/companies?q=SVM+UK+Emerging+Fund+PLC,1620598473,18:14:33,20210509
5,2019-03-31,SVM.L,GBP,2019-03-31,2019-03-31,Q1,-3250.0,0.0,0.0,0.0,0.0,26000.0,0.0,0.0,0.0,0.0,6500.0,0.0,0.0,0.0,0.0,0.0,0.0,-29250.0,9.0,750.0,-30000.0,9.23076923076923,-0.005,-0.005,6005000.0,6005000.0,https://find-and-update.company-information.service.gov.uk/search/companies?q=SVM+UK+Emerging+Fund+PLC,https://find-and-update.company-information.service.gov.uk/search/companies?q=SVM+UK+Emerging+Fund+PLC,1620598473,18:14:33,20210509
6,2019-01-31,SVM.L,GBP,2019-01-31,2019-01-31,Q1,-3250.0,0.0,0.0,0.0,0.0,26000.0,0.0,0.0,0.0,0.0,6500.0,0.0,0.0,0.0,0.0,0.0,0.0,-29250.0,9.0,750.0,-30000.0,9.23076923076923,-0.005,-0.005,6005000.0,6005000.0,https://find-and-update.company-information.service.gov.uk/search/companies?q=SVM+UK+Emerging+Fund+PLC,https://find-and-update.company-information.service.gov.uk/search/companies?q=SVM+UK+Emerging+Fund+PLC,1620598473,18:14:33,20210509
7,2018-06-30,SVM.L,GBP,2018-06-30,2018-06-30,Q2,284250.0,0.0,0.0,0.0,0.0,17250.0,0.0,0.0,0.0,0.0,5750.0,0.0,0.0,0.0,0.0,0.0,0.0,267000.0,0.9393139841688655,-250.0,267250.0,0.940193491644679,0.044425,0.044425,6005000.0,6005000.0,https://find-and-update.company-information.service.gov.uk/search/companies?q=SVM+UK+Emerging+Fund+PLC,https://find-and-update.company-information.service.gov.uk/search/companies?q=SVM+UK+Emerging+Fund+PLC,1620598473,18:14:33,20210509
8,2018-03-31,SVM.L,GBP,2018-03-31,2018-03-31,Q1,284250.0,0.0,0.0,0.0,0.0,17250.0,0.0,0.0,0.0,0.0,5750.0,0.0,0.0,0.0,0.0,0.0,0.0,267000.0,0.9393139841688655,-250.0,267250.0,0.940193491644679,0.044425,0.044425,6005000.0,6005000.0,https://find-and-update.company-information.service.gov.uk/search/companies?q=SVM+UK+Emerging+Fund+PLC,https://find-and-update.company-information.service.gov.uk/search/companies?q=SVM+UK+Emerging+Fund+PLC,1620598473,18:14:33,20210509
9,2018-01-31,SVM.L,GBP,2018-01-31,2018-01-31,Q1,284250.0,0.0,0.0,0.0,0.0,17250.0,0.0,0.0,0.0,0.0,5750.0,0.0,0.0,0.0,0.0,0.0,0.0,267000.0,0.9393139841688655,-250.0,267250.0,0.940193491644679,0.044425,0.044425,6005000.0,6005000.0,https://find-and-update.company-information.service.gov.uk/search/companies?q=SVM+UK+Emerging+Fund+PLC,https://find-and-update.company-information.service.gov.uk/search/companies?q=SVM+UK+Emerging+Fund+PLC,1620598473,18:14:33,20210509
10,2017-06-30,SVM.L,GBP,2017-06-30,2017-06-30,Q2,209500.0,0.0,0.0,0.0,0.0,17750.0,0.0,0.0,0.0,0.0,4250.0,0.0,0.0,0.0,0.0,0.0,0.0,191750.0,0.9152744630071599,-250.0,192000.0,0.9164677804295943,0.03195,0.03195,6005000.0,6005000.0,https://find-and-update.company-information.service.gov.uk/search/companies?q=SVM+UK+Emerging+Fund+PLC,https://find-and-update.company-information.service.gov.uk/search/companies?q=SVM+UK+Emerging+Fund+PLC,1620598473,18:14:33,20210509
11,2017-03-31,SVM.L,GBP,2017-03-31,2017-03-31,Q1,209500.0,0.0,0.0,0.0,0.0,17750.0,0.0,0.0,0.0,0.0,4250.0,0.0,0.0,0.0,0.0,0.0,0.0,191750.0,0.9152744630071599,-250.0,192000.0,0.9164677804295943,0.03195,0.03195,6005000.0,6005000.0,https://find-and-update.company-information.service.gov.uk/search/companies?q=SVM+UK+Emerging+Fund+PLC,https://find-and-update.company-information.service.gov.uk/search/companies?q=SVM+UK+Emerging+Fund+PLC,1620598473,18:14:33,20210509
12,2017-01-31,SVM.L,GBP,2017-01-31,2017-01-31,Q1,209500.0,0.0,0.0,0.0,0.0,17750.0,0.0,0.0,0.0,0.0,4250.0,0.0,0.0,0.0,0.0,0.0,0.0,191750.0,0.9152744630071599,-250.0,192000.0,0.9164677804295943,0.03195,0.03195,6005000.0,6005000.0,https://find-and-update.company-information.service.gov.uk/search/companies?q=SVM+UK+Emerging+Fund+PLC,https://find-and-update.company-information.service.gov.uk/search/companies?q=SVM+UK+Emerging+Fund+PLC,1620598473,18:14:33,20210509
13,2016-06-30,SVM.L,GBP,2016-06-30,2016-06-30,Q2,108500.0,0.0,0.0,0.0,0.0,17000.0,0.0,0.0,0.0,0.0,5000.0,0.0,0.0,0.0,0.0,0.0,0.0,91500.0,0.8433179723502304,0.0,91500.0,0.8433179723502304,0.015225,0.015225,6005000.0,6005000.0,https://find-and-update.company-information.service.gov.uk/search/companies?q=SVM+UK+Emerging+Fund+PLC,https://find-and-update.company-information.service.gov.uk/search/companies?q=SVM+UK+Emerging+Fund+PLC,1620598473,18:14:33,20210509
14,2016-03-31,SVM.L,GBP,2016-03-31,2016-03-31,Q1,108500.0,0.0,0.0,0.0,0.0,17000.0,0.0,0.0,0.0,0.0,5000.0,0.0,0.0,0.0,0.0,0.0,0.0,91500.0,0.8433179723502304,0.0,91500.0,0.8433179723502304,0.015225,0.015225,6005000.0,6005000.0,https://find-and-update.company-information.service.gov.uk/search/companies?q=SVM+UK+Emerging+Fund+PLC,https://find-and-update.company-information.service.gov.uk/search/companies?q=SVM+UK+Emerging+Fund+PLC,1620598473,18:14:33,20210509
15,2016-01-31,SVM.L,GBP,2016-01-31,2016-01-31,Q1,108500.0,0.0,0.0,0.0,0.0,17000.0,0.0,0.0,0.0,0.0,5000.0,0.0,0.0,0.0,0.0,0.0,0.0,91500.0,0.8433179723502304,0.0,91500.0,0.8433179723502304,0.015225,0.015225,6005000.0,6005000.0,https://find-and-update.company-information.service.gov.uk/search/companies?q=SVM+UK+Emerging+Fund+PLC,https://find-and-update.company-information.service.gov.uk/search/companies?q=SVM+UK+Emerging+Fund+PLC,1620598473,18:14:33,20210509
16,2015-09-30,SVM.L,GBP,2015-09-30,2015-09-30,Q3,33250.0,0.0,0.0,0.0,0.0,11500.0,0.0,0.0,0.0,0.0,2750.0,0.0,0.0,0.0,0.0,0.0,0.0,21750.0,0.6541353383458647,0.0,21750.0,0.6541353383458647,0.003625,0.003625,6005000.0,6005000.0,https://find-and-update.company-information.service.gov.uk/search/companies?q=SVM+UK+Emerging+Fund+PLC,https://find-and-update.company-information.service.gov.uk/search/companies?q=SVM+UK+Emerging+Fund+PLC,1620598473,18:14:33,20210509
17,2015-06-30,SVM.L,GBP,2015-06-30,2015-06-30,Q2,33250.0,0.0,0.0,0.0,0.0,11500.0,0.0,0.0,0.0,0.0,2750.0,0.0,0.0,0.0,0.0,0.0,0.0,21750.0,0.6541353383458647,0.0,21750.0,0.6541353383458647,0.003625,0.003625,6005000.0,6005000.0,https://find-and-update.company-information.service.gov.uk/search/companies?q=SVM+UK+Emerging+Fund+PLC,https://find-and-update.company-information.service.gov.uk/search/companies?q=SVM+UK+Emerging+Fund+PLC,1620598473,18:14:33,20210509
18,2015-03-31,SVM.L,GBP,2015-03-31,2015-03-31,Q1,33250.0,0.0,0.0,0.0,0.0,11500.0,0.0,0.0,0.0,0.0,2750.0,0.0,0.0,0.0,0.0,0.0,0.0,21750.0,0.6541353383458647,0.0,21750.0,0.6541353383458647,0.003625,0.003625,6005000.0,6005000.0,https://find-and-update.company-information.service.gov.uk/search/companies?q=SVM+UK+Emerging+Fund+PLC,https://find-and-update.company-information.service.gov.uk/search/companies?q=SVM+UK+Emerging+Fund+PLC,1620598473,18:14:33,20210509
19,2015-01-31,SVM.L,GBP,2015-01-31,2015-01-31,Q1,33250.0,0.0,0.0,0.0,0.0,11500.0,0.0,0.0,0.0,0.0,2750.0,0.0,0.0,0.0,0.0,0.0,0.0,21750.0,0.6541353383458647,0.0,21750.0,0.6541353383458647,0.003625,0.003625,6005000.0,6005000.0,https://find-and-update.company-information.service.gov.uk/search/companies?q=SVM+UK+Emerging+Fund+PLC,https://find-and-update.company-information.service.gov.uk/search/companies?q=SVM+UK+Emerging+Fund+PLC,1620598473,18:14:33,20210509
20,2014-09-30,SVM.L,GBP,2014-09-30,2014-09-30,Q3,318750.0,0.0,0.0,0.0,0.0,18250.0,0.0,0.0,0.0,0.0,3250.0,0.0,0.0,0.0,0.0,0.0,0.0,300500.0,0.9427450980392157,0.0,300500.0,0.9427450980392157,0.050075,0.050075,6005000.0,6005000.0,https://find-and-update.company-information.service.gov.uk/search/companies?q=SVM+UK+Emerging+Fund+PLC,https://find-and-update.company-information.service.gov.uk/search/companies?q=SVM+UK+Emerging+Fund+PLC,1620598473,18:14:33,20210509
21,2014-06-30,SVM.L,GBP,2014-06-30,2014-06-30,Q2,318750.0,0.0,0.0,0.0,0.0,18250.0,0.0,0.0,0.0,0.0,3250.0,0.0,0.0,0.0,0.0,0.0,0.0,300500.0,0.9427450980392157,0.0,300500.0,0.9427450980392157,0.050075,0.050075,6005000.0,6005000.0,https://find-and-update.company-information.service.gov.uk/search/companies?q=SVM+UK+Emerging+Fund+PLC,https://find-and-update.company-information.service.gov.uk/search/companies?q=SVM+UK+Emerging+Fund+PLC,1620598473,18:14:33,20210509
22,2014-03-31,SVM.L,GBP,2014-03-31,2014-03-31,Q1,318750.0,0.0,0.0,0.0,0.0,18250.0,0.0,0.0,0.0,0.0,3250.0,0.0,0.0,0.0,0.0,0.0,0.0,300500.0,0.9427450980392157,0.0,300500.0,0.9427450980392157,0.050075,0.050075,6005000.0,6005000.0,https://find-and-update.company-information.service.gov.uk/search/companies?q=SVM+UK+Emerging+Fund+PLC,https://find-and-update.company-information.service.gov.uk/search/companies?q=SVM+UK+Emerging+Fund+PLC,1620598473,18:14:33,20210509
23,2014-01-31,SVM.L,GBP,2014-01-31,2014-01-31,Q1,318750.0,0.0,0.0,0.0,0.0,18250.0,0.0,0.0,0.0,0.0,3250.0,0.0,0.0,0.0,0.0,0.0,0.0,300500.0,0.9427450980392157,0.0,300500.0,0.9427450980392157,0.050075,0.050075,6005000.0,6005000.0,https://find-and-update.company-information.service.gov.uk/search/companies?q=SVM+UK+Emerging+Fund+PLC,https://find-and-update.company-information.service.gov.uk/search/companies?q=SVM+UK+Emerging+Fund+PLC,1620598473,18:14:33,20210509
24,2013-09-30,SVM.L,GBP,2013-09-30,2013-09-30,Q3,-236750.0,0.0,0.0,0.0,0.0,27000.0,0.0,0.0,0.0,0.0,1500.0,0.0,0.0,0.0,0.0,0.0,0.0,-263750.0,1.1140443505807813,0.0,-263750.0,1.1140443505807813,-0.043925,-0.043925,6005000.0,6005000.0,https://find-and-update.company-information.service.gov.uk/search/companies?q=SVM+UK+Emerging+Fund+PLC,https://find-and-update.company-information.service.gov.uk/search/companies?q=SVM+UK+Emerging+Fund+PLC,1620598473,18:14:33,20210509
25,2013-06-30,SVM.L,GBP,2013-06-30,2013-06-30,Q2,-236750.0,0.0,0.0,0.0,0.0,27000.0,0.0,0.0,0.0,0.0,1500.0,0.0,0.0,0.0,0.0,0.0,0.0,-263750.0,1.1140443505807813,0.0,-263750.0,1.1140443505807813,-0.043925,-0.043925,6005000.0,6005000.0,https://find-and-update.company-information.service.gov.uk/search/companies?q=SVM+UK+Emerging+Fund+PLC,https://find-and-update.company-information.service.gov.uk/search/companies?q=SVM+UK+Emerging+Fund+PLC,1620598473,18:14:33,20210509
26,2013-03-31,SVM.L,GBP,2013-03-31,2013-03-31,Q1,-236750.0,0.0,0.0,0.0,0.0,27000.0,0.0,0.0,0.0,0.0,1500.0,0.0,0.0,0.0,0.0,0.0,0.0,-263750.0,1.1140443505807813,0.0,-263750.0,1.1140443505807813,-0.043925,-0.043925,6005000.0,6005000.0,https://find-and-update.company-information.service.gov.uk/search/companies?q=SVM+UK+Emerging+Fund+PLC,https://find-and-update.company-information.service.gov.uk/search/companies?q=SVM+UK+Emerging+Fund+PLC,1620598473,18:14:33,20210509
27,2013-01-31,SVM.L,GBP,2013-01-31,2013-01-31,Q1,-236750.0,0.0,0.0,0.0,0.0,27000.0,0.0,0.0,0.0,0.0,1500.0,0.0,0.0,0.0,0.0,0.0,0.0,-263750.0,1.1140443505807813,0.0,-263750.0,1.1140443505807813,-0.043925,-0.043925,6005000.0,6005000.0,https://find-and-update.company-information.service.gov.uk/search/companies?q=SVM+UK+Emerging+Fund+PLC,https://find-and-update.company-information.service.gov.uk/search/companies?q=SVM+UK+Emerging+Fund+PLC,1620598473,18:14:33,20210509
28,2012-09-30,SVM.L,GBP,2012-09-30,2012-09-30,Q3,-220750.0,0.0,0.0,0.0,0.0,17000.0,0.0,0.0,0.0,0.0,750.0,0.0,0.0,0.0,0.0,0.0,0.0,-238500.0,1.0804077010192525,0.0,-238500.0,1.0804077010192525,-0.039725,-0.039725,6005000.0,6005000.0,https://find-and-update.company-information.service.gov.uk/search/companies?q=SVM+UK+Emerging+Fund+PLC,https://find-and-update.company-information.service.gov.uk/search/companies?q=SVM+UK+Emerging+Fund+PLC,1620598473,18:14:33,20210509
29,2012-06-30,SVM.L,GBP,2012-06-30,2012-06-30,Q2,-220750.0,0.0,0.0,0.0,0.0,17000.0,0.0,0.0,0.0,0.0,750.0,0.0,0.0,0.0,0.0,0.0,0.0,-238500.0,1.0804077010192525,0.0,-238500.0,1.0804077010192525,-0.039725,-0.039725,6005000.0,6005000.0,https://find-and-update.company-information.service.gov.uk/search/companies?q=SVM+UK+Emerging+Fund+PLC,https://find-and-update.company-information.service.gov.uk/search/companies?q=SVM+UK+Emerging+Fund+PLC,1620598473,18:14:33,20210509
30,2012-03-31,SVM.L,GBP,2012-03-31,2012-03-31,Q1,-220750.0,0.0,0.0,0.0,0.0,17000.0,0.0,0.0,0.0,0.0,750.0,0.0,0.0,0.0,0.0,0.0,0.0,-238500.0,1.0804077010192525,0.0,-238500.0,1.0804077010192525,-0.039725,-0.039725,6005000.0,6005000.0,https://find-and-update.company-information.service.gov.uk/search/companies?q=SVM+UK+Emerging+Fund+PLC,https://find-and-update.company-information.service.gov.uk/search/companies?q=SVM+UK+Emerging+Fund+PLC,1620598473,18:14:33,20210509
31,2012-01-31,SVM.L,GBP,2012-01-31,2012-01-31,Q1,-220750.0,0.0,0.0,0.0,0.0,17000.0,0.0,0.0,0.0,0.0,750.0,0.0,0.0,0.0,0.0,0.0,0.0,-238500.0,1.0804077010192525,0.0,-238500.0,1.0804077010192525,-0.039725,-0.039725,6005000.0,6005000.0,https://find-and-update.company-information.service.gov.uk/search/companies?q=SVM+UK+Emerging+Fund+PLC,https://find-and-update.company-information.service.gov.uk/search/companies?q=SVM+UK+Emerging+Fund+PLC,1620598473,18:14:33,20210509
32,2011-09-30,SVM.L,GBP,2011-09-30,2011-09-30,Q3,300000.0,0.0,0.0,0.0,0.0,16750.0,0.0,0.0,0.0,0.0,500.0,0.0,0.0,0.0,0.0,0.0,0.0,282750.0,0.9425,0.0,282750.0,0.9425,0.047075,0.047075,6005000.0,6005000.0,https://find-and-update.company-information.service.gov.uk/search/companies?q=SVM+UK+Emerging+Fund+PLC,https://find-and-update.company-information.service.gov.uk/search/companies?q=SVM+UK+Emerging+Fund+PLC,1620598473,18:14:33,20210509
33,2011-06-30,SVM.L,GBP,2011-06-30,2011-06-30,Q2,300000.0,0.0,0.0,0.0,0.0,16750.0,0.0,0.0,0.0,0.0,500.0,0.0,0.0,0.0,0.0,0.0,0.0,282750.0,0.9425,0.0,282750.0,0.9425,0.047075,0.047075,6005000.0,6005000.0,https://find-and-update.company-information.service.gov.uk/search/companies?q=SVM+UK+Emerging+Fund+PLC,https://find-and-update.company-information.service.gov.uk/search/companies?q=SVM+UK+Emerging+Fund+PLC,1620598473,18:14:33,20210509
34,2011-03-31,SVM.L,GBP,2011-03-31,2011-03-31,Q1,300000.0,0.0,0.0,0.0,0.0,16750.0,0.0,0.0,0.0,0.0,500.0,0.0,0.0,0.0,0.0,0.0,0.0,282750.0,0.9425,0.0,282750.0,0.9425,0.047075,0.047075,6005000.0,6005000.0,https://find-and-update.company-information.service.gov.uk/search/companies?q=SVM+UK+Emerging+Fund+PLC,https://find-and-update.company-information.service.gov.uk/search/companies?q=SVM+UK+Emerging+Fund+PLC,1620598473,18:14:33,20210509
35,2011-01-31,SVM.L,GBP,2011-01-31,2011-01-31,Q1,300000.0,0.0,0.0,0.0,0.0,16750.0,0.0,0.0,0.0,0.0,500.0,0.0,0.0,0.0,0.0,0.0,0.0,282750.0,0.9425,0.0,282750.0,0.9425,0.047075,0.047075,6005000.0,6005000.0,https://find-and-update.company-information.service.gov.uk/search/companies?q=SVM+UK+Emerging+Fund+PLC,https://find-and-update.company-information.service.gov.uk/search/companies?q=SVM+UK+Emerging+Fund+PLC,1620598473,18:14:33,20210509
36,2010-09-30,SVM.L,GBP,2010-09-30,2010-09-30,Q3,374250.0,0.0,0.0,0.0,0.0,16250.0,0.0,0.0,0.0,0.0,750.0,0.0,0.0,0.0,0.0,0.0,0.0,357250.0,0.9545758183032732,0.0,357250.0,0.9545758183032732,0.0595,0.0595,6005000.0,6005000.0,https://find-and-update.company-information.service.gov.uk/search/companies?q=SVM+UK+Emerging+Fund+PLC,https://find-and-update.company-information.service.gov.uk/search/companies?q=SVM+UK+Emerging+Fund+PLC,1620598473,18:14:33,20210509
37,2010-06-30,SVM.L,GBP,2010-06-30,2010-06-30,Q2,374250.0,0.0,0.0,0.0,0.0,16250.0,0.0,0.0,0.0,0.0,750.0,0.0,0.0,0.0,0.0,0.0,0.0,357250.0,0.9545758183032732,0.0,357250.0,0.9545758183032732,0.0595,0.0595,6005000.0,6005000.0,https://find-and-update.company-information.service.gov.uk/search/companies?q=SVM+UK+Emerging+Fund+PLC,https://find-and-update.company-information.service.gov.uk/search/companies?q=SVM+UK+Emerging+Fund+PLC,1620598473,18:14:33,20210509
38,2010-03-31,SVM.L,GBP,2010-03-31,2010-03-31,Q1,374250.0,0.0,0.0,0.0,0.0,16250.0,0.0,0.0,0.0,0.0,750.0,0.0,0.0,0.0,0.0,0.0,0.0,357250.0,0.9545758183032732,0.0,357250.0,0.9545758183032732,0.0595,0.0595,6005000.0,6005000.0,https://find-and-update.company-information.service.gov.uk/search/companies?q=SVM+UK+Emerging+Fund+PLC,https://find-and-update.company-information.service.gov.uk/search/companies?q=SVM+UK+Emerging+Fund+PLC,1620598473,18:14:33,20210509
39,2010-01-31,SVM.L,GBP,2010-01-31,2010-01-31,Q1,374250.0,0.0,0.0,0.0,0.0,16250.0,0.0,0.0,0.0,0.0,750.0,0.0,0.0,0.0,0.0,0.0,0.0,357250.0,0.9545758183032732,0.0,357250.0,0.9545758183032732,0.0595,0.0595,6005000.0,6005000.0,https://find-and-update.company-information.service.gov.uk/search/companies?q=SVM+UK+Emerging+Fund+PLC,https://find-and-update.company-information.service.gov.uk/search/companies?q=SVM+UK+Emerging+Fund+PLC,1620598473,18:14:33,20210509
40,2009-09-30,SVM.L,GBP,2009-09-30,2009-09-30,Q3,-290500.0,0.0,0.0,0.0,0.0,14750.0,0.0,0.0,0.0,0.0,6500.0,0.0,0.0,0.0,0.0,0.0,0.0,-311750.0,1.0731497418244407,0.0,-311750.0,1.0731497418244407,-0.051925,-0.051925,60050000.0,60050000.0,https://find-and-update.company-information.service.gov.uk/search/companies?q=SVM+UK+Emerging+Fund+PLC,https://find-and-update.company-information.service.gov.uk/search/companies?q=SVM+UK+Emerging+Fund+PLC,1620598473,18:14:33,20210509
41,2009-06-30,SVM.L,GBP,2009-06-30,2009-06-30,Q2,-290500.0,0.0,0.0,0.0,0.0,14750.0,0.0,0.0,0.0,0.0,6500.0,0.0,0.0,0.0,0.0,0.0,0.0,-311750.0,1.0731497418244407,0.0,-311750.0,1.0731497418244407,-0.051925,-0.051925,60050000.0,60050000.0,https://find-and-update.company-information.service.gov.uk/search/companies?q=SVM+UK+Emerging+Fund+PLC,https://find-and-update.company-information.service.gov.uk/search/companies?q=SVM+UK+Emerging+Fund+PLC,1620598473,18:14:33,20210509
42,2009-03-31,SVM.L,GBP,2009-03-31,2009-03-31,Q1,-290500.0,0.0,0.0,0.0,0.0,14750.0,0.0,0.0,0.0,0.0,6500.0,0.0,0.0,0.0,0.0,0.0,0.0,-311750.0,1.0731497418244407,0.0,-311750.0,1.0731497418244407,-0.051925,-0.051925,60050000.0,60050000.0,https://find-and-update.company-information.service.gov.uk/search/companies?q=SVM+UK+Emerging+Fund+PLC,https://find-and-update.company-information.service.gov.uk/search/companies?q=SVM+UK+Emerging+Fund+PLC,1620598473,18:14:33,20210509
43,2009-01-31,SVM.L,GBP,2009-01-31,2009-01-31,Q1,-290500.0,0.0,0.0,0.0,0.0,14750.0,0.0,0.0,0.0,0.0,6500.0,0.0,0.0,0.0,0.0,0.0,0.0,-311750.0,1.0731497418244407,0.0,-311750.0,1.0731497418244407,-0.051925,-0.051925,60050000.0,60050000.0,https://find-and-update.company-information.service.gov.uk/search/companies?q=SVM+UK+Emerging+Fund+PLC,https://find-and-update.company-information.service.gov.uk/search/companies?q=SVM+UK+Emerging+Fund+PLC,1620598473,18:14:33,20210509
44,2008-09-30,SVM.L,GBP,2008-09-30,2008-09-30,Q3,60250.0,0.0,0.0,0.0,0.0,18500.0,0.0,0.0,0.0,0.0,12750.0,0.0,0.0,0.0,0.0,0.0,0.0,29000.0,0.48132780082987553,0.0,29000.0,0.48132780082987553,0.0037,0.0037,6005000.0,6005000.0,https://find-and-update.company-information.service.gov.uk/search/companies?q=SVM+UK+Emerging+Fund+PLC,https://find-and-update.company-information.service.gov.uk/search/companies?q=SVM+UK+Emerging+Fund+PLC,1620598473,18:14:33,20210509
45,2008-06-30,SVM.L,GBP,2008-06-30,2008-06-30,Q2,60250.0,0.0,0.0,0.0,0.0,18500.0,0.0,0.0,0.0,0.0,12750.0,0.0,0.0,0.0,0.0,0.0,0.0,29000.0,0.48132780082987553,0.0,29000.0,0.48132780082987553,0.0037,0.0037,6005000.0,6005000.0,https://find-and-update.company-information.service.gov.uk/search/companies?q=SVM+UK+Emerging+Fund+PLC,https://find-and-update.company-information.service.gov.uk/search/companies?q=SVM+UK+Emerging+Fund+PLC,1620598473,18:14:33,20210509
46,2008-03-31,SVM.L,GBP,2008-03-31,2008-03-31,Q1,60250.0,0.0,0.0,0.0,0.0,18500.0,0.0,0.0,0.0,0.0,12750.0,0.0,0.0,0.0,0.0,0.0,0.0,29000.0,0.48132780082987553,0.0,29000.0,0.48132780082987553,0.0037,0.0037,6005000.0,6005000.0,https://find-and-update.company-information.service.gov.uk/search/companies?q=SVM+UK+Emerging+Fund+PLC,https://find-and-update.company-information.service.gov.uk/search/companies?q=SVM+UK+Emerging+Fund+PLC,1620598473,18:14:33,20210509
47,2008-01-31,SVM.L,GBP,2008-01-31,2008-01-31,Q1,60250.0,0.0,0.0,0.0,0.0,18500.0,0.0,0.0,0.0,0.0,12750.0,0.0,0.0,0.0,0.0,0.0,0.0,29000.0,0.48132780082987553,0.0,29000.0,0.48132780082987553,0.0037,0.0037,6005000.0,6005000.0,https://find-and-update.company-information.service.gov.uk/search/companies?q=SVM+UK+Emerging+Fund+PLC,https://find-and-update.company-information.service.gov.uk/search/companies?q=SVM+UK+Emerging+Fund+PLC,1620598473,18:14:33,20210509
48,2007-09-30,SVM.L,GBP,2007-09-30,2007-09-30,Q3,217750.0,0.0,0.0,0.0,0.0,15500.0,0.0,0.0,0.0,0.0,8250.0,0.0,0.0,0.0,0.0,0.0,0.0,194000.0,0.8909299655568312,0.0,194000.0,0.8909299655568312,0.0353,0.0353,5497329.0,5497329.0,https://find-and-update.company-information.service.gov.uk/search/companies?q=SVM+UK+Emerging+Fund+PLC,https://find-and-update.company-information.service.gov.uk/search/companies?q=SVM+UK+Emerging+Fund+PLC,1620598473,18:14:33,20210509
49,2007-06-30,SVM.L,GBP,2007-06-30,2007-06-30,Q2,217750.0,0.0,0.0,0.0,0.0,15500.0,0.0,0.0,0.0,0.0,8250.0,0.0,0.0,0.0,0.0,0.0,0.0,194000.0,0.8909299655568312,0.0,194000.0,0.8909299655568312,0.0353,0.0353,5497329.0,5497329.0,https://find-and-update.company-information.service.gov.uk/search/companies?q=SVM+UK+Emerging+Fund+PLC,https://find-and-update.company-information.service.gov.uk/search/companies?q=SVM+UK+Emerging+Fund+PLC,1620598473,18:14:33,20210509
50,2007-03-31,SVM.L,GBP,2007-03-31,2007-03-31,Q1,217750.0,0.0,0.0,0.0,0.0,15500.0,0.0,0.0,0.0,0.0,8250.0,0.0,0.0,0.0,0.0,0.0,0.0,194000.0,0.8909299655568312,0.0,194000.0,0.8909299655568312,0.0353,0.0353,5497329.0,5497329.0,https://find-and-update.company-information.service.gov.uk/search/companies?q=SVM+UK+Emerging+Fund+PLC,https://find-and-update.company-information.service.gov.uk/search/companies?q=SVM+UK+Emerging+Fund+PLC,1620598473,18:14:33,20210509
51,2007-01-31,SVM.L,GBP,2007-01-31,2007-01-31,Q1,217750.0,0.0,0.0,0.0,0.0,15500.0,0.0,0.0,0.0,0.0,8250.0,0.0,0.0,0.0,0.0,0.0,0.0,194000.0,0.8909299655568312,0.0,194000.0,0.8909299655568312,0.0353,0.0353,5497329.0,5497329.0,https://find-and-update.company-information.service.gov.uk/search/companies?q=SVM+UK+Emerging+Fund+PLC,https://find-and-update.company-information.service.gov.uk/search/companies?q=SVM+UK+Emerging+Fund+PLC,1620598473,18:14:33,20210509
52,2006-09-30,SVM.L,GBP,2006-09-30,2006-09-30,Q3,219500.0,0.0,0.0,0.0,0.0,17000.0,0.0,0.0,0.0,0.0,7000.0,0.0,0.0,0.0,0.0,0.0,0.0,195500.0,0.8906605922551253,0.0,195500.0,0.8906605922551253,0.0358,0.0358,5460000.0,5460000.0,https://find-and-update.company-information.service.gov.uk/search/companies?q=SVM+UK+Emerging+Fund+PLC,https://find-and-update.company-information.service.gov.uk/search/companies?q=SVM+UK+Emerging+Fund+PLC,1620598473,18:14:33,20210509
53,2006-06-30,SVM.L,GBP,2006-06-30,2006-06-30,Q2,219500.0,0.0,0.0,0.0,0.0,17000.0,0.0,0.0,0.0,0.0,7000.0,0.0,0.0,0.0,0.0,0.0,0.0,195500.0,0.8906605922551253,0.0,195500.0,0.8906605922551253,0.0358,0.0358,5460000.0,5460000.0,https://find-and-update.company-information.service.gov.uk/search/companies?q=SVM+UK+Emerging+Fund+PLC,https://find-and-update.company-information.service.gov.uk/search/companies?q=SVM+UK+Emerging+Fund+PLC,1620598473,18:14:33,20210509
54,2006-03-31,SVM.L,GBP,2006-03-31,2006-03-31,Q1,219500.0,0.0,0.0,0.0,0.0,17000.0,0.0,0.0,0.0,0.0,7000.0,0.0,0.0,0.0,0.0,0.0,0.0,195500.0,0.8906605922551253,0.0,195500.0,0.8906605922551253,0.0358,0.0358,5460000.0,5460000.0,https://find-and-update.company-information.service.gov.uk/search/companies?q=SVM+UK+Emerging+Fund+PLC,https://find-and-update.company-information.service.gov.uk/search/companies?q=SVM+UK+Emerging+Fund+PLC,1620598473,18:14:33,20210509
55,2006-01-31,SVM.L,GBP,2006-01-31,2006-01-31,Q1,219500.0,0.0,0.0,0.0,0.0,17000.0,0.0,0.0,0.0,0.0,7000.0,0.0,0.0,0.0,0.0,0.0,0.0,195500.0,0.8906605922551253,0.0,195500.0,0.8906605922551253,0.0358,0.0358,5460000.0,5460000.0,https://find-and-update.company-information.service.gov.uk/search/companies?q=SVM+UK+Emerging+Fund+PLC,https://find-and-update.company-information.service.gov.uk/search/companies?q=SVM+UK+Emerging+Fund+PLC,1620598473,18:14:33,20210509
56,2005-09-30,SVM.L,GBP,2005-09-30,2005-09-30,Q3,27750.0,0.0,0.0,0.0,0.0,18750.0,0.0,0.0,0.0,0.0,250.0,0.0,0.0,0.0,0.0,0.0,0.0,8750.0,0.3153153153153153,0.0,8750.0,0.3153153153153153,0.0016,0.0016,5460000.0,5460000.0,https://find-and-update.company-information.service.gov.uk/search/companies?q=SVM+UK+Emerging+Fund+PLC,https://find-and-update.company-information.service.gov.uk/search/companies?q=SVM+UK+Emerging+Fund+PLC,1620598473,18:14:33,20210509
57,2005-06-30,SVM.L,GBP,2005-06-30,2005-06-30,Q2,27750.0,0.0,0.0,0.0,0.0,18750.0,0.0,0.0,0.0,0.0,250.0,0.0,0.0,0.0,0.0,0.0,0.0,8750.0,0.3153153153153153,0.0,8750.0,0.3153153153153153,0.0016,0.0016,5460000.0,5460000.0,https://find-and-update.company-information.service.gov.uk/search/companies?q=SVM+UK+Emerging+Fund+PLC,https://find-and-update.company-information.service.gov.uk/search/companies?q=SVM+UK+Emerging+Fund+PLC,1620598473,18:14:33,20210509
58,2005-03-31,SVM.L,GBP,2005-03-31,2005-03-31,Q1,27750.0,0.0,0.0,0.0,0.0,18750.0,0.0,0.0,0.0,0.0,250.0,0.0,0.0,0.0,0.0,0.0,0.0,8750.0,0.3153153153153153,0.0,8750.0,0.3153153153153153,0.0016,0.0016,5460000.0,5460000.0,https://find-and-update.company-information.service.gov.uk/search/companies?q=SVM+UK+Emerging+Fund+PLC,https://find-and-update.company-information.service.gov.uk/search/companies?q=SVM+UK+Emerging+Fund+PLC,1620598473,18:14:33,20210509
59,2005-01-31,SVM.L,GBP,2005-01-31,2005-01-31,Q1,27750.0,0.0,0.0,0.0,0.0,18750.0,0.0,0.0,0.0,0.0,250.0,0.0,0.0,0.0,0.0,0.0,0.0,8750.0,0.3153153153153153,0.0,8750.0,0.3153153153153153,0.0016,0.0016,5460000.0,5460000.0,https://find-and-update.company-information.service.gov.uk/search/companies?q=SVM+UK+Emerging+Fund+PLC,https://find-and-update.company-information.service.gov.uk/search/companies?q=SVM+UK+Emerging+Fund+PLC,1620598473,18:14:33,20210509
60,2004-09-30,SVM.L,GBP,2004-09-30,2004-09-30,Q3,-239750.0,0.0,0.0,0.0,0.0,27750.0,0.0,0.0,0.0,0.0,0.0,0.0,0.0,0.0,0.0,0.0,0.0,-267500.0,1.1157455683003128,0.0,-267500.0,1.1157455683003128,-0.049,-0.049,5460000.0,5460000.0,https://find-and-update.company-information.service.gov.uk/search/companies?q=SVM+UK+Emerging+Fund+PLC,https://find-and-update.company-information.service.gov.uk/search/companies?q=SVM+UK+Emerging+Fund+PLC,1620598473,18:14:33,20210509
61,2004-06-30,SVM.L,GBP,2004-06-30,2004-06-30,Q2,-239750.0,0.0,0.0,0.0,0.0,27750.0,0.0,0.0,0.0,0.0,0.0,0.0,0.0,0.0,0.0,0.0,0.0,-267500.0,1.1157455683003128,0.0,-267500.0,1.1157455683003128,-0.049,-0.049,5460000.0,5460000.0,https://find-and-update.company-information.service.gov.uk/search/companies?q=SVM+UK+Emerging+Fund+PLC,https://find-and-update.company-information.service.gov.uk/search/companies?q=SVM+UK+Emerging+Fund+PLC,1620598473,18:14:33,20210509
62,2004-03-31,SVM.L,GBP,2004-03-31,2004-03-31,Q1,-239750.0,0.0,0.0,0.0,0.0,27750.0,0.0,0.0,0.0,0.0,0.0,0.0,0.0,0.0,0.0,0.0,0.0,-267500.0,1.1157455683003128,0.0,-267500.0,1.1157455683003128,-0.049,-0.049,5460000.0,5460000.0,https://find-and-update.company-information.service.gov.uk/search/companies?q=SVM+UK+Emerging+Fund+PLC,https://find-and-update.company-information.service.gov.uk/search/companies?q=SVM+UK+Emerging+Fund+PLC,1620598473,18:14:33,20210509
63,2004-01-31,SVM.L,GBP,2004-01-31,2004-01-31,Q1,-239750.0,0.0,0.0,0.0,0.0,27750.0,0.0,0.0,0.0,0.0,0.0,0.0,0.0,0.0,0.0,0.0,0.0,-267500.0,1.1157455683003128,0.0,-267500.0,1.1157455683003128,-0.049,-0.049,5460000.0,5460000.0,https://find-and-update.company-information.service.gov.uk/search/companies?q=SVM+UK+Emerging+Fund+PLC,https://find-and-update.company-information.service.gov.uk/search/companies?q=SVM+UK+Emerging+Fund+PLC,1620598473,18:14:33,20210509
