,date,symbol,reportedCurrency,fillingDate,acceptedDate,period,revenue,costOfRevenue,grossProfit,grossProfitRatio,researchAndDevelopmentExpenses,generalAndAdministrativeExpenses,sellingAndMarketingExpenses,otherExpenses,operatingExpenses,costAndExpenses,interestExpense,depreciationAndAmortization,ebitda,ebitdaratio,operatingIncome,operatingIncomeRatio,totalOtherIncomeExpensesNet,incomeBeforeTax,incomeBeforeTaxRatio,incomeTaxExpense,netIncome,netIncomeRatio,eps,epsdiluted,weightedAverageShsOut,weightedAverageShsOutDil,link,finalLink,timestamp,est_time,est_date
0,2018-09-30,XOXO,USD,2018-11-01 00:00:00,2018-11-01 17:09:01,Q3,43057000.0,1793000.0,41264000.0,0.9583575260700932,12620000.0,9075000.0,13187000.0,0.0,36232000.0,38025000.0,0.0,1350000.0,6382000.0,0.1482221241609959,5032000.0,0.11686833732029635,-24000.0,5254000.0,0.12202429337854472,960000.0,4294000.0,0.09972826718071394,0.17026169706582078,0.16508400292184075,25220000.0,26011000.0,https://www.sec.gov/Archives/edgar/data/1062292/000106229218000012/0001062292-18-000012-index.html,https://www.sec.gov/Archives/edgar/data/1062292/000106229218000012/xoxo09301810-q.htm,1620600036,18:40:36,20210509
1,2018-06-30,XOXO,USD,2018-08-01 00:00:00,2018-07-31 19:08:05,Q2,43152000.0,2614000.0,40538000.0,0.939423433444568,11796000.0,7402000.0,13098000.0,0.0,33972000.0,36586000.0,0.0,1676000.0,8242000.0,0.19099925843529847,6566000.0,0.1521598071931776,-21000.0,6754000.0,0.15651649981460883,1469000.0,5285000.0,0.12247404523544679,0.21,0.2,25149000.0,25806000.0,https://www.sec.gov/Archives/edgar/data/1062292/000106229218000009/0001062292-18-000009-index.html,https://www.sec.gov/Archives/edgar/data/1062292/000106229218000009/xoxo06301810-q.htm,1620600036,18:40:36,20210509
2,2018-03-31,XOXO,USD,2018-05-04 00:00:00,2018-05-03 19:09:25,Q1,38307000.0,1643000.0,36664000.0,0.9571096666405617,11029000.0,6830000.0,12682000.0,0.0,32179000.0,33822000.0,0.0,1638000.0,6123000.0,0.15984023807659176,4485000.0,0.1170804291643825,-22000.0,4665000.0,0.12177930926462527,1053000.0,3612000.0,0.09429086067820502,0.1443529693869395,0.14255831392824722,25022000.0,25337000.0,https://www.sec.gov/Archives/edgar/data/1062292/000106229218000007/0001062292-18-000007-index.html,https://www.sec.gov/Archives/edgar/data/1062292/000106229218000007/xoxo03311810-q.htm,1620600036,18:40:36,20210509
3,2017-12-31,XOXO,USD,2018-03-02 00:00:00,2018-03-02 14:01:45,Q4,42333000.0,3515000.0,38818000.0,0.9169678501405523,10063000.0,8066000.0,13332000.0,0.0,32999000.0,36514000.0,0.0,1538000.0,7357000.0,0.1737887699903149,5819000.0,0.1374577752580729,-39000.0,6033000.0,0.14251293317270214,5593000.0,440000.0,0.01039378262820967,0.017609861522452572,0.01738718090571406,24986000.0,25306000.0,https://www.sec.gov/Archives/edgar/data/1062292/000106229218000003/0001062292-18-000003-index.html,https://www.sec.gov/Archives/edgar/data/1062292/000106229218000003/xoxo2017123110-k.htm,1620600036,18:40:36,20210509
4,2017-09-30,XOXO,USD,2017-10-31 00:00:00,2017-10-31 15:49:33,Q3,40237000.0,2314000.0,37923000.0,0.9424907423515669,11462000.0,7469000.0,12230000.0,0.0,32726000.0,35040000.0,0.0,1565000.0,6762000.0,0.16805427840047718,5197000.0,0.12915972860799763,-33000.0,5325000.0,0.13234088028431543,1984000.0,3341000.0,0.08303302930138927,0.1344034113766192,0.1329804171310301,24858000.0,25124000.0,https://www.sec.gov/Archives/edgar/data/1062292/000106229217000033/0001062292-17-000033-index.html,https://www.sec.gov/Archives/edgar/data/1062292/000106229217000033/xoxo09301710-q.htm,1620600036,18:40:36,20210509
5,2017-06-30,XOXO,USD,2017-08-01 00:00:00,2017-07-31 19:08:38,Q2,42226000.0,2786000.0,39440000.0,0.9340216927959077,11914000.0,7961000.0,14030000.0,0.0,35916000.0,38702000.0,0.0,2011000.0,5535000.0,0.1310803770188983,3524000.0,0.08345569080661204,-1054000.0,2575000.0,0.06098138587600057,1134000.0,1441000.0,0.03412589399895799,0.0577369981569036,0.057223413549360655,24958000.0,25182000.0,https://www.sec.gov/Archives/edgar/data/1062292/000106229217000025/0001062292-17-000025-index.html,https://www.sec.gov/Archives/edgar/data/1062292/000106229217000025/xoxo2017063010-q.htm,1620600036,18:40:36,20210509
6,2017-03-31,XOXO,USD,2017-05-10 00:00:00,2017-05-10 09:40:15,Q1,35760000.0,1909000.0,33851000.0,0.9466163310961969,11741000.0,7301000.0,13501000.0,0.0,34201000.0,36110000.0,0.0,1658000.0,1308000.0,0.03657718120805369,-350000.0,-0.009787472035794184,-117000.0,-374000.0,-0.0104586129753915,-686000.0,312000.0,0.0087248322147651,0.012306721363206059,0.012113211942384594,25352000.0,25757000.0,https://www.sec.gov/Archives/edgar/data/1062292/000106229217000012/0001062292-17-000012-index.html,https://www.sec.gov/Archives/edgar/data/1062292/000106229217000012/xoxo2017033110-q.htm,1620600036,18:40:36,20210509
7,2016-12-31,XOXO,USD,2017-03-13 00:00:00,2017-03-13 08:58:27,Q4,41008000.0,3600000.0,37408000.0,0.9122122512680453,11165000.0,6135000.0,13447000.0,0.0,32304000.0,35904000.0,0.0,1557000.0,6661000.0,0.16243172063987515,5104000.0,0.12446351931330472,-136000.0,5085000.0,0.12400019508388607,1663000.0,3422000.0,0.08344713226687475,0.14,0.13,25316000.0,25698000.0,https://www.sec.gov/Archives/edgar/data/1062292/000106229217000006/0001062292-17-000006-index.html,https://www.sec.gov/Archives/edgar/data/1062292/000106229217000006/xoxo2016123110-k.htm,1620600036,18:40:36,20210509
8,2016-09-30,XOXO,USD,2016-11-03 00:00:00,2016-11-02 17:44:02,Q3,36731000.0,1788000.0,34943000.0,0.9513217718003866,11729000.0,5501000.0,13098000.0,0.0,31908000.0,33696000.0,0.0,1580000.0,4615000.0,0.12564318967629523,3035000.0,0.08262775312406415,-29000.0,3054000.0,0.08314502736108464,1146000.0,1908000.0,0.05194522338079551,0.08,0.07,25368000.0,25727000.0,https://www.sec.gov/Archives/edgar/data/1062292/000106229216000092/0001062292-16-000092-index.html,https://www.sec.gov/Archives/edgar/data/1062292/000106229216000092/xoxo2016093010-q.htm,1620600036,18:40:36,20210509
9,2016-06-30,XOXO,USD,2016-08-02,2016-08-01 17:35:00,Q2,38708000.0,2756000.0,35952000.0,0.9288002480107471,10814000.0,5833000.0,11513000.0,0.0,29801000.0,32557000.0,0.0,1641000.0,7792000.0,0.20130205642244497,6151000.0,0.15890771933450448,-37000.0,6096000.0,0.1574868244290586,2331000.0,3765000.0,0.09726671489097861,0.14826920804946245,0.14662927912139267,25393000.0,25677000.0,https://www.sec.gov/Archives/edgar/data/1062292/000106229216000082/0001062292-16-000082-index.htm,https://www.sec.gov/Archives/edgar/data/1062292/000106229216000082/xoxo2016063010-q.htm,1620600036,18:40:36,20210509
10,2016-03-31,XOXO,USD,2016-05-04 00:00:00,2016-05-04 17:29:08,Q1,35669000.0,1610000.0,34059000.0,0.9548627659872718,10960000.0,6197000.0,11714000.0,0.0,30465000.0,32075000.0,0.0,1594000.0,5188000.0,0.14544842860747428,3594000.0,0.1007597633799658,-144000.0,3449000.0,0.09669460876391264,424000.0,3025000.0,0.08480753595559169,0.11974033171040652,0.1181686784640025,25263000.0,25599000.0,https://www.sec.gov/Archives/edgar/data/1062292/000106229216000058/0001062292-16-000058-index.html,https://www.sec.gov/Archives/edgar/data/1062292/000106229216000058/xoxo2016033110-q.htm,1620600036,18:40:36,20210509
11,2015-12-31,XOXO,USD,2016-03-04 00:00:00,2016-03-03 18:08:04,Q4,38146000.0,2836000.0,35310000.0,0.9256540659571122,11051000.0,6324000.0,11737000.0,0.0,30629000.0,33465000.0,0.0,1517000.0,6198000.0,0.16248099407539454,4681000.0,0.12271273528023909,463000.0,1172000.0,0.030724060189797096,3330000.0,-2158000.0,-0.056572117653227075,-0.09,-0.09,25174000.0,25174000.0,https://www.sec.gov/Archives/edgar/data/1062292/000106229216000054/0001062292-16-000054-index.html,https://www.sec.gov/Archives/edgar/data/1062292/000106229216000054/xoxo2015123110-k.htm,1620600036,18:40:36,20210509
12,2015-09-30,XOXO,USD,2015-11-04 00:00:00,2015-11-03 17:33:42,Q3,34706000.0,2050000.0,32656000.0,0.9409324036189708,9901000.0,5955000.0,10679000.0,0.0,27896000.0,29946000.0,0.0,1361000.0,6121000.0,0.17636719875525847,4760000.0,0.1371520774505849,-173000.0,4584000.0,0.13208090820031118,1718000.0,2866000.0,0.08257938108684378,0.11401973265436029,0.11261739164603717,25136000.0,25449000.0,https://www.sec.gov/Archives/edgar/data/1062292/000106229215000049/0001062292-15-000049-index.html,https://www.sec.gov/Archives/edgar/data/1062292/000106229215000049/xoxo2015093010-q.htm,1620600036,18:40:36,20210509
13,2015-06-30,XOXO,USD,2015-08-07 00:00:00,2015-08-06 18:47:09,Q2,36190000.0,2846000.0,33344000.0,0.9213594915722575,9845000.0,6071000.0,10382000.0,0.0,27719000.0,30565000.0,0.0,1421000.0,7046000.0,0.19469466703509256,5625000.0,0.15542967670627245,-30000.0,5570000.0,0.15390991986736668,2259000.0,3311000.0,0.09148936170212765,0.1315245888615238,0.12963978073610025,25174000.0,25540000.0,https://www.sec.gov/Archives/edgar/data/1062292/000106229215000044/0001062292-15-000044-index.html,https://www.sec.gov/Archives/edgar/data/1062292/000106229215000044/xoxo2015063010-q.htm,1620600036,18:40:36,20210509
14,2015-03-31,XOXO,USD,2015-05-08 00:00:00,2015-05-07 17:52:39,Q1,32602000.0,2655000.0,29947000.0,0.918563278326483,9554000.0,6090000.0,10622000.0,0.0,27511000.0,30166000.0,0.0,1245000.0,3681000.0,0.11290718360836759,2436000.0,0.07471934237163365,-6000.0,2407000.0,0.07382982639101895,962000.0,1445000.0,0.0443224342064904,0.05740049257170096,0.05639244458320325,25174000.0,25624000.0,https://www.sec.gov/Archives/edgar/data/1062292/000106229215000026/0001062292-15-000026-index.html,https://www.sec.gov/Archives/edgar/data/1062292/000106229215000026/xoxo2015033110-q.htm,1620600036,18:40:36,20210509
15,2014-12-31,XOXO,USD,2015-03-16,2015-03-16 15:31:00,Q4,37056000.0,5832000.0,31224000.0,0.8426165803108808,9546000.0,6839000.0,11724000.0,0.0,29685000.0,35517000.0,0.0,1576000.0,3115000.0,0.08406196027633851,1539000.0,0.04153173575129534,-825000.0,-1081000.0,-0.02917206390328152,2912000.0,-3993000.0,-0.10775582901554404,-0.16,-0.16,25363000.0,25363000.0,https://www.sec.gov/Archives/edgar/data/1062292/000106229215000019/0001062292-15-000019-index.htm,https://www.sec.gov/Archives/edgar/data/1062292/000106229215000019/xoxo2014123110-k.htm,1620600036,18:40:36,20210509
16,2014-09-30,XOXO,USD,2014-11-07 00:00:00,2014-11-07 14:21:39,Q3,35858000.0,4861000.0,30997000.0,0.8644375034859725,8569000.0,5389000.0,10842000.0,0.0,26668000.0,31529000.0,0.0,1868000.0,6197000.0,0.1728205700262145,4329000.0,0.12072619778013274,-68000.0,4318000.0,0.12041943220480786,2234000.0,2084000.0,0.05811813263427966,0.08220583014476747,0.08118426178418388,25351000.0,25670000.0,https://www.sec.gov/Archives/edgar/data/1062292/000106229214000099/0001062292-14-000099-index.html,https://www.sec.gov/Archives/edgar/data/1062292/000106229214000099/xoxo2014093010-q.htm,1620600036,18:40:36,20210509
17,2014-06-30,XOXO,USD,2014-08-06 00:00:00,2014-08-06 17:08:53,Q2,38330000.0,6042000.0,32288000.0,0.8423689016436212,8832000.0,6324000.0,10651000.0,0.0,27655000.0,33697000.0,0.0,1848000.0,6481000.0,0.16908426819723454,4633000.0,0.12087138012001043,-115000.0,4541000.0,0.11847117140620923,1494000.0,3047000.0,0.07949386903208974,0.12081681205392546,0.11949956859361519,25220000.0,25498000.0,https://www.sec.gov/Archives/edgar/data/1062292/000106229214000086/0001062292-14-000086-index.html,https://www.sec.gov/Archives/edgar/data/1062292/000106229214000086/xoxo2014063010-q.htm,1620600036,18:40:36,20210509
18,2014-03-31,XOXO,USD,2014-05-09 00:00:00,2014-05-09 15:02:45,Q1,32420000.0,4460000.0,27960000.0,0.8624305983960519,8873000.0,7065000.0,11113000.0,0.0,28728000.0,33188000.0,0.0,1677000.0,909000.0,0.028038247995064776,-768000.0,-0.023689080814312154,-60000.0,-853000.0,-0.026310919185687846,-177000.0,-676000.0,-0.020851326341764342,-0.03,-0.03,24908000.0,24908000.0,https://www.sec.gov/Archives/edgar/data/1062292/000106229214000054/0001062292-14-000054-index.html,https://www.sec.gov/Archives/edgar/data/1062292/000106229214000054/xoxo2014033110-q.htm,1620600036,18:40:36,20210509
19,2013-12-31,XOXO,USD,2014-03-17,2014-03-17 17:16:23,Q4,32585000.0,5439000.0,27146000.0,0.8330827067669173,8761000.0,7242000.0,10144000.0,0.0,27631000.0,33070000.0,0.0,1480000.0,995000.0,0.03053552247966856,-485000.0,-0.014884149148381157,-3272000.0,-3683000.0,-0.11302746662574804,-615000.0,-3068000.0,-0.09415375172625441,-0.12,-0.12,24704000.0,24704000.0,https://www.sec.gov/Archives/edgar/data/1062292/000106229214000037/0001062292-14-000037-index.htm,https://www.sec.gov/Archives/edgar/data/1062292/000106229214000037/xoxo2013123110-k.htm,1620600036,18:40:36,20210509
20,2013-09-30,XOXO,USD,2013-11-08 00:00:00,2013-11-08 15:27:20,Q3,33968000.0,5260000.0,28708000.0,0.845148374941121,7108000.0,5745000.0,9528000.0,0.0,23456000.0,28716000.0,0.0,1075000.0,6327000.0,0.18626354215732455,5252000.0,0.1546161092793217,-55000.0,5238000.0,0.15420395666509656,2137000.0,3101000.0,0.09129180405087141,0.13,0.12,24686000.0,25879000.0,https://www.sec.gov/Archives/edgar/data/1062292/000106229213000054/0001062292-13-000054-index.html,https://www.sec.gov/Archives/edgar/data/1062292/000106229213000054/xoxo2013093010-q.htm,1620600036,18:40:36,20210509
21,2013-06-30,XOXO,USD,2013-08-09 00:00:00,2013-08-09 17:04:42,Q2,36988000.0,7006000.0,29982000.0,0.8105872174759381,7136000.0,5267000.0,10070000.0,0.0,23619000.0,30625000.0,0.0,1146000.0,7509000.0,0.2030117876067914,6363000.0,0.17202876608629825,-62000.0,6317000.0,0.17078511949821565,2229000.0,4088000.0,0.1105223315669947,0.17,0.16,24621000.0,25594000.0,https://www.sec.gov/Archives/edgar/data/1062292/000106229213000037/0001062292-13-000037-index.html,https://www.sec.gov/Archives/edgar/data/1062292/000106229213000037/xoxo2013063010-q.htm,1620600036,18:40:36,20210509
22,2013-03-31,XOXO,USD,2013-05-10 00:00:00,2013-05-10 11:23:24,Q1,30273000.0,4696000.0,25577000.0,0.8448782743699006,6872000.0,4819000.0,9976000.0,0.0,22770000.0,27466000.0,0.0,1103000.0,3910000.0,0.12915799557361346,2807000.0,0.09272288838238694,-58000.0,2762000.0,0.09123641528754996,1089000.0,1673000.0,0.055263766392494966,0.06839738348323794,0.06624693117921913,24460000.0,25254000.0,https://www.sec.gov/Archives/edgar/data/1062292/000106229213000004/0001062292-13-000004-index.html,https://www.sec.gov/Archives/edgar/data/1062292/000106229213000004/xoxo2013033110-q.htm,1620600036,18:40:36,20210509
23,2012-12-31,XOXO,USD,2013-03-18 00:00:00,2013-03-18 16:15:02,Q4,32181000.0,5656000.0,26525000.0,0.8242441192007707,5995000.0,4483000.0,9732000.0,0.0,21344000.0,27000000.0,0.0,1111000.0,6292000.0,0.19551909511823748,5181000.0,0.16099561853267455,-26000.0,5195000.0,0.16143065784158353,2074000.0,3121000.0,0.0969826916503527,0.12759607522485691,0.12759607522485691,24460000.0,24460000.0,https://www.sec.gov/Archives/edgar/data/1062292/000144530513000652/0001445305-13-000652-index.html,https://www.sec.gov/Archives/edgar/data/1062292/000144530513000652/xoxo2012123110-k.htm,1620600036,18:40:36,20210509
24,2012-09-30,XOXO,USD,2012-11-09 00:00:00,2012-11-09 16:36:13,Q3,31734000.0,5317000.0,26417000.0,0.832450998928594,6768000.0,5461000.0,9096000.0,0.0,22192000.0,27509000.0,0.0,867000.0,5092000.0,0.16045881389046449,4225000.0,0.1331379592865696,-977000.0,3330000.0,0.10493477027793534,1271000.0,2059000.0,0.06488309069137203,0.08478484661313568,0.08296397775807882,24285000.0,24818000.0,https://www.sec.gov/Archives/edgar/data/1062292/000114420412060899/0001144204-12-060899-index.html,https://www.sec.gov/Archives/edgar/data/1062292/000114420412060899/v324772_10q.htm,1620600036,18:40:36,20210509
25,2012-06-30,XOXO,USD,2012-08-09 00:00:00,2012-08-09 15:20:10,Q2,35436000.0,6764000.0,28672000.0,0.8091206682469805,6874000.0,5401000.0,10258000.0,0.0,23460000.0,30224000.0,0.0,927000.0,6139000.0,0.1732419008917485,5212000.0,0.14708206343831132,-10000.0,5197000.0,0.1466587650976408,2079000.0,3138000.0,0.08855401286826955,0.12814439725579876,0.125129595661536,24488000.0,25078000.0,https://www.sec.gov/Archives/edgar/data/1062292/000114420412043986/0001144204-12-043986-index.html,https://www.sec.gov/Archives/edgar/data/1062292/000114420412043986/v317320_10q.htm,1620600036,18:40:36,20210509
26,2012-03-31,XOXO,USD,2012-05-10,2012-05-10,Q1,29779000.0,4864000.0,24915000.0,0.8366634205312469,6592000.0,5634000.0,11153000.0,0.0,24325000.0,29189000.0,0.0,946000.0,1536000.0,0.051579972463816785,590000.0,0.01981261963128379,0.0,586000.0,0.019678296786325933,234000.0,397000.0,0.013331542362067229,0.015557035934009953,0.015215391690939752,25519000.0,26092000.0,https://www.sec.gov/Archives/edgar/data/1062292/000114420412027602/0001144204-12-027602-index.htm,https://www.sec.gov/Archives/edgar/data/1062292/000114420412027602/v311569_10q.htm,1620600036,18:40:36,20210509
27,2011-12-31,XOXO,USD,2012-03-15 00:00:00,2012-03-15 16:30:42,Q4,30945000.0,5695000.0,25250000.0,0.8159638067539182,5614000.0,4947000.0,9107000.0,0.0,20953000.0,26648000.0,0.0,1285000.0,5582000.0,0.1803845532396187,4297000.0,0.13885926644045887,0.0,3984000.0,0.12874454677653902,1468000.0,2546000.0,0.08227500403942478,0.09976879971785728,0.09976879971785728,25519000.0,25519000.0,https://www.sec.gov/Archives/edgar/data/1062292/000114420412015311/0001144204-12-015311-index.html,https://www.sec.gov/Archives/edgar/data/1062292/000114420412015311/v304413_10k.htm,1620600036,18:40:36,20210509
28,2011-09-30,XOXO,USD,2011-11-04 00:00:00,2011-11-04 15:22:34,Q3,31049000.0,6371000.0,24678000.0,0.7948082063834584,5827000.0,5898000.0,9468000.0,0.0,22085000.0,28456000.0,0.0,892000.0,3485000.0,0.11224194015910335,2593000.0,0.08351315662340172,-745000.0,2271000.0,0.0731424522528906,1010000.0,1283000.0,0.041321781699893714,0.05,0.04,28259000.0,28822000.0,https://www.sec.gov/Archives/edgar/data/1062292/000114420411061392/0001144204-11-061392-index.html,https://www.sec.gov/Archives/edgar/data/1062292/000114420411061392/v238541_10q.htm,1620600036,18:40:36,20210509
29,2011-06-30,XOXO,USD,2011-08-05 00:00:00,2011-08-05 12:33:52,Q2,34719000.0,7764000.0,26955000.0,0.7763760476972263,6304000.0,4712000.0,9659000.0,0.0,21918000.0,29682000.0,0.0,1242000.0,6279000.0,0.18085198306402833,5037000.0,0.14507906333707768,-136000.0,4995000.0,0.14386935107577983,2079000.0,2916000.0,0.08398859414153634,0.09886332938060836,0.09668241071424132,29495264.0,30160605.0,https://www.sec.gov/Archives/edgar/data/1062292/000114420411044163/0001144204-11-044163-index.html,https://www.sec.gov/Archives/edgar/data/1062292/000114420411044163/v228494_10q.htm,1620600036,18:40:36,20210509
30,2011-03-31,XOXO,USD,2011-05-10 00:00:00,2011-05-10 16:40:53,Q1,27544000.0,5255000.0,22289000.0,0.8092143479523671,6531000.0,5103000.0,10504000.0,0.0,23421000.0,28676000.0,0.0,1283000.0,151000.0,0.005482137670636073,-1132000.0,-0.041097879756026724,-104000.0,-1237000.0,-0.044909962242230615,-532000.0,-705000.0,-0.02559541097879756,-0.02,-0.02,31852286.0,31852286.0,https://www.sec.gov/Archives/edgar/data/1062292/000114420411027722/0001144204-11-027722-index.html,https://www.sec.gov/Archives/edgar/data/1062292/000114420411027722/v221697_10q.htm,1620600036,18:40:36,20210509
31,2010-12-31,XOXO,USD,2011-03-16,2011-03-16 17:10:14,Q4,27527000.0,4780000.0,22747000.0,0.8263523086424238,6034000.0,3542000.0,9164000.0,0.0,20005000.0,24785000.0,0.0,1263000.0,4005000.0,0.14549351545755076,2742000.0,0.09961129073273513,-82000.0,2757000.0,0.10015621026628402,1243000.0,1514000.0,0.05500054491953355,0.04753191026854399,0.04753191026854399,31852286.0,31852286.0,https://www.sec.gov/Archives/edgar/data/1062292/000114420411015309/0001144204-11-015309-index.htm,https://www.sec.gov/Archives/edgar/data/1062292/000114420411015309/v214703_10k.htm,1620600036,18:40:36,20210509
32,2010-09-30,XOXO,USD,2010-11-09 00:00:00,2010-11-09 16:49:45,Q3,27282000.0,5441000.0,21841000.0,0.8005644747452533,5526000.0,4792000.0,8483000.0,0.0,20008000.0,25449000.0,0.0,1207000.0,3040000.0,0.11142878088116707,1833000.0,0.06718715636683528,-63000.0,1791000.0,0.06564767978887179,692000.0,1099000.0,0.040282970456711385,0.03336976984271573,0.03266749895963379,32934000.0,33642000.0,https://www.sec.gov/Archives/edgar/data/1062292/000114420410058698/0001144204-10-058698-index.html,https://www.sec.gov/Archives/edgar/data/1062292/000114420410058698/v201545_10q.htm,1620600036,18:40:36,20210509
33,2010-06-30,XOXO,USD,2010-08-09 00:00:00,2010-08-09 16:29:32,Q2,30569000.0,7126000.0,23443000.0,0.766888023814976,5651000.0,5635000.0,8679000.0,0.0,21176000.0,28302000.0,0.0,1211000.0,3478000.0,0.1137753933723707,2267000.0,0.07416009683012202,-97000.0,2173000.0,0.07108508619843633,1021000.0,1152000.0,0.03768523667768,0.04,0.03,32609641.0,33565459.0,https://www.sec.gov/Archives/edgar/data/1062292/000114420410042241/0001144204-10-042241-index.html,https://www.sec.gov/Archives/edgar/data/1062292/000114420410042241/v192806_10q.htm,1620600036,18:40:36,20210509
34,2010-03-31,XOXO,USD,2010-05-10 00:00:00,2010-05-10 16:23:45,Q1,27503000.0,5837000.0,21666000.0,0.7877686070610479,5601000.0,5549000.0,9163000.0,0.0,21842000.0,27679000.0,0.0,1529000.0,1353000.0,0.04919463331272952,-176000.0,-0.0063993018943388,-115000.0,-209000.0,-0.007599170999527324,-98000.0,-111000.0,-0.004035923353815947,-0.0034299988378175108,-0.0034299988378175108,32361527.0,32361527.0,https://www.sec.gov/Archives/edgar/data/1062292/000114420410025780/0001144204-10-025780-index.html,https://www.sec.gov/Archives/edgar/data/1062292/000114420410025780/v184151_10q.htm,1620600036,18:40:36,20210509
35,2009-12-31,XOXO,USD,2010-03-12 00:00:00,2010-03-12 17:23:13,Q4,25055000.0,4305000.0,20750000.0,0.8281780083815605,5272000.0,4087000.0,7485000.0,0.0,19021000.0,23326000.0,0.0,2178000.0,3907000.0,0.15593693873478348,1729000.0,0.06900818199960088,-62000.0,-8972000.0,-0.3580921971662343,-2924000.0,-6048000.0,-0.24138894432249053,-0.18688858532540817,-0.18688858532540817,32361527.0,32361527.0,https://www.sec.gov/Archives/edgar/data/1062292/000114420410013200/0001144204-10-013200-index.html,https://www.sec.gov/Archives/edgar/data/1062292/000114420410013200/v176441_10k.htm,1620600036,18:40:36,20210509
36,2009-09-30,XOXO,USD,2009-11-09 00:00:00,2009-11-09 16:35:13,Q3,28173000.0,6179000.0,21994000.0,0.7806765342704007,5010000.0,4786000.0,8116000.0,0.0,20401000.0,26580000.0,0.0,2488000.0,4081000.0,0.14485500301707308,1593000.0,0.056543499094878075,-19000.0,1667000.0,0.05917012742696908,896000.0,771000.0,0.02736662762219146,0.023972389776755178,0.023110818021042534,32162000.0,33361000.0,https://www.sec.gov/Archives/edgar/data/1062292/000114420409057491/0001144204-09-057491-index.html,https://www.sec.gov/Archives/edgar/data/1062292/000114420409057491/v165326_10q.htm,1620600036,18:40:36,20210509
37,2009-06-30,XOXO,USD,2009-08-07 00:00:00,2009-08-07 16:01:58,Q2,29471000.0,6276000.0,23195000.0,0.7870448915883411,5061000.0,4817000.0,7703000.0,0.0,20115000.0,26391000.0,0.0,2535000.0,5615000.0,0.19052628007193512,3080000.0,0.1045095178310882,0.0,3296000.0,0.11183875674391774,1602000.0,1694000.0,0.057480234807098504,0.05277751814811353,0.05120454614152284,32097000.0,33083000.0,https://www.sec.gov/Archives/edgar/data/1062292/000114420409041268/0001144204-09-041268-index.html,https://www.sec.gov/Archives/edgar/data/1062292/000114420409041268/v156655_10q.htm,1620600036,18:40:36,20210509
38,2009-03-31,XOXO,USD,2009-05-08 00:00:00,2009-05-08 17:22:08,Q1,23717000.0,4858000.0,18859000.0,0.7951680229371337,5173000.0,5405000.0,7956000.0,0.0,21180000.0,26038000.0,0.0,2646000.0,325000.0,0.013703250832736012,-2321000.0,-0.09786229287009318,0.0,-2018000.0,-0.0850866467091116,-727000.0,-1291000.0,-0.05443352869249905,-0.04,-0.04,31878000.0,31878000.0,https://www.sec.gov/Archives/edgar/data/1062292/000114420409025120/0001144204-09-025120-index.html,https://www.sec.gov/Archives/edgar/data/1062292/000114420409025120/v148529_10-q.htm,1620600036,18:40:36,20210509
39,2008-12-31,XOXO,USD,2009-03-13 00:00:00,2009-03-13 17:01:11,Q4,24442406.0,4196056.0,20246350.0,0.8283288478229189,5465668.0,11685358.0,0.0,0.0,77000457.0,81196513.0,0.0,2376878.0,-54377229.0,-2.2247085250118177,-56754107.0,-2.3219525524614886,53460564.0,-2644135.0,-0.10817818016769708,-1663030.0,-981105.0,-0.040139460902498716,-0.030776868059476756,-0.030776868059476756,31878000.0,31878000.0,https://www.sec.gov/Archives/edgar/data/1062292/000114420409013954/0001144204-09-013954-index.html,https://www.sec.gov/Archives/edgar/data/1062292/000114420409013954/v142468_10k.htm,1620600036,18:40:36,20210509
40,2008-09-30,XOXO,USD,2008-11-07 00:00:00,2008-11-07 16:31:15,Q3,26982838.0,5091548.0,21891290.0,0.8113042075114559,5296140.0,11830910.0,0.0,0.0,19148016.0,24239564.0,0.0,2020966.0,4764240.0,0.17656556363715337,2743274.0,0.10166736352936634,0.0,3569337.0,0.13228174886570493,1329031.0,2240306.0,0.08302707076253432,0.07095787008501746,0.06849228920379692,31572340.0,32708879.0,https://www.sec.gov/Archives/edgar/data/1062292/000114420408061982/0001144204-08-061982-index.html,https://www.sec.gov/Archives/edgar/data/1062292/000114420408061982/v130895_10q.htm,1620600036,18:40:36,20210509
41,2008-06-30,XOXO,USD,2008-08-07 00:00:00,2008-08-07 17:00:30,Q2,28670664.0,5764456.0,22906208.0,0.7989423614325779,5037395.0,12829858.0,0.0,0.0,20105461.0,25869917.0,0.0,2238208.0,5038955.0,0.17575299267571898,2800747.0,0.09768685510736688,0.0,3681030.0,0.1283901202985742,1390001.0,2291029.0,0.0799084736928311,0.07285715694047064,0.0702932966785994,31445490.0,32592425.0,https://www.sec.gov/Archives/edgar/data/1062292/000114420408044604/0001144204-08-044604-index.html,https://www.sec.gov/Archives/edgar/data/1062292/000114420408044604/v122273_10q.htm,1620600036,18:40:36,20210509
42,2008-03-31,XOXO,USD,2008-05-08 00:00:00,2008-05-08 17:00:47,Q1,23801092.0,4470940.0,19330152.0,0.8121539969678702,4951797.0,12387874.0,0.0,0.0,19540630.0,24011570.0,0.0,2181948.0,1971470.0,0.08283107346503261,-210478.0,-0.00884320769820141,0.0,991768.0,0.041669012497409785,412998.0,578770.0,0.024316951507939215,0.018519555494830222,0.017746566568144814,31251830.0,32613069.0,https://www.sec.gov/Archives/edgar/data/1062292/000114420408027024/0001144204-08-027024-index.html,https://www.sec.gov/Archives/edgar/data/1062292/000114420408027024/v112962_10q.htm,1620600036,18:40:36,20210509
43,2007-12-31,XOXO,USD,2008-03-13,2008-03-13 17:25:41,Q4,24163660.0,3991007.0,20172653.0,0.8348343338716072,3890262.0,10964541.0,0.0,0.0,16909678.0,20900685.0,0.0,2054875.0,5317850.0,0.22007634605022583,3262975.0,0.1350364555700585,0.0,4587010.0,0.18983092793061979,2010358.0,2576652.0,0.10663334941809312,0.08244803584302103,0.08244803584302103,31251830.0,31251830.0,https://www.sec.gov/Archives/edgar/data/1062292/000114420408015115/0001144204-08-015115-index.htm,https://www.sec.gov/Archives/edgar/data/1062292/000114420408015115/v106627_10k.htm,1620600036,18:40:36,20210509
44,2007-09-30,XOXO,USD,2007-11-08 00:00:00,2007-11-08 17:00:49,Q3,25009408.0,4394093.0,20615315.0,0.8243023985213884,3486799.0,10629663.0,0.0,0.0,16690638.0,21084731.0,0.0,2078598.0,6003275.0,0.24004066789585743,3924677.0,0.15692802484569007,-495578.0,5197520.0,0.2078225922021025,2299213.0,2898307.0,0.11588866877616616,0.09339104103579479,0.0884513698851081,31034101.0,32767237.0,https://www.sec.gov/Archives/edgar/data/1062292/000114420407059375/0001144204-07-059375-index.html,https://www.sec.gov/Archives/edgar/data/1062292/000114420407059375/v092841_10q.htm,1620600036,18:40:36,20210509
45,2007-06-30,XOXO,USD,2007-08-08 00:00:00,2007-08-08 17:00:46,Q2,28486240.0,5650729.0,22835511.0,0.8016330340543364,3306326.0,10433797.0,0.0,0.0,15938429.0,21589158.0,0.0,2198305.0,9095387.0,0.31929054167907034,6897082.0,0.24211977431910986,0.0,8133361.0,0.2855189382663349,3373400.0,4759961.0,0.1670968509708547,0.1540521317979863,0.14529824311311973,30898378.0,32759935.0,https://www.sec.gov/Archives/edgar/data/1062292/000093041307006539/0000930413-07-006539-index.html,https://www.sec.gov/Archives/edgar/data/1062292/000093041307006539/c49773_10-q.htm,1620600036,18:40:36,20210509
46,2007-03-31,XOXO,USD,2007-05-09 00:00:00,2007-05-09 17:05:40,Q1,21028614.0,4016108.0,17012506.0,0.8090169898976699,3143973.0,9975174.0,0.0,0.0,15226743.0,19242851.0,0.0,2107596.0,3893359.0,0.1851457732782579,1785763.0,0.08492062291884762,0.0,2772689.0,0.13185315018859542,1138442.0,1634247.0,0.07771539294030505,0.05303962132707859,0.049775259380060916,30811815.0,32832516.0,https://www.sec.gov/Archives/edgar/data/1062292/000093041307004275/0000930413-07-004275-index.html,https://www.sec.gov/Archives/edgar/data/1062292/000093041307004275/c48418_10q.htm,1620600036,18:40:36,20210509
47,2006-12-31,XOXO,USD,2007-03-13,2007-03-13 16:33:17,Q4,21692414.0,4129229.0,17563185.0,0.8096464044988262,3228955.0,9495297.0,0.0,0.0,14772910.0,18902139.0,0.0,2048658.0,4838933.0,0.2230702862300157,2790275.0,0.12862906820789977,0.0,4904756.0,0.2261046649764291,-9688100.0,14592856.0,0.6727170152662585,0.4736123464326915,0.4736123464326915,30811815.0,30811815.0,https://www.sec.gov/Archives/edgar/data/1062292/000093041307002280/0000930413-07-002280-index.htm,https://www.sec.gov/Archives/edgar/data/1062292/000093041307002280/c47244_10k.htm,1620600036,18:40:36,20210509
48,2006-09-30,XOXO,USD,2006-11-14,2006-11-14 11:32:32,Q3,18506253.0,4200603.0,14305650.0,0.7730170985990519,2170369.0,8889626.0,0.0,0.0,12035101.0,16235704.0,0.0,975106.0,3245655.0,0.17538153185304448,2270549.0,0.12269090885118668,0.0,3352775.0,0.1811698456732435,90199.0,3262576.0,0.1762958714549077,0.12,0.11,27472080.0,29766300.0,https://www.sec.gov/Archives/edgar/data/1062292/000095011706004690/0000950117-06-004690-index.htm,https://www.sec.gov/Archives/edgar/data/1062292/000095011706004690/a45269.htm,1620600036,18:40:36,20210509
49,2006-06-30,XOXO,USD,2006-08-14,2006-08-14 16:30:13,Q2,17728935.0,4057956.0,13670979.0,0.7711111242722701,1828038.0,7694250.0,0.0,0.0,9974917.0,14032873.0,0.0,452628.0,4148690.0,0.23400672403615896,3696062.0,0.20847625647000229,0.0,4059302.0,0.2289647968137962,173177.0,3886125.0,0.2191967537813185,0.17,0.15,23173216.0,25783965.0,https://www.sec.gov/Archives/edgar/data/1062292/000095011706003499/0000950117-06-003499-index.htm,https://www.sec.gov/Archives/edgar/data/1062292/000095011706003499/a42572.htm,1620600036,18:40:36,20210509
50,2006-03-31,XOXO,USD,2006-05-11,2006-05-11 14:00:21,Q1,14751353.0,3128953.0,11622400.0,0.7878870500895748,1785661.0,7976364.0,0.0,0.0,10134199.0,13263152.0,0.0,372174.0,1860375.0,0.12611555021427526,1488201.0,0.10088572892262831,-300000.0,1488423.0,0.1009007783896162,103075.0,1685348.0,0.11425040130217208,0.07300691555454826,0.06588909093745274,23084772.0,25578559.0,https://www.sec.gov/Archives/edgar/data/1062292/000095011706002195/0000950117-06-002195-index.htm,https://www.sec.gov/Archives/edgar/data/1062292/000095011706002195/a42002.htm,1620600036,18:40:36,20210509
51,2005-12-31,XOXO,USD,2006-03-17,2006-03-17 08:17:42,Q4,12792075.0,2266408.0,10525667.0,0.82282718010956,1681906.0,7138107.0,0.0,0.0,9189569.0,11455977.0,0.0,369777.0,1705875.0,0.13335404928442024,1336098.0,0.10444732383135652,0.0,1594965.0,0.1246838374540487,114143.0,1480822.0,0.11576089102041694,0.0641471356095698,0.0641471356095698,23084772.0,23084772.0,https://www.sec.gov/Archives/edgar/data/1062292/000095011706001270/0000950117-06-001270-index.htm,https://www.sec.gov/Archives/edgar/data/1062292/000095011706001270/a41562.htm,1620600036,18:40:36,20210509
52,2005-09-30,XOXO,USD,2005-11-10,2005-11-10 14:12:26,Q3,13116887.0,3047690.0,10069197.0,0.7676514252200236,1742612.0,7433160.0,0.0,0.0,9516598.0,12564288.0,0.0,340825.0,893424.0,0.06811250260827893,552599.0,0.04212882218166551,0.0,759395.0,0.05789445315797872,36934.0,722461.0,0.05507869359551546,0.03168393574580753,0.028799742131724895,22802123.0,25085676.0,https://www.sec.gov/Archives/edgar/data/1062292/000095011705004248/0000950117-05-004248-index.htm,https://www.sec.gov/Archives/edgar/data/1062292/000095011705004248/a40790.htm,1620600036,18:40:36,20210509
53,2005-06-30,XOXO,USD,2005-08-11,2005-08-11 14:16:22,Q2,13566381.0,2875408.0,10690973.0,0.7880490014249194,1773542.0,7386026.0,0.0,0.0,9439590.0,12314998.0,0.0,280022.0,1531405.0,0.11288235233847553,1251383.0,0.09224147545318091,0.0,1418312.0,0.10454608343964393,78703.0,1339609.0,0.09874475735275311,0.06,0.05,22654055.0,24717359.0,https://www.sec.gov/Archives/edgar/data/1062292/000095011705003244/0000950117-05-003244-index.htm,https://www.sec.gov/Archives/edgar/data/1062292/000095011705003244/a40338.htm,1620600036,18:40:36,20210509
54,2005-03-31,XOXO,USD,2005-05-11,2005-05-11 14:15:36,Q1,11932657.0,2911494.0,9021163.0,0.7560062272803115,1680940.0,6745707.0,0.0,0.0,8707244.0,11618738.0,0.0,280597.0,594516.0,0.04982260028089301,313919.0,0.026307552458769243,0.0,444328.0,0.0372363003478605,35220.0,409108.0,0.034284736417044416,0.018255158665952835,0.016838427478854317,22410542.0,24296093.0,https://www.sec.gov/Archives/edgar/data/1062292/000095011705001884/0000950117-05-001884-index.htm,https://www.sec.gov/Archives/edgar/data/1062292/000095011705001884/a39803.htm,1620600036,18:40:36,20210509
55,2004-12-31,XOXO,USD,2005-03-21 00:00:00,2005-03-21 16:20:59,Q4,10065021.0,2135351.0,7929670.0,0.7878443572050172,1417890.0,6143912.0,0.0,0.0,7789993.0,9925344.0,0.0,228191.0,367868.0,0.036549153747418905,139677.0,0.013877467319740317,0.0,246336.0,0.024474464583829483,61248.0,185088.0,0.01838923137865286,0.008258970264976188,0.008258970264976188,22410542.0,22410542.0,https://www.sec.gov/Archives/edgar/data/1062292/000095011705001055/0000950117-05-001055-index.html,https://www.sec.gov/Archives/edgar/data/1062292/000095011705001055/a39442.htm,1620600036,18:40:36,20210509
56,2004-09-30,XOXO,USD,2004-11-12 00:00:00,2004-11-12 09:04:26,Q3,10671404.0,3080885.0,7590519.0,0.7112952522460962,1283196.0,5172696.0,0.0,0.0,6646521.0,9727406.0,0.0,190628.0,1134626.0,0.10632396636843662,943998.0,0.08846052496934799,0.0,1026188.0,0.09616241686660912,20791.0,1005397.0,0.09421412590133407,0.05,0.04,22189580.0,23505692.0,https://www.sec.gov/Archives/edgar/data/1062292/000095011704003912/0000950117-04-003912-index.html,https://www.sec.gov/Archives/edgar/data/1062292/000095011704003912/a38731.htm,1620600036,18:40:36,20210509
57,2004-06-30,XOXO,USD,2004-06-30,2004-06-30,Q2,10883392.0,3118986.0,7764406.0,0.7134178388502408,1264086.0,0.0,0.0,0.0,7594293.0,10713279.0,0.0,201396.0,371509.0,0.034135405579437,170113.0,0.015630512987127542,0.0,227605.0,0.020913057252738853,45333.0,182272.0,0.01674771982852405,0.01,0.01,22020775.0,23547450.0,,,1620600036,18:40:36,20210509
58,2004-03-31,XOXO,USD,2004-03-31,2004-03-31,Q1,9777845.0,2809055.0,6968790.0,0.7127122591941272,1196162.0,0.0,0.0,0.0,7107871.0,9916926.0,0.0,197070.0,57989.0,0.005930652408582873,-139081.0,-0.014224095391162367,0.0,-85646.0,-0.008759189780570258,12110.0,-97756.0,-0.009997703993057775,0.0,0.0,21829044.0,21829044.0,,,1620600036,18:40:36,20210509
59,2003-12-31,XOXO,USD,2003-12-31,2003-12-31,Q4,8149033.0,2089298.0,6059735.0,0.7436139969000003,1003559.0,0.0,0.0,0.0,5799880.0,7889178.0,0.0,193248.0,453103.0,0.05560205732385671,259855.0,0.03188783258087186,0.0,298749.0,0.03666066881800577,15000.0,283749.0,0.03481995961974875,0.0,0.0,0.0,0.0,,,1620600036,18:40:36,20210509
60,2003-09-30,XOXO,USD,2003-09-30,2003-09-30,Q3,9739002.0,3394233.0,6344769.0,0.651480408362171,1112199.0,0.0,0.0,0.0,6158757.0,9552990.0,0.0,174293.0,360305.0,0.03699609056451575,186012.0,0.019099698305842835,2.0,206836.0,0.021237905074873175,5000.0,201834.0,0.02072430008742169,0.01,0.01,18605468.0,20492003.0,,,1620600036,18:40:36,20210509
61,2003-06-30,XOXO,USD,2003-06-30,2003-06-30,Q2,10143271.0,3303201.0,6840070.0,0.6743455833921819,1031511.0,0.0,0.0,0.0,6065199.0,9368400.0,0.0,249901.0,1024772.0,0.101029736857075,774871.0,0.07639261536046903,0.0,801618.0,0.0790295359356957,30000.0,771618.0,0.0760719101362864,0.04,0.04,18409892.0,19783362.0,,,1620600036,18:40:36,20210509
62,2003-03-31,XOXO,USD,2003-03-31,2003-03-31,Q1,8665640.0,2930924.0,5734716.0,0.6617763950498752,1072063.0,0.0,0.0,0.0,5945976.0,8876900.0,0.0,273541.0,62281.0,0.007187120628135949,-211260.0,-0.024379041824954647,0.0,0.0,0.0,0.0,-195390.0,-0.022547671031799152,-0.01,-0.01,18394233.0,18394233.0,,,1620600036,18:40:36,20210509
63,2002-12-31,XOXO,USD,2002-12-31,2002-12-31,Q4,7034114.0,2007683.0,5026431.0,0.7145791211231436,889156.0,0.0,0.0,0.0,5610122.0,7617805.0,0.0,449538.0,-134153.0,-0.019071769379910532,-583691.0,-0.08298003131595535,0.0,0.0,0.0,0.0,-550897.0,-0.07831789476258133,0.0,0.0,0.0,0.0,,,1620600036,18:40:36,20210509
64,2002-09-30,XOXO,USD,2002-11-14,2002-11-14,Q3,8035823.0,2890997.0,5144826.0,0.6402363516468693,957675.0,0.0,0.0,0.0,6152630.0,9043627.0,0.0,482412.0,-525392.0,-0.06538123102014566,-1007804.0,-0.1254139121780059,0.0,0.0,0.0,0.0,-977283.0,-0.12161579467342673,-0.05,-0.05,18361535.0,18361535.0,https://www.sec.gov/Archives/edgar/data/1062292/000095011702002726/0000950117-02-002726-index.htm,https://www.sec.gov/Archives/edgar/data/1062292/000095011702002726/a33735.txt,1620600036,18:40:36,20210509
65,2002-06-30,XOXO,USD,2002-06-30,2002-06-30,Q2,8274063.0,2932525.0,5341538.0,0.6455761818589005,989893.0,0.0,0.0,0.0,6435798.0,9368323.0,0.0,545176.0,-549084.0,-0.06636207628585859,-1094260.0,-0.13225183322872935,0.0,0.0,0.0,0.0,-1061044.0,-0.1282373605325461,-0.06,-0.06,18337164.0,18337164.0,,,1620600036,18:40:36,20210509
66,2002-03-31,XOXO,USD,2002-05-14,2002-05-14,Q1,6132173.0,2392635.0,3739538.0,0.6098226517745015,1033769.0,0.0,0.0,0.0,6246022.0,8638657.0,0.0,559445.0,-1947039.0,-0.31751207932326764,-2506484.0,-0.4087431975581902,0.0,0.0,0.0,0.0,-2491155.0,-0.40624343116216716,-0.15,-0.15,16540836.0,16540836.0,https://www.sec.gov/Archives/edgar/data/1062292/000095011702001213/0000950117-02-001213-index.htm,https://www.sec.gov/Archives/edgar/data/1062292/000095011702001213/a32672.txt,1620600036,18:40:36,20210509
67,2001-12-31,XOXO,USD,2001-12-31,2001-12-31,Q4,6224469.0,1814464.0,4410005.0,0.7084949736274693,915152.0,0.0,0.0,0.0,6284145.0,8098609.0,0.0,845636.0,-1028504.0,-0.16523562090195967,-1874140.0,-0.30109235020690117,0.0,0.0,0.0,0.0,-1858362.0,-0.2985575155085518,0.0,0.0,0.0,0.0,,,1620600036,18:40:36,20210509
68,2001-09-30,XOXO,USD,2001-09-30,2001-09-30,Q3,6464462.0,2512695.0,3951767.0,0.6113064010585877,1082041.0,0.0,0.0,0.0,7208280.0,9720975.0,0.0,844795.0,-2411718.0,-0.3730732735376896,-3256513.0,-0.5037562290566485,0.0,0.0,0.0,0.0,-3213352.0,-0.4970795713548939,-0.22,-0.22,14723624.0,14723624.0,,,1620600036,18:40:36,20210509
69,2001-06-30,XOXO,USD,2001-08-14,2001-08-14,Q2,6208541.0,2329682.0,3878859.0,0.6247617596469122,1107365.0,0.0,0.0,0.0,8140167.0,10469849.0,0.0,874741.0,-3386567.0,-0.5454690562565343,-4261308.0,-0.6863622226220298,0.0,0.0,0.0,0.0,-4166287.0,-0.6710573385921105,-0.28,-0.28,14708940.0,14708940.0,https://www.sec.gov/Archives/edgar/data/1062292/000095011701500954/0000950117-01-500954-index.htm,https://www.sec.gov/Archives/edgar/data/1062292/000095011701500954/a31162.txt,1620600036,18:40:36,20210509
70,2001-03-31,XOXO,USD,2001-03-31,2001-03-31,Q1,5222991.0,2215362.0,3007629.0,0.5758441858314517,1370117.0,0.0,0.0,0.0,9009385.0,11224747.0,0.0,965082.0,-5036674.0,-0.9643275280390106,-6001756.0,-1.1491032628622182,0.0,0.0,0.0,0.0,-5849147.0,-1.1198845642276618,-0.4,-0.4,14692411.0,14692411.0,,,1620600036,18:40:36,20210509
71,2000-12-31,XOXO,USD,2000-12-31,2000-12-31,Q4,7002621.0,1636711.0,5365910.0,0.766271657426555,1518364.0,0.0,0.0,0.0,10419824.0,12056535.0,0.0,993250.0,-4060664.0,-0.5798777343511808,-5053914.0,-0.7217174826397145,0.0,0.0,0.0,0.0,-4824309.0,-0.6889290452817595,0.0,0.0,0.0,0.0,,,1620600036,18:40:36,20210509
72,2000-09-30,XOXO,USD,2000-09-30,2000-09-30,Q3,6656455.0,1428167.0,5228288.0,0.7854463073813314,1420776.0,0.0,0.0,0.0,9757266.0,11185433.0,0.0,977840.0,-3551138.0,-0.5334878700449414,-4528978.0,-0.6803888856756336,0.0,0.0,0.0,0.0,-4248776.0,-0.6382941069983948,-0.29,-0.29,14634772.0,14634772.0,,,1620600036,18:40:36,20210509
73,2000-06-30,XOXO,USD,2000-06-30,2000-06-30,Q2,6856799.0,1455257.0,5401542.0,0.7877643781012102,1591028.0,0.0,0.0,0.0,9570222.0,11025479.0,0.0,983735.0,-3184945.0,-0.46449443829402026,-4168680.0,-0.6079629868106095,0.0,0.0,0.0,0.0,-3825677.0,-0.5579392074931757,-0.26,-0.26,14590310.0,14590310.0,,,1620600036,18:40:36,20210509
74,2000-03-31,XOXO,USD,2000-03-31,2000-03-31,Q1,3719032.0,727102.0,2991930.0,0.8044915988891733,945011.0,0.0,0.0,0.0,6455928.0,7183030.0,0.0,682007.0,-2781991.0,-0.7480416947205617,-3463998.0,-0.9314246287743693,0.0,0.0,0.0,0.0,-2891547.0,-0.7774998978228743,-0.2,-0.2,14518954.0,14518954.0,,,1620600036,18:40:36,20210509
75,1999-12-31,XOXO,USD,1999-12-31,1999-12-31,Q4,2500000.0,0.0,2500000.0,1.0,1000000.0,0.0,0.0,0.0,5800000.0,5800000.0,0.0,700000.0,-2600000.0,-1.04,-3300000.0,-1.32,0.0,0.0,0.0,0.0,-3200000.0,-1.28,0.0,0.0,0.0,0.0,,,1620600036,18:40:36,20210509
76,1999-09-30,XOXO,USD,1999-09-30,1999-09-30,Q3,1900000.0,700000.0,1200000.0,0.631578947368421,800000.0,0.0,0.0,0.0,4100000.0,4800000.0,0.0,0.0,-2700000.0,-1.4210526315789473,-2900000.0,-1.5263157894736843,0.0,0.0,0.0,0.0,-2700000.0,-1.4210526315789473,-0.88,-0.88,3055556.0,3055556.0,,,1620600036,18:40:36,20210509
77,1999-06-30,XOXO,USD,1999-06-30,1999-06-30,Q2,500000.0,0.0,0.0,0.0,0.0,0.0,0.0,0.0,0.0,0.0,0.0,0.0,500000.0,1.0,500000.0,1.0,0.0,0.0,0.0,0.0,-1700000.0,-3.4,-0.56,-0.56,3035714.0,3035714.0,,,1620600036,18:40:36,20210509
78,1999-03-31,XOXO,USD,1999-03-31,1999-03-31,Q1,200000.0,0.0,0.0,0.0,0.0,0.0,0.0,0.0,0.0,0.0,0.0,0.0,200000.0,1.0,200000.0,1.0,0.0,0.0,0.0,0.0,-1600000.0,-8.0,-0.52,-0.52,3076923.0,3076923.0,,,1620600036,18:40:36,20210509
79,1998-12-31,XOXO,USD,1998-12-31,1998-12-31,Q4,200000.0,0.0,0.0,0.0,0.0,0.0,0.0,0.0,0.0,0.0,0.0,0.0,-2700000.0,-13.5,-2700000.0,-13.5,0.0,0.0,0.0,0.0,-900000.0,-4.5,0.0,0.0,0.0,0.0,,,1620600036,18:40:36,20210509
80,1998-09-30,XOXO,USD,1998-09-30,1998-09-30,Q3,200000.0,0.0,0.0,0.0,0.0,0.0,0.0,0.0,0.0,0.0,0.0,0.0,200000.0,1.0,200000.0,1.0,0.0,0.0,0.0,0.0,-800000.0,-4.0,-0.32,-0.32,2500000.0,2500000.0,,,1620600036,18:40:36,20210509
81,1998-06-30,XOXO,USD,1998-06-30,1998-06-30,Q2,400000.0,0.0,0.0,0.0,0.0,0.0,0.0,0.0,0.0,0.0,0.0,0.0,400000.0,1.0,400000.0,1.0,0.0,0.0,0.0,0.0,200000.0,0.5,0.07,0.07,2857143.0,2857143.0,,,1620600036,18:40:36,20210509
82,1998-03-31,XOXO,USD,1998-03-31,1998-03-31,Q1,200000.0,0.0,0.0,0.0,0.0,0.0,0.0,0.0,0.0,0.0,0.0,0.0,200000.0,1.0,200000.0,1.0,0.0,0.0,0.0,0.0,-200000.0,-1.0,-0.08,-0.08,2500000.0,2500000.0,,,1620600036,18:40:36,20210509
