,date,symbol,reportedCurrency,fillingDate,acceptedDate,period,revenue,costOfRevenue,grossProfit,grossProfitRatio,researchAndDevelopmentExpenses,generalAndAdministrativeExpenses,sellingAndMarketingExpenses,otherExpenses,operatingExpenses,costAndExpenses,interestExpense,depreciationAndAmortization,ebitda,ebitdaratio,operatingIncome,operatingIncomeRatio,totalOtherIncomeExpensesNet,incomeBeforeTax,incomeBeforeTaxRatio,incomeTaxExpense,netIncome,netIncomeRatio,eps,epsdiluted,weightedAverageShsOut,weightedAverageShsOutDil,link,finalLink,timestamp,est_time,est_date
0,2020-09-30,CVSG.L,GBP,2020-09-30,2020-09-30,Q3,106950000.0,64425000.0,42525000.0,0.3976157082748948,0.0,37900000.0,0.0,0.0,0.0,102325000.0,1900000.0,11600000.0,16225000.0,0.1517064048620851,4625000.0,0.04324450677886863,0.0,2475000.0,0.02314165497896213,1050000.0,1425000.0,0.01332398316970547,0.020168706916545952,0.02013674076379633,70654009,70766169,https://find-and-update.company-information.service.gov.uk/search/companies?q=CVS+Group+PLC,https://find-and-update.company-information.service.gov.uk/search/companies?q=CVS+Group+PLC,1620590875,16:07:55,20210509
1,2020-06-30,CVSG.L,GBP,2020-06-30,2020-06-30,Q2,106950000.0,64425000.0,42525000.0,0.3976157082748948,0.0,37900000.0,0.0,0.0,0.0,102325000.0,1900000.0,11600000.0,16225000.0,0.1517064048620851,4625000.0,0.04324450677886863,0.0,2475000.0,0.02314165497896213,1050000.0,1425000.0,0.01332398316970547,0.020168706916545952,0.02013674076379633,70654009,70766169,https://find-and-update.company-information.service.gov.uk/search/companies?q=CVS+Group+PLC,https://find-and-update.company-information.service.gov.uk/search/companies?q=CVS+Group+PLC,1620590875,16:07:55,20210509
2,2020-03-31,CVSG.L,GBP,2020-03-31,2020-03-31,Q1,106950000.0,64425000.0,42525000.0,0.3976157082748948,0.0,37900000.0,0.0,0.0,0.0,102325000.0,1900000.0,11600000.0,16225000.0,0.1517064048620851,4625000.0,0.04324450677886863,0.0,2475000.0,0.02314165497896213,1050000.0,1425000.0,0.01332398316970547,0.020168706916545952,0.02013674076379633,70654009,70766169,https://find-and-update.company-information.service.gov.uk/search/companies?q=CVS+Group+PLC,https://find-and-update.company-information.service.gov.uk/search/companies?q=CVS+Group+PLC,1620590875,16:07:55,20210509
3,2020-01-31,CVSG.L,GBP,2020-01-31,2020-01-31,Q1,106950000.0,64425000.0,42525000.0,0.3976157082748948,0.0,37900000.0,0.0,0.0,0.0,102325000.0,1900000.0,11600000.0,16225000.0,0.1517064048620851,4625000.0,0.04324450677886863,0.0,2475000.0,0.02314165497896213,1050000.0,1425000.0,0.01332398316970547,0.020168706916545952,0.02013674076379633,70654009,70766169,https://find-and-update.company-information.service.gov.uk/search/companies?q=CVS+Group+PLC,https://find-and-update.company-information.service.gov.uk/search/companies?q=CVS+Group+PLC,1620590875,16:07:55,20210509
4,2019-06-30,CVSG.L,GBP,2019-06-30,2019-06-30,Q2,101625000.0,59400000.0,42225000.0,0.4154981549815498,0.0,38325000.0,0.0,0.0,0.0,97725000.0,850000.0,7850000.0,11750000.0,0.11562115621156212,3900000.0,0.03837638376383764,0.0,2925000.0,0.028782287822878228,875000.0,2050000.0,0.02017220172201722,0.029075343376968665,0.029038943418751975,70506476,70594855,https://find-and-update.company-information.service.gov.uk/search/companies?q=CVS+Group+PLC,https://find-and-update.company-information.service.gov.uk/search/companies?q=CVS+Group+PLC,1620590875,16:07:55,20210509
5,2019-03-31,CVSG.L,GBP,2019-03-31,2019-03-31,Q1,101625000.0,59400000.0,42225000.0,0.4154981549815498,0.0,38325000.0,0.0,0.0,0.0,97725000.0,850000.0,7850000.0,11750000.0,0.11562115621156212,3900000.0,0.03837638376383764,0.0,2925000.0,0.028782287822878228,875000.0,2050000.0,0.02017220172201722,0.029075343376968665,0.029038943418751975,70506476,70594855,https://find-and-update.company-information.service.gov.uk/search/companies?q=CVS+Group+PLC,https://find-and-update.company-information.service.gov.uk/search/companies?q=CVS+Group+PLC,1620590875,16:07:55,20210509
6,2019-01-31,CVSG.L,GBP,2019-01-31,2019-01-31,Q1,101625000.0,59400000.0,42225000.0,0.4154981549815498,0.0,38325000.0,0.0,0.0,0.0,97725000.0,850000.0,7850000.0,11750000.0,0.11562115621156212,3900000.0,0.03837638376383764,0.0,2925000.0,0.028782287822878228,875000.0,2050000.0,0.02017220172201722,0.029075343376968665,0.029038943418751975,70506476,70594855,https://find-and-update.company-information.service.gov.uk/search/companies?q=CVS+Group+PLC,https://find-and-update.company-information.service.gov.uk/search/companies?q=CVS+Group+PLC,1620590875,16:07:55,20210509
7,2018-06-30,CVSG.L,GBP,2018-06-30,2018-06-30,Q2,81825000.0,43925000.0,37900000.0,0.46318362358692333,0.0,33475000.0,0.0,0.0,0.0,77400000.0,800000.0,6600000.0,11025000.0,0.13473877176901924,4425000.0,0.054078826764436295,0.0,3525000.0,0.04307974335472044,850000.0,2675000.0,0.03269172013443324,0.04,0.03975,66369383,66726969,https://find-and-update.company-information.service.gov.uk/search/companies?q=CVS+Group+PLC,https://find-and-update.company-information.service.gov.uk/search/companies?q=CVS+Group+PLC,1620590875,16:07:55,20210509
8,2018-03-31,CVSG.L,GBP,2018-03-31,2018-03-31,Q1,81825000.0,43925000.0,37900000.0,0.46318362358692333,0.0,33475000.0,0.0,0.0,0.0,77400000.0,800000.0,6600000.0,11025000.0,0.13473877176901924,4425000.0,0.054078826764436295,0.0,3525000.0,0.04307974335472044,850000.0,2675000.0,0.03269172013443324,0.04,0.03975,66369383,66726969,https://find-and-update.company-information.service.gov.uk/search/companies?q=CVS+Group+PLC,https://find-and-update.company-information.service.gov.uk/search/companies?q=CVS+Group+PLC,1620590875,16:07:55,20210509
9,2018-01-31,CVSG.L,GBP,2018-01-31,2018-01-31,Q1,81825000.0,43925000.0,37900000.0,0.46318362358692333,0.0,33475000.0,0.0,0.0,0.0,77400000.0,800000.0,6600000.0,11025000.0,0.13473877176901924,4425000.0,0.054078826764436295,0.0,3525000.0,0.04307974335472044,850000.0,2675000.0,0.03269172013443324,0.04,0.03975,66369383,66726969,https://find-and-update.company-information.service.gov.uk/search/companies?q=CVS+Group+PLC,https://find-and-update.company-information.service.gov.uk/search/companies?q=CVS+Group+PLC,1620590875,16:07:55,20210509
10,2017-06-30,CVSG.L,GBP,2017-06-30,2017-06-30,Q2,67950000.0,36825000.0,31125000.0,0.45805739514348787,0.0,26825000.0,0.0,0.0,0.0,63650000.0,575000.0,5475000.0,9775000.0,0.14385577630610744,4300000.0,0.06328182487122884,0.0,3625000.0,0.05334805003679176,750000.0,2875000.0,0.04231052244297277,0.04625,0.0455,62105419,63053805,https://find-and-update.company-information.service.gov.uk/search/companies?q=CVS+Group+PLC,https://find-and-update.company-information.service.gov.uk/search/companies?q=CVS+Group+PLC,1620590875,16:07:55,20210509
11,2017-03-31,CVSG.L,GBP,2017-03-31,2017-03-31,Q1,67950000.0,36825000.0,31125000.0,0.45805739514348787,0.0,26825000.0,0.0,0.0,0.0,63650000.0,575000.0,5475000.0,9775000.0,0.14385577630610744,4300000.0,0.06328182487122884,0.0,3625000.0,0.05334805003679176,750000.0,2875000.0,0.04231052244297277,0.04625,0.0455,62105419,63053805,https://find-and-update.company-information.service.gov.uk/search/companies?q=CVS+Group+PLC,https://find-and-update.company-information.service.gov.uk/search/companies?q=CVS+Group+PLC,1620590875,16:07:55,20210509
12,2017-01-31,CVSG.L,GBP,2017-01-31,2017-01-31,Q1,67950000.0,36825000.0,31125000.0,0.45805739514348787,0.0,26825000.0,0.0,0.0,0.0,63650000.0,575000.0,5475000.0,9775000.0,0.14385577630610744,4300000.0,0.06328182487122884,0.0,3625000.0,0.05334805003679176,750000.0,2875000.0,0.04231052244297277,0.04625,0.0455,62105419,63053805,https://find-and-update.company-information.service.gov.uk/search/companies?q=CVS+Group+PLC,https://find-and-update.company-information.service.gov.uk/search/companies?q=CVS+Group+PLC,1620590875,16:07:55,20210509
13,2016-06-30,CVSG.L,GBP,2016-06-30,2016-06-30,Q2,54525000.0,27950000.0,26575000.0,0.4873911049977075,0.0,23625000.0,0.0,0.0,0.0,51575000.0,575000.0,4725000.0,7675000.0,0.14076111875286565,2950000.0,0.0541036221916552,0.0,2275000.0,0.041723979825768,525000.0,1750000.0,0.03209536909674461,0.029,0.02825,59736436,61143945,https://find-and-update.company-information.service.gov.uk/search/companies?q=CVS+Group+PLC,https://find-and-update.company-information.service.gov.uk/search/companies?q=CVS+Group+PLC,1620590875,16:07:55,20210509
14,2016-03-31,CVSG.L,GBP,2016-03-31,2016-03-31,Q1,54525000.0,27950000.0,26575000.0,0.4873911049977075,0.0,23625000.0,0.0,0.0,0.0,51575000.0,575000.0,4725000.0,7675000.0,0.14076111875286565,2950000.0,0.0541036221916552,0.0,2275000.0,0.041723979825768,525000.0,1750000.0,0.03209536909674461,0.029,0.02825,59736436,61143945,https://find-and-update.company-information.service.gov.uk/search/companies?q=CVS+Group+PLC,https://find-and-update.company-information.service.gov.uk/search/companies?q=CVS+Group+PLC,1620590875,16:07:55,20210509
15,2016-01-31,CVSG.L,GBP,2016-01-31,2016-01-31,Q1,54525000.0,27950000.0,26575000.0,0.4873911049977075,0.0,23625000.0,0.0,0.0,0.0,51575000.0,575000.0,4725000.0,7675000.0,0.14076111875286565,2950000.0,0.0541036221916552,0.0,2275000.0,0.041723979825768,525000.0,1750000.0,0.03209536909674461,0.029,0.02825,59736436,61143945,https://find-and-update.company-information.service.gov.uk/search/companies?q=CVS+Group+PLC,https://find-and-update.company-information.service.gov.uk/search/companies?q=CVS+Group+PLC,1620590875,16:07:55,20210509
16,2015-09-30,CVSG.L,GBP,2015-09-30,2015-09-30,Q3,41825000.0,22050000.0,19775000.0,0.47280334728033474,0.0,17325000.0,0.0,0.0,0.0,39375000.0,275000.0,3000000.0,5450000.0,0.13030484160191272,2450000.0,0.058577405857740586,0.0,2125000.0,0.05080693365212194,425000.0,1700000.0,0.04064554692169755,0.029,0.02825,58814787,60517735,https://find-and-update.company-information.service.gov.uk/search/companies?q=CVS+Group+PLC,https://find-and-update.company-information.service.gov.uk/search/companies?q=CVS+Group+PLC,1620590875,16:07:55,20210509
17,2015-06-30,CVSG.L,GBP,2015-06-30,2015-06-30,Q2,41825000.0,22050000.0,19775000.0,0.47280334728033474,0.0,17325000.0,0.0,0.0,0.0,39375000.0,275000.0,3000000.0,5450000.0,0.13030484160191272,2450000.0,0.058577405857740586,0.0,2125000.0,0.05080693365212194,425000.0,1700000.0,0.04064554692169755,0.029,0.02825,58814787,60517735,https://find-and-update.company-information.service.gov.uk/search/companies?q=CVS+Group+PLC,https://find-and-update.company-information.service.gov.uk/search/companies?q=CVS+Group+PLC,1620590875,16:07:55,20210509
18,2015-03-31,CVSG.L,GBP,2015-03-31,2015-03-31,Q1,41825000.0,22050000.0,19775000.0,0.47280334728033474,0.0,17325000.0,0.0,0.0,0.0,39375000.0,275000.0,3000000.0,5450000.0,0.13030484160191272,2450000.0,0.058577405857740586,0.0,2125000.0,0.05080693365212194,425000.0,1700000.0,0.04064554692169755,0.029,0.02825,58814787,60517735,https://find-and-update.company-information.service.gov.uk/search/companies?q=CVS+Group+PLC,https://find-and-update.company-information.service.gov.uk/search/companies?q=CVS+Group+PLC,1620590875,16:07:55,20210509
19,2015-01-31,CVSG.L,GBP,2015-01-31,2015-01-31,Q1,41825000.0,22050000.0,19775000.0,0.47280334728033474,0.0,17325000.0,0.0,0.0,0.0,39375000.0,275000.0,3000000.0,5450000.0,0.13030484160191272,2450000.0,0.058577405857740586,0.0,2125000.0,0.05080693365212194,425000.0,1700000.0,0.04064554692169755,0.029,0.02825,58814787,60517735,https://find-and-update.company-information.service.gov.uk/search/companies?q=CVS+Group+PLC,https://find-and-update.company-information.service.gov.uk/search/companies?q=CVS+Group+PLC,1620590875,16:07:55,20210509
20,2014-09-30,CVSG.L,GBP,2014-09-30,2014-09-30,Q3,35725000.0,24075000.0,11650000.0,0.3261021693491952,0.0,9775000.0,0.0,0.0,0.0,33850000.0,275000.0,2525000.0,4400000.0,0.1231630510846746,1875000.0,0.052484254723582924,0.0,1575000.0,0.044086773967809655,375000.0,1200000.0,0.03358992302309307,0.02075,0.02,57728337,59537136,https://find-and-update.company-information.service.gov.uk/search/companies?q=CVS+Group+PLC,https://find-and-update.company-information.service.gov.uk/search/companies?q=CVS+Group+PLC,1620590875,16:07:55,20210509
21,2014-06-30,CVSG.L,GBP,2014-06-30,2014-06-30,Q2,35725000.0,24075000.0,11650000.0,0.3261021693491952,0.0,9775000.0,0.0,0.0,0.0,33850000.0,275000.0,2525000.0,4400000.0,0.1231630510846746,1875000.0,0.052484254723582924,0.0,1575000.0,0.044086773967809655,375000.0,1200000.0,0.03358992302309307,0.02075,0.02,57728337,59537136,https://find-and-update.company-information.service.gov.uk/search/companies?q=CVS+Group+PLC,https://find-and-update.company-information.service.gov.uk/search/companies?q=CVS+Group+PLC,1620590875,16:07:55,20210509
22,2014-03-31,CVSG.L,GBP,2014-03-31,2014-03-31,Q1,35725000.0,24075000.0,11650000.0,0.3261021693491952,0.0,9775000.0,0.0,0.0,0.0,33850000.0,275000.0,2525000.0,4400000.0,0.1231630510846746,1875000.0,0.052484254723582924,0.0,1575000.0,0.044086773967809655,375000.0,1200000.0,0.03358992302309307,0.02075,0.02,57728337,59537136,https://find-and-update.company-information.service.gov.uk/search/companies?q=CVS+Group+PLC,https://find-and-update.company-information.service.gov.uk/search/companies?q=CVS+Group+PLC,1620590875,16:07:55,20210509
23,2014-01-31,CVSG.L,GBP,2014-01-31,2014-01-31,Q1,35725000.0,24075000.0,11650000.0,0.3261021693491952,0.0,9775000.0,0.0,0.0,0.0,33850000.0,275000.0,2525000.0,4400000.0,0.1231630510846746,1875000.0,0.052484254723582924,0.0,1575000.0,0.044086773967809655,375000.0,1200000.0,0.03358992302309307,0.02075,0.02,57728337,59537136,https://find-and-update.company-information.service.gov.uk/search/companies?q=CVS+Group+PLC,https://find-and-update.company-information.service.gov.uk/search/companies?q=CVS+Group+PLC,1620590875,16:07:55,20210509
24,2013-09-30,CVSG.L,GBP,2013-09-30,2013-09-30,Q3,30025000.0,19550000.0,10475000.0,0.3488759367194005,0.0,8800000.0,0.0,0.0,0.0,28350000.0,300000.0,2175000.0,3850000.0,0.12822647793505412,1675000.0,0.05578684429641965,0.0,1375000.0,0.04579517069109076,375000.0,1000000.0,0.03330557868442964,0.01775,0.017,56995040,59263784,https://find-and-update.company-information.service.gov.uk/search/companies?q=CVS+Group+PLC,https://find-and-update.company-information.service.gov.uk/search/companies?q=CVS+Group+PLC,1620590875,16:07:55,20210509
25,2013-06-30,CVSG.L,GBP,2013-06-30,2013-06-30,Q2,30025000.0,19550000.0,10475000.0,0.3488759367194005,0.0,8800000.0,0.0,0.0,0.0,28350000.0,300000.0,2175000.0,3850000.0,0.12822647793505412,1675000.0,0.05578684429641965,0.0,1375000.0,0.04579517069109076,375000.0,1000000.0,0.03330557868442964,0.01775,0.017,56995040,59263784,https://find-and-update.company-information.service.gov.uk/search/companies?q=CVS+Group+PLC,https://find-and-update.company-information.service.gov.uk/search/companies?q=CVS+Group+PLC,1620590875,16:07:55,20210509
26,2013-03-31,CVSG.L,GBP,2013-03-31,2013-03-31,Q1,30025000.0,19550000.0,10475000.0,0.3488759367194005,0.0,8800000.0,0.0,0.0,0.0,28350000.0,300000.0,2175000.0,3850000.0,0.12822647793505412,1675000.0,0.05578684429641965,0.0,1375000.0,0.04579517069109076,375000.0,1000000.0,0.03330557868442964,0.01775,0.017,56995040,59263784,https://find-and-update.company-information.service.gov.uk/search/companies?q=CVS+Group+PLC,https://find-and-update.company-information.service.gov.uk/search/companies?q=CVS+Group+PLC,1620590875,16:07:55,20210509
27,2013-01-31,CVSG.L,GBP,2013-01-31,2013-01-31,Q1,30025000.0,19550000.0,10475000.0,0.3488759367194005,0.0,8800000.0,0.0,0.0,0.0,28350000.0,300000.0,2175000.0,3850000.0,0.12822647793505412,1675000.0,0.05578684429641965,0.0,1375000.0,0.04579517069109076,375000.0,1000000.0,0.03330557868442964,0.01775,0.017,56995040,59263784,https://find-and-update.company-information.service.gov.uk/search/companies?q=CVS+Group+PLC,https://find-and-update.company-information.service.gov.uk/search/companies?q=CVS+Group+PLC,1620590875,16:07:55,20210509
28,2012-09-30,CVSG.L,GBP,2012-09-30,2012-09-30,Q3,27186250.0,17396000.0,9790250.0,0.3601177065612212,0.0,8094000.0,0.0,0.0,0.0,25490000.0,314000.0,1990000.0,3686250.0,0.13559244103177157,1696250.0,0.06239367327233436,0.0,943500.0,0.034705043910064834,221500.0,722000.0,0.026557542875534506,0.01275,0.0125,56604558,57820950,https://find-and-update.company-information.service.gov.uk/search/companies?q=CVS+Group+PLC,https://find-and-update.company-information.service.gov.uk/search/companies?q=CVS+Group+PLC,1620590875,16:07:55,20210509
29,2012-06-30,CVSG.L,GBP,2012-06-30,2012-06-30,Q2,27186250.0,17396000.0,9790250.0,0.3601177065612212,0.0,8094000.0,0.0,0.0,0.0,25490000.0,314000.0,1990000.0,3686250.0,0.13559244103177157,1696250.0,0.06239367327233436,0.0,943500.0,0.034705043910064834,221500.0,722000.0,0.026557542875534506,0.01275,0.0125,56604558,57820950,https://find-and-update.company-information.service.gov.uk/search/companies?q=CVS+Group+PLC,https://find-and-update.company-information.service.gov.uk/search/companies?q=CVS+Group+PLC,1620590875,16:07:55,20210509
30,2012-03-31,CVSG.L,GBP,2012-03-31,2012-03-31,Q1,27186250.0,17396000.0,9790250.0,0.3601177065612212,0.0,8094000.0,0.0,0.0,0.0,25490000.0,314000.0,1990000.0,3686250.0,0.13559244103177157,1696250.0,0.06239367327233436,0.0,943500.0,0.034705043910064834,221500.0,722000.0,0.026557542875534506,0.01275,0.0125,56604558,57820950,https://find-and-update.company-information.service.gov.uk/search/companies?q=CVS+Group+PLC,https://find-and-update.company-information.service.gov.uk/search/companies?q=CVS+Group+PLC,1620590875,16:07:55,20210509
31,2012-01-31,CVSG.L,GBP,2012-01-31,2012-01-31,Q1,27186250.0,17396000.0,9790250.0,0.3601177065612212,0.0,8094000.0,0.0,0.0,0.0,25490000.0,314000.0,1990000.0,3686250.0,0.13559244103177157,1696250.0,0.06239367327233436,0.0,943500.0,0.034705043910064834,221500.0,722000.0,0.026557542875534506,0.01275,0.0125,56604558,57820950,https://find-and-update.company-information.service.gov.uk/search/companies?q=CVS+Group+PLC,https://find-and-update.company-information.service.gov.uk/search/companies?q=CVS+Group+PLC,1620590875,16:07:55,20210509
32,2011-09-30,CVSG.L,GBP,2011-09-30,2011-09-30,Q3,25372750.0,16204250.0,9168500.0,0.3613522381294893,0.0,7544250.0,0.0,0.0,4155000.0,23740500.0,455250.0,1895250.0,3527500.0,0.1390271058517504,1632250.0,0.06433082736400272,0.0,1063500.0,0.04191504665438315,191750.0,871750.0,0.03435772630085426,0.0155,0.01525,56408647,57411737,https://find-and-update.company-information.service.gov.uk/search/companies?q=CVS+Group+PLC,https://find-and-update.company-information.service.gov.uk/search/companies?q=CVS+Group+PLC,1620590875,16:07:55,20210509
33,2011-06-30,CVSG.L,GBP,2011-06-30,2011-06-30,Q2,25372750.0,16204250.0,9168500.0,0.3613522381294893,0.0,7544250.0,0.0,0.0,4155000.0,23740500.0,455250.0,1895250.0,3527500.0,0.1390271058517504,1632250.0,0.06433082736400272,0.0,1063500.0,0.04191504665438315,191750.0,871750.0,0.03435772630085426,0.0155,0.01525,56408647,57411737,https://find-and-update.company-information.service.gov.uk/search/companies?q=CVS+Group+PLC,https://find-and-update.company-information.service.gov.uk/search/companies?q=CVS+Group+PLC,1620590875,16:07:55,20210509
34,2011-03-31,CVSG.L,GBP,2011-03-31,2011-03-31,Q1,25372750.0,16204250.0,9168500.0,0.3613522381294893,0.0,7544250.0,0.0,0.0,4155000.0,23740500.0,455250.0,1895250.0,3527500.0,0.1390271058517504,1632250.0,0.06433082736400272,0.0,1063500.0,0.04191504665438315,191750.0,871750.0,0.03435772630085426,0.0155,0.01525,56408647,57411737,https://find-and-update.company-information.service.gov.uk/search/companies?q=CVS+Group+PLC,https://find-and-update.company-information.service.gov.uk/search/companies?q=CVS+Group+PLC,1620590875,16:07:55,20210509
35,2011-01-31,CVSG.L,GBP,2011-01-31,2011-01-31,Q1,25372750.0,16204250.0,9168500.0,0.3613522381294893,0.0,7544250.0,0.0,0.0,4155000.0,23740500.0,455250.0,1895250.0,3527500.0,0.1390271058517504,1632250.0,0.06433082736400272,0.0,1063500.0,0.04191504665438315,191750.0,871750.0,0.03435772630085426,0.0155,0.01525,56408647,57411737,https://find-and-update.company-information.service.gov.uk/search/companies?q=CVS+Group+PLC,https://find-and-update.company-information.service.gov.uk/search/companies?q=CVS+Group+PLC,1620590875,16:07:55,20210509
36,2010-09-30,CVSG.L,GBP,2010-09-30,2010-09-30,Q3,21381750.0,13424000.0,7957750.0,0.37217486875489614,0.0,6403000.0,0.0,0.0,3592250.0,19830000.0,483000.0,1572500.0,3124250.0,0.1461176002899669,1551750.0,0.07257357325756779,0.0,959750.0,0.04488641013948812,195250.0,764500.0,0.035754790884749844,0.014326803015978499,0.014158273159592092,53361521,53996698,https://find-and-update.company-information.service.gov.uk/search/companies?q=CVS+Group+PLC,https://find-and-update.company-information.service.gov.uk/search/companies?q=CVS+Group+PLC,1620590875,16:07:55,20210509
37,2010-06-30,CVSG.L,GBP,2010-06-30,2010-06-30,Q2,21381750.0,13424000.0,7957750.0,0.37217486875489614,0.0,6403000.0,0.0,0.0,3592250.0,19830000.0,483000.0,1572500.0,3124250.0,0.1461176002899669,1551750.0,0.07257357325756779,0.0,959750.0,0.04488641013948812,195250.0,764500.0,0.035754790884749844,0.014326803015978499,0.014158273159592092,53361521,53996698,https://find-and-update.company-information.service.gov.uk/search/companies?q=CVS+Group+PLC,https://find-and-update.company-information.service.gov.uk/search/companies?q=CVS+Group+PLC,1620590875,16:07:55,20210509
38,2010-03-31,CVSG.L,GBP,2010-03-31,2010-03-31,Q1,21381750.0,13424000.0,7957750.0,0.37217486875489614,0.0,6403000.0,0.0,0.0,3592250.0,19830000.0,483000.0,1572500.0,3124250.0,0.1461176002899669,1551750.0,0.07257357325756779,0.0,959750.0,0.04488641013948812,195250.0,764500.0,0.035754790884749844,0.014326803015978499,0.014158273159592092,53361521,53996698,https://find-and-update.company-information.service.gov.uk/search/companies?q=CVS+Group+PLC,https://find-and-update.company-information.service.gov.uk/search/companies?q=CVS+Group+PLC,1620590875,16:07:55,20210509
39,2010-01-31,CVSG.L,GBP,2010-01-31,2010-01-31,Q1,21381750.0,13424000.0,7957750.0,0.37217486875489614,0.0,6403000.0,0.0,0.0,3592250.0,19830000.0,483000.0,1572500.0,3124250.0,0.1461176002899669,1551750.0,0.07257357325756779,0.0,959750.0,0.04488641013948812,195250.0,764500.0,0.035754790884749844,0.014326803015978499,0.014158273159592092,53361521,53996698,https://find-and-update.company-information.service.gov.uk/search/companies?q=CVS+Group+PLC,https://find-and-update.company-information.service.gov.uk/search/companies?q=CVS+Group+PLC,1620590875,16:07:55,20210509
40,2009-09-30,CVSG.L,GBP,2009-09-30,2009-09-30,Q3,19151250.0,11414250.0,7737000.0,0.40399451732915603,0.0,5984250.0,0.0,0.0,3624000.0,17401000.0,621250.0,1342000.0,3092250.0,0.16146465635402388,1750250.0,0.0913909013771947,0.0,1111000.0,0.05801187912016187,351500.0,759500.0,0.039657985771163765,0.01475,0.0145,51696623,52123799,https://find-and-update.company-information.service.gov.uk/search/companies?q=CVS+Group+PLC,https://find-and-update.company-information.service.gov.uk/search/companies?q=CVS+Group+PLC,1620590875,16:07:55,20210509
41,2009-06-30,CVSG.L,GBP,2009-06-30,2009-06-30,Q2,19151250.0,11414250.0,7737000.0,0.40399451732915603,0.0,5984250.0,0.0,0.0,3624000.0,17401000.0,621250.0,1342000.0,3092250.0,0.16146465635402388,1750250.0,0.0913909013771947,0.0,1111000.0,0.05801187912016187,351500.0,759500.0,0.039657985771163765,0.01475,0.0145,51696623,52123799,https://find-and-update.company-information.service.gov.uk/search/companies?q=CVS+Group+PLC,https://find-and-update.company-information.service.gov.uk/search/companies?q=CVS+Group+PLC,1620590875,16:07:55,20210509
42,2009-03-31,CVSG.L,GBP,2009-03-31,2009-03-31,Q1,19151250.0,11414250.0,7737000.0,0.40399451732915603,0.0,5984250.0,0.0,0.0,3624000.0,17401000.0,621250.0,1342000.0,3092250.0,0.16146465635402388,1750250.0,0.0913909013771947,0.0,1111000.0,0.05801187912016187,351500.0,759500.0,0.039657985771163765,0.01475,0.0145,51696623,52123799,https://find-and-update.company-information.service.gov.uk/search/companies?q=CVS+Group+PLC,https://find-and-update.company-information.service.gov.uk/search/companies?q=CVS+Group+PLC,1620590875,16:07:55,20210509
43,2009-01-31,CVSG.L,GBP,2009-01-31,2009-01-31,Q1,19151250.0,11414250.0,7737000.0,0.40399451732915603,0.0,5984250.0,0.0,0.0,3624000.0,17401000.0,621250.0,1342000.0,3092250.0,0.16146465635402388,1750250.0,0.0913909013771947,0.0,1111000.0,0.05801187912016187,351500.0,759500.0,0.039657985771163765,0.01475,0.0145,51696623,52123799,https://find-and-update.company-information.service.gov.uk/search/companies?q=CVS+Group+PLC,https://find-and-update.company-information.service.gov.uk/search/companies?q=CVS+Group+PLC,1620590875,16:07:55,20210509
44,2008-09-30,CVSG.L,GBP,2008-09-30,2008-09-30,Q3,15537500.0,9530250.0,6007250.0,0.3866291230893001,0.0,4625500.0,0.0,-39000.0,2557750.0,13944000.0,644750.0,994000.0,2587500.0,0.166532582461786,1593500.0,0.10255832662912309,0.0,31000.0,0.001995172968624296,115750.0,-84750.0,-0.005454545454545455,-0.0016436052845546193,-0.0016406188975873416,51563475,51657335,https://find-and-update.company-information.service.gov.uk/search/companies?q=CVS+Group+PLC,https://find-and-update.company-information.service.gov.uk/search/companies?q=CVS+Group+PLC,1620590875,16:07:55,20210509
45,2008-06-30,CVSG.L,GBP,2008-06-30,2008-06-30,Q2,15537500.0,9530250.0,6007250.0,0.3866291230893001,0.0,4625500.0,0.0,-39000.0,2557750.0,13944000.0,644750.0,994000.0,2587500.0,0.166532582461786,1593500.0,0.10255832662912309,0.0,31000.0,0.001995172968624296,115750.0,-84750.0,-0.005454545454545455,-0.0016436052845546193,-0.0016406188975873416,51563475,51657335,https://find-and-update.company-information.service.gov.uk/search/companies?q=CVS+Group+PLC,https://find-and-update.company-information.service.gov.uk/search/companies?q=CVS+Group+PLC,1620590875,16:07:55,20210509
46,2008-03-31,CVSG.L,GBP,2008-03-31,2008-03-31,Q1,15537500.0,9530250.0,6007250.0,0.3866291230893001,0.0,4625500.0,0.0,-39000.0,2557750.0,13944000.0,644750.0,994000.0,2587500.0,0.166532582461786,1593500.0,0.10255832662912309,0.0,31000.0,0.001995172968624296,115750.0,-84750.0,-0.005454545454545455,-0.0016436052845546193,-0.0016406188975873416,51563475,51657335,https://find-and-update.company-information.service.gov.uk/search/companies?q=CVS+Group+PLC,https://find-and-update.company-information.service.gov.uk/search/companies?q=CVS+Group+PLC,1620590875,16:07:55,20210509
47,2008-01-31,CVSG.L,GBP,2008-01-31,2008-01-31,Q1,15537500.0,9530250.0,6007250.0,0.3866291230893001,0.0,4625500.0,0.0,-39000.0,2557750.0,13944000.0,644750.0,994000.0,2587500.0,0.166532582461786,1593500.0,0.10255832662912309,0.0,31000.0,0.001995172968624296,115750.0,-84750.0,-0.005454545454545455,-0.0016436052845546193,-0.0016406188975873416,51563475,51657335,https://find-and-update.company-information.service.gov.uk/search/companies?q=CVS+Group+PLC,https://find-and-update.company-information.service.gov.uk/search/companies?q=CVS+Group+PLC,1620590875,16:07:55,20210509
48,2007-09-30,CVSG.L,GBP,2007-09-30,2007-09-30,Q3,9743000.0,6052250.0,3690750.0,0.37881042799958947,0.0,0.0,0.0,87750.0,1901500.0,9019500.0,255500.0,548500.0,1272000.0,0.1305552704505799,723500.0,0.07425844195832906,0.0,193250.0,0.01983475315611208,106750.0,86500.0,0.008878168941804373,0.00175,0.00175,51563000,51563000,https://find-and-update.company-information.service.gov.uk/search/companies?q=CVS+Group+PLC,https://find-and-update.company-information.service.gov.uk/search/companies?q=CVS+Group+PLC,1620590875,16:07:55,20210509
49,2007-06-30,CVSG.L,GBP,2007-06-30,2007-06-30,Q2,9743000.0,6052250.0,3690750.0,0.37881042799958947,0.0,0.0,0.0,87750.0,1901500.0,9019500.0,255500.0,548500.0,1272000.0,0.1305552704505799,723500.0,0.07425844195832906,0.0,193250.0,0.01983475315611208,106750.0,86500.0,0.008878168941804373,0.00175,0.00175,51563000,51563000,https://find-and-update.company-information.service.gov.uk/search/companies?q=CVS+Group+PLC,https://find-and-update.company-information.service.gov.uk/search/companies?q=CVS+Group+PLC,1620590875,16:07:55,20210509
50,2007-03-31,CVSG.L,GBP,2007-03-31,2007-03-31,Q1,9743000.0,6052250.0,3690750.0,0.37881042799958947,0.0,0.0,0.0,87750.0,1901500.0,9019500.0,255500.0,548500.0,1272000.0,0.1305552704505799,723500.0,0.07425844195832906,0.0,193250.0,0.01983475315611208,106750.0,86500.0,0.008878168941804373,0.00175,0.00175,51563000,51563000,https://find-and-update.company-information.service.gov.uk/search/companies?q=CVS+Group+PLC,https://find-and-update.company-information.service.gov.uk/search/companies?q=CVS+Group+PLC,1620590875,16:07:55,20210509
51,2007-01-31,CVSG.L,GBP,2007-01-31,2007-01-31,Q1,9743000.0,6052250.0,3690750.0,0.37881042799958947,0.0,0.0,0.0,87750.0,1901500.0,9019500.0,255500.0,548500.0,1272000.0,0.1305552704505799,723500.0,0.07425844195832906,0.0,193250.0,0.01983475315611208,106750.0,86500.0,0.008878168941804373,0.00175,0.00175,51563000,51563000,https://find-and-update.company-information.service.gov.uk/search/companies?q=CVS+Group+PLC,https://find-and-update.company-information.service.gov.uk/search/companies?q=CVS+Group+PLC,1620590875,16:07:55,20210509
