,date,symbol,reportedCurrency,fillingDate,acceptedDate,period,revenue,costOfRevenue,grossProfit,grossProfitRatio,researchAndDevelopmentExpenses,generalAndAdministrativeExpenses,sellingAndMarketingExpenses,otherExpenses,operatingExpenses,costAndExpenses,interestExpense,depreciationAndAmortization,ebitda,ebitdaratio,operatingIncome,operatingIncomeRatio,totalOtherIncomeExpensesNet,incomeBeforeTax,incomeBeforeTaxRatio,incomeTaxExpense,netIncome,netIncomeRatio,eps,epsdiluted,weightedAverageShsOut,weightedAverageShsOutDil,link,finalLink,timestamp,est_time,est_date
0,2019-06-30,2302.HK,HKD,2019-06-30,2019-06-30,Q2,792459000.0,784298750.0,8160250.0,0.010297378160889081,0.0,5479500.0,890000.0,1914000.0,0.0,790668250.0,3721000.0,244750.0,2035500.0,0.0025685871445715173,1790750.0,0.002259738358703731,0.0,-54351500.0,-0.06858588267658011,479250.0,-54830750.0,-0.06919064582520988,-0.112,-0.112,489168308,489168308,https://www1.hkexnews.hk/search/titlesearch.xhtml,https://www1.hkexnews.hk/search/titlesearch.xhtml,1620585492,14:38:12,20210509
1,2019-03-31,2302.HK,HKD,2019-03-31,2019-03-31,Q1,792459000.0,784298750.0,8160250.0,0.010297378160889081,0.0,5479500.0,890000.0,1914000.0,0.0,790668250.0,3721000.0,244750.0,2035500.0,0.0025685871445715173,1790750.0,0.002259738358703731,0.0,-54351500.0,-0.06858588267658011,479250.0,-54830750.0,-0.06919064582520988,-0.112,-0.112,489168308,489168308,https://www1.hkexnews.hk/search/titlesearch.xhtml,https://www1.hkexnews.hk/search/titlesearch.xhtml,1620585492,14:38:12,20210509
2,2019-01-31,2302.HK,HKD,2019-01-31,2019-01-31,Q1,792459000.0,784298750.0,8160250.0,0.010297378160889081,0.0,5479500.0,890000.0,1914000.0,0.0,790668250.0,3721000.0,244750.0,2035500.0,0.0025685871445715173,1790750.0,0.002259738358703731,0.0,-54351500.0,-0.06858588267658011,479250.0,-54830750.0,-0.06919064582520988,-0.112,-0.112,489168308,489168308,https://www1.hkexnews.hk/search/titlesearch.xhtml,https://www1.hkexnews.hk/search/titlesearch.xhtml,1620585492,14:38:12,20210509
3,2018-06-30,2302.HK,HKD,2018-06-30,2018-06-30,Q2,498013000.0,492341750.0,5671250.0,0.011387754938124104,0.0,4585000.0,495500.0,616000.0,0.0,497422250.0,0.0,270250.0,861000.0,0.0017288705314921497,590750.0,0.0011862140144935976,0.0,1073000.0,0.002154562230303225,-4830250.0,5903250.0,0.01185360623116264,0.012,0.012,489168308,489168308,https://www1.hkexnews.hk/search/titlesearch.xhtml,https://www1.hkexnews.hk/search/titlesearch.xhtml,1620585492,14:38:12,20210509
4,2018-03-31,2302.HK,HKD,2018-03-31,2018-03-31,Q1,498013000.0,492341750.0,5671250.0,0.011387754938124104,0.0,4585000.0,495500.0,616000.0,0.0,497422250.0,0.0,270250.0,861000.0,0.0017288705314921497,590750.0,0.0011862140144935976,0.0,1073000.0,0.002154562230303225,-4830250.0,5903250.0,0.01185360623116264,0.012,0.012,489168308,489168308,https://www1.hkexnews.hk/search/titlesearch.xhtml,https://www1.hkexnews.hk/search/titlesearch.xhtml,1620585492,14:38:12,20210509
5,2018-01-31,2302.HK,HKD,2018-01-31,2018-01-31,Q1,498013000.0,492341750.0,5671250.0,0.011387754938124104,0.0,4585000.0,495500.0,616000.0,0.0,497422250.0,0.0,270250.0,861000.0,0.0017288705314921497,590750.0,0.0011862140144935976,0.0,1073000.0,0.002154562230303225,-4830250.0,5903250.0,0.01185360623116264,0.012,0.012,489168308,489168308,https://www1.hkexnews.hk/search/titlesearch.xhtml,https://www1.hkexnews.hk/search/titlesearch.xhtml,1620585492,14:38:12,20210509
6,2017-06-30,2302.HK,HKD,2017-06-30,2017-06-30,Q2,163015000.0,159457500.0,3557500.0,0.021823145109345767,0.0,4457000.0,212500.0,-8750.0,0.0,164127000.0,0.0,547500.0,-564500.0,-0.003462871514891268,-1112000.0,-0.006821458148023188,0.0,64250.0,0.00039413550900223906,0.0,64250.0,0.00039413550900223906,0.00025,0.00025,489168308,489168308,https://www1.hkexnews.hk/search/titlesearch.xhtml,https://www1.hkexnews.hk/search/titlesearch.xhtml,1620585492,14:38:12,20210509
7,2017-03-31,2302.HK,HKD,2017-03-31,2017-03-31,Q1,163015000.0,159457500.0,3557500.0,0.021823145109345767,0.0,4457000.0,212500.0,-8750.0,0.0,164127000.0,0.0,547500.0,-564500.0,-0.003462871514891268,-1112000.0,-0.006821458148023188,0.0,64250.0,0.00039413550900223906,0.0,64250.0,0.00039413550900223906,0.00025,0.00025,489168308,489168308,https://www1.hkexnews.hk/search/titlesearch.xhtml,https://www1.hkexnews.hk/search/titlesearch.xhtml,1620585492,14:38:12,20210509
8,2017-01-31,2302.HK,HKD,2017-01-31,2017-01-31,Q1,163015000.0,159457500.0,3557500.0,0.021823145109345767,0.0,4457000.0,212500.0,-8750.0,0.0,164127000.0,0.0,547500.0,-564500.0,-0.003462871514891268,-1112000.0,-0.006821458148023188,0.0,64250.0,0.00039413550900223906,0.0,64250.0,0.00039413550900223906,0.00025,0.00025,489168308,489168308,https://www1.hkexnews.hk/search/titlesearch.xhtml,https://www1.hkexnews.hk/search/titlesearch.xhtml,1620585492,14:38:12,20210509
9,2016-06-30,2302.HK,HKD,2016-06-30,2016-06-30,Q2,47357250.0,51134250.0,-3777000.0,-0.07975547566634465,0.0,3908750.0,136500.0,-102250.0,-774250.0,55179500.0,0.0,644500.0,-7177750.0,-0.15156602209798922,-7822250.0,-0.16517534274055187,0.0,-7048000.0,-0.14882620929213583,0.0,-7048000.0,-0.14882620929213583,-0.0145,-0.0145,489168308,489168308,https://www1.hkexnews.hk/search/titlesearch.xhtml,https://www1.hkexnews.hk/search/titlesearch.xhtml,1620585492,14:38:12,20210509
10,2016-03-31,2302.HK,HKD,2016-03-31,2016-03-31,Q1,47357250.0,51134250.0,-3777000.0,-0.07975547566634465,0.0,3908750.0,136500.0,-102250.0,-774250.0,55179500.0,0.0,644500.0,-7177750.0,-0.15156602209798922,-7822250.0,-0.16517534274055187,0.0,-7048000.0,-0.14882620929213583,0.0,-7048000.0,-0.14882620929213583,-0.0145,-0.0145,489168308,489168308,https://www1.hkexnews.hk/search/titlesearch.xhtml,https://www1.hkexnews.hk/search/titlesearch.xhtml,1620585492,14:38:12,20210509
11,2016-01-31,2302.HK,HKD,2016-01-31,2016-01-31,Q1,47357250.0,51134250.0,-3777000.0,-0.07975547566634465,0.0,3908750.0,136500.0,-102250.0,-774250.0,55179500.0,0.0,644500.0,-7177750.0,-0.15156602209798922,-7822250.0,-0.16517534274055187,0.0,-7048000.0,-0.14882620929213583,0.0,-7048000.0,-0.14882620929213583,-0.0145,-0.0145,489168308,489168308,https://www1.hkexnews.hk/search/titlesearch.xhtml,https://www1.hkexnews.hk/search/titlesearch.xhtml,1620585492,14:38:12,20210509
12,2015-09-30,2302.HK,HKD,2015-09-30,2015-09-30,Q3,14438750.0,14042500.0,396250.0,0.02744351138429573,0.0,4590750.0,0.0,20500.0,0.0,18633250.0,0.0,647250.0,-3547250.0,-0.2456756990736733,-4194500.0,-0.29050298675439357,0.0,-55149750.0,-3.819565405592589,0.0,-55149750.0,-3.819565405592589,-0.11275,-0.11275,489168308,489168308,https://www1.hkexnews.hk/search/titlesearch.xhtml,https://www1.hkexnews.hk/search/titlesearch.xhtml,1620585492,14:38:12,20210509
13,2015-06-30,2302.HK,HKD,2015-06-30,2015-06-30,Q2,14438750.0,14042500.0,396250.0,0.02744351138429573,0.0,4590750.0,0.0,20500.0,0.0,18633250.0,0.0,647250.0,-3547250.0,-0.2456756990736733,-4194500.0,-0.29050298675439357,0.0,-55149750.0,-3.819565405592589,0.0,-55149750.0,-3.819565405592589,-0.11275,-0.11275,489168308,489168308,https://www1.hkexnews.hk/search/titlesearch.xhtml,https://www1.hkexnews.hk/search/titlesearch.xhtml,1620585492,14:38:12,20210509
14,2015-03-31,2302.HK,HKD,2015-03-31,2015-03-31,Q1,14438750.0,14042500.0,396250.0,0.02744351138429573,0.0,4590750.0,0.0,20500.0,0.0,18633250.0,0.0,647250.0,-3547250.0,-0.2456756990736733,-4194500.0,-0.29050298675439357,0.0,-55149750.0,-3.819565405592589,0.0,-55149750.0,-3.819565405592589,-0.11275,-0.11275,489168308,489168308,https://www1.hkexnews.hk/search/titlesearch.xhtml,https://www1.hkexnews.hk/search/titlesearch.xhtml,1620585492,14:38:12,20210509
15,2015-01-31,2302.HK,HKD,2015-01-31,2015-01-31,Q1,14438750.0,14042500.0,396250.0,0.02744351138429573,0.0,4590750.0,0.0,20500.0,0.0,18633250.0,0.0,647250.0,-3547250.0,-0.2456756990736733,-4194500.0,-0.29050298675439357,0.0,-55149750.0,-3.819565405592589,0.0,-55149750.0,-3.819565405592589,-0.11275,-0.11275,489168308,489168308,https://www1.hkexnews.hk/search/titlesearch.xhtml,https://www1.hkexnews.hk/search/titlesearch.xhtml,1620585492,14:38:12,20210509
16,2014-09-30,2302.HK,HKD,2014-09-30,2014-09-30,Q3,130095000.0,120249250.0,9845750.0,0.07568123294515547,0.0,5299000.0,0.0,251750.0,0.0,125548250.0,0.0,1070250.0,5617000.0,0.04317614051270226,4546750.0,0.034949460009992696,0.0,-39055750.0,-0.3002094623159998,43500.0,-39099250.0,-0.3005438333525501,-0.08,-0.08,489168308,489168308,https://www1.hkexnews.hk/search/titlesearch.xhtml,https://www1.hkexnews.hk/search/titlesearch.xhtml,1620585492,14:38:12,20210509
17,2014-06-30,2302.HK,HKD,2014-06-30,2014-06-30,Q2,130095000.0,120249250.0,9845750.0,0.07568123294515547,0.0,5299000.0,0.0,251750.0,0.0,125548250.0,0.0,1070250.0,5617000.0,0.04317614051270226,4546750.0,0.034949460009992696,0.0,-39055750.0,-0.3002094623159998,43500.0,-39099250.0,-0.3005438333525501,-0.08,-0.08,489168308,489168308,https://www1.hkexnews.hk/search/titlesearch.xhtml,https://www1.hkexnews.hk/search/titlesearch.xhtml,1620585492,14:38:12,20210509
18,2014-03-31,2302.HK,HKD,2014-03-31,2014-03-31,Q1,130095000.0,120249250.0,9845750.0,0.07568123294515547,0.0,5299000.0,0.0,251750.0,0.0,125548250.0,0.0,1070250.0,5617000.0,0.04317614051270226,4546750.0,0.034949460009992696,0.0,-39055750.0,-0.3002094623159998,43500.0,-39099250.0,-0.3005438333525501,-0.08,-0.08,489168308,489168308,https://www1.hkexnews.hk/search/titlesearch.xhtml,https://www1.hkexnews.hk/search/titlesearch.xhtml,1620585492,14:38:12,20210509
19,2014-01-31,2302.HK,HKD,2014-01-31,2014-01-31,Q1,130095000.0,120249250.0,9845750.0,0.07568123294515547,0.0,5299000.0,0.0,251750.0,0.0,125548250.0,0.0,1070250.0,5617000.0,0.04317614051270226,4546750.0,0.034949460009992696,0.0,-39055750.0,-0.3002094623159998,43500.0,-39099250.0,-0.3005438333525501,-0.08,-0.08,489168308,489168308,https://www1.hkexnews.hk/search/titlesearch.xhtml,https://www1.hkexnews.hk/search/titlesearch.xhtml,1620585492,14:38:12,20210509
20,2013-09-30,2302.HK,HKD,2013-09-30,2013-09-30,Q3,292024250.0,256235000.0,35789250.0,0.12255574665460146,0.0,5814250.0,21750.0,165000.0,0.0,262071000.0,2023250.0,1158000.0,31111250.0,0.10653652907249997,29953250.0,0.10257110496816617,0.0,-1187250.0,-0.004065587018886274,3466000.0,-4653250.0,-0.015934464346710933,-0.0095,-0.0095,489168308,489168308,https://www1.hkexnews.hk/search/titlesearch.xhtml,https://www1.hkexnews.hk/search/titlesearch.xhtml,1620585492,14:38:12,20210509
21,2013-06-30,2302.HK,HKD,2013-06-30,2013-06-30,Q2,292024250.0,256235000.0,35789250.0,0.12255574665460146,0.0,5814250.0,21750.0,165000.0,0.0,262071000.0,2023250.0,1158000.0,31111250.0,0.10653652907249997,29953250.0,0.10257110496816617,0.0,-1187250.0,-0.004065587018886274,3466000.0,-4653250.0,-0.015934464346710933,-0.0095,-0.0095,489168308,489168308,https://www1.hkexnews.hk/search/titlesearch.xhtml,https://www1.hkexnews.hk/search/titlesearch.xhtml,1620585492,14:38:12,20210509
22,2013-03-31,2302.HK,HKD,2013-03-31,2013-03-31,Q1,292024250.0,256235000.0,35789250.0,0.12255574665460146,0.0,5814250.0,21750.0,165000.0,0.0,262071000.0,2023250.0,1158000.0,31111250.0,0.10653652907249997,29953250.0,0.10257110496816617,0.0,-1187250.0,-0.004065587018886274,3466000.0,-4653250.0,-0.015934464346710933,-0.0095,-0.0095,489168308,489168308,https://www1.hkexnews.hk/search/titlesearch.xhtml,https://www1.hkexnews.hk/search/titlesearch.xhtml,1620585492,14:38:12,20210509
23,2013-01-31,2302.HK,HKD,2013-01-31,2013-01-31,Q1,292024250.0,256235000.0,35789250.0,0.12255574665460146,0.0,5814250.0,21750.0,165000.0,0.0,262071000.0,2023250.0,1158000.0,31111250.0,0.10653652907249997,29953250.0,0.10257110496816617,0.0,-1187250.0,-0.004065587018886274,3466000.0,-4653250.0,-0.015934464346710933,-0.0095,-0.0095,489168308,489168308,https://www1.hkexnews.hk/search/titlesearch.xhtml,https://www1.hkexnews.hk/search/titlesearch.xhtml,1620585492,14:38:12,20210509
24,2012-09-30,2302.HK,HKD,2012-09-30,2012-09-30,Q3,104360500.0,94935750.0,9424750.0,0.09030955198566508,0.0,5892500.0,16750.0,736500.0,0.0,100845000.0,8116000.0,757250.0,4272750.0,0.040942214726836304,3515500.0,0.03368611687372138,0.0,-5796000.0,-0.05553825441618237,738500.0,-6534500.0,-0.06261468659119111,-0.01325,-0.01325,489168308,489168308,https://www1.hkexnews.hk/search/titlesearch.xhtml,https://www1.hkexnews.hk/search/titlesearch.xhtml,1620585492,14:38:12,20210509
25,2012-06-30,2302.HK,HKD,2012-06-30,2012-06-30,Q2,104360500.0,94935750.0,9424750.0,0.09030955198566508,0.0,5892500.0,16750.0,736500.0,0.0,100845000.0,8116000.0,757250.0,4272750.0,0.040942214726836304,3515500.0,0.03368611687372138,0.0,-5796000.0,-0.05553825441618237,738500.0,-6534500.0,-0.06261468659119111,-0.01325,-0.01325,489168308,489168308,https://www1.hkexnews.hk/search/titlesearch.xhtml,https://www1.hkexnews.hk/search/titlesearch.xhtml,1620585492,14:38:12,20210509
26,2012-03-31,2302.HK,HKD,2012-03-31,2012-03-31,Q1,104360500.0,94935750.0,9424750.0,0.09030955198566508,0.0,5892500.0,16750.0,736500.0,0.0,100845000.0,8116000.0,757250.0,4272750.0,0.040942214726836304,3515500.0,0.03368611687372138,0.0,-5796000.0,-0.05553825441618237,738500.0,-6534500.0,-0.06261468659119111,-0.01325,-0.01325,489168308,489168308,https://www1.hkexnews.hk/search/titlesearch.xhtml,https://www1.hkexnews.hk/search/titlesearch.xhtml,1620585492,14:38:12,20210509
27,2012-01-31,2302.HK,HKD,2012-01-31,2012-01-31,Q1,104360500.0,94935750.0,9424750.0,0.09030955198566508,0.0,5892500.0,16750.0,736500.0,0.0,100845000.0,8116000.0,757250.0,4272750.0,0.040942214726836304,3515500.0,0.03368611687372138,0.0,-5796000.0,-0.05553825441618237,738500.0,-6534500.0,-0.06261468659119111,-0.01325,-0.01325,489168308,489168308,https://www1.hkexnews.hk/search/titlesearch.xhtml,https://www1.hkexnews.hk/search/titlesearch.xhtml,1620585492,14:38:12,20210509
28,2011-09-30,2302.HK,HKD,2011-09-30,2011-09-30,Q3,0.0,0.0,0.0,0.0,0.0,6473500.0,0.0,0.0,-1557250.0,4916250.0,10279500.0,2196250.0,-2720000.0,0.0,-4916250.0,0.0,0.0,-17044500.0,0.0,-1016750.0,-14348250.0,0.0,-0.03275,-0.03275,438702555,438702555,https://www1.hkexnews.hk/search/titlesearch.xhtml,https://www1.hkexnews.hk/search/titlesearch.xhtml,1620585492,14:38:12,20210509
29,2011-06-30,2302.HK,HKD,2011-06-30,2011-06-30,Q2,0.0,0.0,0.0,0.0,0.0,6473500.0,0.0,0.0,-1557250.0,4916250.0,10279500.0,2196250.0,-2720000.0,0.0,-4916250.0,0.0,0.0,-17044500.0,0.0,-1016750.0,-14348250.0,0.0,-0.03275,-0.03275,438702555,438702555,https://www1.hkexnews.hk/search/titlesearch.xhtml,https://www1.hkexnews.hk/search/titlesearch.xhtml,1620585492,14:38:12,20210509
30,2011-03-31,2302.HK,HKD,2011-03-31,2011-03-31,Q1,0.0,0.0,0.0,0.0,0.0,6473500.0,0.0,0.0,-1557250.0,4916250.0,10279500.0,2196250.0,-2720000.0,0.0,-4916250.0,0.0,0.0,-17044500.0,0.0,-1016750.0,-14348250.0,0.0,-0.03275,-0.03275,438702555,438702555,https://www1.hkexnews.hk/search/titlesearch.xhtml,https://www1.hkexnews.hk/search/titlesearch.xhtml,1620585492,14:38:12,20210509
31,2011-01-31,2302.HK,HKD,2011-01-31,2011-01-31,Q1,0.0,0.0,0.0,0.0,0.0,6473500.0,0.0,0.0,-1557250.0,4916250.0,10279500.0,2196250.0,-2720000.0,0.0,-4916250.0,0.0,0.0,-17044500.0,0.0,-1016750.0,-14348250.0,0.0,-0.03275,-0.03275,438702555,438702555,https://www1.hkexnews.hk/search/titlesearch.xhtml,https://www1.hkexnews.hk/search/titlesearch.xhtml,1620585492,14:38:12,20210509
32,2010-09-30,2302.HK,HKD,2010-09-30,2010-09-30,Q3,42012000.0,37307000.0,4705000.0,0.11199181186327715,0.0,10902000.0,1272000.0,0.0,-3080750.0,46400250.0,9091500.0,4155500.0,-232750.0,-0.005540083785585071,-4388250.0,-0.10445229934304484,0.0,-15714000.0,-0.3740359897172236,-1944250.0,-13769750.0,-0.327757545463201,-0.032,-0.032,429168000,429168000,https://www1.hkexnews.hk/search/titlesearch.xhtml,https://www1.hkexnews.hk/search/titlesearch.xhtml,1620585492,14:38:12,20210509
33,2010-06-30,2302.HK,HKD,2010-06-30,2010-06-30,Q2,42012000.0,37307000.0,4705000.0,0.11199181186327715,0.0,10902000.0,1272000.0,0.0,-3080750.0,46400250.0,9091500.0,4155500.0,-232750.0,-0.005540083785585071,-4388250.0,-0.10445229934304484,0.0,-15714000.0,-0.3740359897172236,-1944250.0,-13769750.0,-0.327757545463201,-0.032,-0.032,429168000,429168000,https://www1.hkexnews.hk/search/titlesearch.xhtml,https://www1.hkexnews.hk/search/titlesearch.xhtml,1620585492,14:38:12,20210509
34,2010-03-31,2302.HK,HKD,2010-03-31,2010-03-31,Q1,42012000.0,37307000.0,4705000.0,0.11199181186327715,0.0,10902000.0,1272000.0,0.0,-3080750.0,46400250.0,9091500.0,4155500.0,-232750.0,-0.005540083785585071,-4388250.0,-0.10445229934304484,0.0,-15714000.0,-0.3740359897172236,-1944250.0,-13769750.0,-0.327757545463201,-0.032,-0.032,429168000,429168000,https://www1.hkexnews.hk/search/titlesearch.xhtml,https://www1.hkexnews.hk/search/titlesearch.xhtml,1620585492,14:38:12,20210509
35,2010-01-31,2302.HK,HKD,2010-01-31,2010-01-31,Q1,42012000.0,37307000.0,4705000.0,0.11199181186327715,0.0,10902000.0,1272000.0,0.0,-3080750.0,46400250.0,9091500.0,4155500.0,-232750.0,-0.005540083785585071,-4388250.0,-0.10445229934304484,0.0,-15714000.0,-0.3740359897172236,-1944250.0,-13769750.0,-0.327757545463201,-0.032,-0.032,429168000,429168000,https://www1.hkexnews.hk/search/titlesearch.xhtml,https://www1.hkexnews.hk/search/titlesearch.xhtml,1620585492,14:38:12,20210509
36,2009-09-30,2302.HK,HKD,2009-09-30,2009-09-30,Q3,34142750.0,33232000.0,910750.0,0.026674769899905543,0.0,7848250.0,1349000.0,-1411250.0,-1677250.0,40752000.0,2393250.0,4099000.0,-2510250.0,-0.07352219724538885,-6609250.0,-0.19357696729173837,0.0,-10413750.0,-0.3050061872579098,-316250.0,-10097500.0,-0.29574360588997667,-0.02525,-0.02525,401771000,401771000,https://www1.hkexnews.hk/search/titlesearch.xhtml,https://www1.hkexnews.hk/search/titlesearch.xhtml,1620585492,14:38:12,20210509
37,2009-06-30,2302.HK,HKD,2009-06-30,2009-06-30,Q2,34142750.0,33232000.0,910750.0,0.026674769899905543,0.0,7848250.0,1349000.0,-1411250.0,-1677250.0,40752000.0,2393250.0,4099000.0,-2510250.0,-0.07352219724538885,-6609250.0,-0.19357696729173837,0.0,-10413750.0,-0.3050061872579098,-316250.0,-10097500.0,-0.29574360588997667,-0.02525,-0.02525,401771000,401771000,https://www1.hkexnews.hk/search/titlesearch.xhtml,https://www1.hkexnews.hk/search/titlesearch.xhtml,1620585492,14:38:12,20210509
38,2009-03-31,2302.HK,HKD,2009-03-31,2009-03-31,Q1,34142750.0,33232000.0,910750.0,0.026674769899905543,0.0,7848250.0,1349000.0,-1411250.0,-1677250.0,40752000.0,2393250.0,4099000.0,-2510250.0,-0.07352219724538885,-6609250.0,-0.19357696729173837,0.0,-10413750.0,-0.3050061872579098,-316250.0,-10097500.0,-0.29574360588997667,-0.02525,-0.02525,401771000,401771000,https://www1.hkexnews.hk/search/titlesearch.xhtml,https://www1.hkexnews.hk/search/titlesearch.xhtml,1620585492,14:38:12,20210509
39,2009-01-31,2302.HK,HKD,2009-01-31,2009-01-31,Q1,34142750.0,33232000.0,910750.0,0.026674769899905543,0.0,7848250.0,1349000.0,-1411250.0,-1677250.0,40752000.0,2393250.0,4099000.0,-2510250.0,-0.07352219724538885,-6609250.0,-0.19357696729173837,0.0,-10413750.0,-0.3050061872579098,-316250.0,-10097500.0,-0.29574360588997667,-0.02525,-0.02525,401771000,401771000,https://www1.hkexnews.hk/search/titlesearch.xhtml,https://www1.hkexnews.hk/search/titlesearch.xhtml,1620585492,14:38:12,20210509
40,2008-09-30,2302.HK,HKD,2008-09-30,2008-09-30,Q3,52270500.0,50041500.0,2229000.0,0.04264355611673889,0.0,5146000.0,2231750.0,0.0,-575750.0,56843500.0,534500.0,4293250.0,-279750.0,-0.005351967170775102,-4573000.0,-0.08748720597660248,0.0,-5107500.0,-0.09771285906964731,-178250.0,-4929250.0,-0.09430271376780403,-0.02025,-0.02025,244856000,244856000,https://www1.hkexnews.hk/search/titlesearch.xhtml,https://www1.hkexnews.hk/search/titlesearch.xhtml,1620585492,14:38:12,20210509
41,2008-06-30,2302.HK,HKD,2008-06-30,2008-06-30,Q2,52270500.0,50041500.0,2229000.0,0.04264355611673889,0.0,5146000.0,2231750.0,0.0,-575750.0,56843500.0,534500.0,4293250.0,-279750.0,-0.005351967170775102,-4573000.0,-0.08748720597660248,0.0,-5107500.0,-0.09771285906964731,-178250.0,-4929250.0,-0.09430271376780403,-0.02025,-0.02025,244856000,244856000,https://www1.hkexnews.hk/search/titlesearch.xhtml,https://www1.hkexnews.hk/search/titlesearch.xhtml,1620585492,14:38:12,20210509
42,2008-03-31,2302.HK,HKD,2008-03-31,2008-03-31,Q1,52270500.0,50041500.0,2229000.0,0.04264355611673889,0.0,5146000.0,2231750.0,0.0,-575750.0,56843500.0,534500.0,4293250.0,-279750.0,-0.005351967170775102,-4573000.0,-0.08748720597660248,0.0,-5107500.0,-0.09771285906964731,-178250.0,-4929250.0,-0.09430271376780403,-0.02025,-0.02025,244856000,244856000,https://www1.hkexnews.hk/search/titlesearch.xhtml,https://www1.hkexnews.hk/search/titlesearch.xhtml,1620585492,14:38:12,20210509
43,2008-01-31,2302.HK,HKD,2008-01-31,2008-01-31,Q1,52270500.0,50041500.0,2229000.0,0.04264355611673889,0.0,5146000.0,2231750.0,0.0,-575750.0,56843500.0,534500.0,4293250.0,-279750.0,-0.005351967170775102,-4573000.0,-0.08748720597660248,0.0,-5107500.0,-0.09771285906964731,-178250.0,-4929250.0,-0.09430271376780403,-0.02025,-0.02025,244856000,244856000,https://www1.hkexnews.hk/search/titlesearch.xhtml,https://www1.hkexnews.hk/search/titlesearch.xhtml,1620585492,14:38:12,20210509
44,2007-09-30,2302.HK,HKD,2007-09-30,2007-09-30,Q3,58729750.0,52409500.0,6320250.0,0.1076158165154798,0.0,3597250.0,1993750.0,0.0,2213750.0,60214250.0,0.0,4323500.0,2839000.0,0.048340066150460374,-1484500.0,-0.025276797534469327,0.0,-1098500.0,-0.0187043193611415,188500.0,-1089000.0,-0.018542561478637316,-0.00495,-0.00495,220000000,220000000,https://www1.hkexnews.hk/search/titlesearch.xhtml,https://www1.hkexnews.hk/search/titlesearch.xhtml,1620585492,14:38:12,20210509
45,2007-06-30,2302.HK,HKD,2007-06-30,2007-06-30,Q2,58729750.0,52409500.0,6320250.0,0.1076158165154798,0.0,3597250.0,1993750.0,0.0,2213750.0,60214250.0,0.0,4323500.0,2839000.0,0.048340066150460374,-1484500.0,-0.025276797534469327,0.0,-1098500.0,-0.0187043193611415,188500.0,-1089000.0,-0.018542561478637316,-0.00495,-0.00495,220000000,220000000,https://www1.hkexnews.hk/search/titlesearch.xhtml,https://www1.hkexnews.hk/search/titlesearch.xhtml,1620585492,14:38:12,20210509
46,2007-03-31,2302.HK,HKD,2007-03-31,2007-03-31,Q1,58729750.0,52409500.0,6320250.0,0.1076158165154798,0.0,3597250.0,1993750.0,0.0,2213750.0,60214250.0,0.0,4323500.0,2839000.0,0.048340066150460374,-1484500.0,-0.025276797534469327,0.0,-1098500.0,-0.0187043193611415,188500.0,-1089000.0,-0.018542561478637316,-0.00495,-0.00495,220000000,220000000,https://www1.hkexnews.hk/search/titlesearch.xhtml,https://www1.hkexnews.hk/search/titlesearch.xhtml,1620585492,14:38:12,20210509
47,2007-01-31,2302.HK,HKD,2007-01-31,2007-01-31,Q1,58729750.0,52409500.0,6320250.0,0.1076158165154798,0.0,3597250.0,1993750.0,0.0,2213750.0,60214250.0,0.0,4323500.0,2839000.0,0.048340066150460374,-1484500.0,-0.025276797534469327,0.0,-1098500.0,-0.0187043193611415,188500.0,-1089000.0,-0.018542561478637316,-0.00495,-0.00495,220000000,220000000,https://www1.hkexnews.hk/search/titlesearch.xhtml,https://www1.hkexnews.hk/search/titlesearch.xhtml,1620585492,14:38:12,20210509
48,2006-09-30,2302.HK,HKD,2006-09-30,2006-09-30,Q3,60707750.0,50510500.0,10197250.0,0.1679727876589068,0.0,5906750.0,0.0,0.0,0.0,56417250.0,0.0,3636750.0,7927250.0,0.1305805271979278,4290500.0,0.07067466674353769,0.0,3542500.0,0.05835334038899481,188500.0,3354000.0,0.055248300258204264,0.01525,0.01525,219934426,219934426,https://www1.hkexnews.hk/search/titlesearch.xhtml,https://www1.hkexnews.hk/search/titlesearch.xhtml,1620585492,14:38:12,20210509
49,2006-06-30,2302.HK,HKD,2006-06-30,2006-06-30,Q2,60707750.0,50510500.0,10197250.0,0.1679727876589068,0.0,5906750.0,0.0,0.0,0.0,56417250.0,0.0,3636750.0,7927250.0,0.1305805271979278,4290500.0,0.07067466674353769,0.0,3542500.0,0.05835334038899481,188500.0,3354000.0,0.055248300258204264,0.01525,0.01525,219934426,219934426,https://www1.hkexnews.hk/search/titlesearch.xhtml,https://www1.hkexnews.hk/search/titlesearch.xhtml,1620585492,14:38:12,20210509
50,2006-03-31,2302.HK,HKD,2006-03-31,2006-03-31,Q1,60707750.0,50510500.0,10197250.0,0.1679727876589068,0.0,5906750.0,0.0,0.0,0.0,56417250.0,0.0,3636750.0,7927250.0,0.1305805271979278,4290500.0,0.07067466674353769,0.0,3542500.0,0.05835334038899481,188500.0,3354000.0,0.055248300258204264,0.01525,0.01525,219934426,219934426,https://www1.hkexnews.hk/search/titlesearch.xhtml,https://www1.hkexnews.hk/search/titlesearch.xhtml,1620585492,14:38:12,20210509
51,2006-01-31,2302.HK,HKD,2006-01-31,2006-01-31,Q1,60707750.0,50510500.0,10197250.0,0.1679727876589068,0.0,5906750.0,0.0,0.0,0.0,56417250.0,0.0,3636750.0,7927250.0,0.1305805271979278,4290500.0,0.07067466674353769,0.0,3542500.0,0.05835334038899481,188500.0,3354000.0,0.055248300258204264,0.01525,0.01525,219934426,219934426,https://www1.hkexnews.hk/search/titlesearch.xhtml,https://www1.hkexnews.hk/search/titlesearch.xhtml,1620585492,14:38:12,20210509
52,2005-09-30,2302.HK,HKD,2005-09-30,2005-09-30,Q3,46655250.0,39526250.0,7129000.0,0.15280166755081154,0.0,3156000.0,1393250.0,0.0,45500.0,44121000.0,0.0,3254000.0,5788250.0,0.12406428001135993,2534250.0,0.05431864581156461,0.0,2637500.0,0.056531687216336855,55250.0,2582250.0,0.0553474689343643,0.01175,0.01175,219765957,219765957,https://www1.hkexnews.hk/search/titlesearch.xhtml,https://www1.hkexnews.hk/search/titlesearch.xhtml,1620585492,14:38:12,20210509
53,2005-06-30,2302.HK,HKD,2005-06-30,2005-06-30,Q2,46655250.0,39526250.0,7129000.0,0.15280166755081154,0.0,3156000.0,1393250.0,0.0,45500.0,44121000.0,0.0,3254000.0,5788250.0,0.12406428001135993,2534250.0,0.05431864581156461,0.0,2637500.0,0.056531687216336855,55250.0,2582250.0,0.0553474689343643,0.01175,0.01175,219765957,219765957,https://www1.hkexnews.hk/search/titlesearch.xhtml,https://www1.hkexnews.hk/search/titlesearch.xhtml,1620585492,14:38:12,20210509
54,2005-03-31,2302.HK,HKD,2005-03-31,2005-03-31,Q1,46655250.0,39526250.0,7129000.0,0.15280166755081154,0.0,3156000.0,1393250.0,0.0,45500.0,44121000.0,0.0,3254000.0,5788250.0,0.12406428001135993,2534250.0,0.05431864581156461,0.0,2637500.0,0.056531687216336855,55250.0,2582250.0,0.0553474689343643,0.01175,0.01175,219765957,219765957,https://www1.hkexnews.hk/search/titlesearch.xhtml,https://www1.hkexnews.hk/search/titlesearch.xhtml,1620585492,14:38:12,20210509
55,2005-01-31,2302.HK,HKD,2005-01-31,2005-01-31,Q1,46655250.0,39526250.0,7129000.0,0.15280166755081154,0.0,3156000.0,1393250.0,0.0,45500.0,44121000.0,0.0,3254000.0,5788250.0,0.12406428001135993,2534250.0,0.05431864581156461,0.0,2637500.0,0.056531687216336855,55250.0,2582250.0,0.0553474689343643,0.01175,0.01175,219765957,219765957,https://www1.hkexnews.hk/search/titlesearch.xhtml,https://www1.hkexnews.hk/search/titlesearch.xhtml,1620585492,14:38:12,20210509
56,2004-09-30,2302.HK,HKD,2004-09-30,2004-09-30,Q3,38646000.0,32224750.0,6421250.0,0.1661556176577136,0.0,3112750.0,1249750.0,0.0,-331750.0,36255500.0,0.0,2856000.0,5246500.0,0.13575790508720179,2390500.0,0.06185633700771102,0.0,2342750.0,0.06062076282150805,239250.0,2103500.0,0.054429953940899445,0.0095,0.0095,221421053,221421053,https://www1.hkexnews.hk/search/titlesearch.xhtml,https://www1.hkexnews.hk/search/titlesearch.xhtml,1620585492,14:38:12,20210509
57,2004-06-30,2302.HK,HKD,2004-06-30,2004-06-30,Q2,38646000.0,32224750.0,6421250.0,0.1661556176577136,0.0,3112750.0,1249750.0,0.0,-331750.0,36255500.0,0.0,2856000.0,5246500.0,0.13575790508720179,2390500.0,0.06185633700771102,0.0,2342750.0,0.06062076282150805,239250.0,2103500.0,0.054429953940899445,0.0095,0.0095,221421053,221421053,https://www1.hkexnews.hk/search/titlesearch.xhtml,https://www1.hkexnews.hk/search/titlesearch.xhtml,1620585492,14:38:12,20210509
58,2004-03-31,2302.HK,HKD,2004-03-31,2004-03-31,Q1,38646000.0,32224750.0,6421250.0,0.1661556176577136,0.0,3112750.0,1249750.0,0.0,-331750.0,36255500.0,0.0,2856000.0,5246500.0,0.13575790508720179,2390500.0,0.06185633700771102,0.0,2342750.0,0.06062076282150805,239250.0,2103500.0,0.054429953940899445,0.0095,0.0095,221421053,221421053,https://www1.hkexnews.hk/search/titlesearch.xhtml,https://www1.hkexnews.hk/search/titlesearch.xhtml,1620585492,14:38:12,20210509
59,2004-01-31,2302.HK,HKD,2004-01-31,2004-01-31,Q1,38646000.0,32224750.0,6421250.0,0.1661556176577136,0.0,3112750.0,1249750.0,0.0,-331750.0,36255500.0,0.0,2856000.0,5246500.0,0.13575790508720179,2390500.0,0.06185633700771102,0.0,2342750.0,0.06062076282150805,239250.0,2103500.0,0.054429953940899445,0.0095,0.0095,221421053,221421053,https://www1.hkexnews.hk/search/titlesearch.xhtml,https://www1.hkexnews.hk/search/titlesearch.xhtml,1620585492,14:38:12,20210509
60,2003-09-30,2302.HK,HKD,2003-09-30,2003-09-30,Q3,37636250.0,25949500.0,11686750.0,0.3105184496330001,0.0,4251250.0,822000.0,0.0,-381000.0,30641750.0,0.0,2160250.0,9154750.0,0.24324288418745227,6994500.0,0.18584476402404596,0.0,6928250.0,0.18408449300873492,489750.0,6438500.0,0.17107177255969977,0.02925,0.02925,220119658,220119658,https://www1.hkexnews.hk/search/titlesearch.xhtml,https://www1.hkexnews.hk/search/titlesearch.xhtml,1620585492,14:38:12,20210509
61,2003-06-30,2302.HK,HKD,2003-06-30,2003-06-30,Q2,37636250.0,25949500.0,11686750.0,0.3105184496330001,0.0,4251250.0,822000.0,0.0,-381000.0,30641750.0,0.0,2160250.0,9154750.0,0.24324288418745227,6994500.0,0.18584476402404596,0.0,6928250.0,0.18408449300873492,489750.0,6438500.0,0.17107177255969977,0.02925,0.02925,220119658,220119658,https://www1.hkexnews.hk/search/titlesearch.xhtml,https://www1.hkexnews.hk/search/titlesearch.xhtml,1620585492,14:38:12,20210509
62,2003-03-31,2302.HK,HKD,2003-03-31,2003-03-31,Q1,37636250.0,25949500.0,11686750.0,0.3105184496330001,0.0,4251250.0,822000.0,0.0,-381000.0,30641750.0,0.0,2160250.0,9154750.0,0.24324288418745227,6994500.0,0.18584476402404596,0.0,6928250.0,0.18408449300873492,489750.0,6438500.0,0.17107177255969977,0.02925,0.02925,220119658,220119658,https://www1.hkexnews.hk/search/titlesearch.xhtml,https://www1.hkexnews.hk/search/titlesearch.xhtml,1620585492,14:38:12,20210509
63,2003-01-31,2302.HK,HKD,2003-01-31,2003-01-31,Q1,37636250.0,25949500.0,11686750.0,0.3105184496330001,0.0,4251250.0,822000.0,0.0,-381000.0,30641750.0,0.0,2160250.0,9154750.0,0.24324288418745227,6994500.0,0.18584476402404596,0.0,6928250.0,0.18408449300873492,489750.0,6438500.0,0.17107177255969977,0.02925,0.02925,220119658,220119658,https://www1.hkexnews.hk/search/titlesearch.xhtml,https://www1.hkexnews.hk/search/titlesearch.xhtml,1620585492,14:38:12,20210509
64,2002-09-30,2302.HK,HKD,2002-09-30,2002-09-30,Q3,33540750.0,22554500.0,10986250.0,0.32754932432936057,0.0,2722250.0,664500.0,0.0,1750.0,25943000.0,0.0,1383500.0,8981250.0,0.26777129312850784,7597750.0,0.2265229608759494,0.0,7591750.0,0.22634407399953788,457000.0,7134750.0,0.21271885691285974,0.04325,0.04325,164965318,164965318,https://www1.hkexnews.hk/search/titlesearch.xhtml,https://www1.hkexnews.hk/search/titlesearch.xhtml,1620585492,14:38:12,20210509
65,2002-06-30,2302.HK,HKD,2002-06-30,2002-06-30,Q2,33540750.0,22554500.0,10986250.0,0.32754932432936057,0.0,2722250.0,664500.0,0.0,1750.0,25943000.0,0.0,1383500.0,8981250.0,0.26777129312850784,7597750.0,0.2265229608759494,0.0,7591750.0,0.22634407399953788,457000.0,7134750.0,0.21271885691285974,0.04325,0.04325,164965318,164965318,https://www1.hkexnews.hk/search/titlesearch.xhtml,https://www1.hkexnews.hk/search/titlesearch.xhtml,1620585492,14:38:12,20210509
66,2002-03-31,2302.HK,HKD,2002-03-31,2002-03-31,Q1,33540750.0,22554500.0,10986250.0,0.32754932432936057,0.0,2722250.0,664500.0,0.0,1750.0,25943000.0,0.0,1383500.0,8981250.0,0.26777129312850784,7597750.0,0.2265229608759494,0.0,7591750.0,0.22634407399953788,457000.0,7134750.0,0.21271885691285974,0.04325,0.04325,164965318,164965318,https://www1.hkexnews.hk/search/titlesearch.xhtml,https://www1.hkexnews.hk/search/titlesearch.xhtml,1620585492,14:38:12,20210509
67,2002-01-31,2302.HK,HKD,2002-01-31,2002-01-31,Q1,33540750.0,22554500.0,10986250.0,0.32754932432936057,0.0,2722250.0,664500.0,0.0,1750.0,25943000.0,0.0,1383500.0,8981250.0,0.26777129312850784,7597750.0,0.2265229608759494,0.0,7591750.0,0.22634407399953788,457000.0,7134750.0,0.21271885691285974,0.04325,0.04325,164965318,164965318,https://www1.hkexnews.hk/search/titlesearch.xhtml,https://www1.hkexnews.hk/search/titlesearch.xhtml,1620585492,14:38:12,20210509
