,date,symbol,reportedCurrency,fillingDate,acceptedDate,period,revenue,costOfRevenue,grossProfit,grossProfitRatio,researchAndDevelopmentExpenses,generalAndAdministrativeExpenses,sellingAndMarketingExpenses,otherExpenses,operatingExpenses,costAndExpenses,interestExpense,depreciationAndAmortization,ebitda,ebitdaratio,operatingIncome,operatingIncomeRatio,totalOtherIncomeExpensesNet,incomeBeforeTax,incomeBeforeTaxRatio,incomeTaxExpense,netIncome,netIncomeRatio,eps,epsdiluted,weightedAverageShsOut,weightedAverageShsOutDil,link,finalLink,timestamp,est_time,est_date
0,2021-01-31,FCEL,USD,2021-03-16,2021-03-16 07:36:29,Q1,14877000.0,18495000.0,-3618000.0,-0.24319419237749546,1823000.0,0.0,0.0,-978000.0,10755000.0,29250000.0,2545000.0,5604000.0,-8769000.0,-0.5894333534986893,-14373000.0,-0.9661222020568663,-29042000.0,-45960000.0,-3.0893325267190965,0.0,-45960000.0,-3.0893325267190965,-0.15,-0.15,312109888.0,312109888.0,https://www.sec.gov/Archives/edgar/data/886128/000156459021013322/0001564590-21-013322-index.htm,https://www.sec.gov/Archives/edgar/data/886128/000156459021013322/fcel-10q_20210131.htm,1620591974,16:26:14,20210509
1,2020-10-31,FCEL,USD,2021-01-21,2021-01-21,Q4,16999000.0,25044000.0,-8045000.0,-0.47326313312547796,1474000.0,0.0,7603000.0,314000.0,9077000.0,34121000.0,4268000.0,5549000.0,-11573000.0,-0.6808047532207777,-17122000.0,-1.0072357197482205,2539000.0,-18851000.0,-1.1089475851520678,5000.0,-18856000.0,-1.1092417201011824,-0.08,-0.08,256375578.0,256375578.0,https://www.sec.gov/Archives/edgar/data/886128/000156459021001679/0001564590-21-001679-index.htm,https://www.sec.gov/Archives/edgar/data/886128/000156459021001679/fcel-10k_20201031.htm,1620591974,16:26:14,20210509
2,2020-07-31,FCEL,USD,2020-09-10,2020-09-10 07:31:24,Q3,18728000.0,21856000.0,-3128000.0,-0.1670226398974797,1027000.0,0.0,19041000.0,-501000.0,7634000.0,29490000.0,4165000.0,4726000.0,-6036000.0,-0.322298163178129,-10762000.0,-0.5746475865014951,-394000.0,-15321000.0,-0.8180798803929944,10000.0,-15331000.0,-0.818613840239214,-0.07,-0.07,217966402.0,217966402.0,https://www.sec.gov/Archives/edgar/data/886128/000156459020043042/0001564590-20-043042-index.htm,https://www.sec.gov/Archives/edgar/data/886128/000156459020043042/fcel-10q_20200731.htm,1620591974,16:26:14,20210509
3,2020-04-30,FCEL,USD,2020-06-12,2020-06-12 07:27:18,Q2,18880000.0,18713000.0,167000.0,0.008845338983050847,1141000.0,0.0,0.0,340000.0,8309000.0,27022000.0,3584000.0,4472000.0,-3670000.0,-0.194385593220339,-8142000.0,-0.43125,-3032000.0,-14758000.0,-0.7816737288135593,11000.0,-14769000.0,-0.7822563559322034,-0.07,-0.07,211000091.0,211000091.0,https://www.sec.gov/Archives/edgar/data/886128/000156459020029076/fcel-10q_20200430.htm,https://www.sec.gov/Archives/edgar/data/886128/000156459020029076/fcel-10q_20200430.htm,1620591974,16:26:14,20210509
4,2020-01-31,FCEL,USD,2020-03-16 00:00:00,2020-03-16 07:31:42,Q1,16264000.0,12983000.0,3281000.0,0.2017338908017708,1155000.0,0.0,0.0,531000.0,6421000.0,19404000.0,3277000.0,4630000.0,1490000.0,0.09161337924249877,-3140000.0,-0.19306443679291688,-33714000.0,-40131000.0,-2.467474176094442,20000.0,-40151000.0,-2.4687038858829315,-0.2,-0.2,202216493.0,202216493.0,https://www.sec.gov/Archives/edgar/data/886128/000156459020010983/0001564590-20-010983-index.html,https://www.sec.gov/Archives/edgar/data/886128/000156459020010983/fcel-10q_20200131.htm,1620591974,16:26:14,20210509
5,2019-10-31,FCEL,USD,2020-01-22 00:00:00,2020-01-22 07:32:56,Q4,11041000.0,34430000.0,-23389000.0,-2.1183769586088217,1351000.0,0.0,0.0,649000.0,9603000.0,44033000.0,2816000.0,4034000.0,-28958000.0,-2.622769676659723,-32992000.0,-2.9881351326872565,649000.0,-35159000.0,-3.1844035866316456,20000.0,-35179000.0,-3.1862150167557286,-0.23,-0.23,154408279.0,154408279.0,https://www.sec.gov/Archives/edgar/data/886128/000156459020001558/0001564590-20-001558-index.html,https://www.sec.gov/Archives/edgar/data/886128/000156459020001558/fcel-10k_20191031.htm,1620591974,16:26:14,20210509
6,2019-07-31,FCEL,USD,2019-09-09 00:00:00,2019-09-09 08:38:01,Q3,22712000.0,14747000.0,7965000.0,0.3506956674885523,1977000.0,0.0,0.0,-685000.0,9035000.0,23782000.0,3536000.0,3921000.0,2851000.0,0.1255283550545967,-1070000.0,-0.04711165903487143,-685000.0,-5291000.0,-0.2329605494892568,20000.0,-5311000.0,-0.23384114124691793,-0.18,-0.18,45069911.0,45069911.0,https://www.sec.gov/Archives/edgar/data/886128/000156459019034309/0001564590-19-034309-index.html,https://www.sec.gov/Archives/edgar/data/886128/000156459019034309/fcel-10q_20190731.htm,1620591974,16:26:14,20210509
7,2019-04-30,FCEL,USD,2019-06-17 00:00:00,2019-06-17 17:19:59,Q2,9216000.0,12856000.0,-3640000.0,-0.3949652777777778,4178000.0,0.0,0.0,-31000.0,13983000.0,26839000.0,1807000.0,2199000.0,-15424000.0,-1.6736111111111112,-17623000.0,-1.9122178819444444,-31000.0,-19461000.0,-2.1116536458333335,69000.0,-19530000.0,-2.119140625,-2.06,-2.06,11090697.0,11090697.0,https://www.sec.gov/Archives/edgar/data/886128/000156459019022672/0001564590-19-022672-index.html,https://www.sec.gov/Archives/edgar/data/886128/000156459019022672/fcel-10q_20190430.htm,1620591974,16:26:14,20210509
8,2019-01-31,FCEL,USD,2019-03-07 00:00:00,2019-03-07 08:36:46,Q1,17783000.0,19988000.0,-2205000.0,-0.12399482651970983,6280000.0,0.0,0.0,160000.0,13039000.0,33027000.0,2464000.0,2199000.0,-13045000.0,-0.7335657650565146,-15244000.0,-0.8572231906877354,160000.0,-17548000.0,-0.9867851318675139,0.0,-17548000.0,-0.9867851318675139,-3.960016,-3.960016,8321668.0,8321668.0,https://www.sec.gov/Archives/edgar/data/886128/000156459019006637/0001564590-19-006637-index.html,https://www.sec.gov/Archives/edgar/data/886128/000156459019006637/fcel-10q_20190131.htm,1620591974,16:26:14,20210509
9,2018-10-31,FCEL,USD,2019-01-10 00:00:00,2019-01-10 16:49:00,Q4,17884000.0,16741000.0,1143000.0,0.06391187653768732,7432000.0,0.0,0.0,200000.0,13013000.0,29754000.0,2421000.0,2123000.0,-9747000.0,-0.5450123014985462,-11870000.0,-0.6637217624692463,200000.0,-14091000.0,-0.7879109818832476,5000.0,-14096000.0,-0.7881905613956609,-2.280009,-2.280009,7752257.0,7752257.0,https://www.sec.gov/Archives/edgar/data/886128/000156459019000521/0001564590-19-000521-index.html,https://www.sec.gov/Archives/edgar/data/886128/000156459019000521/fcel-10k_20181031.htm,1620591974,16:26:14,20210509
10,2018-07-31,FCEL,USD,2018-09-06 00:00:00,2018-09-06 08:36:37,Q3,12110000.0,14166000.0,-2056000.0,-0.16977704376548308,6318000.0,0.0,0.0,1042000.0,12418000.0,26584000.0,2434000.0,2223000.0,-12251000.0,-1.0116432700247728,-14474000.0,-1.1952105697770439,1042000.0,-15866000.0,-1.3101568951279934,15000.0,-15881000.0,-1.3113955408753097,-2.40001,-2.40001,7191427.0,7191427.0,https://www.sec.gov/Archives/edgar/data/886128/000156459018022707/0001564590-18-022707-index.html,https://www.sec.gov/Archives/edgar/data/886128/000156459018022707/fcel-10q_20180731.htm,1620591974,16:26:14,20210509
11,2018-04-30,FCEL,USD,2018-06-07 00:00:00,2018-06-07 08:36:26,Q2,20830000.0,21459000.0,-629000.0,-0.030196831493038888,5021000.0,0.0,0.0,1620000.0,12106000.0,33565000.0,2059000.0,2174000.0,-10561000.0,-0.5070091214594336,-12735000.0,-0.6113778204512722,1620000.0,-13174000.0,-0.6324531925108017,0.0,-13174000.0,-0.6324531925108017,-2.760011,-2.760011,6630245.0,6630245.0,https://www.sec.gov/Archives/edgar/data/886128/000156459018015202/0001564590-18-015202-index.html,https://www.sec.gov/Archives/edgar/data/886128/000156459018015202/fcel-10q_20180430.htm,1620591974,16:26:14,20210509
12,2018-01-31,FCEL,USD,2018-03-08 00:00:00,2018-03-08 08:36:15,Q1,38613000.0,33978000.0,4635000.0,0.1200372931396162,4046000.0,0.0,0.0,476000.0,10188000.0,44166000.0,2141000.0,2128000.0,-3425000.0,-0.08870069665656644,-5553000.0,-0.14381166964493824,476000.0,-7218000.0,-0.18693186232615958,-3035000.0,-4183000.0,-0.10833139098231166,-1.440006,-1.440006,6002043.0,6002043.0,https://www.sec.gov/Archives/edgar/data/886128/000156459018004818/0001564590-18-004818-index.html,https://www.sec.gov/Archives/edgar/data/886128/000156459018004818/fcel-10q_20180131.htm,1620591974,16:26:14,20210509
13,2017-10-31,FCEL,USD,2018-01-11 00:00:00,2018-01-11 16:08:10,Q4,47889000.0,44725000.0,3164000.0,0.06606945227505273,4226000.0,0.0,0.0,517000.0,11345000.0,56070000.0,2315000.0,2016000.0,-6165000.0,-0.12873520015034767,-8181000.0,-0.17083255027250516,517000.0,-9979000.0,-0.20837770678026268,0.0,-9979000.0,-0.20837770678026268,-2.040008,-2.040008,5144215.0,5144215.0,https://www.sec.gov/Archives/edgar/data/886128/000156459018000401/0001564590-18-000401-index.html,https://www.sec.gov/Archives/edgar/data/886128/000156459018000401/fcel-10k_20171031.htm,1620591974,16:26:14,20210509
14,2017-07-31,FCEL,USD,2017-09-08 00:00:00,2017-09-08 16:31:30,Q3,10358000.0,12984000.0,-2626000.0,-0.25352384630237496,5394000.0,0.0,0.0,-393000.0,11704000.0,24688000.0,2279000.0,2206000.0,-12124000.0,-1.170496234794362,-14330000.0,-1.3834717126858467,-393000.0,-17002000.0,-1.6414365707665572,-1000.0,-17001000.0,-1.6413400270322456,-3.720015,-3.720015,4784985.0,4784985.0,https://www.sec.gov/Archives/edgar/data/886128/000156459017018506/0001564590-17-018506-index.html,https://www.sec.gov/Archives/edgar/data/886128/000156459017018506/fcel-10q_20170731.htm,1620591974,16:26:14,20210509
15,2017-04-30,FCEL,USD,2017-06-08 00:00:00,2017-06-08 16:31:43,Q2,20417000.0,20034000.0,383000.0,0.018758877406083167,5386000.0,0.0,0.0,532000.0,11869000.0,31903000.0,2310000.0,2239000.0,-9247000.0,-0.45290689131606016,-11486000.0,-0.562570407013763,522000.0,-13274000.0,-0.6501444874369398,-36000.0,-13238000.0,-0.6483812509183523,-3.960016,-3.960016,3547387.0,3547387.0,https://www.sec.gov/Archives/edgar/data/886128/000156459017012328/0001564590-17-012328-index.html,https://www.sec.gov/Archives/edgar/data/886128/000156459017012328/fcel-10q_20170430.htm,1620591974,16:26:14,20210509
16,2017-01-31,FCEL,USD,2017-03-09 00:00:00,2017-03-09 16:08:52,Q1,17002000.0,15189000.0,1813000.0,0.10663451358663686,5392000.0,0.0,0.0,-409000.0,11396000.0,26585000.0,2267000.0,2057000.0,-7526000.0,-0.44265380543465477,-9583000.0,-0.5636395718150806,-1754000.0,-13604000.0,-0.8001411598635455,81000.0,-13685000.0,-0.8049053052582049,-4.680019,-4.680019,3134422.0,3134422.0,https://www.sec.gov/Archives/edgar/data/886128/000088612817000012/0000886128-17-000012-index.html,https://www.sec.gov/Archives/edgar/data/886128/000088612817000012/fcel-2017131x10q.htm,1620591974,16:26:14,20210509
17,2016-10-31,FCEL,USD,2017-01-12 00:00:00,2017-01-12 16:17:15,Q4,24473000.0,24941000.0,-468000.0,-0.019123115269889267,5126000.0,0.0,0.0,732000.0,11337000.0,36278000.0,1758000.0,1366000.0,-10439000.0,-0.4265517100478078,-11805000.0,-0.48236832427573245,732000.0,-12831000.0,-0.5242920769827973,117000.0,-12862000.0,-0.5255587790626405,-4.92002,-4.92002,2752426.0,2752426.0,https://www.sec.gov/Archives/edgar/data/886128/000088612817000007/0000886128-17-000007-index.html,https://www.sec.gov/Archives/edgar/data/886128/000088612817000007/fcel-103116x10k.htm,1620591974,16:26:14,20210509
18,2016-07-31,FCEL,USD,2016-09-08,2016-09-08 16:15:27,Q3,21716000.0,21282000.0,434000.0,0.019985264321237796,5299000.0,0.0,0.0,749000.0,10757000.0,32039000.0,1373000.0,1241000.0,-9082000.0,-0.41821698286977343,-10323000.0,-0.4753637870694419,749000.0,-10947000.0,-0.5040983606557377,120000.0,-11010000.0,-0.5069994474120464,-4.560018,-4.560018,2584627.0,2584627.0,https://www.sec.gov/Archives/edgar/data/886128/000088612816000064/fcel-2016731x10q.htm,https://www.sec.gov/Archives/edgar/data/886128/000088612816000064/fcel-2016731x10q.htm,1620591974,16:26:14,20210509
19,2016-04-30,FCEL,USD,2016-06-09 00:00:00,2016-06-09 14:29:58,Q2,28581000.0,28738000.0,-157000.0,-0.005493159791469858,5110000.0,0.0,0.0,-1547000.0,12551000.0,41289000.0,982000.0,1191000.0,-11517000.0,-0.40296000839718693,-12708000.0,-0.44463104859871944,-1547000.0,-15237000.0,-0.5331164060039887,177000.0,-15373000.0,-0.5378748119380008,-6.720027,-6.720027,2398495.0,2398495.0,https://www.sec.gov/Archives/edgar/data/886128/000088612816000054/0000886128-16-000054-index.html,https://www.sec.gov/Archives/edgar/data/886128/000088612816000054/fcel-2016430x10q.htm,1620591974,16:26:14,20210509
20,2016-01-31,FCEL,USD,2016-03-10 00:00:00,2016-03-10 16:01:14,Q1,33482000.0,33648000.0,-166000.0,-0.004957887820321367,5311000.0,0.0,0.0,688000.0,11351000.0,44999000.0,845000.0,1151000.0,-10366000.0,-0.30959918762320054,-11517000.0,-0.3439758676303686,688000.0,-11674000.0,-0.348664954303805,105000.0,-11712000.0,-0.34979989247954124,-5.760023,-5.760023,2187180.0,2187180.0,https://www.sec.gov/Archives/edgar/data/886128/000088612816000039/0000886128-16-000039-index.html,https://www.sec.gov/Archives/edgar/data/886128/000088612816000039/fcel-2016131x10q.htm,1620591974,16:26:14,20210509
21,2015-10-31,FCEL,USD,2016-01-08 00:00:00,2016-01-08 16:12:15,Q4,51451000.0,48307000.0,3144000.0,0.061106684029464925,4786000.0,0.0,0.0,-179000.0,11010000.0,59317000.0,765000.0,1101000.0,-6765000.0,-0.13148432489164447,-7866000.0,-0.15288332588287887,-179000.0,-8810000.0,-0.17123087986628055,95000.0,-8860000.0,-0.17220267827641833,-4.558212,-4.558212,2093434.0,2093434.0,https://www.sec.gov/Archives/edgar/data/886128/000088612816000032/0000886128-16-000032-index.html,https://www.sec.gov/Archives/edgar/data/886128/000088612816000032/fcel-103115x10k.htm,1620591974,16:26:14,20210509
22,2015-07-31,FCEL,USD,2015-09-09 00:00:00,2015-09-09 16:02:31,Q3,41356000.0,37761000.0,3595000.0,0.08692813618338331,4597000.0,0.0,0.0,1464000.0,10698000.0,48459000.0,905000.0,1054000.0,-6049000.0,-0.14626656349743689,-7103000.0,-0.1717525872908405,1464000.0,-6544000.0,-0.15823580617080957,84000.0,-6539000.0,-0.15811490472966439,-2.880023,-2.880023,2073658.0,2073658.0,https://www.sec.gov/Archives/edgar/data/886128/000088612815000017/0000886128-15-000017-index.html,https://www.sec.gov/Archives/edgar/data/886128/000088612815000017/fcel-2015731x10q.htm,1620591974,16:26:14,20210509
23,2015-04-30,FCEL,USD,2015-06-09 00:00:00,2015-06-09 16:14:22,Q2,28600000.0,26577000.0,2023000.0,0.07073426573426574,4555000.0,0.0,0.0,-523000.0,10816000.0,37393000.0,626000.0,981000.0,-7812000.0,-0.27314685314685316,-8793000.0,-0.30744755244755245,-523000.0,-9942000.0,-0.34762237762237763,55000.0,-9894000.0,-0.3459440559440559,-5.760046,-5.760046,2020998.0,2020998.0,https://www.sec.gov/Archives/edgar/data/886128/000088612815000014/0000886128-15-000014-index.html,https://www.sec.gov/Archives/edgar/data/886128/000088612815000014/fcel-2015430x10q.htm,1620591974,16:26:14,20210509
24,2015-01-31,FCEL,USD,2015-03-11,2015-03-11 16:47:38,Q1,41670000.0,37656000.0,4014000.0,0.09632829373650108,3504000.0,0.0,0.0,1680000.0,9144000.0,46800000.0,664000.0,963000.0,-4167000.0,-0.1,-5130000.0,-0.12311015118790497,1680000.0,-4114000.0,-0.09872810175185985,40000.0,-4066000.0,-0.09757619390448764,-2.880023,-2.880023,1983212.0,1983212.0,https://www.sec.gov/Archives/edgar/data/886128/000088612815000003/fcel-103114x10k.htm,https://www.sec.gov/Archives/edgar/data/886128/000088612815000003/fcel-103114x10k.htm,1620591974,16:26:14,20210509
25,2014-10-31,FCEL,USD,2015-01-09,2015-01-09 09:06:30,Q4,54409000.0,48454000.0,5955000.0,0.10944880442573839,4295000.0,0.0,0.0,957000.0,10923000.0,59377000.0,660000.0,1087000.0,-3881000.0,-0.07133011082725284,-4968000.0,-0.09130842323880241,957000.0,-4671000.0,-0.08584976750170009,219000.0,-4700000.0,-0.08638276755683802,-2.880023,-2.880023,1948343.0,1948343.0,https://www.sec.gov/Archives/edgar/data/886128/000088612815000003/fcel-103114x10k.htm,https://www.sec.gov/Archives/edgar/data/886128/000088612815000003/fcel-103114x10k.htm,1620591974,16:26:14,20210509
26,2014-07-31,FCEL,USD,2014-09-09 00:00:00,2014-09-09 11:13:07,Q3,43176000.0,39215000.0,3961000.0,0.09174078191587919,4392000.0,0.0,0.0,-399000.0,9961000.0,49176000.0,649000.0,1119000.0,-4881000.0,-0.11304891606448027,-6000000.0,-0.13896609227348528,-399000.0,-7048000.0,-0.16323883639058737,91000.0,-6978000.0,-0.16161756531406338,-4.320035,-4.320035,1792894.0,1792894.0,https://www.sec.gov/Archives/edgar/data/886128/000088612814000017/0000886128-14-000017-index.html,https://www.sec.gov/Archives/edgar/data/886128/000088612814000017/fcel-2014731x10q.htm,1620591974,16:26:14,20210509
27,2014-04-30,FCEL,USD,2014-06-05 00:00:00,2014-06-05 16:24:36,Q2,38274000.0,36663000.0,1611000.0,0.042091236870982915,4638000.0,0.0,0.0,-6307000.0,10384000.0,47047000.0,891000.0,1110000.0,-7663000.0,-0.2002142446569473,-8773000.0,-0.22921565553639547,-6307000.0,-15971000.0,-0.4172806605006009,68000.0,-15843000.0,-0.41393635366044834,-10.080081,-10.080081,1689493.0,1689493.0,https://www.sec.gov/Archives/edgar/data/886128/000088612814000011/0000886128-14-000011-index.html,https://www.sec.gov/Archives/edgar/data/886128/000088612814000011/fcel-2014430x10q.htm,1620591974,16:26:14,20210509
28,2014-01-31,FCEL,USD,2014-03-12,2014-03-12 09:06:24,Q1,44434000.0,42235000.0,2199000.0,0.049489129945537204,4915000.0,0.0,0.0,-1774000.0,9769000.0,52004000.0,1361000.0,1068000.0,-6502000.0,-0.14632938740604043,-7570000.0,-0.1703650357834091,-1774000.0,-10705000.0,-0.24091911599225818,110000.0,-10604000.0,-0.23864608182922986,-8.640069,-8.640069,1393307.0,1393307.0,https://www.sec.gov/Archives/edgar/data/886128/000088612814000003/fcel-103113x10k.htm,https://www.sec.gov/Archives/edgar/data/886128/000088612814000003/fcel-103113x10k.htm,1620591974,16:26:14,20210509
29,2013-10-31,FCEL,USD,2014-01-06,2014-01-06 16:52:56,Q4,55157000.0,52560000.0,2597000.0,0.04708377903076672,4402000.0,0.0,0.0,-941000.0,9549000.0,62109000.0,1755000.0,1053000.0,-5899000.0,-0.10694925394782168,-6952000.0,-0.1260402124843628,-941000.0,-9648000.0,-0.17491886795873599,349000.0,-9700000.0,-0.17586163134325652,-8.640069,-8.640069,1304979.0,1304979.0,https://www.sec.gov/Archives/edgar/data/886128/000088612814000003/fcel-103113x10k.htm,https://www.sec.gov/Archives/edgar/data/886128/000088612814000003/fcel-103113x10k.htm,1620591974,16:26:14,20210509
30,2013-07-31,FCEL,USD,2013-09-06 00:00:00,2013-09-06 16:36:51,Q3,53707000.0,49185000.0,4522000.0,0.08419759063064405,3913000.0,0.0,0.0,-162000.0,9116000.0,58301000.0,1078000.0,983000.0,-3611000.0,-0.06723518349563372,-4594000.0,-0.08553819800026068,-162000.0,-5834000.0,-0.10862643603254697,-20000.0,-5612000.0,-0.10449289664289571,-4.320035,-4.320035,1333680.0,1333680.0,https://www.sec.gov/Archives/edgar/data/886128/000088612813000023/0000886128-13-000023-index.html,https://www.sec.gov/Archives/edgar/data/886128/000088612813000023/fcel-2013731x10q.htm,1620591974,16:26:14,20210509
31,2013-04-30,FCEL,USD,2013-06-07 00:00:00,2013-06-07 16:46:51,Q2,42436000.0,40122000.0,2314000.0,0.05452917334338769,4075000.0,0.0,0.0,177000.0,9511000.0,49633000.0,574000.0,1049000.0,-6148000.0,-0.14487699123385805,-7197000.0,-0.16959656895089076,177000.0,-7594000.0,-0.17895183334904327,35000.0,-7365000.0,-0.1735554717692525,-5.760046,-5.760046,1322430.0,1322430.0,https://www.sec.gov/Archives/edgar/data/886128/000088612813000019/0000886128-13-000019-index.html,https://www.sec.gov/Archives/edgar/data/886128/000088612813000019/fcel-2013430x10q.htm,1620591974,16:26:14,20210509
32,2013-01-31,FCEL,USD,2013-03-12 00:00:00,2013-03-12 14:38:56,Q1,36358000.0,38669000.0,-2311000.0,-0.06356235216458551,3327000.0,0.0,0.0,-282000.0,8759000.0,47428000.0,566000.0,1012000.0,-10058000.0,-0.27663787887122504,-11070000.0,-0.30447219318994445,-236000.0,-11872000.0,-0.32653061224489793,7000.0,-11681000.0,-0.3212772979811871,-10.080081,-10.080081,1302443.0,1302443.0,https://www.sec.gov/Archives/edgar/data/886128/000088612813000006/0000886128-13-000006-index.html,https://www.sec.gov/Archives/edgar/data/886128/000088612813000006/fcel-2013131x10q.htm,1620591974,16:26:14,20210509
33,2012-10-31,FCEL,USD,2013-01-14 00:00:00,2013-01-14 17:44:15,Q4,35420000.0,34542000.0,878000.0,0.024788255223037833,3422000.0,0.0,0.0,0.0,9296000.0,43838000.0,555000.0,1018000.0,-7400000.0,-0.20892151326933936,-8418000.0,-0.23766233766233766,-2108000.0,-11519000.0,-0.3252117447769622,0.0,-11338000.0,-0.32010163749294185,-10.080081,-10.080081,1291001.0,1291001.0,https://www.sec.gov/Archives/edgar/data/886128/000088612813000002/0000886128-13-000002-index.html,https://www.sec.gov/Archives/edgar/data/886128/000088612813000002/fcel-103112x10k.htm,1620591974,16:26:14,20210509
34,2012-07-31,FCEL,USD,2012-09-07 00:00:00,2012-09-07 16:38:05,Q3,29693000.0,32431000.0,-2738000.0,-0.0922102852524164,3193000.0,0.0,0.0,0.0,7773000.0,40204000.0,544000.0,1321000.0,-9190000.0,-0.30950055568652546,-10511000.0,-0.35398915569326106,380000.0,-10019000.0,-0.3374195938436669,-9000.0,-9922000.0,-0.3341528306334826,-8.640069,-8.640069,1291009.0,1291009.0,https://www.sec.gov/Archives/edgar/data/886128/000088612812000004/0000886128-12-000004-index.html,https://www.sec.gov/Archives/edgar/data/886128/000088612812000004/fcel-2012731.htm,1620591974,16:26:14,20210509
35,2012-04-30,FCEL,USD,2012-06-08,2012-06-08 17:21:01,Q2,24153000.0,23952000.0,201000.0,0.008321947584151038,3956000.0,0.0,0.0,0.0,7958000.0,31910000.0,575000.0,823000.0,-6934000.0,-0.28708649029106115,-7757000.0,-0.32116093238935123,262000.0,-8484000.0,-0.35126071295491246,-121000.0,-8292000.0,-0.3433113898894547,-8.640069,-8.640069,1041749.0,1041749.0,https://www.sec.gov/Archives/edgar/data/886128/000144530512001976/fcel-2012430.htm,https://www.sec.gov/Archives/edgar/data/886128/000144530512001976/fcel-2012430.htm,1620591974,16:26:14,20210509
36,2012-01-31,FCEL,USD,2012-03-12 00:00:00,2012-03-12 17:24:59,Q1,31337000.0,29233000.0,2104000.0,0.06714107923540862,3783000.0,0.0,0.0,0.0,7547000.0,36780000.0,630000.0,2030000.0,-3413000.0,-0.1089127868015445,-5443000.0,-0.17369244024635416,62000.0,-5815000.0,-0.18556339151801385,199000.0,-5943000.0,-0.18964801991256341,-7.200058,-7.200058,969128.0,969128.0,https://www.sec.gov/Archives/edgar/data/886128/000119312512110083/0001193125-12-110083-index.html,https://www.sec.gov/Archives/edgar/data/886128/000119312512110083/d282142d10q.htm,1620591974,16:26:14,20210509
37,2011-10-31,FCEL,USD,2012-01-17 00:00:00,2012-01-17 17:19:23,Q4,34723000.0,34284000.0,439000.0,0.01264291679866371,4106000.0,0.0,0.0,0.0,8323000.0,42607000.0,749000.0,1618000.0,-6266000.0,-0.180456757768626,-7884000.0,-0.22705411398784667,-318000.0,-7095000.0,-0.20433142297612533,34000.0,-7065000.0,-0.20346744232929181,-7.290058691937494,-7.290058691937494,969128.0,969128.0,https://www.sec.gov/Archives/edgar/data/886128/000095012312000847/0000950123-12-000847-index.html,https://www.sec.gov/Archives/edgar/data/886128/000095012312000847/c25704e10vk.htm,1620591974,16:26:14,20210509
38,2011-07-31,FCEL,USD,2011-09-09 00:00:00,2011-09-09 17:26:53,Q3,31160000.0,31023000.0,137000.0,0.004396662387676508,3918000.0,0.0,0.0,0.0,7496000.0,38519000.0,847000.0,1628000.0,-5731000.0,-0.1839216944801027,-7359000.0,-0.23616816431322207,-94000.0,-7804000.0,-0.25044929396662385,26000.0,-7754000.0,-0.24884467265725288,-10.080081,-10.080081,881406.0,881406.0,https://www.sec.gov/Archives/edgar/data/886128/000095012311083785/0000950123-11-083785-index.html,https://www.sec.gov/Archives/edgar/data/886128/000095012311083785/c22108e10vq.htm,1620591974,16:26:14,20210509
39,2011-04-30,FCEL,USD,2011-06-09 00:00:00,2011-06-09 17:00:51,Q2,28607000.0,39477000.0,-10870000.0,-0.37997692872373895,4498000.0,0.0,0.0,0.0,8952000.0,48429000.0,928000.0,1551000.0,-18271000.0,-0.6386898311602055,-19822000.0,-0.6929073303736848,143000.0,-19973000.0,-0.6981857587303807,35000.0,-19956000.0,-0.6975914985842626,-34.560276,-34.560276,868112.0,868112.0,https://www.sec.gov/Archives/edgar/data/886128/000095012311057920/0000950123-11-057920-index.html,https://www.sec.gov/Archives/edgar/data/886128/000095012311057920/c18579e10vq.htm,1620591974,16:26:14,20210509
40,2011-01-31,FCEL,USD,2011-03-14 00:00:00,2011-03-14 17:18:43,Q1,28080000.0,30396000.0,-2316000.0,-0.08247863247863248,4246000.0,0.0,0.0,0.0,8296000.0,38692000.0,54000.0,1634000.0,-8978000.0,-0.3197293447293447,-10612000.0,-0.37792022792022795,-198000.0,-10989000.0,-0.39134615384615384,18000.0,-10413000.0,-0.37083333333333335,-14.400115,-14.400115,799202.0,799202.0,https://www.sec.gov/Archives/edgar/data/886128/000095012311025254/0000950123-11-025254-index.html,https://www.sec.gov/Archives/edgar/data/886128/000095012311025254/c14067e10vq.htm,1620591974,16:26:14,20210509
41,2010-10-31,FCEL,USD,2011-01-14,2011-01-14 17:01:19,Q4,19701000.0,23305000.0,-3604000.0,-0.1829348764022131,4235000.0,0.0,0.0,0.0,8497000.0,31802000.0,9000.0,1857000.0,-10244000.0,-0.5199736054007411,-12101000.0,-0.6142327800619258,-2521000.0,-12493000.0,-0.6341302471955739,23000.0,-13886000.0,-0.7048373179026446,-17.37483139431583,-17.37483139431583,799202.0,799202.0,https://www.sec.gov/Archives/edgar/data/886128/000095012311003053/c11017e10vk.htm,https://www.sec.gov/Archives/edgar/data/886128/000095012311003053/c11017e10vk.htm,1620591974,16:26:14,20210509
42,2010-07-31,FCEL,USD,2010-09-09 00:00:00,2010-09-09 17:13:01,Q3,18873000.0,22629000.0,-3756000.0,-0.1990144651088857,4618000.0,0.0,0.0,0.0,8803000.0,31432000.0,10000.0,1809000.0,-10750000.0,-0.5695967784665925,-12559000.0,-0.6654479944894823,-183000.0,-13059000.0,-0.6919408679065332,55000.0,-12423000.0,-0.6582419329200445,-21.600173,-21.600173,649389.0,649389.0,https://www.sec.gov/Archives/edgar/data/886128/000095012310084972/0000950123-10-084972-index.html,https://www.sec.gov/Archives/edgar/data/886128/000095012310084972/c05769e10vq.htm,1620591974,16:26:14,20210509
43,2010-04-30,FCEL,USD,2010-06-09 00:00:00,2010-06-09 17:02:19,Q2,16587000.0,22387000.0,-5800000.0,-0.34967142943268825,5089000.0,0.0,0.0,0.0,9636000.0,32023000.0,45000.0,1849000.0,-13587000.0,-0.8191354675348165,-15436000.0,-0.9306083077108579,-245000.0,-15965000.0,-0.9625007536022187,13000.0,-15882000.0,-0.9574968348706818,-28.80023,-28.80023,586911.0,586911.0,https://www.sec.gov/Archives/edgar/data/886128/000095012310056973/0000950123-10-056973-index.html,https://www.sec.gov/Archives/edgar/data/886128/000095012310056973/c02228e10vq.htm,1620591974,16:26:14,20210509
44,2010-01-31,FCEL,USD,2010-03-12 00:00:00,2010-03-12 16:16:03,Q1,14616000.0,20109000.0,-5493000.0,-0.37582101806239737,4620000.0,0.0,0.0,0.0,8776000.0,28885000.0,63000.0,1923000.0,-12346000.0,-0.8446907498631636,-14269000.0,-0.9762588943623426,-148000.0,-14718000.0,-1.0069786535303777,0.0,-14632000.0,-1.0010946907498632,-25.920207,-25.920207,586117.0,586117.0,https://www.sec.gov/Archives/edgar/data/886128/000095012310024145/0000950123-10-024145-index.html,https://www.sec.gov/Archives/edgar/data/886128/000095012310024145/c97752e10vq.htm,1620591974,16:26:14,20210509
45,2009-10-31,FCEL,USD,2010-01-14 00:00:00,2010-01-14 09:16:09,Q4,20412000.0,26154000.0,-5742000.0,-0.281305114638448,4220000.0,0.0,0.0,0.0,8306000.0,34460000.0,74000.0,2885000.0,-11163000.0,-0.5468841857730746,-14048000.0,-0.68822261414854,0.0,-14760000.0,-0.7231040564373897,0.0,-14760000.0,-0.7231040564373897,-25.182685368279714,-25.182685368279714,586117.0,586117.0,https://www.sec.gov/Archives/edgar/data/886128/000095012310002452/0000950123-10-002452-index.html,https://www.sec.gov/Archives/edgar/data/886128/000095012310002452/c94614e10vk.htm,1620591974,16:26:14,20210509
46,2009-07-31,FCEL,USD,2009-09-09 00:00:00,2009-09-09 16:47:23,Q3,23017000.0,29247000.0,-6230000.0,-0.27066950514836857,4150000.0,0.0,0.0,0.0,8257000.0,37504000.0,65000.0,2173000.0,-12314000.0,-0.5349958726158927,-14487000.0,-0.6294043533040796,-548000.0,-14915000.0,-0.647999304861624,0.0,-14915000.0,-0.647999304861624,-30.240242,-30.240242,510367.0,510367.0,https://www.sec.gov/Archives/edgar/data/886128/000095012309042108/0000950123-09-042108-index.html,https://www.sec.gov/Archives/edgar/data/886128/000095012309042108/c90049e10vq.htm,1620591974,16:26:14,20210509
47,2009-04-30,FCEL,USD,2009-06-09 00:00:00,2009-06-09 17:20:39,Q2,22864000.0,31451000.0,-8587000.0,-0.37556857942617217,5053000.0,0.0,0.0,0.0,9808000.0,41259000.0,66000.0,2190000.0,-16205000.0,-0.708756123163051,-18395000.0,-0.8045398880335899,-749000.0,-19080000.0,-0.8344996501049685,0.0,-19080000.0,-0.8344996501049685,-41.760334,-41.760334,482784.0,482784.0,https://www.sec.gov/Archives/edgar/data/886128/000095012309012653/0000950123-09-012653-index.html,https://www.sec.gov/Archives/edgar/data/886128/000095012309012653/c86615e10vq.htm,1620591974,16:26:14,20210509
48,2009-01-31,FCEL,USD,2009-03-12 00:00:00,2009-03-12 17:02:52,Q1,21723000.0,31175000.0,-9452000.0,-0.43511485522257515,5737000.0,0.0,0.0,0.0,9983000.0,41158000.0,60000.0,2179000.0,-17256000.0,-0.7943654191410027,-19435000.0,-0.8946738479952124,-346000.0,-19919000.0,-0.9169543801500714,0.0,-19919000.0,-0.9169543801500714,-43.200346,-43.200346,480420.0,480420.0,https://www.sec.gov/Archives/edgar/data/886128/000136231009003678/0001362310-09-003678-index.html,https://www.sec.gov/Archives/edgar/data/886128/000136231009003678/c82457e10vq.htm,1620591974,16:26:14,20210509
49,2008-10-31,FCEL,USD,2009-01-14 00:00:00,2009-01-14 17:24:36,Q4,26169000.0,38246000.0,-12077000.0,-0.4615002483854943,6314000.0,0.0,0.0,0.0,10746000.0,48992000.0,0.0,1880000.0,-20943000.0,-0.8002980625931445,-22823000.0,-0.872138790171577,-572000.0,-21627000.0,-0.8264358592227444,0.0,-23484000.0,-0.8973976842829302,-48.88222805045585,-48.88222805045585,480420.0,480420.0,https://www.sec.gov/Archives/edgar/data/886128/000114420409002027/0001144204-09-002027-index.html,https://www.sec.gov/Archives/edgar/data/886128/000114420409002027/v137060_10k.htm,1620591974,16:26:14,20210509
50,2008-07-31,FCEL,USD,2008-09-05 00:00:00,2008-09-05 16:39:23,Q3,27904000.0,43383000.0,-15479000.0,-0.5547233371559633,5741000.0,0.0,0.0,0.0,10667000.0,54050000.0,0.0,2433000.0,-23713000.0,-0.8498064793577982,-26146000.0,-0.9369982798165137,-245000.0,-25507000.0,-0.9140983371559633,0.0,-25980000.0,-0.9310493119266054,-56.160449,-56.160449,477105.0,477105.0,https://www.sec.gov/Archives/edgar/data/886128/000114420408051473/0001144204-08-051473-index.html,https://www.sec.gov/Archives/edgar/data/886128/000114420408051473/v125662_10q.htm,1620591974,16:26:14,20210509
51,2008-04-30,FCEL,USD,2008-06-09 00:00:00,2008-06-09 17:00:57,Q2,31643000.0,44618000.0,-12975000.0,-0.4100432955155959,5931000.0,0.0,0.0,0.0,11729000.0,56347000.0,0.0,2315000.0,-22389000.0,-0.7075498530480675,-24704000.0,-0.7807097936352432,-607000.0,-24977000.0,-0.7893372941882881,0.0,-24977000.0,-0.7893372941882881,-54.720438,-54.720438,475973.0,475973.0,https://www.sec.gov/Archives/edgar/data/886128/000114420408034275/0001144204-08-034275-index.html,https://www.sec.gov/Archives/edgar/data/886128/000114420408034275/v116835_10q.htm,1620591974,16:26:14,20210509
52,2008-01-31,FCEL,USD,2008-03-11,2008-03-11 16:07:51,Q1,15019000.0,23850000.0,-8831000.0,-0.5879885478394035,5485000.0,0.0,0.0,0.0,10297000.0,34147000.0,0.0,2173000.0,-16955000.0,-1.1289033890405487,-19128000.0,-1.2735867900659166,-443000.0,-18917000.0,-1.259537918636394,0.0,-18917000.0,-1.259537918636394,-41.760334,-41.760334,473640.0,473640.0,https://www.sec.gov/Archives/edgar/data/886128/000114420408002208/v099577_10k.htm,https://www.sec.gov/Archives/edgar/data/886128/000114420408002208/v099577_10k.htm,1620591974,16:26:14,20210509
53,2007-10-31,FCEL,USD,2008-01-14,2008-01-14 17:16:47,Q4,16473000.0,21828000.0,-5355000.0,-0.32507739938080493,7000000.0,0.0,0.0,0.0,11759000.0,33587000.0,0.0,2755000.0,-14359000.0,-0.8716687913555515,-17114000.0,-1.038912159290961,-231000.0,-15994000.0,-0.9709221149760213,0.0,-15994000.0,-0.9709221149760213,-33.76826281564057,-33.76826281564057,473640.0,473640.0,https://www.sec.gov/Archives/edgar/data/886128/000114420408002208/v099577_10k.htm,https://www.sec.gov/Archives/edgar/data/886128/000114420408002208/v099577_10k.htm,1620591974,16:26:14,20210509
54,2007-07-31,FCEL,USD,2007-09-10 00:00:00,2007-09-10 16:30:23,Q3,13544000.0,19621000.0,-6077000.0,-0.44868576491435325,6980000.0,0.0,0.0,0.0,11656000.0,31277000.0,0.0,2126000.0,-15607000.0,-1.1523183697578263,-17733000.0,-1.309288245717661,-414000.0,0.0,0.0,0.0,-15440000.0,-1.1399881866509156,-34.560276,-34.560276,471798.0,471798.0,https://www.sec.gov/Archives/edgar/data/886128/000114420407048686/0001144204-07-048686-index.html,https://www.sec.gov/Archives/edgar/data/886128/000114420407048686/v087283_10q.htm,1620591974,16:26:14,20210509
55,2007-04-30,FCEL,USD,2007-06-11 00:00:00,2007-06-11 16:35:24,Q2,11383000.0,18490000.0,-7107000.0,-0.6243521040147588,6654000.0,0.0,0.0,0.0,11427000.0,29917000.0,0.0,1859000.0,-16675000.0,-1.4649038039181235,-18534000.0,-1.628217517350435,-401000.0,-18004000.0,-1.5816568567161557,0.0,-18004000.0,-1.5816568567161557,-46.080369,-46.080369,407982.0,407982.0,https://www.sec.gov/Archives/edgar/data/886128/000114420407031277/0001144204-07-031277-index.html,https://www.sec.gov/Archives/edgar/data/886128/000114420407031277/v077998_10q.htm,1620591974,16:26:14,20210509
56,2007-01-31,FCEL,USD,2007-03-12,2007-03-12 17:00:31,Q1,6834000.0,15326000.0,-8492000.0,-1.2426104770266315,6855000.0,0.0,0.0,0.0,11272000.0,26598000.0,0.0,2445000.0,-17319000.0,-2.5342405618964006,-19764000.0,-2.8920105355575068,-183000.0,-19236000.0,-2.8147497805092185,0.0,-19236000.0,-2.8147497805092185,-54.720438,-54.720438,369248.0,369248.0,https://www.sec.gov/Archives/edgar/data/886128/000114420407001898/v062540_10k.htm,https://www.sec.gov/Archives/edgar/data/886128/000114420407001898/v062540_10k.htm,1620591974,16:26:14,20210509
57,2006-10-31,FCEL,USD,2007-01-16,2007-01-16 16:45:29,Q4,9127000.0,23241000.0,-14114000.0,-1.5464007888681932,6816000.0,0.0,0.0,0.0,11337000.0,34578000.0,0.0,2474000.0,-22977000.0,-2.5174756217815273,-25451000.0,-2.788539498192177,-349000.0,-24367000.0,-2.669771009093897,0.0,-24260000.0,-2.65804755122165,-65.70110061530463,-65.70110061530463,369248.0,369248.0,https://www.sec.gov/Archives/edgar/data/886128/000114420407001898/v062540_10k.htm,https://www.sec.gov/Archives/edgar/data/886128/000114420407001898/v062540_10k.htm,1620591974,16:26:14,20210509
58,2006-07-31,FCEL,USD,2006-09-11,2006-09-11 17:03:29,Q3,8683000.0,17887000.0,-9204000.0,-1.0600023033513764,6621000.0,0.0,0.0,0.0,10941000.0,28828000.0,0.0,2147000.0,-17998000.0,-2.0727859034895775,-20145000.0,-2.3200506737302775,-282000.0,-18712000.0,-2.15501554762179,0.0,-18712000.0,-2.15501554762179,-53.280426,-53.280426,368862.0,368862.0,https://www.sec.gov/Archives/edgar/data/886128/000114420406037843/v052441_10q.htm,https://www.sec.gov/Archives/edgar/data/886128/000114420406037843/v052441_10q.htm,1620591974,16:26:14,20210509
59,2006-04-30,FCEL,USD,2006-06-09,2006-06-09 15:30:18,Q2,9534000.0,18455000.0,-8921000.0,-0.9357037969372771,5393000.0,0.0,0.0,0.0,10087000.0,28542000.0,0.0,2131000.0,-16877000.0,-1.7701908957415566,-19008000.0,-1.9937067337948395,-244000.0,-18058000.0,-1.894063352213132,0.0,-18058000.0,-1.894063352213132,-69.120553,-69.120553,342491.0,342491.0,https://www.sec.gov/Archives/edgar/data/886128/000114420406024312/v045175_10q.htm,https://www.sec.gov/Archives/edgar/data/886128/000114420406024312/v045175_10q.htm,1620591974,16:26:14,20210509
60,2006-01-31,FCEL,USD,2006-03-13,2006-03-13 16:16:27,Q1,5944000.0,12273000.0,-6329000.0,-1.064771197846568,5884000.0,0.0,0.0,0.0,10108000.0,22381000.0,0.0,2639000.0,-13798000.0,-2.3213324360699867,-16437000.0,-2.7653095558546434,-144000.0,-15075000.0,-2.536170928667564,0.0,-15075000.0,-2.536170928667564,-48.960392,-48.960392,337192.0,337192.0,https://www.sec.gov/Archives/edgar/data/886128/000114420406001659/v033315_10k.htm,https://www.sec.gov/Archives/edgar/data/886128/000114420406001659/v033315_10k.htm,1620591974,16:26:14,20210509
61,2005-10-31,FCEL,USD,2006-01-17,2006-01-17 16:22:29,Q4,7960000.0,18017000.0,-10057000.0,-1.2634422110552763,5596000.0,0.0,0.0,0.0,8957000.0,26974000.0,0.0,2146000.0,-16868000.0,-2.1190954773869346,-19014000.0,-2.3886934673366835,-470000.0,-17929000.0,-2.2523869346733667,0.0,-17929000.0,-2.2523869346733667,-53.17148686801585,-53.17148686801585,337192.0,337192.0,https://www.sec.gov/Archives/edgar/data/886128/000114420406001659/v033315_10k.htm,https://www.sec.gov/Archives/edgar/data/886128/000114420406001659/v033315_10k.htm,1620591974,16:26:14,20210509
62,2005-07-31,FCEL,USD,2005-09-09,2005-09-09 17:13:56,Q3,8742000.0,17492000.0,-8750000.0,-1.0009151223976207,5732000.0,0.0,0.0,0.0,9781000.0,27273000.0,0.0,814000.0,-17717000.0,-2.0266529398307025,-18531000.0,-2.1197666437886067,-441000.0,-17002000.0,-1.9448638755433538,0.0,-17002000.0,-1.9448638755433538,-54.720438,-54.720438,335242.0,335242.0,https://www.sec.gov/Archives/edgar/data/886128/000114420405028470/v025427_10q.htm,https://www.sec.gov/Archives/edgar/data/886128/000114420405028470/v025427_10q.htm,1620591974,16:26:14,20210509
63,2005-04-30,FCEL,USD,2005-06-09,2005-06-09 16:33:04,Q2,6114000.0,13214000.0,-7100000.0,-1.1612692181877657,5279000.0,0.0,0.0,0.0,8893000.0,22107000.0,0.0,2453000.0,-13540000.0,-2.214589466797514,-15993000.0,-2.6157998037291463,-303000.0,-15231000.0,-2.4911678115799805,0.0,-15231000.0,-2.4911678115799805,-50.400403,-50.400403,334620.0,334620.0,https://www.sec.gov/Archives/edgar/data/886128/000114420405018519/v019912_10q.htm,https://www.sec.gov/Archives/edgar/data/886128/000114420405018519/v019912_10q.htm,1620591974,16:26:14,20210509
64,2005-01-31,FCEL,USD,2005-03-14,2005-03-14 16:35:37,Q1,7554000.0,16527000.0,-8973000.0,-1.187847498014297,5233000.0,0.0,0.0,0.0,8363000.0,24890000.0,0.0,1897000.0,-15439000.0,-2.0438178448504103,-17336000.0,-2.2949430765157532,-269000.0,-16772000.0,-2.220280646015356,0.0,-18024000.0,-2.386020651310564,-57.600461,-57.600461,334393.0,334393.0,https://www.sec.gov/Archives/edgar/data/886128/000114420405001276/v011122_10-k.htm,https://www.sec.gov/Archives/edgar/data/886128/000114420405001276/v011122_10-k.htm,1620591974,16:26:14,20210509
65,2004-10-31,FCEL,USD,2005-01-14,2005-01-14 16:02:37,Q4,8875000.0,18439000.0,-9564000.0,-1.0776338028169015,7695000.0,0.0,0.0,0.0,11724000.0,30163000.0,0.0,975000.0,-20313000.0,-2.2887887323943663,-21288000.0,-2.3986478873239436,-185000.0,-20784000.0,-2.3418591549295775,0.0,-20784000.0,-2.3418591549295775,-62.15441112702718,-62.15441112702718,334393.0,334393.0,https://www.sec.gov/Archives/edgar/data/886128/000114420405001276/v011122_10-k.htm,https://www.sec.gov/Archives/edgar/data/886128/000114420405001276/v011122_10-k.htm,1620591974,16:26:14,20210509
66,2004-07-31,FCEL,USD,2004-09-14,2004-09-14 16:58:59,Q3,8068000.0,17176000.0,-9108000.0,-1.1289043133366385,6670000.0,0.0,0.0,0.0,10118000.0,27294000.0,0.0,2399000.0,-16827000.0,-2.085647000495786,-19226000.0,-2.3829945463559743,68000.0,-18833000.0,-2.3342835894893406,0.0,-18928000.0,-2.346058502726822,-56.160449,-56.160449,334006.0,334006.0,https://www.sec.gov/Archives/edgar/data/886128/000114420404014440/v06709_10q.htm,https://www.sec.gov/Archives/edgar/data/886128/000114420404014440/v06709_10q.htm,1620591974,16:26:14,20210509
67,2004-04-30,FCEL,USD,2004-06-14,2004-06-14 09:34:15,Q2,7049000.0,16542000.0,-9493000.0,-1.3467158462193218,6447000.0,0.0,0.0,0.0,10170000.0,26712000.0,0.0,2075000.0,-17588000.0,-2.4951056887501775,-19663000.0,-2.789473684210526,69000.0,-19154000.0,-2.7172648602638674,0.0,-18869000.0,-2.676833593417506,-57.600461,-57.600461,331440.0,331440.0,https://www.sec.gov/Archives/edgar/data/886128/000114420404008344/v03951_10q.htm,https://www.sec.gov/Archives/edgar/data/886128/000114420404008344/v03951_10q.htm,1620591974,16:26:14,20210509
68,2004-01-31,FCEL,USD,2004-03-16,2004-03-16 13:44:47,Q1,13339000.0,19448000.0,-6109000.0,-0.45798035834770223,6110000.0,0.0,0.0,0.0,22530000.0,41978000.0,0.0,2962000.0,-25677000.0,-1.924956893320339,-28639000.0,-2.1470125196791363,-12133000.0,-27692000.0,-2.0760176924806957,170000.0,-27862000.0,-2.088762276032686,-84.96068,-84.96068,328947.0,328947.0,https://www.sec.gov/Archives/edgar/data/886128/000100329704000036/fce10k1.htm,https://www.sec.gov/Archives/edgar/data/886128/000100329704000036/fce10k1.htm,1620591974,16:26:14,20210509
69,2003-10-31,FCEL,USD,2004-01-29,2004-01-29 16:30:08,Q4,7321000.0,19621000.0,-12300000.0,-1.680098347220325,2459000.0,0.0,0.0,0.0,5500000.0,25121000.0,0.0,1749000.0,-16051000.0,-2.192460046441743,-17800000.0,-2.4313618358147795,67000.0,-15380000.0,-2.1008059008332194,0.0,-15380000.0,-2.1008059008332194,-46.75525236588265,-46.75525236588265,328947.0,328947.0,https://www.sec.gov/Archives/edgar/data/886128/000100329704000036/fce10k1.htm,https://www.sec.gov/Archives/edgar/data/886128/000100329704000036/fce10k1.htm,1620591974,16:26:14,20210509
70,2003-07-31,FCEL,USD,2003-09-12,2003-09-12 16:48:03,Q3,7276000.0,17906000.0,-10630000.0,-1.460967564595932,2015000.0,0.0,0.0,0.0,5263000.0,23169000.0,0.0,1648000.0,-14245000.0,-1.9578064870808136,-15893000.0,-2.184304562946674,68000.0,-15020000.0,-2.0643210555250135,0.0,-15020000.0,-2.0643210555250135,-54.720438,-54.720438,273190.0,273190.0,https://www.sec.gov/Archives/edgar/data/886128/000100329703000364/fuelcell1.htm,https://www.sec.gov/Archives/edgar/data/886128/000100329703000364/fuelcell1.htm,1620591974,16:26:14,20210509
71,2003-04-30,FCEL,USD,2003-06-16,2003-06-16 16:52:56,Q2,8900000.0,26633000.0,-17733000.0,-1.9924719101123596,1954000.0,0.0,0.0,0.0,5166000.0,31799000.0,0.0,1530000.0,-21369000.0,-2.4010112359550564,-22899000.0,-2.572921348314607,67000.0,-20988000.0,-2.358202247191011,0.0,-20988000.0,-2.358202247191011,-76.320611,-76.320611,273094.0,273094.0,https://www.sec.gov/Archives/edgar/data/886128/000104264503000093/fuelcell10q-62003.htm,https://www.sec.gov/Archives/edgar/data/886128/000104264503000093/fuelcell10q-62003.htm,1620591974,16:26:14,20210509
72,2003-01-31,FCEL,USD,2003-03-14,2003-03-14 17:03:04,Q1,10293000.0,22058000.0,-11765000.0,-1.1430098124939279,2081000.0,0.0,0.0,0.0,5211000.0,27269000.0,0.0,1447000.0,-15529000.0,-1.5086952297678033,-16976000.0,-1.64927620713106,68000.0,-16026000.0,-1.5569804721655494,0.0,-16026000.0,-1.5569804721655494,-59.040472,-59.040472,272963.0,272963.0,https://www.sec.gov/Archives/edgar/data/886128/000104264503000007/fuelcell10k-12003.htm,https://www.sec.gov/Archives/edgar/data/886128/000104264503000007/fuelcell10k-12003.htm,1620591974,16:26:14,20210509
73,2002-10-31,FCEL,USD,2003-01-24,2003-01-24 16:44:27,Q4,13703000.0,31008000.0,-17305000.0,-1.262862146975115,2172000.0,0.0,0.0,0.0,4448000.0,35456000.0,0.0,1105000.0,-20648000.0,-1.5068233233598483,-21753000.0,-1.5874625994307816,67000.0,-20739000.0,-1.5134642049186309,0.0,-20746000.0,-1.5139750419616143,-76.00297476214725,-76.00297476214725,272963.0,272963.0,https://www.sec.gov/Archives/edgar/data/886128/000104264503000007/fuelcell10k-12003.htm,https://www.sec.gov/Archives/edgar/data/886128/000104264503000007/fuelcell10k-12003.htm,1620591974,16:26:14,20210509
74,2002-07-31,FCEL,USD,2002-09-12,2002-09-12 14:59:49,Q3,11962000.0,21747000.0,-9785000.0,-0.8180070222370841,1897000.0,2709000.0,0.0,0.0,4606000.0,26353000.0,0.0,771000.0,-13620000.0,-1.138605584350443,-14391000.0,-1.2030596890152148,68000.0,-13190000.0,-1.1026584183246948,0.0,-13190000.0,-1.1026584183246948,-48.960392,-48.960392,272047.0,272047.0,https://www.sec.gov/Archives/edgar/data/886128/000104264502000107/fuelcell10q-902.htm,https://www.sec.gov/Archives/edgar/data/886128/000104264502000107/fuelcell10q-902.htm,1620591974,16:26:14,20210509
75,2002-04-30,FCEL,USD,2002-06-14,2002-06-14 12:35:47,Q2,8565000.0,14345000.0,-5780000.0,-0.6748394629305312,1433000.0,2869000.0,0.0,0.0,4302000.0,18647000.0,0.0,895000.0,-9187000.0,-1.0726211325160537,-10082000.0,-1.1771161704611792,67000.0,-8877000.0,-1.0364273204903678,0.0,-8877000.0,-1.0364273204903678,-33.120265,-33.120265,271602.0,271602.0,https://www.sec.gov/Archives/edgar/data/886128/000104264502000082/form10q.htm,https://www.sec.gov/Archives/edgar/data/886128/000104264502000082/form10q.htm,1620591974,16:26:14,20210509
76,2002-01-31,FCEL,USD,2002-03-14,2002-03-14 00:00:00,Q1,7001000.0,10693000.0,-3692000.0,-0.5273532352521069,1304000.0,2597000.0,0.0,0.0,3901000.0,14594000.0,0.0,1012000.0,-6581000.0,-0.9400085702042565,-7593000.0,-1.0845593486644765,68000.0,-6027000.0,-0.8608770175689188,0.0,-6027000.0,-0.8608770175689188,-21.600173,-21.600173,271023.0,271023.0,https://www.sec.gov/Archives/edgar/data/886128/000104264502000008/fuelcell10k-0102.htm,https://www.sec.gov/Archives/edgar/data/886128/000104264502000008/fuelcell10k-0102.htm,1620591974,16:26:14,20210509
77,2001-10-31,FCEL,USD,2002-01-29,2002-01-29 00:00:00,Q4,6731000.0,22231000.0,-15500000.0,-2.3027781904620412,-11257000.0,2326000.0,0.0,0.0,-8408000.0,13823000.0,0.0,607000.0,-6485000.0,-0.9634526816223444,-7092000.0,-1.0536324468875353,67000.0,-4808000.0,-0.7143069380478384,0.0,-4808000.0,-0.7143069380478384,-17.740191791840545,-17.740191791840545,271023.0,271023.0,https://www.sec.gov/Archives/edgar/data/886128/000104264502000008/fuelcell10k-0102.htm,https://www.sec.gov/Archives/edgar/data/886128/000104264502000008/fuelcell10k-0102.htm,1620591974,16:26:14,20210509
78,2001-07-31,FCEL,USD,2001-09-07 00:00:00,2001-09-07 00:00:00,Q3,7622000.0,3724000.0,3898000.0,0.5114143269483076,5705000.0,2097000.0,0.0,0.0,8218000.0,11942000.0,0.0,500000.0,-3820000.0,-0.5011807924429283,-4320000.0,-0.5667803726056153,68000.0,-2765000.0,-0.3627656782996589,0.0,-2765000.0,-0.3627656782996589,-11.520092,-11.520092,244690.0,244690.0,https://www.sec.gov/Archives/edgar/data/886128/000104264501500085/0001042645-01-500085-index.html,https://www.sec.gov/Archives/edgar/data/886128/000104264501500085/fuelcell10q-901.htm,1620591974,16:26:14,20210509
79,2001-04-30,FCEL,USD,2001-06-13,2001-06-13 00:00:00,Q2,6493000.0,5515000.0,978000.0,0.1506237486523949,4265000.0,2292000.0,0.0,0.0,6934000.0,12449000.0,0.0,464000.0,-5492000.0,-0.8458339750500539,-5956000.0,-0.9172955490528262,66000.0,-5073000.0,-0.7813029416294471,0.0,-5073000.0,-0.7813029416294471,-23.040184,-23.040184,219367.0,219367.0,https://www.sec.gov/Archives/edgar/data/886128/000104264501500069/fuelcell10q-601.htm,https://www.sec.gov/Archives/edgar/data/886128/000104264501500069/fuelcell10q-601.htm,1620591974,16:26:14,20210509
80,2001-01-31,FCEL,USD,2001-01-31,2001-01-31,Q1,5333000.0,2146000.0,3187000.0,0.5975998499906244,4395000.0,2237000.0,0.0,0.0,7095000.0,9241000.0,0.0,463000.0,-3445000.0,-0.645977873617101,-3908000.0,-0.7327957997374835,69000.0,0.0,0.0,0.0,-2792000.0,-0.5235327207950496,-12.755323,-12.960104,218889.0,218889.0,,,1620591974,16:26:14,20210509
81,2000-10-31,FCEL,USD,2001-01-26,2001-01-26,Q4,8067000.0,2559000.0,5508000.0,0.6827817032354035,3734000.0,3789000.0,0.0,0.0,7974000.0,10533000.0,0.0,451000.0,-2015000.0,-0.24978306681542084,-2466000.0,-0.3056898475269617,68000.0,0.0,0.0,0.0,-1449000.0,-0.17962067683153587,-6.619793594013404,-6.619793594013404,218889.0,218889.0,https://www.sec.gov/Archives/edgar/data/886128/000104264501000009/0001042645-01-000009-index.htm,https://www.sec.gov/Archives/edgar/data/886128/000104264501000009/0001042645-01-000009-0001.txt,1620591974,16:26:14,20210509
82,2000-07-31,FCEL,USD,2000-09-14 00:00:00,2000-09-14 00:00:00,Q3,4112000.0,791000.0,3321000.0,0.807636186770428,3470000.0,1684000.0,0.0,0.0,5613000.0,6404000.0,0.0,459000.0,-1833000.0,-0.4457684824902724,-2292000.0,-0.5573929961089494,68000.0,0.0,0.0,0.0,-1307000.0,-0.31785019455252916,-6.480052,-6.480052,213437.0,213437.0,https://www.sec.gov/Archives/edgar/data/886128/000104264500000310/0001042645-00-000310-index.html,https://www.sec.gov/Archives/edgar/data/886128/000104264500000310/0001042645-00-000310-0001.txt,1620591974,16:26:14,20210509
83,2000-04-30,FCEL,USD,2000-06-15 00:00:00,2000-06-15 00:00:00,Q2,4936000.0,1223000.0,3713000.0,0.7522285251215559,3353000.0,1774000.0,0.0,0.0,5597000.0,6820000.0,0.0,470000.0,-1414000.0,-0.28646677471636955,-1884000.0,-0.38168557536466774,67000.0,0.0,0.0,0.0,-1708000.0,-0.3460291734197731,-9.360075,-9.360075,181602.0,181602.0,https://www.sec.gov/Archives/edgar/data/886128/000104264500000239/0001042645-00-000239-index.html,https://www.sec.gov/Archives/edgar/data/886128/000104264500000239/0001042645-00-000239-0001.txt,1620591974,16:26:14,20210509
84,2000-01-31,FCEL,USD,2000-01-31,2000-01-31,Q1,3600000.0,1900000.0,1700000.0,0.4722222222222222,700000.0,700000.0,0.0,0.0,1900000.0,3800000.0,0.0,500000.0,300000.0,0.08333333333333333,-200000.0,-0.05555555555555555,100000.0,0.0,0.0,0.0,0.0,0.0,0.0,0.0,175912.0,187382.0,,,1620591974,16:26:14,20210509
85,1999-10-31,FCEL,USD,1999-10-31,1999-10-31,Q4,3500000.0,1600000.0,1900000.0,0.5428571428571428,300000.0,1700000.0,0.0,0.0,2500000.0,4100000.0,0.0,500000.0,-100000.0,-0.02857142857142857,-600000.0,-0.17142857142857143,1100000.0,600000.0,0.17142857142857143,100000.0,500000.0,0.14285714285714285,2.8423302560371093,2.8423302560371093,175912.0,175912.0,,,1620591974,16:26:14,20210509
86,1999-07-31,FCEL,USD,1999-07-31,1999-07-31,Q3,4400000.0,2800000.0,1600000.0,0.36363636363636365,300000.0,1400000.0,0.0,0.0,2000000.0,4800000.0,0.0,400000.0,0.0,0.0,-400000.0,-0.09090909090909091,200000.0,-200000.0,-0.045454545454545456,200000.0,-400000.0,-0.09090909090909091,-2.159009,-2.159009,185270.0,185270.0,,,1620591974,16:26:14,20210509
87,1999-04-30,FCEL,USD,1999-04-30,1999-04-30,Q2,5800000.0,3400000.0,2400000.0,0.41379310344827586,300000.0,2100000.0,0.0,0.0,2900000.0,6300000.0,0.0,500000.0,0.0,0.0,-500000.0,-0.08620689655172414,100000.0,-500000.0,-0.08620689655172414,300000.0,-800000.0,-0.13793103448275862,-5.397307,-5.397307,148222.0,148222.0,,,1620591974,16:26:14,20210509
88,1999-01-31,FCEL,USD,1999-02-01 00:00:00,1999-02-01 00:00:00,Q1,6300000.0,4300000.0,2000000.0,0.31746031746031744,800000.0,1400000.0,0.0,0.0,2600000.0,6900000.0,0.0,400000.0,-200000.0,-0.031746031746031744,-600000.0,-0.09523809523809523,0.0,-500000.0,-0.07936507936507936,-200000.0,-300000.0,-0.047619047619047616,-2.159009,-2.159009,138953.0,138953.0,https://www.sec.gov/Archives/edgar/data/886128/000088612899000002/0000886128-99-000002-index.html,https://www.sec.gov/Archives/edgar/data/886128/0000886128-99-000002.txt,1620591974,16:26:14,20210509
89,1998-10-31,FCEL,USD,1998-10-31,1998-10-31,Q4,8200000.0,4600000.0,3600000.0,0.43902439024390244,800000.0,3000000.0,0.0,0.0,4200000.0,8800000.0,0.0,400000.0,-200000.0,-0.024390243902439025,-600000.0,-0.07317073170731707,200000.0,0.0,0.0,0.0,0.0,0.0,0.0,0.0,138953.0,138953.0,,,1620591974,16:26:14,20210509
90,1998-07-31,FCEL,USD,1998-07-31,1998-07-31,Q3,5500000.0,3500000.0,2000000.0,0.36363636363636365,500000.0,1600000.0,0.0,0.0,2500000.0,6000000.0,0.0,400000.0,-100000.0,-0.01818181818181818,-500000.0,-0.09090909090909091,200000.0,-500000.0,-0.09090909090909091,-200000.0,-300000.0,-0.05454545454545454,-2.159009,-2.159009,138953.0,138953.0,,,1620591974,16:26:14,20210509
91,1998-04-30,FCEL,USD,1998-06-15,1998-06-15,Q2,6600000.0,3800000.0,2800000.0,0.42424242424242425,600000.0,1800000.0,0.0,0.0,2900000.0,6700000.0,0.0,500000.0,400000.0,0.06060606060606061,-100000.0,-0.015151515151515152,500000.0,300000.0,0.045454545454545456,100000.0,200000.0,0.030303030303030304,2.159009,2.159009,170824.0,170824.0,https://www.sec.gov/Archives/edgar/data/886128/0000886128-98-000016-index.html,https://www.sec.gov/Archives/edgar/data/886128/,1620591974,16:26:14,20210509
92,1998-01-31,FCEL,USD,1998-01-31,1998-01-31,Q1,3900000.0,2400000.0,1500000.0,0.38461538461538464,400000.0,600000.0,0.0,0.0,1600000.0,4000000.0,0.0,600000.0,500000.0,0.1282051282051282,-100000.0,-0.02564102564102564,300000.0,0.0,0.0,0.0,100000.0,0.02564102564102564,1.079433,1.079433,167360.0,167360.0,,,1620591974,16:26:14,20210509
93,1997-10-31,FCEL,USD,1997-10-31,1997-10-31,Q4,6600000.0,4000000.0,2600000.0,0.3939393939393939,400000.0,1900000.0,0.0,0.0,2800000.0,6800000.0,0.0,500000.0,300000.0,0.045454545454545456,-200000.0,-0.030303030303030304,300000.0,100000.0,0.015151515151515152,0.0,100000.0,0.015151515151515152,0.5975143403441683,0.5975143403441683,167360.0,167360.0,,,1620591974,16:26:14,20210509
94,1997-07-31,FCEL,USD,1997-07-31,1997-07-31,Q3,6400000.0,3700000.0,2700000.0,0.421875,400000.0,1800000.0,0.0,0.0,2700000.0,6400000.0,0.0,500000.0,200000.0,0.03125,0.0,0.046875,300000.0,300000.0,0.046875,100000.0,200000.0,0.03125,1.079433,1.079433,185283.0,185283.0,,,1620591974,16:26:14,20210509
95,1997-04-30,FCEL,USD,1997-04-30,1997-04-30,Q2,6100000.0,3800000.0,2300000.0,0.3770491803278688,300000.0,1400000.0,0.0,0.0,2300000.0,6100000.0,0.0,600000.0,400000.0,0.06557377049180328,0.0,0.03278688524590164,200000.0,200000.0,0.03278688524590164,100000.0,100000.0,0.01639344262295082,1.079433,1.079433,165007.0,165007.0,,,1620591974,16:26:14,20210509
96,1997-01-31,FCEL,USD,1997-01-31,1997-01-31,Q1,5700000.0,3800000.0,1900000.0,0.3333333333333333,200000.0,1000000.0,0.0,0.0,1800000.0,5600000.0,0.0,600000.0,700000.0,0.12280701754385964,100000.0,0.017543859649122806,200000.0,200000.0,0.03508771929824561,100000.0,100000.0,0.017543859649122806,1.079433,1.079433,163302.0,163302.0,,,1620591974,16:26:14,20210509
97,1996-10-31,FCEL,USD,1996-10-31,1996-10-31,Q4,7200000.0,4700000.0,2500000.0,0.3472222222222222,400000.0,1400000.0,0.0,0.0,2300000.0,7000000.0,0.0,500000.0,700000.0,0.09722222222222222,200000.0,0.027777777777777776,200000.0,300000.0,0.041666666666666664,100000.0,200000.0,0.027777777777777776,1.2247247431139852,1.2247247431139852,163302.0,163302.0,,,1620591974,16:26:14,20210509
98,1996-07-31,FCEL,USD,1996-09-12 00:00:00,1996-09-12 00:00:00,Q3,7400000.0,5100000.0,2300000.0,0.3108108108108108,500000.0,1100000.0,0.0,0.0,2300000.0,7400000.0,0.0,500000.0,500000.0,0.06756756756756757,0.0,0.02702702702702703,200000.0,200000.0,0.02702702702702703,100000.0,100000.0,0.013513513513513514,1.079433,1.079433,185283.0,185283.0,https://www.sec.gov/Archives/edgar/data/886128/000088612896000006/0000886128-96-000006-index.html,https://www.sec.gov/Archives/edgar/data/886128/0000886128-96-000006.txt,1620591974,16:26:14,20210509
99,1996-04-30,FCEL,USD,1996-06-13,1996-06-13,Q2,7800000.0,5600000.0,2200000.0,0.28205128205128205,300000.0,0.0,0.0,0.0,2200000.0,7800000.0,0.0,700000.0,500000.0,0.0641025641025641,0.0,0.02564102564102564,200000.0,200000.0,0.02564102564102564,100000.0,100000.0,0.01282051282051282,1.079433,1.079433,169916.0,169916.0,https://www.sec.gov/Archives/edgar/data/886128/0000886128-96-000004-index.html,https://www.sec.gov/Archives/edgar/data/886128/,1620591974,16:26:14,20210509
100,1996-01-31,FCEL,USD,1996-01-31,1996-01-31,Q1,6900000.0,5100000.0,1800000.0,0.2608695652173913,200000.0,0.0,0.0,0.0,1800000.0,6900000.0,0.0,500000.0,300000.0,0.043478260869565216,0.0,0.0,200000.0,0.0,0.0,0.0,100000.0,0.014492753623188406,1.079433,1.079433,156558.0,156558.0,,,1620591974,16:26:14,20210509
101,1995-10-31,FCEL,USD,1995-10-31,1995-10-31,Q4,7800000.0,5900000.0,1900000.0,0.24358974358974358,200000.0,0.0,0.0,0.0,1900000.0,7800000.0,0.0,400000.0,200000.0,0.02564102564102564,0.0,0.0,200000.0,0.0,0.0,0.0,0.0,0.0,0.0,0.0,0.0,0.0,,,1620591974,16:26:14,20210509
102,1995-07-31,FCEL,USD,1995-07-31,1995-07-31,Q3,7400000.0,5600000.0,1800000.0,0.24324324324324326,200000.0,0.0,0.0,0.0,1800000.0,7400000.0,0.0,500000.0,300000.0,0.04054054054054054,0.0,0.0,200000.0,0.0,0.0,0.0,100000.0,0.013513513513513514,1.079433,1.079433,138953.0,138953.0,,,1620591974,16:26:14,20210509
103,1995-04-30,FCEL,USD,1995-04-30,1995-04-30,Q2,8900000.0,6800000.0,2100000.0,0.23595505617977527,300000.0,0.0,0.0,0.0,2000000.0,8800000.0,0.0,600000.0,700000.0,0.07865168539325842,100000.0,0.011235955056179775,200000.0,300000.0,0.033707865168539325,100000.0,200000.0,0.02247191011235955,1.079433,1.079433,185283.0,185283.0,,,1620591974,16:26:14,20210509
104,1995-01-31,FCEL,USD,1995-01-31,1995-01-31,Q1,9800000.0,7800000.0,2000000.0,0.20408163265306123,200000.0,0.0,0.0,0.0,2000000.0,9800000.0,0.0,600000.0,500000.0,0.05102040816326531,0.0,0.0,100000.0,0.0,0.0,0.0,100000.0,0.01020408163265306,1.079433,1.079433,154557.0,154557.0,,,1620591974,16:26:14,20210509
105,1994-10-31,FCEL,USD,1994-10-31,1994-10-31,Q4,10300000.0,7500000.0,2800000.0,0.27184466019417475,500000.0,0.0,0.0,0.0,2800000.0,10300000.0,0.0,700000.0,600000.0,0.05825242718446602,0.0,0.0,100000.0,0.0,0.0,0.0,0.0,0.0,0.0,0.0,153834.0,153834.0,,,1620591974,16:26:14,20210509
106,1994-07-31,FCEL,USD,1994-07-31,1994-07-31,Q3,8400000.0,6300000.0,2100000.0,0.25,300000.0,0.0,0.0,0.0,2000000.0,8300000.0,0.0,400000.0,500000.0,0.05952380952380952,100000.0,0.011904761904761904,100000.0,0.0,0.0,0.0,100000.0,0.011904761904761904,1.079433,1.079433,153834.0,153834.0,,,1620591974,16:26:14,20210509
107,1994-04-30,FCEL,USD,1994-04-30,1994-04-30,Q2,7000000.0,5100000.0,1900000.0,0.2714285714285714,200000.0,0.0,0.0,0.0,1800000.0,6900000.0,0.0,400000.0,500000.0,0.07142857142857142,100000.0,0.014285714285714285,100000.0,0.0,0.0,0.0,100000.0,0.014285714285714285,1.079433,1.079433,153557.0,153557.0,,,1620591974,16:26:14,20210509
108,1994-01-31,FCEL,USD,1994-01-31,1994-01-31,Q1,4400000.0,2900000.0,1500000.0,0.3409090909090909,300000.0,0.0,0.0,0.0,1500000.0,4400000.0,0.0,500000.0,500000.0,0.11363636363636363,0.0,0.0,200000.0,0.0,0.0,0.0,0.0,0.0,1.079433,1.079433,153557.0,153557.0,,,1620591974,16:26:14,20210509
109,1993-10-31,FCEL,USD,1993-10-31,1993-10-31,Q4,5600000.0,3200000.0,2400000.0,0.42857142857142855,0.0,0.0,0.0,0.0,2000000.0,5200000.0,0.0,600000.0,1000000.0,0.17857142857142858,400000.0,0.07142857142857142,100000.0,200000.0,0.03571428571428571,100000.0,100000.0,0.017857142857142856,0.5397149225778943,0.5397149225778943,185283.0,185283.0,,,1620591974,16:26:14,20210509
110,1993-07-31,FCEL,USD,1993-07-31,1993-07-31,Q3,4600000.0,2800000.0,1800000.0,0.391304347826087,0.0,0.0,0.0,0.0,1900000.0,4700000.0,0.0,400000.0,300000.0,0.06521739130434782,-100000.0,-0.021739130434782608,100000.0,0.0,0.0,0.0,0.0,0.0,1.079433,1.079433,185283.0,185283.0,,,1620591974,16:26:14,20210509
111,1993-04-30,FCEL,USD,1993-04-30,1993-04-30,Q2,6400000.0,4200000.0,2200000.0,0.34375,0.0,0.0,0.0,0.0,2000000.0,6200000.0,0.0,500000.0,700000.0,0.109375,200000.0,0.03125,100000.0,200000.0,0.03125,100000.0,100000.0,0.015625,1.079433,1.079433,153242.0,153242.0,,,1620591974,16:26:14,20210509
112,1993-01-31,FCEL,USD,1993-01-31,1993-01-31,Q1,5600000.0,3800000.0,1800000.0,0.32142857142857145,0.0,0.0,0.0,0.0,1700000.0,5500000.0,0.0,400000.0,500000.0,0.08928571428571429,100000.0,0.017857142857142856,100000.0,200000.0,0.03571428571428571,100000.0,100000.0,0.017857142857142856,1.079433,1.079433,153075.0,153075.0,,,1620591974,16:26:14,20210509
113,1992-10-31,FCEL,USD,1992-10-31,1992-10-31,Q4,5800000.0,3300000.0,2500000.0,0.43103448275862066,0.0,0.0,0.0,0.0,2200000.0,5500000.0,0.0,300000.0,600000.0,0.10344827586206896,300000.0,0.05172413793103448,200000.0,400000.0,0.06896551724137931,200000.0,200000.0,0.034482758620689655,1.3065490772497141,1.3065490772497141,153075.0,153075.0,,,1620591974,16:26:14,20210509
114,1992-07-31,FCEL,USD,1992-07-31,1992-07-31,Q3,4400000.0,3000000.0,1400000.0,0.3181818181818182,0.0,0.0,0.0,0.0,1400000.0,4400000.0,0.0,0.0,300000.0,0.06818181818181818,0.0,0.0,100000.0,0.0,0.0,0.0,0.0,0.0,0.0,0.0,153075.0,153075.0,,,1620591974,16:26:14,20210509
