,date,symbol,reportedCurrency,fillingDate,acceptedDate,period,revenue,costOfRevenue,grossProfit,grossProfitRatio,researchAndDevelopmentExpenses,generalAndAdministrativeExpenses,sellingAndMarketingExpenses,otherExpenses,operatingExpenses,costAndExpenses,interestExpense,depreciationAndAmortization,ebitda,ebitdaratio,operatingIncome,operatingIncomeRatio,totalOtherIncomeExpensesNet,incomeBeforeTax,incomeBeforeTaxRatio,incomeTaxExpense,netIncome,netIncomeRatio,eps,epsdiluted,weightedAverageShsOut,weightedAverageShsOutDil,link,finalLink,timestamp,est_time,est_date
0,2020-12-31,EFX.TO,CAD,2020-12-31,2020-12-31,Q4,298837000,223883000,74954000,0.2508190083557257,0.0,43942000,0.0,0.0,43942000,267825000,5329000.0,21630000.0,52642000.0,0.17615623232732225,31012000.0,0.10377563688566008,-139000.0,26019000.0,0.0870675317982713,-6649000.0,32651000.0,0.10926023216669957,0.36408809680811566,0.36408809680811566,89678845,89678845,https://www.sedar.com/ModifyCompanyDocumentSearchForm.do?lang=EN&company_search=Enerflex Ltd&document_selection=0&industry_group=A&FromDate=13&FromMonth=05&FromYear=2000&ToDate=13&ToMonth=11&ToYear=2020&Variable=Issuer,https://www.sedar.com/ModifyCompanyDocumentSearchForm.do?lang=EN&company_search=Enerflex Ltd&document_selection=0&industry_group=A&FromDate=13&FromMonth=05&FromYear=2000&ToDate=13&ToMonth=11&ToYear=2020&Variable=Issuer,1620591503,16:18:23,20210509
1,2020-09-30,EFX.TO,CAD,2020-09-30,2020-09-30,Q3,265037000,201344000,63693000,0.24031738964748317,0.0,43352000,0.0,0.0,43352000,244696000,5652000.0,21110000.0,41451000.0,0.15639703135788588,20341000.0,0.07674777483898475,1398000.0,16237000.0,0.06126314439116048,5501000.0,10746000.0,0.04054528235680301,0.12,0.12,89678845,89678845,https://www.sedar.com/ModifyCompanyDocumentSearchForm.do?lang=EN&company_search=Enerflex Ltd&document_selection=0&industry_group=A&FromDate=13&FromMonth=05&FromYear=2000&ToDate=13&ToMonth=11&ToYear=2020&Variable=Issuer,https://www.sedar.com/ModifyCompanyDocumentSearchForm.do?lang=EN&company_search=Enerflex Ltd&document_selection=0&industry_group=A&FromDate=13&FromMonth=05&FromYear=2000&ToDate=13&ToMonth=11&ToYear=2020&Variable=Issuer,1620591503,16:18:23,20210509
2,2020-06-30,EFX.TO,CAD,2020-06-30,2020-06-30,Q2,287438000,221638000,65800000,0.2289189320827448,0.0,51361000,0.0,0.0,51361000,272999000,6234000.0,21786000.0,36225000.0,0.12602717803491537,14439000.0,0.05023344164654638,989000.0,9260000.0,0.0322156430256264,1845000.0,7414000.0,0.02579338848725638,0.08,0.08,89678845,89678845,https://www.sedar.com/ModifyCompanyDocumentSearchForm.do?lang=EN&company_search=Enerflex Ltd&document_selection=0&industry_group=A&FromDate=13&FromMonth=05&FromYear=2000&ToDate=13&ToMonth=11&ToYear=2020&Variable=Issuer,https://www.sedar.com/ModifyCompanyDocumentSearchForm.do?lang=EN&company_search=Enerflex Ltd&document_selection=0&industry_group=A&FromDate=13&FromMonth=05&FromYear=2000&ToDate=13&ToMonth=11&ToYear=2020&Variable=Issuer,1620591503,16:18:23,20210509
3,2020-03-31,EFX.TO,CAD,2020-03-31,2020-03-31,Q1,365740000,272008000,93732000,0.2562804177831246,0.0,43512000,0.0,0.0,43512000,315520000,6149000.0,20739000.0,70959000.0,0.1940148739541751,50220000.0,0.13731065784437033,-208000.0,44043000.0,0.12042161098047793,6605000.0,37269000.0,0.10190025701317876,0.42,0.42,89678845,89678845,https://www.sedar.com/ModifyCompanyDocumentSearchForm.do?lang=EN&company_search=Enerflex Ltd&document_selection=0&industry_group=A&FromDate=13&FromMonth=05&FromYear=2000&ToDate=13&ToMonth=11&ToYear=2020&Variable=Issuer,https://www.sedar.com/ModifyCompanyDocumentSearchForm.do?lang=EN&company_search=Enerflex Ltd&document_selection=0&industry_group=A&FromDate=13&FromMonth=05&FromYear=2000&ToDate=13&ToMonth=11&ToYear=2020&Variable=Issuer,1620591503,16:18:23,20210509
4,2019-12-31,EFX.TO,CAD,2019-12-31,2019-12-31,Q4,474362000,376920000,97442000,0.20541696004317378,0.0,49070000,0.0,0.0,49070000,425990000,5749000.0,21421000.0,69793000.0,0.14713025073677907,48372000.0,0.10197275498458983,441000.0,43339000.0,0.09136271455133421,11903000.0,31324000.0,0.06603395718881361,0.34929085003269167,0.34929085003269167,89678845,89678845,https://www.sedar.com/ModifyCompanyDocumentSearchForm.do?lang=EN&company_search=Enerflex Ltd&document_selection=0&industry_group=A&FromDate=13&FromMonth=05&FromYear=2000&ToDate=13&ToMonth=11&ToYear=2020&Variable=Issuer,https://www.sedar.com/ModifyCompanyDocumentSearchForm.do?lang=EN&company_search=Enerflex Ltd&document_selection=0&industry_group=A&FromDate=13&FromMonth=05&FromYear=2000&ToDate=13&ToMonth=11&ToYear=2020&Variable=Issuer,1620591503,16:18:23,20210509
5,2019-09-30,EFX.TO,CAD,2019-09-30,2019-09-30,Q3,544284000,411713000,132571000,0.24356953355233665,0.0,45199000,0.0,0.0,45199000,456912000,5344000.0,21354000.0,108726000.0,0.19975968428247018,87372000.0,0.16052648984721213,370000.0,83142000.0,0.15275481182617898,20068000.0,62958000.0,0.11567123046056837,0.71,0.7,89631084,89746389,https://www.sedar.com/ModifyCompanyDocumentSearchForm.do?lang=EN&company_search=Enerflex Ltd&document_selection=0&industry_group=A&FromDate=13&FromMonth=05&FromYear=2000&ToDate=13&ToMonth=11&ToYear=2020&Variable=Issuer,https://www.sedar.com/ModifyCompanyDocumentSearchForm.do?lang=EN&company_search=Enerflex Ltd&document_selection=0&industry_group=A&FromDate=13&FromMonth=05&FromYear=2000&ToDate=13&ToMonth=11&ToYear=2020&Variable=Issuer,1620591503,16:18:23,20210509
6,2019-06-30,EFX.TO,CAD,2019-06-30,2019-06-30,Q2,541874000,431572000,110302000,0.2035565463557949,0.0,47085000,0.0,0.0,47085000,478657000,5416000.0,21853000.0,85070000.0,0.1569922159025899,63217000.0,0.1166636524358061,784000.0,59872000.0,0.1104906306632169,19223000.0,40536000.0,0.0748070584674666,0.4529265905954245,0.4510115114746915,89497947,89877972,https://www.sedar.com/ModifyCompanyDocumentSearchForm.do?lang=EN&company_search=Enerflex Ltd&document_selection=0&industry_group=A&FromDate=13&FromMonth=05&FromYear=2000&ToDate=13&ToMonth=11&ToYear=2020&Variable=Issuer,https://www.sedar.com/ModifyCompanyDocumentSearchForm.do?lang=EN&company_search=Enerflex Ltd&document_selection=0&industry_group=A&FromDate=13&FromMonth=05&FromYear=2000&ToDate=13&ToMonth=11&ToYear=2020&Variable=Issuer,1620591503,16:18:23,20210509
7,2019-03-31,EFX.TO,CAD,2019-03-31,2019-03-31,Q1,484902000,396132000,88770000,0.18306791887845378,0.0,55823000,0.0,0.0,55823000,451955000,5756000.0,21931000.0,54878000.0,0.11317338348779754,32947000.0,0.06794568799468759,399000.0,28971000.0,0.05974609302498237,12002000.0,16829000.0,0.034705981827255816,0.18866578180184063,0.18761107391615447,89200065,89701528,https://www.sedar.com/ModifyCompanyDocumentSearchForm.do?lang=EN&company_search=Enerflex Ltd&document_selection=0&industry_group=A&FromDate=13&FromMonth=05&FromYear=2000&ToDate=13&ToMonth=11&ToYear=2020&Variable=Issuer,https://www.sedar.com/ModifyCompanyDocumentSearchForm.do?lang=EN&company_search=Enerflex Ltd&document_selection=0&industry_group=A&FromDate=13&FromMonth=05&FromYear=2000&ToDate=13&ToMonth=11&ToYear=2020&Variable=Issuer,1620591503,16:18:23,20210509
8,2018-12-31,EFX.TO,CAD,2018-12-31,2018-12-31,Q4,466842000,385080000,81762000,0.1751384836839873,0.0,34174000,0.0,0.0,34174000,419254000,0.0,26978000.0,74566000.0,0.15972427502238445,47588000.0,0.10193598690777608,652000.0,43666000.0,0.09353485761778074,11186000.0,32357000.0,0.06931038766863307,0.3608097316596796,0.3608097316596796,89678845,89678845,https://www.sedar.com/ModifyCompanyDocumentSearchForm.do?lang=EN&company_search=Enerflex Ltd&document_selection=0&industry_group=A&FromDate=13&FromMonth=05&FromYear=2000&ToDate=13&ToMonth=11&ToYear=2020&Variable=Issuer,https://www.sedar.com/ModifyCompanyDocumentSearchForm.do?lang=EN&company_search=Enerflex Ltd&document_selection=0&industry_group=A&FromDate=13&FromMonth=05&FromYear=2000&ToDate=13&ToMonth=11&ToYear=2020&Variable=Issuer,1620591503,16:18:23,20210509
9,2018-09-30,EFX.TO,CAD,2018-09-30,2018-09-30,Q3,445803000,356418000,89385000,0.2005033613501928,0.0,39767000,0.0,0.0,39767000,396185000,0.0,20469000.0,70087000.0,0.15721518249092087,49618000.0,0.11130028286036657,5952000.0,51027000.0,0.11446087173033828,13331000.0,37602000.0,0.08434667330637075,0.43,0.42,88707322,89055440,https://www.sedar.com/ModifyCompanyDocumentSearchForm.do?lang=EN&company_search=Enerflex Ltd&document_selection=0&industry_group=A&FromDate=13&FromMonth=05&FromYear=2000&ToDate=13&ToMonth=11&ToYear=2020&Variable=Issuer,https://www.sedar.com/ModifyCompanyDocumentSearchForm.do?lang=EN&company_search=Enerflex Ltd&document_selection=0&industry_group=A&FromDate=13&FromMonth=05&FromYear=2000&ToDate=13&ToMonth=11&ToYear=2020&Variable=Issuer,1620591503,16:18:23,20210509
10,2018-06-30,EFX.TO,CAD,2018-06-30,2018-06-30,Q2,404848000,332524000,72324000,0.17864482472434098,0.0,44031000,0.0,0.0,44031000,376555000,0.0,21350000.0,49643000.0,0.12262132948662215,28293000.0,0.06988548788681184,248000.0,23497000.0,0.058039066513852114,3130000.0,20308000.0,0.050162036122198946,0.22919387577441386,0.22833079172723855,88606207,88941136,https://www.sedar.com/ModifyCompanyDocumentSearchForm.do?lang=EN&company_search=Enerflex Ltd&document_selection=0&industry_group=A&FromDate=13&FromMonth=05&FromYear=2000&ToDate=13&ToMonth=11&ToYear=2020&Variable=Issuer,https://www.sedar.com/ModifyCompanyDocumentSearchForm.do?lang=EN&company_search=Enerflex Ltd&document_selection=0&industry_group=A&FromDate=13&FromMonth=05&FromYear=2000&ToDate=13&ToMonth=11&ToYear=2020&Variable=Issuer,1620591503,16:18:23,20210509
11,2018-03-31,EFX.TO,CAD,2018-03-31,2018-03-31,Q1,385780000,321278000,64502000,0.16719892166519779,0.0,45037000,0.0,0.0,45037000,366315000,0.0,20977000.0,40442000.0,0.10483176940224999,19465000.0,0.05045621857016953,-137000.0,14344000.0,0.037181813468816424,3471000.0,10732000.0,0.02781896417647364,0.1211979315583129,0.12065051899846578,88549366,88951130,https://www.sedar.com/ModifyCompanyDocumentSearchForm.do?lang=EN&company_search=Enerflex Ltd&document_selection=0&industry_group=A&FromDate=13&FromMonth=05&FromYear=2000&ToDate=13&ToMonth=11&ToYear=2020&Variable=Issuer,https://www.sedar.com/ModifyCompanyDocumentSearchForm.do?lang=EN&company_search=Enerflex Ltd&document_selection=0&industry_group=A&FromDate=13&FromMonth=05&FromYear=2000&ToDate=13&ToMonth=11&ToYear=2020&Variable=Issuer,1620591503,16:18:23,20210509
12,2017-12-31,EFX.TO,CAD,2017-12-31,2017-12-31,Q4,450065000,365965000,84100000,0.18686189772588405,0.0,37693000,0.0,0.0,37693000,403658000,0.0,20220000.0,66627000.0,0.1480386166442625,46407000.0,0.10311177274393699,808000.0,43475000.0,0.0965971581882617,16773000.0,26994000.0,0.059978003177318835,0.30100744495538495,0.30100744495538495,89678845,89678845,https://www.sedar.com/ModifyCompanyDocumentSearchForm.do?lang=EN&company_search=Enerflex Ltd&document_selection=0&industry_group=A&FromDate=13&FromMonth=05&FromYear=2000&ToDate=13&ToMonth=11&ToYear=2020&Variable=Issuer,https://www.sedar.com/ModifyCompanyDocumentSearchForm.do?lang=EN&company_search=Enerflex Ltd&document_selection=0&industry_group=A&FromDate=13&FromMonth=05&FromYear=2000&ToDate=13&ToMonth=11&ToYear=2020&Variable=Issuer,1620591503,16:18:23,20210509
13,2017-09-30,EFX.TO,CAD,2017-09-30,2017-09-30,Q3,315019000,263307000,51712000,0.16415517794164797,0.0,38950000,0.0,0.0,38950000,302257000,0.0,20226000.0,32988000.0,0.10471749323056705,12762000.0,0.04051184214285487,20005000.0,29464000.0,0.09353086639218587,4276000.0,25030000.0,0.079455524904847,0.28269581530455734,0.2809069971811886,88540398,89104224,https://www.sedar.com/ModifyCompanyDocumentSearchForm.do?lang=EN&company_search=Enerflex Ltd&document_selection=0&industry_group=A&FromDate=13&FromMonth=05&FromYear=2000&ToDate=13&ToMonth=11&ToYear=2020&Variable=Issuer,https://www.sedar.com/ModifyCompanyDocumentSearchForm.do?lang=EN&company_search=Enerflex Ltd&document_selection=0&industry_group=A&FromDate=13&FromMonth=05&FromYear=2000&ToDate=13&ToMonth=11&ToYear=2020&Variable=Issuer,1620591503,16:18:23,20210509
14,2017-06-30,EFX.TO,CAD,2017-06-30,2017-06-30,Q2,433484000,356075000,77409000,0.17857406501739395,0.0,44645000,0.0,0.0,44645000,400720000,0.0,20356000.0,53120000.0,0.12254200847090088,32764000.0,0.07558295115852026,-85000.0,29749000.0,0.06862767714609998,8403000.0,21192000.0,0.04888761753605669,0.24,0.23,88528906,89230004,https://www.sedar.com/ModifyCompanyDocumentSearchForm.do?lang=EN&company_search=Enerflex Ltd&document_selection=0&industry_group=A&FromDate=13&FromMonth=05&FromYear=2000&ToDate=13&ToMonth=11&ToYear=2020&Variable=Issuer,https://www.sedar.com/ModifyCompanyDocumentSearchForm.do?lang=EN&company_search=Enerflex Ltd&document_selection=0&industry_group=A&FromDate=13&FromMonth=05&FromYear=2000&ToDate=13&ToMonth=11&ToYear=2020&Variable=Issuer,1620591503,16:18:23,20210509
15,2017-03-31,EFX.TO,CAD,2017-03-31,2017-03-31,Q1,354787000,281485000,73302000,0.20660847212552882,0.0,42961000,0.0,0.0,42961000,324446000,0.0,19776000.0,50117000.0,0.1412594035294416,30341000.0,0.0855189169839932,2793000.0,30380000.0,0.08562884209398879,5863000.0,24407000.0,0.06879338870928191,0.2762439130869895,0.2741104832923725,88353078,89040739,https://www.sedar.com/ModifyCompanyDocumentSearchForm.do?lang=EN&company_search=Enerflex Ltd&document_selection=0&industry_group=A&FromDate=13&FromMonth=05&FromYear=2000&ToDate=13&ToMonth=11&ToYear=2020&Variable=Issuer,https://www.sedar.com/ModifyCompanyDocumentSearchForm.do?lang=EN&company_search=Enerflex Ltd&document_selection=0&industry_group=A&FromDate=13&FromMonth=05&FromYear=2000&ToDate=13&ToMonth=11&ToYear=2020&Variable=Issuer,1620591503,16:18:23,20210509
16,2016-12-31,EFX.TO,CAD,2016-12-31,2016-12-31,Q4,343385000,274233000,69152000,0.20138328698108537,0.0,48170000,0.0,0.0,48170000,322403000,0.0,23842000.0,44824000.0,0.1305356960845698,20982000.0,0.06110342618343841,-57266000.0,-38993000.0,-0.1135547563230776,6495000.0,-45530000.0,-0.13259169736593038,-0.5077005619329732,-0.5077005619329732,89678845,89678845,https://www.sedar.com/ModifyCompanyDocumentSearchForm.do?lang=EN&company_search=Enerflex Ltd&document_selection=0&industry_group=A&FromDate=13&FromMonth=05&FromYear=2000&ToDate=13&ToMonth=11&ToYear=2020&Variable=Issuer,https://www.sedar.com/ModifyCompanyDocumentSearchForm.do?lang=EN&company_search=Enerflex Ltd&document_selection=0&industry_group=A&FromDate=13&FromMonth=05&FromYear=2000&ToDate=13&ToMonth=11&ToYear=2020&Variable=Issuer,1620591503,16:18:23,20210509
17,2016-09-30,EFX.TO,CAD,2016-09-30,2016-09-30,Q3,262449000,198433000,64016000,0.24391786594728881,0.0,40109000,0.0,0.0,40109000,238542000,0.0,23652000.0,47559000.0,0.18121234982796658,23907000.0,0.0910919835853823,169000.0,20587000.0,0.0784419068085609,2991000.0,17913000.0,0.0682532606334945,0.2199656724368903,0.21987051586829803,81435434,81470678,https://www.sedar.com/ModifyCompanyDocumentSearchForm.do?lang=EN&company_search=Enerflex Ltd&document_selection=0&industry_group=A&FromDate=13&FromMonth=05&FromYear=2000&ToDate=13&ToMonth=11&ToYear=2020&Variable=Issuer,https://www.sedar.com/ModifyCompanyDocumentSearchForm.do?lang=EN&company_search=Enerflex Ltd&document_selection=0&industry_group=A&FromDate=13&FromMonth=05&FromYear=2000&ToDate=13&ToMonth=11&ToYear=2020&Variable=Issuer,1620591503,16:18:23,20210509
18,2016-06-30,EFX.TO,CAD,2016-06-30,2016-06-30,Q2,253068000,188834000,64234000,0.2538211073703511,0.0,42411000,0.0,0.0,42411000,231245000,0.0,22989000.0,44812000.0,0.17707493638073563,21823000.0,0.0862337395482637,43000.0,18190000.0,0.0718779142364898,1349000.0,16182000.0,0.06394328797003176,0.21,0.21,79196942,79196942,https://www.sedar.com/ModifyCompanyDocumentSearchForm.do?lang=EN&company_search=Enerflex Ltd&document_selection=0&industry_group=A&FromDate=13&FromMonth=05&FromYear=2000&ToDate=13&ToMonth=11&ToYear=2020&Variable=Issuer,https://www.sedar.com/ModifyCompanyDocumentSearchForm.do?lang=EN&company_search=Enerflex Ltd&document_selection=0&industry_group=A&FromDate=13&FromMonth=05&FromYear=2000&ToDate=13&ToMonth=11&ToYear=2020&Variable=Issuer,1620591503,16:18:23,20210509
19,2016-03-31,EFX.TO,CAD,2016-03-31,2016-03-31,Q1,271702000,225320000,46382000,0.1707090856894686,0.0,47681000,0.0,0.0,47681000,273001000,0.0,22616000.0,21317000.0,0.07845728040279423,-1299000.0,-0.004780973272187912,-89831000.0,-95312000.0,-0.3507960927781172,-1835000.0,-93270000.0,-0.3432805058483191,-1.1779776156467558,-1.1779159215814883,79178075,79182222,https://www.sedar.com/ModifyCompanyDocumentSearchForm.do?lang=EN&company_search=Enerflex Ltd&document_selection=0&industry_group=A&FromDate=13&FromMonth=05&FromYear=2000&ToDate=13&ToMonth=11&ToYear=2020&Variable=Issuer,https://www.sedar.com/ModifyCompanyDocumentSearchForm.do?lang=EN&company_search=Enerflex Ltd&document_selection=0&industry_group=A&FromDate=13&FromMonth=05&FromYear=2000&ToDate=13&ToMonth=11&ToYear=2020&Variable=Issuer,1620591503,16:18:23,20210509
20,2015-12-31,EFX.TO,CAD,2015-12-31,2015-12-31,Q4,358548000,283877000,74671000,0.20825942412173545,0.0,62133000,0.0,0.0,62133000,346010000,0.0,27927000.0,40465000.0,0.11285797159655053,12538000.0,0.03496881867978625,-33418000.0,-25302000.0,-0.07056795742829412,8121000.0,-33605000.0,-0.09372524738668184,-0.3747260571877347,-0.3747260571877347,89678845,89678845,https://www.sedar.com/ModifyCompanyDocumentSearchForm.do?lang=EN&company_search=Enerflex Ltd&document_selection=0&industry_group=A&FromDate=13&FromMonth=05&FromYear=2000&ToDate=13&ToMonth=11&ToYear=2020&Variable=Issuer,https://www.sedar.com/ModifyCompanyDocumentSearchForm.do?lang=EN&company_search=Enerflex Ltd&document_selection=0&industry_group=A&FromDate=13&FromMonth=05&FromYear=2000&ToDate=13&ToMonth=11&ToYear=2020&Variable=Issuer,1620591503,16:18:23,20210509
21,2015-09-30,EFX.TO,CAD,2015-09-30,2015-09-30,Q3,425242000,338752000,86490000,0.20339006965445558,0.0,47875000,0.0,0.0,47875000,386627000,0.0,19998000.0,58613000.0,0.137834456615292,38615000.0,0.0908071168887363,1959000.0,36845000.0,0.08664478108935618,4907000.0,31885000.0,0.07498083444250568,0.4035947054501032,0.40341713608956037,79002523,79037297,https://www.sedar.com/ModifyCompanyDocumentSearchForm.do?lang=EN&company_search=Enerflex Ltd&document_selection=0&industry_group=A&FromDate=13&FromMonth=05&FromYear=2000&ToDate=13&ToMonth=11&ToYear=2020&Variable=Issuer,https://www.sedar.com/ModifyCompanyDocumentSearchForm.do?lang=EN&company_search=Enerflex Ltd&document_selection=0&industry_group=A&FromDate=13&FromMonth=05&FromYear=2000&ToDate=13&ToMonth=11&ToYear=2020&Variable=Issuer,1620591503,16:18:23,20210509
22,2015-06-30,EFX.TO,CAD,2015-06-30,2015-06-30,Q2,389721000,308225000,81496000,0.20911369928743898,0.0,44516000,0.0,0.0,44516000,352741000,0.0,16510000.0,53490000.0,0.13725203414750553,36980000.0,0.09488839451812964,1218000.0,34651000.0,0.08891232445775311,7824000.0,26252000.0,0.06736100954272416,0.3325316447839513,0.33152384774973137,78945870,79185857,https://www.sedar.com/ModifyCompanyDocumentSearchForm.do?lang=EN&company_search=Enerflex Ltd&document_selection=0&industry_group=A&FromDate=13&FromMonth=05&FromYear=2000&ToDate=13&ToMonth=11&ToYear=2020&Variable=Issuer,https://www.sedar.com/ModifyCompanyDocumentSearchForm.do?lang=EN&company_search=Enerflex Ltd&document_selection=0&industry_group=A&FromDate=13&FromMonth=05&FromYear=2000&ToDate=13&ToMonth=11&ToYear=2020&Variable=Issuer,1620591503,16:18:23,20210509
23,2015-03-31,EFX.TO,CAD,2015-03-31,2015-03-31,Q1,475323000,391307000,84016000,0.17675559566862956,0.0,51324000,0.0,0.0,51324000,442631000,0.0,18336000.0,51028000.0,0.10735436745118583,32692000.0,0.06877849378212289,3361000.0,32440000.0,0.0682483279790795,9582000.0,21214000.0,0.04463070375302689,0.26965074051566695,0.26818091585211273,78672137,79103317,https://www.sedar.com/ModifyCompanyDocumentSearchForm.do?lang=EN&company_search=Enerflex Ltd&document_selection=0&industry_group=A&FromDate=13&FromMonth=05&FromYear=2000&ToDate=13&ToMonth=11&ToYear=2020&Variable=Issuer,https://www.sedar.com/ModifyCompanyDocumentSearchForm.do?lang=EN&company_search=Enerflex Ltd&document_selection=0&industry_group=A&FromDate=13&FromMonth=05&FromYear=2000&ToDate=13&ToMonth=11&ToYear=2020&Variable=Issuer,1620591503,16:18:23,20210509
24,2014-12-31,EFX.TO,CAD,2014-12-31,2014-12-31,Q4,523287000,429959000,93328000,0.17834954814470835,0.0,56515000,0.0,0.0,56515000,486474000,4456000.0,17231000.0,54044000.0,0.10327793352405086,36813000.0,0.0703495405007195,2912000.0,35392000.0,0.06763401345724239,9599000.0,25440000.0,0.04861576916682432,0.2836789434565086,0.2836789434565086,89678845,89678845,https://www.sedar.com/ModifyCompanyDocumentSearchForm.do?lang=EN&company_search=Enerflex Ltd&document_selection=0&industry_group=A&FromDate=13&FromMonth=05&FromYear=2000&ToDate=13&ToMonth=11&ToYear=2020&Variable=Issuer,https://www.sedar.com/ModifyCompanyDocumentSearchForm.do?lang=EN&company_search=Enerflex Ltd&document_selection=0&industry_group=A&FromDate=13&FromMonth=05&FromYear=2000&ToDate=13&ToMonth=11&ToYear=2020&Variable=Issuer,1620591503,16:18:23,20210509
25,2014-09-30,EFX.TO,CAD,2014-09-30,2014-09-30,Q3,478960000,386600000,92360000,0.19283447469517287,0.0,48605000,0.0,0.0,48605000,435205000,2907000.0,20013000.0,63768000.0,0.1331384666778019,43755000.0,0.0913541840654752,1717000.0,42746000.0,0.08924753632871221,12517000.0,29713000.0,0.06203649574077167,0.39,0.38,78321341,79152429,https://www.sedar.com/ModifyCompanyDocumentSearchForm.do?lang=EN&company_search=Enerflex Ltd&document_selection=0&industry_group=A&FromDate=13&FromMonth=05&FromYear=2000&ToDate=13&ToMonth=11&ToYear=2020&Variable=Issuer,https://www.sedar.com/ModifyCompanyDocumentSearchForm.do?lang=EN&company_search=Enerflex Ltd&document_selection=0&industry_group=A&FromDate=13&FromMonth=05&FromYear=2000&ToDate=13&ToMonth=11&ToYear=2020&Variable=Issuer,1620591503,16:18:23,20210509
26,2014-06-30,EFX.TO,CAD,2014-06-30,2014-06-30,Q2,446063000,360100000,85963000,0.19271493040220777,0.0,57680000,0.0,0.0,57680000,417780000,1717000.0,9659000.0,37942000.0,0.08505973371474433,28283000.0,0.06340584177571329,2188000.0,28957000.0,0.06491683910120319,17809000.0,11148000.0,0.02499198543703468,0.14237895020965455,0.14105042279320174,78298091,79035566,https://www.sedar.com/ModifyCompanyDocumentSearchForm.do?lang=EN&company_search=Enerflex Ltd&document_selection=0&industry_group=A&FromDate=13&FromMonth=05&FromYear=2000&ToDate=13&ToMonth=11&ToYear=2020&Variable=Issuer,https://www.sedar.com/ModifyCompanyDocumentSearchForm.do?lang=EN&company_search=Enerflex Ltd&document_selection=0&industry_group=A&FromDate=13&FromMonth=05&FromYear=2000&ToDate=13&ToMonth=11&ToYear=2020&Variable=Issuer,1620591503,16:18:23,20210509
27,2014-03-31,EFX.TO,CAD,2014-03-31,2014-03-31,Q1,332420000,281121000,51299000,0.1543198363516034,0.0,43864000,0.0,0.0,43864000,324985000,1374000.0,9896000.0,17331000.0,0.05213585223512424,7435000.0,0.022366283617110884,2630000.0,8867000.0,0.02667408699837555,4820000.0,4047000.0,0.012174357740208171,0.05172948595143096,0.0513606368018418,78233911,78795752,https://www.sedar.com/ModifyCompanyDocumentSearchForm.do?lang=EN&company_search=Enerflex Ltd&document_selection=0&industry_group=A&FromDate=13&FromMonth=05&FromYear=2000&ToDate=13&ToMonth=11&ToYear=2020&Variable=Issuer,https://www.sedar.com/ModifyCompanyDocumentSearchForm.do?lang=EN&company_search=Enerflex Ltd&document_selection=0&industry_group=A&FromDate=13&FromMonth=05&FromYear=2000&ToDate=13&ToMonth=11&ToYear=2020&Variable=Issuer,1620591503,16:18:23,20210509
28,2013-12-31,EFX.TO,CAD,2013-12-31,2013-12-31,Q4,350066000,290925000,59141000,0.16894242799929157,0.0,44908000,0.0,0.0,44908000,335833000,1367000.0,9721000.0,23954000.0,0.06842709660464026,14233000.0,0.040658047339644524,2263000.0,15247000.0,0.04355464398142064,4487000.0,10668000.0,0.030474253426496716,0.1189578211003944,0.1189578211003944,89678845,89678845,https://www.sedar.com/ModifyCompanyDocumentSearchForm.do?lang=EN&company_search=Enerflex Ltd&document_selection=0&industry_group=A&FromDate=13&FromMonth=05&FromYear=2000&ToDate=13&ToMonth=11&ToYear=2020&Variable=Issuer,https://www.sedar.com/ModifyCompanyDocumentSearchForm.do?lang=EN&company_search=Enerflex Ltd&document_selection=0&industry_group=A&FromDate=13&FromMonth=05&FromYear=2000&ToDate=13&ToMonth=11&ToYear=2020&Variable=Issuer,1620591503,16:18:23,20210509
29,2013-09-30,EFX.TO,CAD,2013-09-30,2013-09-30,Q3,390657000,329301000,61356000,0.1570584937681905,0.0,41808000,0.0,0.0,41808000,371109000,1506000.0,10064000.0,29612000.0,0.07580051042218622,19548000.0,0.050038780823074974,1438000.0,19607000.0,0.0501898084508917,6433000.0,13141000.0,0.033638204358298965,0.16884753800990518,0.1680392343032257,77827608,78201975,https://www.sedar.com/ModifyCompanyDocumentSearchForm.do?lang=EN&company_search=Enerflex Ltd&document_selection=0&industry_group=A&FromDate=13&FromMonth=05&FromYear=2000&ToDate=13&ToMonth=11&ToYear=2020&Variable=Issuer,https://www.sedar.com/ModifyCompanyDocumentSearchForm.do?lang=EN&company_search=Enerflex Ltd&document_selection=0&industry_group=A&FromDate=13&FromMonth=05&FromYear=2000&ToDate=13&ToMonth=11&ToYear=2020&Variable=Issuer,1620591503,16:18:23,20210509
30,2013-06-30,EFX.TO,CAD,2013-06-30,2013-06-30,Q2,311037000,246630000,64407000,0.20707182746747171,0.0,38171000,0.0,0.0,38171000,284801000,1703000.0,10024000.0,36260000.0,0.11657777049032751,26236000.0,0.08435009339724855,844000.0,25521000.0,0.08205133151361414,7116000.0,17171000.0,0.05520565077466668,0.22073203566652275,0.2198463160173194,77791155,78104561,https://www.sedar.com/ModifyCompanyDocumentSearchForm.do?lang=EN&company_search=Enerflex Ltd&document_selection=0&industry_group=A&FromDate=13&FromMonth=05&FromYear=2000&ToDate=13&ToMonth=11&ToYear=2020&Variable=Issuer,https://www.sedar.com/ModifyCompanyDocumentSearchForm.do?lang=EN&company_search=Enerflex Ltd&document_selection=0&industry_group=A&FromDate=13&FromMonth=05&FromYear=2000&ToDate=13&ToMonth=11&ToYear=2020&Variable=Issuer,1620591503,16:18:23,20210509
31,2013-03-31,EFX.TO,CAD,2013-03-31,2013-03-31,Q1,353262000,292261000,61001000,0.17267920127270978,0.0,38988000,0.0,0.0,38988000,331249000,1500000.0,9786000.0,31799000.0,0.09001534272013406,22013000.0,0.06231352367364732,766000.0,21448000.0,0.060714144176277095,6069000.0,14886000.0,0.042138695925403806,0.1914477858766476,0.19096755289885242,77754882,77950415,https://www.sedar.com/ModifyCompanyDocumentSearchForm.do?lang=EN&company_search=Enerflex Ltd&document_selection=0&industry_group=A&FromDate=13&FromMonth=05&FromYear=2000&ToDate=13&ToMonth=11&ToYear=2020&Variable=Issuer,https://www.sedar.com/ModifyCompanyDocumentSearchForm.do?lang=EN&company_search=Enerflex Ltd&document_selection=0&industry_group=A&FromDate=13&FromMonth=05&FromYear=2000&ToDate=13&ToMonth=11&ToYear=2020&Variable=Issuer,1620591503,16:18:23,20210509
32,2012-12-31,EFX.TO,CAD,2012-12-31,2012-12-31,Q4,421590000,344019000,77571000,0.1839962997224792,0.0,41117000,0.0,0.0,41117000,385136000,1572000.0,10313000.0,46767000.0,0.11093005052301999,36454000.0,0.0864678953485614,306000.0,35392000.0,0.08394886026708413,8388000.0,26365000.0,0.06253706207452739,0.29399352768203024,0.29399352768203024,89678845,89678845,https://www.sedar.com/ModifyCompanyDocumentSearchForm.do?lang=EN&company_search=Enerflex Ltd&document_selection=0&industry_group=A&FromDate=13&FromMonth=05&FromYear=2000&ToDate=13&ToMonth=11&ToYear=2020&Variable=Issuer,https://www.sedar.com/ModifyCompanyDocumentSearchForm.do?lang=EN&company_search=Enerflex Ltd&document_selection=0&industry_group=A&FromDate=13&FromMonth=05&FromYear=2000&ToDate=13&ToMonth=11&ToYear=2020&Variable=Issuer,1620591503,16:18:23,20210509
33,2012-09-30,EFX.TO,CAD,2012-09-30,2012-09-30,Q3,369727000,302443000,67284000,0.18198292253473508,0.0,38776000,0.0,0.0,38776000,341219000,1577000.0,9781000.0,38289000.0,0.10356019441371607,28508000.0,0.07710554003359235,1929000.0,29118000.0,0.07875540601579002,8168000.0,19513000.0,0.05277677854200532,0.2513971104856997,0.25104101032086934,77618235,77728336,https://www.sedar.com/ModifyCompanyDocumentSearchForm.do?lang=EN&company_search=Enerflex Ltd&document_selection=0&industry_group=A&FromDate=13&FromMonth=05&FromYear=2000&ToDate=13&ToMonth=11&ToYear=2020&Variable=Issuer,https://www.sedar.com/ModifyCompanyDocumentSearchForm.do?lang=EN&company_search=Enerflex Ltd&document_selection=0&industry_group=A&FromDate=13&FromMonth=05&FromYear=2000&ToDate=13&ToMonth=11&ToYear=2020&Variable=Issuer,1620591503,16:18:23,20210509
34,2012-06-30,EFX.TO,CAD,2012-06-30,2012-06-30,Q2,354636000,288653000,65983000,0.18605838098782979,0.0,37559000,0.0,0.0,37559000,326212000,1880000.0,9604000.0,38028000.0,0.10723107637126518,28424000.0,0.08014978738763126,122000.0,26949000.0,0.07599059317159003,7548000.0,11752000.0,0.0331382036792655,0.15146505255168413,0.15135077605522543,77588855,77647438,https://www.sedar.com/ModifyCompanyDocumentSearchForm.do?lang=EN&company_search=Enerflex Ltd&document_selection=0&industry_group=A&FromDate=13&FromMonth=05&FromYear=2000&ToDate=13&ToMonth=11&ToYear=2020&Variable=Issuer,https://www.sedar.com/ModifyCompanyDocumentSearchForm.do?lang=EN&company_search=Enerflex Ltd&document_selection=0&industry_group=A&FromDate=13&FromMonth=05&FromYear=2000&ToDate=13&ToMonth=11&ToYear=2020&Variable=Issuer,1620591503,16:18:23,20210509
35,2012-03-31,EFX.TO,CAD,2012-03-31,2012-03-31,Q1,355731000,293414000,62317000,0.17518012205852174,0.0,41146000,0.0,0.0,41146000,334560000,1732000.0,9789000.0,30960000.0,0.08703205512030157,21171000.0,0.05951407102557832,427000.0,20221000.0,0.056843513778669835,5323000.0,14144000.0,0.03976038073713002,0.18253031801610503,0.182030254833734,77488497,77701369,https://www.sedar.com/ModifyCompanyDocumentSearchForm.do?lang=EN&company_search=Enerflex Ltd&document_selection=0&industry_group=A&FromDate=13&FromMonth=05&FromYear=2000&ToDate=13&ToMonth=11&ToYear=2020&Variable=Issuer,https://www.sedar.com/ModifyCompanyDocumentSearchForm.do?lang=EN&company_search=Enerflex Ltd&document_selection=0&industry_group=A&FromDate=13&FromMonth=05&FromYear=2000&ToDate=13&ToMonth=11&ToYear=2020&Variable=Issuer,1620591503,16:18:23,20210509
36,2011-12-31,EFX.TO,CAD,2011-12-31,2011-12-31,Q4,383802000,315179000,68623000,0.17879792184511806,0.0,42115000,0.0,-82000.0,42115000,357294000,1764000.0,9865000.0,36373000.0,0.09477022006138582,26508000.0,0.06906686260102865,272000.0,25579000.0,0.0666463436876306,7859000.0,10756000.0,0.02802486698870772,0.11993910046455215,0.11993910046455215,89678845,89678845,https://www.sedar.com/ModifyCompanyDocumentSearchForm.do?lang=EN&company_search=Enerflex Ltd&document_selection=0&industry_group=A&FromDate=13&FromMonth=05&FromYear=2000&ToDate=13&ToMonth=11&ToYear=2020&Variable=Issuer,https://www.sedar.com/ModifyCompanyDocumentSearchForm.do?lang=EN&company_search=Enerflex Ltd&document_selection=0&industry_group=A&FromDate=13&FromMonth=05&FromYear=2000&ToDate=13&ToMonth=11&ToYear=2020&Variable=Issuer,1620591503,16:18:23,20210509
37,2011-09-30,EFX.TO,CAD,2011-09-30,2011-09-30,Q3,282335000,228766000,53569000,0.18973559778277577,0.0,31614000,0.0,2315000.0,31614000,260380000,2498000.0,11071000.0,33026000.0,0.11697451608904316,21955000.0,0.07776223280854304,2612000.0,22697000.0,0.08039031646802557,5718000.0,-37301000.0,-0.13211610321072484,-0.48,-0.48,77215396,77215396,https://www.sedar.com/ModifyCompanyDocumentSearchForm.do?lang=EN&company_search=Enerflex Ltd&document_selection=0&industry_group=A&FromDate=13&FromMonth=05&FromYear=2000&ToDate=13&ToMonth=11&ToYear=2020&Variable=Issuer,https://www.sedar.com/ModifyCompanyDocumentSearchForm.do?lang=EN&company_search=Enerflex Ltd&document_selection=0&industry_group=A&FromDate=13&FromMonth=05&FromYear=2000&ToDate=13&ToMonth=11&ToYear=2020&Variable=Issuer,1620591503,16:18:23,20210509
38,2011-06-30,EFX.TO,CAD,2011-06-30,2011-06-30,Q2,254738000,207039000,47699000,0.18724728937182517,0.0,34222000,0.0,309000.0,34222000,241261000,2072000.0,10356000.0,23833000.0,0.09355887225306,13477000.0,0.05290533803358745,928000.0,12802000.0,0.050255556689618355,3442000.0,9681000.0,0.038003752875503456,0.12,0.12,77214913,77214913,https://www.sedar.com/ModifyCompanyDocumentSearchForm.do?lang=EN&company_search=Enerflex Ltd&document_selection=0&industry_group=A&FromDate=13&FromMonth=05&FromYear=2000&ToDate=13&ToMonth=11&ToYear=2020&Variable=Issuer,https://www.sedar.com/ModifyCompanyDocumentSearchForm.do?lang=EN&company_search=Enerflex Ltd&document_selection=0&industry_group=A&FromDate=13&FromMonth=05&FromYear=2000&ToDate=13&ToMonth=11&ToYear=2020&Variable=Issuer,1620591503,16:18:23,20210509
39,2011-03-31,EFX.TO,CAD,2011-03-31,2011-03-31,Q1,326405000,270141000,56264000,0.17237481043488917,0.0,42511000,0.0,201000.0,42511000,312652000,2620000.0,10879000.0,24632000.0,0.07546453026148496,13753000.0,0.04213477121980362,943000.0,12359000.0,0.03786400330877284,3739000.0,9881000.0,0.030272207839953432,0.127967,0.127967,77215396,77215396,https://www.sedar.com/ModifyCompanyDocumentSearchForm.do?lang=EN&company_search=Enerflex Ltd&document_selection=0&industry_group=A&FromDate=13&FromMonth=05&FromYear=2000&ToDate=13&ToMonth=11&ToYear=2020&Variable=Issuer,https://www.sedar.com/ModifyCompanyDocumentSearchForm.do?lang=EN&company_search=Enerflex Ltd&document_selection=0&industry_group=A&FromDate=13&FromMonth=05&FromYear=2000&ToDate=13&ToMonth=11&ToYear=2020&Variable=Issuer,1620591503,16:18:23,20210509
40,2010-12-31,EFX.TO,CAD,2010-12-31,2010-12-31,Q4,1612080000,1242753000,369327000,0.22909967247283014,0.0,234908000,0.0,0.0,234908000,1477661000,16069000.0,54349000.0,188768000.0,0.11709592576050816,134419000.0,0.08338233834549154,-837000.0,120191000.0,0.07455647362413775,41986000.0,81114000.0,0.050316361470894744,0.9044942539123915,0.9044942539123915,89678845,89678845,https://www.sedar.com/ModifyCompanyDocumentSearchForm.do?lang=EN&company_search=Enerflex Ltd&document_selection=0&industry_group=A&FromDate=13&FromMonth=05&FromYear=2000&ToDate=13&ToMonth=11&ToYear=2020&Variable=Issuer,https://www.sedar.com/ModifyCompanyDocumentSearchForm.do?lang=EN&company_search=Enerflex Ltd&document_selection=0&industry_group=A&FromDate=13&FromMonth=05&FromYear=2000&ToDate=13&ToMonth=11&ToYear=2020&Variable=Issuer,1620591503,16:18:23,20210509
41,2010-09-30,EFX.TO,CAD,2010-09-30,2010-09-30,Q3,270859000,222832000,48027000,0.17731365765952026,0.0,36562000,0.0,930000.0,36562000,259394000,3858000.0,11079000.0,22544000.0,0.08323149683045422,11465000.0,0.0423282962722302,1070000.0,8700000.0,0.03212003293226365,3638000.0,3518000.0,0.012988307569621094,0.04,0.04,76896069,76896069,https://www.sedar.com/ModifyCompanyDocumentSearchForm.do?lang=EN&company_search=Enerflex Ltd&document_selection=0&industry_group=A&FromDate=13&FromMonth=05&FromYear=2000&ToDate=13&ToMonth=11&ToYear=2020&Variable=Issuer,https://www.sedar.com/ModifyCompanyDocumentSearchForm.do?lang=EN&company_search=Enerflex Ltd&document_selection=0&industry_group=A&FromDate=13&FromMonth=05&FromYear=2000&ToDate=13&ToMonth=11&ToYear=2020&Variable=Issuer,1620591503,16:18:23,20210509
42,2010-06-30,EFX.TO,CAD,2010-06-30,2010-06-30,Q2,254022000,210187000,43835000,0.17256379368716096,0.0,35926000,0.0,-27000.0,35926000,246113000,4046000.0,10231000.0,18140000.0,0.0714111376180016,7909000.0,0.03113509853477258,768000.0,4685000.0,0.0184432844399304,1623000.0,2679000.0,0.010546330632779839,0.04,0.04,76881262,76881262,https://www.sedar.com/ModifyCompanyDocumentSearchForm.do?lang=EN&company_search=Enerflex Ltd&document_selection=0&industry_group=A&FromDate=13&FromMonth=05&FromYear=2000&ToDate=13&ToMonth=11&ToYear=2020&Variable=Issuer,https://www.sedar.com/ModifyCompanyDocumentSearchForm.do?lang=EN&company_search=Enerflex Ltd&document_selection=0&industry_group=A&FromDate=13&FromMonth=05&FromYear=2000&ToDate=13&ToMonth=11&ToYear=2020&Variable=Issuer,1620591503,16:18:23,20210509
43,2010-03-31,EFX.TO,CAD,2010-03-31,2010-03-31,Q1,212413000,182884000,29529000,0.13901691516055986,0.0,31844000,0.0,217000.0,31844000,214728000,3103000.0,9837000.0,7522000.0,0.03541214520768503,-2315000.0,-0.010898579653787668,18094000.0,12724000.0,0.05990217171265412,576000.0,10877000.0,0.05120684703855225,0.140962,0.140361,77162569,77492954,https://www.sedar.com/ModifyCompanyDocumentSearchForm.do?lang=EN&company_search=Enerflex Ltd&document_selection=0&industry_group=A&FromDate=13&FromMonth=05&FromYear=2000&ToDate=13&ToMonth=11&ToYear=2020&Variable=Issuer,https://www.sedar.com/ModifyCompanyDocumentSearchForm.do?lang=EN&company_search=Enerflex Ltd&document_selection=0&industry_group=A&FromDate=13&FromMonth=05&FromYear=2000&ToDate=13&ToMonth=11&ToYear=2020&Variable=Issuer,1620591503,16:18:23,20210509
