,date,symbol,reportedCurrency,fillingDate,acceptedDate,period,revenue,costOfRevenue,grossProfit,grossProfitRatio,researchAndDevelopmentExpenses,generalAndAdministrativeExpenses,sellingAndMarketingExpenses,otherExpenses,operatingExpenses,costAndExpenses,interestExpense,depreciationAndAmortization,ebitda,ebitdaratio,operatingIncome,operatingIncomeRatio,totalOtherIncomeExpensesNet,incomeBeforeTax,incomeBeforeTaxRatio,incomeTaxExpense,netIncome,netIncomeRatio,eps,epsdiluted,weightedAverageShsOut,weightedAverageShsOutDil,link,finalLink,timestamp,est_time,est_date
0,2020-09-30,BLX.AX,AUD,2020-09-30,2020-09-30,Q3,63056000,22756750,40299250,0.6391025437706166,0.0,3987500.0,29003750,2208500.0,0.0,0.0,1544750.0,0.0,9516500.0,6.625965428466348,7308000.0,0.11589698046181172,2208500.0,7971750.0,0.12642333798528294,2415500.0,5556250.0,0.08811611900532859,0.025520142531207456,0.025520142531207456,217720179,217720179,,,1620589490,15:44:50,20210509
1,2020-06-30,BLX.AX,AUD,2020-06-30,2020-06-30,Q2,63056000,22756750,40299250,0.6391025437706166,0.0,3987500.0,29003750,2208500.0,0.0,0.0,1544750.0,0.0,9516500.0,6.625965428466348,7308000.0,0.11589698046181172,2208500.0,7971750.0,0.12642333798528294,2415500.0,5556250.0,0.08811611900532859,0.025520142531207456,0.025520142531207456,217720179,217720179,,,1620589490,15:44:50,20210509
2,2020-03-31,BLX.AX,AUD,2020-03-31,2020-03-31,Q1,63056000,22756750,40299250,0.6391025437706166,0.0,3987500.0,29003750,2208500.0,0.0,0.0,1544750.0,0.0,9516500.0,6.625965428466348,7308000.0,0.11589698046181172,2208500.0,7971750.0,0.12642333798528294,2415500.0,5556250.0,0.08811611900532859,0.025520142531207456,0.025520142531207456,217720179,217720179,,,1620589490,15:44:50,20210509
3,2020-01-31,BLX.AX,AUD,2020-01-31,2020-01-31,Q1,63056000,22756750,40299250,0.6391025437706166,0.0,3987500.0,29003750,2208500.0,0.0,0.0,1544750.0,0.0,9516500.0,6.625965428466348,7308000.0,0.11589698046181172,2208500.0,7971750.0,0.12642333798528294,2415500.0,5556250.0,0.08811611900532859,0.025520142531207456,0.025520142531207456,217720179,217720179,,,1620589490,15:44:50,20210509
4,2019-06-30,BLX.AX,AUD,2019-06-30,2019-06-30,Q2,61576000,22148000,39428000,0.6403144082109913,0.0,4082250.0,29487250,413750.0,0.0,0.0,492750.0,0.0,6272250.0,9.817210729801905,5858500.0,0.095142588021307,413750.0,5779500.0,0.09385962063141484,1768500.0,4011000.0,0.06513901520072755,0.018425,0.018425,217720179,217720179,,,1620589490,15:44:50,20210509
5,2019-03-31,BLX.AX,AUD,2019-03-31,2019-03-31,Q1,61576000,22148000,39428000,0.6403144082109913,0.0,4082250.0,29487250,413750.0,0.0,0.0,492750.0,0.0,6272250.0,9.817210729801905,5858500.0,0.095142588021307,413750.0,5779500.0,0.09385962063141484,1768500.0,4011000.0,0.06513901520072755,0.018425,0.018425,217720179,217720179,,,1620589490,15:44:50,20210509
6,2019-01-31,BLX.AX,AUD,2019-01-31,2019-01-31,Q1,61576000,22148000,39428000,0.6403144082109913,0.0,4082250.0,29487250,413750.0,0.0,0.0,492750.0,0.0,6272250.0,9.817210729801905,5858500.0,0.095142588021307,413750.0,5779500.0,0.09385962063141484,1768500.0,4011000.0,0.06513901520072755,0.018425,0.018425,217720179,217720179,,,1620589490,15:44:50,20210509
7,2018-06-30,BLX.AX,AUD,2018-06-30,2018-06-30,Q2,58991000,20224750,38766250,0.6571553287789663,0.0,4152750.0,27741250,444000.0,0.0,0.0,400750.0,0.0,7327000.0,8.051180565033437,6872250.0,0.11649658422471225,444000.0,6926250.0,0.11741197809835399,2028750.0,4897500.0,0.08302113881778576,0.022725,0.022725,215436971,215436971,,,1620589490,15:44:50,20210509
8,2018-03-31,BLX.AX,AUD,2018-03-31,2018-03-31,Q1,58991000,20224750,38766250,0.6571553287789663,0.0,4152750.0,27741250,444000.0,0.0,0.0,400750.0,0.0,7327000.0,8.051180565033437,6872250.0,0.11649658422471225,444000.0,6926250.0,0.11741197809835399,2028750.0,4897500.0,0.08302113881778576,0.022725,0.022725,215436971,215436971,,,1620589490,15:44:50,20210509
9,2018-01-31,BLX.AX,AUD,2018-01-31,2018-01-31,Q1,58991000,20224750,38766250,0.6571553287789663,0.0,4152750.0,27741250,444000.0,0.0,0.0,400750.0,0.0,7327000.0,8.051180565033437,6872250.0,0.11649658422471225,444000.0,6926250.0,0.11741197809835399,2028750.0,4897500.0,0.08302113881778576,0.022725,0.022725,215436971,215436971,,,1620589490,15:44:50,20210509
10,2017-06-30,BLX.AX,AUD,2017-06-30,2017-06-30,Q2,53601000,19691000,33910000,0.6326374507938285,0.0,3931000.0,24598750,765000.0,0.0,0.0,313500.0,0.0,6156000.0,8.70711500974659,5380250.0,0.10037592582227943,765000.0,5842500.0,0.10899983209268484,1681500.0,4161000.0,0.07762914870991212,0.019325,0.019325,215224437,215224437,,,1620589490,15:44:50,20210509
11,2017-03-31,BLX.AX,AUD,2017-03-31,2017-03-31,Q1,53601000,19691000,33910000,0.6326374507938285,0.0,3931000.0,24598750,765000.0,0.0,0.0,313500.0,0.0,6156000.0,8.70711500974659,5380250.0,0.10037592582227943,765000.0,5842500.0,0.10899983209268484,1681500.0,4161000.0,0.07762914870991212,0.019325,0.019325,215224437,215224437,,,1620589490,15:44:50,20210509
12,2017-01-31,BLX.AX,AUD,2017-01-31,2017-01-31,Q1,53601000,19691000,33910000,0.6326374507938285,0.0,3931000.0,24598750,765000.0,0.0,0.0,313500.0,0.0,6156000.0,8.70711500974659,5380250.0,0.10037592582227943,765000.0,5842500.0,0.10899983209268484,1681500.0,4161000.0,0.07762914870991212,0.019325,0.019325,215224437,215224437,,,1620589490,15:44:50,20210509
13,2016-06-30,BLX.AX,AUD,2016-06-30,2016-06-30,Q2,48294750,17246250,31048500,0.6428959669529297,0.0,3903500.0,21224500,886500.0,-250.0,0.0,292250.0,0.0,6832500.0,7.068386388583973,5920750.0,0.1225961414025334,886500.0,6540250.0,0.13542362265049512,1965750.0,4574500.0,0.09472044062760444,0.021275,0.02125,215110924,215270588,,,1620589490,15:44:50,20210509
14,2016-03-31,BLX.AX,AUD,2016-03-31,2016-03-31,Q1,48294750,17246250,31048500,0.6428959669529297,0.0,3903500.0,21224500,886500.0,-250.0,0.0,292250.0,0.0,6832500.0,7.068386388583973,5920750.0,0.1225961414025334,886500.0,6540250.0,0.13542362265049512,1965750.0,4574500.0,0.09472044062760444,0.021275,0.02125,215110924,215270588,,,1620589490,15:44:50,20210509
15,2016-01-31,BLX.AX,AUD,2016-01-31,2016-01-31,Q1,48294750,17246250,31048500,0.6428959669529297,0.0,3903500.0,21224500,886500.0,-250.0,0.0,292250.0,0.0,6832500.0,7.068386388583973,5920750.0,0.1225961414025334,886500.0,6540250.0,0.13542362265049512,1965750.0,4574500.0,0.09472044062760444,0.021275,0.02125,215110924,215270588,,,1620589490,15:44:50,20210509
16,2015-09-30,BLX.AX,AUD,2015-09-30,2015-09-30,Q3,44846500,15836250,29010250,0.6468787976765188,0.0,4109000.0,19628000,964500.0,0.0,0.0,302500.0,0.0,6260500.0,7.163405478795624,5273250.0,0.11758442687835172,964500.0,5958000.0,0.13285317694803384,1723250.0,4234750.0,0.09442765879165599,0.0197,0.019675,215064423,215235070,,,1620589490,15:44:50,20210509
17,2015-06-30,BLX.AX,AUD,2015-06-30,2015-06-30,Q2,44846500,15836250,29010250,0.6468787976765188,0.0,4109000.0,19628000,964500.0,0.0,0.0,302500.0,0.0,6260500.0,7.163405478795624,5273250.0,0.11758442687835172,964500.0,5958000.0,0.13285317694803384,1723250.0,4234750.0,0.09442765879165599,0.0197,0.019675,215064423,215235070,,,1620589490,15:44:50,20210509
18,2015-03-31,BLX.AX,AUD,2015-03-31,2015-03-31,Q1,44846500,15836250,29010250,0.6468787976765188,0.0,4109000.0,19628000,964500.0,0.0,0.0,302500.0,0.0,6260500.0,7.163405478795624,5273250.0,0.11758442687835172,964500.0,5958000.0,0.13285317694803384,1723250.0,4234750.0,0.09442765879165599,0.0197,0.019675,215064423,215235070,,,1620589490,15:44:50,20210509
19,2015-01-31,BLX.AX,AUD,2015-01-31,2015-01-31,Q1,44846500,15836250,29010250,0.6468787976765188,0.0,4109000.0,19628000,964500.0,0.0,0.0,302500.0,0.0,6260500.0,7.163405478795624,5273250.0,0.11758442687835172,964500.0,5958000.0,0.13285317694803384,1723250.0,4234750.0,0.09442765879165599,0.0197,0.019675,215064423,215235070,,,1620589490,15:44:50,20210509
20,2014-09-30,BLX.AX,AUD,2014-09-30,2014-09-30,Q3,37665000,13419500,24245500,0.643714323642639,0.0,3544250.0,17484500,1270500.0,0.0,0.0,252250.0,0.0,4516500.0,8.339422118897376,3216750.0,0.0854042214257268,1270500.0,4264250.0,0.11321518651267755,1315000.0,2949250.0,0.07830213726271074,0.013725,0.013725,215000000,215000000,,,1620589490,15:44:50,20210509
21,2014-06-30,BLX.AX,AUD,2014-06-30,2014-06-30,Q2,37665000,13419500,24245500,0.643714323642639,0.0,3544250.0,17484500,1270500.0,0.0,0.0,252250.0,0.0,4516500.0,8.339422118897376,3216750.0,0.0854042214257268,1270500.0,4264250.0,0.11321518651267755,1315000.0,2949250.0,0.07830213726271074,0.013725,0.013725,215000000,215000000,,,1620589490,15:44:50,20210509
22,2014-03-31,BLX.AX,AUD,2014-03-31,2014-03-31,Q1,37665000,13419500,24245500,0.643714323642639,0.0,3544250.0,17484500,1270500.0,0.0,0.0,252250.0,0.0,4516500.0,8.339422118897376,3216750.0,0.0854042214257268,1270500.0,4264250.0,0.11321518651267755,1315000.0,2949250.0,0.07830213726271074,0.013725,0.013725,215000000,215000000,,,1620589490,15:44:50,20210509
23,2014-01-31,BLX.AX,AUD,2014-01-31,2014-01-31,Q1,37665000,13419500,24245500,0.643714323642639,0.0,3544250.0,17484500,1270500.0,0.0,0.0,252250.0,0.0,4516500.0,8.339422118897376,3216750.0,0.0854042214257268,1270500.0,4264250.0,0.11321518651267755,1315000.0,2949250.0,0.07830213726271074,0.013725,0.013725,215000000,215000000,,,1620589490,15:44:50,20210509
