,date,symbol,reportedCurrency,fillingDate,acceptedDate,period,revenue,costOfRevenue,grossProfit,grossProfitRatio,researchAndDevelopmentExpenses,generalAndAdministrativeExpenses,sellingAndMarketingExpenses,otherExpenses,operatingExpenses,costAndExpenses,interestExpense,depreciationAndAmortization,ebitda,ebitdaratio,operatingIncome,operatingIncomeRatio,totalOtherIncomeExpensesNet,incomeBeforeTax,incomeBeforeTaxRatio,incomeTaxExpense,netIncome,netIncomeRatio,eps,epsdiluted,weightedAverageShsOut,weightedAverageShsOutDil,link,finalLink,timestamp,est_time,est_date
0,2021-03-31,FFBC,USD,2021-05-06,2021-05-06 12:59:37,Q1,154198000.0,0.0,0.0,0.0,0.0,70727000.0,1361000.0,0.0,0.0,0.0,8733000.0,8233000.0,0.0,0.0,0.0,0.37422015849751616,0.0,57704000.0,0.37422015849751616,10389000.0,47315000.0,0.30684574378396606,0.49,0.48,96873940.0,97727527.0,https://www.sec.gov/Archives/edgar/data/708955/000070895521000029/0000708955-21-000029-index.htm,https://www.sec.gov/Archives/edgar/data/708955/000070895521000029/ffbc-20210331.htm,1620592034,16:27:14,20210509
1,2020-12-31,FFBC,USD,2021-02-19,2021-02-19 10:45:09,Q4,179988000.0,0.0,179988000.0,1.0,0.0,71437000.0,1999000.0,0.0,138000000.0,6412.144,11556000.0,8382000.0,8900498.206,0.04945050895615263,518498.206,0.2982532168811254,0.0,53682000.0,0.2982532168811254,5370000.0,48312000.0,0.26841789452630177,0.49679640766591654,0.49679640766591654,97247080.0,97247080.0,https://www.sec.gov/Archives/edgar/data/708955/000070895521000014/0000708955-21-000014-index.htm,https://www.sec.gov/Archives/edgar/data/708955/000070895521000014/ffbc-20201231.htm,1620592034,16:27:14,20210509
2,2020-09-30,FFBC,USD,2020-11-06,2020-11-06 10:18:09,Q3,161679000.0,0.0,161679000.0,1.0,0.0,72811000.0,1856000.0,0.0,1856.0,1856.0,13890000.0,10165000.0,10215794.0,0.06318565800134836,50794.0,0.0003141657234396551,0.0,50794000.0,0.3141657234396551,9317000.0,41477000.0,0.2565391918554667,0.43,0.42,97247080.0,98008733.0,https://www.sec.gov/Archives/edgar/data/708955/000070895520000064/0000708955-20-000064-index.htm,https://www.sec.gov/Archives/edgar/data/708955/000070895520000064/ffbc-20200930.htm,1620592034,16:27:14,20210509
3,2020-06-30,FFBC,USD,2020-08-07,2020-08-07 11:22:55,Q2,154301000.0,0.0,0.0,0.0,0.0,65141000.0,1339000.0,0.0,127000000.0,0.0,17784000.0,6326000.0,0.0,0.0,0.0,0.29411993441390527,0.0,45383000.0,0.29411993441390527,7990000.0,37393000.0,0.24233802762133752,0.38461954643673385,0.3816056153470914,97220748.0,97988600.0,https://www.sec.gov/Archives/edgar/data/708955/000070895520000045/0000708955-20-000045-index.htm,https://www.sec.gov/Archives/edgar/data/708955/000070895520000045/ffbc-20200630.htm,1620592034,16:27:14,20210509
4,2020-03-31,FFBC,USD,2020-05-08 00:00:00,2020-05-08 10:04:08,Q1,149666000.0,0.0,0.0,0.0,0.0,63506000.0,1220000.0,0.0,140000000.0,0.0,25222000.0,8464000.0,0.0,0.0,0.0,0.23086071652880413,0.0,34552000.0,0.23086071652880413,5924000.0,28628000.0,0.19127924845990404,0.29290944884669207,0.2910644771259699,97736690.0,98356214.0,https://www.sec.gov/Archives/edgar/data/708955/000070895520000023/0000708955-20-000023-index.html,https://www.sec.gov/Archives/edgar/data/708955/000070895520000023/q110q-2020331.htm,1620592034,16:27:14,20210509
5,2019-12-31,FFBC,USD,2020-02-21,2020-02-21 15:12:21,Q4,155670000.0,0.0,0.0,0.0,0.0,61885000.0,1980000.0,0.0,126000000.0,0.0,28749000.0,8002000.0,0.0,0.0,0.0,0.3724352797584634,0.0,57977000.0,0.3724352797584634,9300000.0,48677000.0,0.31269351834007836,0.49325779011795406,0.49053650113274255,98684706.0,99232167.0,https://www.sec.gov/Archives/edgar/data/708955/000070895520000011/0000708955-20-000011-index.htm,https://www.sec.gov/Archives/edgar/data/708955/000070895520000011/q42019form10-k.htm,1620592034,16:27:14,20210509
6,2019-09-30,FFBC,USD,2019-11-07,2019-11-07 16:17:09,Q3,154675000.0,0.0,0.0,0.0,0.0,58799000.0,1346000.0,0.0,124000000.0,0.0,32110000.0,7105000.0,0.0,0.0,0.0,0.40873444318732827,0.0,63221000.0,0.40873444318732827,12365000.0,50856000.0,0.3287926297074511,0.52,0.51,98517025.0,99077723.0,https://www.sec.gov/Archives/edgar/data/708955/000070895519000077/0000708955-19-000077-index.htm,https://www.sec.gov/Archives/edgar/data/708955/000070895519000077/q310q-2019930.htm,1620592034,16:27:14,20210509
7,2019-06-30,FFBC,USD,2019-08-06,2019-08-06 16:17:35,Q2,156940000.0,0.0,0.0,0.0,0.0,60781000.0,1976000.0,0.0,123000000.0,0.0,32221000.0,6542000.0,0.0,0.0,0.0,0.41993118389193324,0.0,65904000.0,0.41993118389193324,13201000.0,52703000.0,0.3358162355040143,0.54,0.53,98083799.0,98648384.0,https://www.sec.gov/Archives/edgar/data/708955/000070895519000060/0000708955-19-000060-index.htm,https://www.sec.gov/Archives/edgar/data/708955/000070895519000060/q210q-2019630.htm,1620592034,16:27:14,20210509
8,2019-03-31,FFBC,USD,2019-05-07,2019-05-07 16:24:49,Q1,148342000.0,0.0,0.0,0.0,0.0,54717000.0,1606000.0,0.0,123000000.0,0.0,30244000.0,6489000.0,0.0,0.0,0.0,0.37588815035526013,0.0,55760000.0,0.37588815035526013,9921000.0,45839000.0,0.30900891183885887,0.4680979393356344,0.4656716564683128,97926088.0,98436311.0,https://www.sec.gov/Archives/edgar/data/708955/000070895519000034/0000708955-19-000034-index.htm,https://www.sec.gov/Archives/edgar/data/708955/000070895519000020/q42018form10-k.htm,1620592034,16:27:14,20210509
9,2018-12-31,FFBC,USD,2019-02-22,2019-02-22 16:13:21,Q4,155463000.0,0.0,0.0,0.0,0.0,58927000.0,1651000.0,0.0,117000000.0,0.0,27470000.0,6845000.0,0.0,0.0,0.0,0.429690665946238,0.0,66801000.0,0.429690665946238,11787000.0,55014000.0,0.35387198240095713,0.5646814566457738,0.5586979281450931,97424839.0,98468237.0,https://www.sec.gov/Archives/edgar/data/708955/000070895519000020/0000708955-19-000020-index.htm,https://www.sec.gov/Archives/edgar/data/708955/000070895519000020/q42018form10-k.htm,1620592034,16:27:14,20210509
10,2018-09-30,FFBC,USD,2018-11-07,2018-11-07 16:15:33,Q3,152169000.0,0.0,0.0,0.0,0.0,56873000.0,2502000.0,0.0,114000000.0,0.0,25735000.0,7118000.0,0.0,0.0,0.0,0.41740433333990495,0.0,63516000.0,0.41740433333990495,12859000.0,50657000.0,0.3328996050443914,0.52,0.51,97411201.0,98484228.0,https://www.sec.gov/Archives/edgar/data/708955/000070895518000094/0000708955-18-000094-index.htm,https://www.sec.gov/Archives/edgar/data/708955/000070895518000094/q310q-2018930.htm,1620592034,16:27:14,20210509
11,2018-06-30,FFBC,USD,2018-08-08,2018-08-08 16:16:26,Q2,152235000.0,0.0,0.0,0.0,0.0,72276000.0,2644000.0,0.0,129000000.0,0.0,23400000.0,7132000.0,0.0,0.0,0.0,0.30048937497947253,0.0,45745000.0,0.30048937497947253,9327000.0,36418000.0,0.23922225506618058,0.37410295749354017,0.36998103626224593,97347533.0,98432072.0,https://www.sec.gov/Archives/edgar/data/708955/000070895518000084/0000708955-18-000084-index.htm,https://www.sec.gov/Archives/edgar/data/708955/000070895518000084/q210q-2018630.htm,1620592034,16:27:14,20210509
12,2018-03-31,FFBC,USD,2018-05-07,2018-05-07 16:15:37,Q1,92750000.0,0.0,0.0,0.0,0.0,36127000.0,801000.0,0.0,69000000.0,0.0,14542000.0,3076000.0,0.0,0.0,0.0,0.4114177897574124,0.0,38159000.0,0.4114177897574124,7653000.0,30506000.0,0.32890566037735847,0.494788019843293,0.4906020423300178,61654686.0,62180744.0,https://www.sec.gov/Archives/edgar/data/708955/000070895518000056/0000708955-18-000056-index.htm,https://www.sec.gov/Archives/edgar/data/708955/000070895518000037/q42017form10-k.htm,1620592034,16:27:14,20210509
13,2017-12-31,FFBC,USD,2018-02-26,2018-02-26 16:22:41,Q4,93996000.0,0.0,0.0,0.0,0.0,40624000.0,1060000.0,0.0,94000000.0,0.0,12924000.0,3141000.0,0.0,0.0,0.0,0.12024979786373888,0.0,11303000.0,0.12024979786373888,-13508000.0,24811000.0,0.26395804076769225,0.4028045561479695,0.3993282671171496,61595629.0,62131840.0,https://www.sec.gov/Archives/edgar/data/708955/000070895518000037/0000708955-18-000037-index.htm,https://www.sec.gov/Archives/edgar/data/708955/000070895518000037/q42017form10-k.htm,1620592034,16:27:14,20210509
14,2017-09-30,FFBC,USD,2017-11-07,2017-11-07 07:14:08,Q3,93421000.0,0.0,0.0,0.0,0.0,38763000.0,649000.0,0.0,71000000.0,0.0,14439000.0,3150000.0,0.0,0.0,0.0,0.3856199355605271,0.0,36025000.0,0.3856199355605271,11199000.0,24826000.0,0.2657432483060554,0.4031659619706959,0.3991983423218888,61577619.0,62189637.0,https://www.sec.gov/Archives/edgar/data/708955/000070895517000114/0000708955-17-000114-index.htm,https://www.sec.gov/Archives/edgar/data/708955/000070895517000114/q310q-2017930.htm,1620592034,16:27:14,20210509
15,2017-06-30,FFBC,USD,2017-08-07,2017-08-07 16:08:53,Q2,85974000.0,0.0,0.0,0.0,0.0,36531000.0,982000.0,0.0,63000000.0,0.0,12269000.0,3094000.0,0.0,0.0,0.0,0.39489845767325005,0.0,33951000.0,0.39489845767325005,11215000.0,22736000.0,0.2644520436411008,0.3694298849993496,0.36533071894341007,61543478.0,62234022.0,https://www.sec.gov/Archives/edgar/data/708955/000070895517000073/0000708955-17-000073-index.htm,https://www.sec.gov/Archives/edgar/data/708955/000070895517000073/q210q-2017630.htm,1620592034,16:27:14,20210509
16,2017-03-31,FFBC,USD,2017-05-05,2017-05-05 16:14:18,Q1,86296000.0,0.0,0.0,0.0,0.0,36427000.0,510000.0,0.0,60000000.0,0.0,9896000.0,3260000.0,0.0,0.0,0.0,0.40423658106980626,0.0,34884000.0,0.40423658106980626,10470000.0,24414000.0,0.28290998424028924,0.4,0.39,61398414.0,62140384.0,https://www.sec.gov/Archives/edgar/data/708955/000070895517000031/0000708955-17-000031-index.htm,https://www.sec.gov/Archives/edgar/data/708955/000070895517000016/q42016form10-k.htm,1620592034,16:27:14,20210509
17,2016-12-31,FFBC,USD,2017-02-24,2017-02-24 16:12:50,Q4,141330000.0,0.0,0.0,0.0,0.0,36046000.0,1458000.0,0.0,61000000.0,0.0,8481000.0,3284000.0,0.0,0.0,0.0,0.24190193164933135,0.0,34188000.0,0.24190193164933135,10894000.0,23294000.0,0.1648199249982311,0.38,0.38,61300000.0,61300000.0,https://www.sec.gov/Archives/edgar/data/708955/000070895517000016/0000708955-17-000016-index.htm,https://www.sec.gov/Archives/edgar/data/708955/000070895517000016/q42016form10-k.htm,1620592034,16:27:14,20210509
18,2016-09-30,FFBC,USD,2016-11-08,2016-11-08 16:18:24,Q3,68818000.0,0.0,0.0,0.0,0.0,37134000.0,641000.0,0.0,61000000.0,0.0,8507000.0,3274000.0,0.0,0.0,0.0,0.47916242843442125,0.0,32975000.0,0.47916242843442125,10125000.0,22850000.0,0.3320352233427301,0.37,0.37,61756757.0,61756757.0,https://www.sec.gov/Archives/edgar/data/708955/000070895516000153/0000708955-16-000153-index.htm,https://www.sec.gov/Archives/edgar/data/708955/000070895516000153/q310q-2016930.htm,1620592034,16:27:14,20210509
19,2016-06-30,FFBC,USD,2016-08-05,2016-08-05 16:24:39,Q2,87267000.0,0.0,0.0,0.0,0.0,33821000.0,801000.0,0.0,62000000.0,0.0,8051000.0,3192000.0,0.0,0.0,0.0,0.3881879748358486,0.0,33876000.0,0.3881879748358486,11308000.0,22568000.0,0.2586086378585261,0.37,0.36,60994595.0,62688889.0,https://www.sec.gov/Archives/edgar/data/708955/000070895516000137/0000708955-16-000137-index.htm,https://www.sec.gov/Archives/edgar/data/708955/000070895516000137/q210q-2016630.htm,1620592034,16:27:14,20210509
20,2016-03-31,FFBC,USD,2016-05-05,2016-05-05 08:49:59,Q1,82632000.0,0.0,0.0,0.0,0.0,34511000.0,1065000.0,0.0,61000000.0,0.0,8240000.0,3287000.0,0.0,0.0,0.0,0.3593281053344951,0.0,29692000.0,0.3593281053344951,9878000.0,19814000.0,0.2397860393068061,0.32,0.32,61918750.0,61918750.0,https://www.sec.gov/Archives/edgar/data/708955/000070895516000118/0000708955-16-000118-index.htm,https://www.sec.gov/Archives/edgar/data/708955/000070895516000103/q42015form10-k.htm,1620592034,16:27:14,20210509
21,2015-12-31,FFBC,USD,2016-02-23,2016-02-23 16:56:43,Q4,82066000.0,0.0,0.0,0.0,0.0,34280000.0,1052000.0,0.0,60000000.0,0.0,7149000.0,3569000.0,0.0,0.0,0.0,0.350376526210611,0.0,28754000.0,0.350376526210611,8934000.0,19820000.0,0.24151292861842907,0.33,0.32,60060606.0,61937500.0,https://www.sec.gov/Archives/edgar/data/708955/000070895516000103/0000708955-16-000103-index.htm,https://www.sec.gov/Archives/edgar/data/708955/000070895516000103/q42015form10-k.htm,1620592034,16:27:14,20210509
22,2015-09-30,FFBC,USD,2015-11-06,2015-11-06 16:12:33,Q3,84487000.0,0.0,0.0,0.0,0.0,32966000.0,810000.0,0.0,61000000.0,0.0,5516000.0,3309000.0,0.0,0.0,0.0,0.3299324156379088,0.0,27875000.0,0.3299324156379088,9202000.0,18673000.0,0.2210162510208671,0.31,0.3,60235484.0,62243333.0,https://www.sec.gov/Archives/edgar/data/708955/000070895515000081/0000708955-15-000081-index.htm,https://www.sec.gov/Archives/edgar/data/708955/000070895515000081/q3-10qx2015930.htm,1620592034,16:27:14,20210509
23,2015-06-30,FFBC,USD,2015-08-07,2015-08-07 16:08:06,Q2,80393000.0,0.0,0.0,0.0,0.0,32084000.0,973000.0,0.0,57000000.0,0.0,5170000.0,3180000.0,0.0,0.0,0.0,0.3511872924259575,0.0,28233000.0,0.3511872924259575,9284000.0,18949000.0,0.23570460114686603,0.3100507459592856,0.30604716178849123,61115802.0,61915294.0,https://www.sec.gov/Archives/edgar/data/708955/000070895515000056/0000708955-15-000056-index.htm,https://www.sec.gov/Archives/edgar/data/708955/000070895515000056/q2-10qx2015630.htm,1620592034,16:27:14,20210509
24,2015-03-31,FFBC,USD,2015-05-08,2015-05-08 16:06:10,Q1,77245000.0,0.0,0.0,0.0,0.0,32419000.0,888000.0,0.0,56000000.0,0.0,5422000.0,3208000.0,0.0,0.0,0.0,0.3375105184801605,0.0,26071000.0,0.3375105184801605,8450000.0,17621000.0,0.22811832481066735,0.2888049886804539,0.2854442514304287,61013489.0,61731844.0,https://www.sec.gov/Archives/edgar/data/708955/000070895515000029/0000708955-15-000029-index.htm,https://www.sec.gov/Archives/edgar/data/708955/000070895515000009/q42014form10-k.htm,1620592034,16:27:14,20210509
25,2014-12-31,FFBC,USD,2015-02-24,2015-02-24 16:26:19,Q4,77122000.0,0.0,0.0,0.0,0.0,32804000.0,1048000.0,0.0,57000000.0,0.0,5614000.0,3320000.0,0.0,0.0,0.0,0.3418868805269573,0.0,26367000.0,0.3418868805269573,7768000.0,18599000.0,0.24116335157283267,0.31,0.3,60905095.0,61627518.0,https://www.sec.gov/Archives/edgar/data/708955/000070895515000009/0000708955-15-000009-index.htm,https://www.sec.gov/Archives/edgar/data/708955/000070895515000009/q42014form10-k.htm,1620592034,16:27:14,20210509
26,2014-09-30,FFBC,USD,2014-11-06,2014-11-06 17:10:55,Q3,76499000.0,0.0,0.0,0.0,0.0,34938000.0,939000.0,0.0,57000000.0,0.0,5028000.0,3235000.0,0.0,0.0,0.0,0.29493195989490056,0.0,22562000.0,0.29493195989490056,7218000.0,15344000.0,0.2005777853305272,0.2583029787211979,0.2552528963318575,59403109.0,60112932.0,https://www.sec.gov/Archives/edgar/data/708955/000070895514000080/0000708955-14-000080-index.htm,https://www.sec.gov/Archives/edgar/data/708955/000070895514000080/q3-10qx2014930.htm,1620592034,16:27:14,20210509
27,2014-06-30,FFBC,USD,2014-08-06,2014-08-06 16:38:06,Q2,69135000.0,0.0,0.0,0.0,0.0,28913000.0,830000.0,0.0,51000000.0,0.0,4423000.0,3052000.0,0.0,0.0,0.0,0.3459029435163087,0.0,23914000.0,0.3459029435163087,7961000.0,15953000.0,0.2307514283647935,0.27889131706944575,0.2752812707479043,57201494.0,57951636.0,https://www.sec.gov/Archives/edgar/data/708955/000070895514000062/0000708955-14-000062-index.htm,https://www.sec.gov/Archives/edgar/data/708955/000070895514000062/q2-10qx2014630.htm,1620592034,16:27:14,20210509
28,2014-03-31,FFBC,USD,2014-05-07,2014-05-07 16:17:54,Q1,69469000.0,0.0,0.0,0.0,0.0,30384000.0,786000.0,0.0,51000000.0,0.0,4169000.0,3178000.0,0.0,0.0,0.0,0.3193510774590105,0.0,22185000.0,0.3193510774590105,7081000.0,15104000.0,0.2174207200333962,0.26455728936955425,0.2611875431872064,57091604.0,57828179.0,https://www.sec.gov/Archives/edgar/data/708955/000070895514000035/0000708955-14-000035-index.htm,https://www.sec.gov/Archives/edgar/data/708955/000070895514000019/q42013form10-k.htm,1620592034,16:27:14,20210509
29,2013-12-31,FFBC,USD,2014-02-25,2014-02-25 16:52:11,Q4,71286000.0,0.0,0.0,0.0,0.0,54753000.0,999000.0,0.0,48000000.0,0.0,4043000.0,3213000.0,0.0,0.0,0.0,0.03602390371180877,0.0,2568000.0,0.03602390371180877,-1217000.0,3785000.0,0.05309597957523216,0.06622641121527215,0.06541264152094121,57152425.0,57863433.0,https://www.sec.gov/Archives/edgar/data/708955/000070895514000019/0000708955-14-000019-index.htm,https://www.sec.gov/Archives/edgar/data/708955/000070895514000019/q42013form10-k.htm,1620592034,16:27:14,20210509
30,2013-09-30,FFBC,USD,2013-11-06,2013-11-06 16:14:24,Q3,72304000.0,0.0,0.0,0.0,0.0,24231000.0,1192000.0,0.0,59000000.0,0.0,3759000.0,3427000.0,0.0,0.0,0.0,0.31196061075459175,0.0,22556000.0,0.31196061075459175,7645000.0,14911000.0,0.2062264881610976,0.26067548358527654,0.257030422431766,57201390.0,58012588.0,https://www.sec.gov/Archives/edgar/data/708955/000070895513000078/0000708955-13-000078-index.htm,https://www.sec.gov/Archives/edgar/data/708955/000070895513000078/q3-10qx2013930.htm,1620592034,16:27:14,20210509
31,2013-06-30,FFBC,USD,2013-08-06,2013-08-06 16:38:56,Q2,79289000.0,0.0,0.0,0.0,0.0,42404000.0,1182000.0,0.0,52000000.0,0.0,4243000.0,3755000.0,0.0,0.0,0.0,0.28104781243299826,0.0,22284000.0,0.28104781243299826,6455000.0,15829000.0,0.19963677180945655,0.28,0.27,57291994.0,58128349.0,https://www.sec.gov/Archives/edgar/data/708955/000070895513000056/0000708955-13-000056-index.htm,https://www.sec.gov/Archives/edgar/data/708955/000070895513000056/q2-10qx2013630.htm,1620592034,16:27:14,20210509
32,2013-03-31,FFBC,USD,2013-05-07,2013-05-07 16:49:14,Q1,76587000.0,0.0,0.0,0.0,0.0,22822000.0,897000.0,0.0,70000000.0,0.0,4843000.0,3875000.0,0.0,0.0,0.0,0.2634259077911395,0.0,20175000.0,0.2634259077911395,6351000.0,13824000.0,0.18050060715264993,0.24067259214984293,0.23718561560519383,57439029.0,58283467.0,https://www.sec.gov/Archives/edgar/data/708955/000070895513000029/0000708955-13-000029-index.htm,https://www.sec.gov/Archives/edgar/data/708955/000070895513000012/ffbc1231201210-k.htm,1620592034,16:27:14,20210509
33,2012-12-31,FFBC,USD,2013-02-25,2013-02-25 17:02:41,Q4,50305000.0,0.0,0.0,0.0,0.0,-2888000.0,1566000.0,0.0,68000000.0,0.0,5629000.0,4021000.0,0.0,0.0,0.0,0.5060729549746547,0.0,25458000.0,0.5060729549746547,9193000.0,16265000.0,0.3233277010237551,0.28139657405164076,0.2772254195989526,57800988.0,58670666.0,https://www.sec.gov/Archives/edgar/data/708955/000070895513000012/0000708955-13-000012-index.htm,https://www.sec.gov/Archives/edgar/data/708955/000070895513000012/ffbc1231201210-k.htm,1620592034,16:27:14,20210509
34,2012-09-30,FFBC,USD,2012-11-06,2012-11-06 16:17:33,Q3,90676000.0,0.0,0.0,0.0,0.0,31498000.0,1592000.0,0.0,72000000.0,0.0,6459000.0,4143000.0,0.0,0.0,0.0,0.2774162953813578,0.0,25155000.0,0.2774162953813578,8913000.0,16242000.0,0.17912126692840444,0.2801458503943542,0.27556753772329057,57976943.0,58940179.0,https://www.sec.gov/Archives/edgar/data/708955/000070895512000069/0000708955-12-000069-index.htm,https://www.sec.gov/Archives/edgar/data/708955/000070895512000069/ffbc-q3x10qx2012930.htm,1620592034,16:27:14,20210509
35,2012-06-30,FFBC,USD,2012-08-07,2012-08-07 16:12:30,Q2,98375000.0,0.0,0.0,0.0,0.0,33307000.0,1238000.0,0.0,79000000.0,0.0,7093000.0,4068000.0,0.0,0.0,0.0,0.269428208386277,0.0,26505000.0,0.269428208386277,8703000.0,17802000.0,0.18096060991105464,0.31,0.3,57933281.0,58958279.0,https://www.sec.gov/Archives/edgar/data/708955/000070895512000056/0000708955-12-000056-index.htm,https://www.sec.gov/Archives/edgar/data/708955/000070895512000056/ffbc-q2x10qx2012630.htm,1620592034,16:27:14,20210509
36,2012-03-31,FFBC,USD,2012-05-08,2012-05-08 17:07:21,Q1,98614000.0,0.0,0.0,0.0,0.0,32819000.0,1154000.0,0.0,80000000.0,0.0,8408000.0,3601000.0,0.0,0.0,0.0,0.27001237146855417,0.0,26627000.0,0.27001237146855417,9633000.0,16994000.0,0.17232847263066095,0.29403796415269917,0.28861581137412934,57795258.0,58881043.0,https://www.sec.gov/Archives/edgar/data/708955/000070895512000027/0000708955-12-000027-index.htm,https://www.sec.gov/Archives/edgar/data/708955/000070895512000012/ffbc1231201110-k.htm,1620592034,16:27:14,20210509
37,2011-12-31,FFBC,USD,2012-02-24,2012-02-24 16:16:30,Q4,95116000.0,0.0,0.0,0.0,0.0,30062000.0,1567000.0,0.0,76000000.0,0.0,9509000.0,3248000.0,0.0,0.0,0.0,0.29830943269271204,0.0,28374000.0,0.29830943269271204,10433000.0,17941000.0,0.18862231380629968,0.31042339148308673,0.31042339148308673,57795258.0,57795258.0,https://www.sec.gov/Archives/edgar/data/708955/000070895512000012/0000708955-12-000012-index.htm,https://www.sec.gov/Archives/edgar/data/708955/000070895512000012/ffbc1231201110-k.htm,1620592034,16:27:14,20210509
38,2011-09-30,FFBC,USD,2011-11-08,2011-11-08 16:30:18,Q3,93333000.0,0.0,0.0,0.0,0.0,31223000.0,1584000.0,0.0,79000000.0,0.0,10734000.0,2924000.0,0.0,0.0,0.0,0.2709438247993743,0.0,25288000.0,0.2709438247993743,9670000.0,15618000.0,0.1673363119153997,0.27050802144270564,0.26627295050598254,57735811.0,58654099.0,https://www.sec.gov/Archives/edgar/data/708955/000070895511000026/0000708955-11-000026-index.htm,https://www.sec.gov/Archives/edgar/data/708955/000070895511000026/ffbc-q3x10qx2011930.htm,1620592034,16:27:14,20210509
39,2011-06-30,FFBC,USD,2011-08-09,2011-08-09 07:49:20,Q2,106985000.0,0.0,0.0,0.0,0.0,28481000.0,1402000.0,0.0,94000000.0,0.0,11950000.0,2942000.0,0.0,0.0,0.0,0.2321540402860214,0.0,24837000.0,0.2321540402860214,8864000.0,15973000.0,0.14930130392111043,0.28,0.27,57694792.0,58734662.0,https://www.sec.gov/Archives/edgar/data/708955/000070895511000008/0000708955-11-000008-index.htm,https://www.sec.gov/Archives/edgar/data/708955/000070895511000008/ffbc-q2x10qx2011630.htm,1620592034,16:27:14,20210509
40,2011-03-31,FFBC,USD,2011-05-09,2011-05-09 16:33:08,Q1,110993000.0,0.0,0.0,0.0,0.0,31743000.0,1241000.0,0.0,97000000.0,0.0,12728000.0,2837000.0,0.0,0.0,0.0,0.23911417837160903,0.0,26540000.0,0.23911417837160903,9333000.0,17207000.0,0.15502779454560198,0.3,0.29,57591568.0,58709037.0,https://www.sec.gov/Archives/edgar/data/708955/000114420411027187/0001144204-11-027187-index.htm,https://www.sec.gov/Archives/edgar/data/708955/000114420411011533/v212087_10k.htm,1620592034,16:27:14,20210509
41,2010-12-31,FFBC,USD,2011-02-28,2011-02-28 16:31:43,Q4,102440000.0,0.0,0.0,0.0,0.0,33576000.0,1453000.0,0.0,94000000.0,0.0,14415000.0,0.0,0.0,0.0,0.0,0.21878172588832487,0.0,22412000.0,0.21878172588832487,8112000.0,14300000.0,0.13959390862944163,0.24830023728473585,0.24830023728473585,57591568.0,57591568.0,https://www.sec.gov/Archives/edgar/data/708955/000114420411011533/0001144204-11-011533-index.htm,https://www.sec.gov/Archives/edgar/data/708955/000114420411011533/v212087_10k.htm,1620592034,16:27:14,20210509
42,2010-09-30,FFBC,USD,2010-11-09,2010-11-09 16:15:27,Q3,112741000.0,0.0,0.0,0.0,0.0,33090000.0,1230000.0,0.0,105000000.0,0.0,16838000.0,0.0,0.0,0.0,0.0,0.21659378575673446,0.0,24419000.0,0.21659378575673446,8840000.0,15579000.0,0.13818397920898343,0.27,0.27,57700000.0,57700000.0,https://www.sec.gov/Archives/edgar/data/708955/000114420410058635/0001144204-10-058635-index.htm,https://www.sec.gov/Archives/edgar/data/708955/000114420410058635/v201296_10q.htm,1620592034,16:27:14,20210509
43,2010-06-30,FFBC,USD,2010-08-09,2010-08-09 16:16:02,Q2,93034000.0,0.0,0.0,0.0,0.0,33378000.0,1600000.0,0.0,99000000.0,0.0,18200000.0,0.0,0.0,0.0,0.0,0.29307564976245243,0.0,27266000.0,0.29307564976245243,9492000.0,17774000.0,0.19104843390588386,0.31,0.3,57539901.0,58604039.0,https://www.sec.gov/Archives/edgar/data/708955/000114420410042227/0001144204-10-042227-index.htm,https://www.sec.gov/Archives/edgar/data/708955/000114420410042227/v192908_10q.htm,1620592034,16:27:14,20210509
44,2010-03-31,FFBC,USD,2010-05-10,2010-05-10 16:42:48,Q1,91388000.0,0.0,0.0,0.0,0.0,34691000.0,1074000.0,0.0,100000000.0,0.0,18539000.0,0.0,0.0,0.0,0.0,0.19538670284938942,0.0,17856000.0,0.19538670284938942,6258000.0,11598000.0,0.12690944106447236,0.18,0.17,55161551.0,56114424.0,https://www.sec.gov/Archives/edgar/data/708955/000114420410025812/0001144204-10-025812-index.htm,https://www.sec.gov/Archives/edgar/data/708955/000114420410013839/v177311_10k.htm,1620592034,16:27:14,20210509
45,2009-12-31,FFBC,USD,2010-03-16,2010-03-16 16:54:02,Q4,480289000.0,0.0,0.0,0.0,0.0,39047000.0,1283000.0,0.0,97000000.0,0.0,20163000.0,0.0,0.0,0.0,0.0,0.04118145533210213,0.0,19779000.0,0.04118145533210213,6605000.0,13174000.0,0.027429318597760932,0.23882577195844257,0.23882577195844257,55161551.0,55161551.0,https://www.sec.gov/Archives/edgar/data/708955/000114420410013839/0001144204-10-013839-index.htm,https://www.sec.gov/Archives/edgar/data/708955/000114420410013839/v177311_10k.htm,1620592034,16:27:14,20210509
46,2009-09-30,FFBC,USD,2009-11-16,2009-11-16 16:58:34,Q3,48857000.0,0.0,0.0,0.0,0.0,23761000.0,871000.0,-383330000.0,87000000.0,0.0,14051000.0,0.0,0.0,0.0,0.0,7.365761303395624,0.0,359869000.0,7.365761303395624,133682000.0,226187000.0,4.629572016292445,4.41,4.38,51062812.0,51412557.0,https://www.sec.gov/Archives/edgar/data/708955/000114420409060016/0001144204-09-060016-index.htm,https://www.sec.gov/Archives/edgar/data/708955/000114420409060016/v166404_10q.htm,1620592034,16:27:14,20210509
47,2009-06-30,FFBC,USD,2009-08-07,2009-08-07 16:58:37,Q2,45194000.0,0.0,0.0,0.0,0.0,17686000.0,700000.0,0.0,54000000.0,0.0,11178000.0,1895000.0,0.0,0.0,0.0,0.047616940301809976,0.0,2152000.0,0.047616940301809976,702000.0,1450000.0,0.032083904943134046,0.01,0.01,45000000.0,45000000.0,https://www.sec.gov/Archives/edgar/data/708955/000114420409041337/0001144204-09-041337-index.htm,https://www.sec.gov/Archives/edgar/data/708955/000114420409041337/v156804_10q.htm,1620592034,16:27:14,20210509
48,2009-03-31,FFBC,USD,2009-05-01,2009-05-01 16:35:01,Q1,42961000.0,0.0,0.0,0.0,0.0,19142000.0,640000.0,0.0,46000000.0,0.0,11853000.0,1910000.0,0.0,0.0,0.0,0.204092083517609,0.0,8768000.0,0.204092083517609,3033000.0,5735000.0,0.1334931682223412,0.1544052019502925,0.1515553756916382,37142531.0,37840954.0,https://www.sec.gov/Archives/edgar/data/708955/000114420409023614/0001144204-09-023614-index.htm,https://www.sec.gov/Archives/edgar/data/708955/000114420409023614/v147723_10q.htm,1620592034,16:27:14,20210509
49,2008-12-31,FFBC,USD,2009-03-11 00:00:00,2009-03-11 16:46:15,Q4,42777000.0,0.0,0.0,0.0,0.0,17015000.0,935000.0,0.0,55000000.0,0.0,14957000.0,1541000.0,0.0,0.0,0.0,0.05739065385604414,0.0,2455000.0,0.05739065385604414,371000.0,2084000.0,0.04871776889449938,0.05610818498071658,0.05610818498071658,37142531.0,37142531.0,https://www.sec.gov/Archives/edgar/data/708955/000114420409013276/0001144204-09-013276-index.html,https://www.sec.gov/Archives/edgar/data/708955/000114420409013276/v142217_10k.htm,1620592034,16:27:14,20210509
50,2008-09-30,FFBC,USD,2008-11-03,2008-11-03 16:48:54,Q3,39888000.0,0.0,0.0,0.0,0.0,16879000.0,622000.0,0.0,48000000.0,0.0,16346000.0,1646000.0,0.0,0.0,0.0,0.2088096670677898,0.0,8329000.0,0.2088096670677898,2597000.0,5732000.0,0.14370236662655436,0.1543646081271835,0.15283608934682597,37132864.0,37504231.0,https://www.sec.gov/Archives/edgar/data/708955/000114420408060742/0001144204-08-060742-index.htm,https://www.sec.gov/Archives/edgar/data/708955/000114420408060742/v130412_10q.htm,1620592034,16:27:14,20210509
51,2008-06-30,FFBC,USD,2008-08-08,2008-08-08 09:00:57,Q2,42162000.0,0.0,0.0,0.0,0.0,15895000.0,474000.0,0.0,47000000.0,0.0,16451000.0,1627000.0,0.0,0.0,0.0,0.27750106731179736,0.0,11700000.0,0.27750106731179736,3892000.0,7808000.0,0.18519045586072766,0.21037627634583628,0.20807578691515094,37114451.0,37524789.0,https://www.sec.gov/Archives/edgar/data/708955/000095015208006204/0000950152-08-006204-index.htm,https://www.sec.gov/Archives/edgar/data/708955/000095015208006204/l32794ae10vq.htm,1620592034,16:27:14,20210509
52,2008-03-31,FFBC,USD,2008-05-09,2008-05-09 17:07:46,Q1,43124000.0,0.0,0.0,0.0,0.0,17073000.0,517000.0,0.0,52000000.0,0.0,19349000.0,1863000.0,0.0,0.0,0.0,0.2523188943511734,0.0,10881000.0,0.2523188943511734,3543000.0,7338000.0,0.17016046748910119,0.1979671594658653,0.19603590711007648,37066754.0,37431918.0,https://www.sec.gov/Archives/edgar/data/708955/000095015208003757/0000950152-08-003757-index.htm,https://www.sec.gov/Archives/edgar/data/708955/000095015208001468/l30102ae10vk.htm,1620592034,16:27:14,20210509
53,2007-12-31,FFBC,USD,2008-02-27,2008-02-27 16:49:30,Q4,49341000.0,0.0,0.0,0.0,0.0,16508000.0,523000.0,0.0,55000000.0,0.0,22354000.0,1932000.0,0.0,0.0,0.0,0.33094181309661336,0.0,16329000.0,0.33094181309661336,5628000.0,10701000.0,0.21687845807746092,0.2886953629659614,0.2886953629659614,37066754.0,37066754.0,https://www.sec.gov/Archives/edgar/data/708955/000095015208001468/0000950152-08-001468-index.htm,https://www.sec.gov/Archives/edgar/data/708955/000095015208001468/l30102ae10vk.htm,1620592034,16:27:14,20210509
54,2007-09-30,FFBC,USD,2007-11-05,2007-11-05 16:48:09,Q3,43867000.0,0.0,0.0,0.0,0.0,17288000.0,407000.0,0.0,54000000.0,0.0,22767000.0,1979000.0,0.0,0.0,0.0,0.2868671210705086,0.0,12584000.0,0.2868671210705086,4211000.0,8373000.0,0.19087240978412018,0.22,0.22,38383228.0,38383228.0,https://www.sec.gov/Archives/edgar/data/708955/000095015207008576/0000950152-07-008576-index.htm,https://www.sec.gov/Archives/edgar/data/708955/000095015207008576/l28631ae10vq.htm,1620592034,16:27:14,20210509
55,2007-06-30,FFBC,USD,2007-08-03,2007-08-03 16:20:02,Q2,43733000.0,0.0,0.0,0.0,0.0,17134000.0,642000.0,0.0,53000000.0,0.0,21604000.0,1968000.0,0.0,0.0,0.0,0.2788512107561795,0.0,12195000.0,0.2788512107561795,4023000.0,8172000.0,0.1868611803443624,0.20972447639392158,0.2097155851707677,38965409.0,38967061.0,https://www.sec.gov/Archives/edgar/data/708955/000095015207006377/0000950152-07-006377-index.htm,https://www.sec.gov/Archives/edgar/data/708955/000095015207006377/l27329ae10vq.htm,1620592034,16:27:14,20210509
56,2007-03-31,FFBC,USD,2007-05-01,2007-05-01 09:10:35,Q1,45147000.0,0.0,0.0,0.0,0.0,18961000.0,869000.0,0.0,54000000.0,0.0,21217000.0,2201000.0,0.0,0.0,0.0,0.27866746406184245,0.0,12581000.0,0.27866746406184245,4146000.0,8435000.0,0.1868341196535761,0.21561251912490714,0.21553245702887117,39121105.0,39135637.0,https://www.sec.gov/Archives/edgar/data/708955/000095015207003753/0000950152-07-003753-index.htm,https://www.sec.gov/Archives/edgar/data/708955/000095015207001532/l24894ae10vk.htm,1620592034,16:27:14,20210509
57,2006-12-31,FFBC,USD,2007-02-27,2007-02-27 14:05:26,Q4,44933000.0,0.0,0.0,0.0,0.0,21234000.0,1022000.0,0.0,65000000.0,0.0,21672000.0,2305000.0,0.0,0.0,0.0,-0.012974873700843478,0.0,-583000.0,-0.012974873700843478,-1410000.0,827000.0,0.018405181047337148,0.02113948468480121,0.02113948468480121,39121105.0,39121105.0,https://www.sec.gov/Archives/edgar/data/708955/000095015207001532/0000950152-07-001532-index.htm,https://www.sec.gov/Archives/edgar/data/708955/000095015207001532/l24894ae10vk.htm,1620592034,16:27:14,20210509
58,2006-09-30,FFBC,USD,2006-10-31,2006-10-31 11:42:23,Q3,61252000.0,0.0,0.0,0.0,0.0,19968000.0,1138000.0,0.0,62000000.0,0.0,21501000.0,2176000.0,0.0,0.0,0.0,0.31068373277607264,0.0,19030000.0,0.31068373277607264,6911000.0,12119000.0,0.19785476392607587,0.30593949249437197,0.3058825204154308,39612408.0,39619786.0,https://www.sec.gov/Archives/edgar/data/708955/000095015206008610/0000950152-06-008610-index.htm,https://www.sec.gov/Archives/edgar/data/708955/000095015206008610/l22999ae10vq.htm,1620592034,16:27:14,20210509
59,2006-06-30,FFBC,USD,2006-08-01,2006-08-01 07:59:03,Q2,47788000.0,0.0,0.0,0.0,0.0,23110000.0,647000.0,0.0,58000000.0,0.0,18794000.0,2293000.0,0.0,0.0,0.0,0.14087218548589603,0.0,6732000.0,0.14087218548589603,2374000.0,4358000.0,0.09119444211936051,0.11003485842707568,0.10999570441281918,39605631.0,39619729.0,https://www.sec.gov/Archives/edgar/data/708955/000095015206006296/0000950152-06-006296-index.htm,https://www.sec.gov/Archives/edgar/data/708955/000095015206006296/l21609ae10vq.htm,1620592034,16:27:14,20210509
60,2006-03-31,FFBC,USD,2006-05-05,2006-05-05 16:30:51,Q1,46953000.0,0.0,0.0,0.0,0.0,20217000.0,683000.0,0.0,58000000.0,0.0,18485000.0,1703000.0,0.0,0.0,0.0,0.11801162864992652,0.0,5541000.0,0.11801162864992652,1574000.0,3967000.0,0.08448874406321215,0.10027778234888078,0.10014516631317552,39560109.0,39612496.0,https://www.sec.gov/Archives/edgar/data/708955/000095015206003991/0000950152-06-003991-index.htm,https://www.sec.gov/Archives/edgar/data/708955/000095015206002010/l18782ae10vk.htm,1620592034,16:27:14,20210509
61,2005-12-31,FFBC,USD,2006-03-13,2006-03-13 13:32:23,Q4,41318000.0,0.0,0.0,0.0,0.0,20270000.0,704000.0,0.0,51000000.0,0.0,18887000.0,2648000.0,0.0,0.0,0.0,0.06157122803620698,0.0,2544000.0,0.06157122803620698,-290000.0,2834000.0,0.06858996079190667,0.07163782081591333,0.07163782081591333,39560109.0,39560109.0,https://www.sec.gov/Archives/edgar/data/708955/000095015206002010/0000950152-06-002010-index.htm,https://www.sec.gov/Archives/edgar/data/708955/000095015206002010/l18782ae10vk.htm,1620592034,16:27:14,20210509
62,2005-09-30,FFBC,USD,2005-11-02,2005-11-02 09:14:14,Q3,47152000.0,0.0,0.0,0.0,0.0,19353000.0,535000.0,0.0,54000000.0,0.0,17488000.0,2644000.0,0.0,0.0,0.0,0.2347514421445538,0.0,11069000.0,0.2347514421445538,3250000.0,14484000.0,0.3071767899558873,0.34,0.33,43166270.0,43262371.0,https://www.sec.gov/Archives/edgar/data/708955/000095015205008637/0000950152-05-008637-index.htm,https://www.sec.gov/Archives/edgar/data/708955/000095015205008637/l16397ae10vq.htm,1620592034,16:27:14,20210509
63,2005-06-30,FFBC,USD,2005-08-08,2005-08-08 11:17:35,Q2,48743000.0,0.0,0.0,0.0,0.0,19157000.0,714000.0,0.0,51000000.0,0.0,16214000.0,2539000.0,0.0,0.0,0.0,0.29559116180784933,0.0,14408000.0,0.29559116180784933,4785000.0,9889000.0,0.20288041359784995,0.2273218731754512,0.22693945512821323,43502193.0,43575499.0,https://www.sec.gov/Archives/edgar/data/708955/000095015205006675/0000950152-05-006675-index.htm,https://www.sec.gov/Archives/edgar/data/708955/000095015205006675/l15424ae10vq.htm,1620592034,16:27:14,20210509
64,2005-03-31,FFBC,USD,2005-05-09,2005-05-09 14:28:59,Q1,50035000.0,0.0,0.0,0.0,0.0,19224000.0,529000.0,0.0,49000000.0,0.0,15803000.0,2758000.0,0.0,0.0,0.0,0.3139402418307185,0.0,15708000.0,0.3139402418307185,4982000.0,10726000.0,0.2143699410412711,0.2460099303974925,0.24559746058728613,43599866.0,43673090.0,https://www.sec.gov/Archives/edgar/data/708955/000095015205004145/0000950152-05-004145-index.htm,https://www.sec.gov/Archives/edgar/data/708955/000095015205002066/l12674ae10vk.htm,1620592034,16:27:14,20210509
65,2004-12-31,FFBC,USD,2005-03-14,2005-03-14 11:17:31,Q4,50069000.0,0.0,0.0,0.0,0.0,19666000.0,579000.0,0.0,0.0,0.0,15488000.0,2685000.0,0.0,0.0,0.0,0.2929956659809463,0.0,14670000.0,0.2929956659809463,4661000.0,10009000.0,0.19990413229742954,0.2295649257270653,0.2295649257270653,43599866.0,43599866.0,https://www.sec.gov/Archives/edgar/data/708955/000095015205002066/0000950152-05-002066-index.htm,https://www.sec.gov/Archives/edgar/data/708955/000095015205002066/l12674ae10vk.htm,1620592034,16:27:14,20210509
66,2004-09-30,FFBC,USD,2004-11-08,2004-11-08 15:10:25,Q3,52217000.0,0.0,0.0,0.0,0.0,19491000.0,679000.0,0.0,0.0,0.0,14950000.0,2551000.0,0.0,0.0,0.0,0.30024704598119384,0.0,15678000.0,0.30024704598119384,4854000.0,10824000.0,0.20728881398778176,0.24740233264925887,0.24702516566593022,43750598.0,43817398.0,https://www.sec.gov/Archives/edgar/data/708955/000095015204008044/0000950152-04-008044-index.htm,https://www.sec.gov/Archives/edgar/data/708955/000095015204008044/l10424ae10vq.htm,1620592034,16:27:14,20210509
67,2004-06-30,FFBC,USD,2004-08-06,2004-08-06 15:29:44,Q2,50905000.0,0.0,0.0,0.0,0.0,19056000.0,718000.0,0.0,0.0,0.0,14126000.0,2964000.0,0.0,0.0,0.0,0.3000294666535704,0.0,15273000.0,0.3000294666535704,4936000.0,10337000.0,0.20306453197131913,0.23563704773335944,0.2351936528611762,43868314.0,43951016.0,https://www.sec.gov/Archives/edgar/data/708955/000095015204005980/0000950152-04-005980-index.htm,https://www.sec.gov/Archives/edgar/data/708955/000095015204005980/l09003ae10vq.htm,1620592034,16:27:14,20210509
68,2004-03-31,FFBC,USD,2004-05-10,2004-05-10 09:02:11,Q1,50598000.0,0.0,0.0,0.0,0.0,18519000.0,0.0,0.0,0.0,0.0,14666000.0,2854000.0,0.0,0.0,0.0,0.29159255306533854,0.0,14754000.0,0.29159255306533854,4806000.0,9948000.0,0.19660856160322543,0.2264813887416211,0.22625752204481306,43924139.0,43967599.0,https://www.sec.gov/Archives/edgar/data/708955/000095015204003777/0000950152-04-003777-index.htm,https://www.sec.gov/Archives/edgar/data/708955/000095015204001804/l05801ae10vk.htm,1620592034,16:27:14,20210509
69,2003-12-31,FFBC,USD,2004-03-11,2004-03-11 11:27:05,Q4,53120000.0,0.0,0.0,0.0,0.0,18625000.0,0.0,0.0,0.0,0.0,14962000.0,3567000.0,0.0,0.0,0.0,0.23000753012048192,0.0,12218000.0,0.23000753012048192,3377000.0,8841000.0,0.16643448795180724,0.20127884578454686,0.20127884578454686,43924139.0,43924139.0,https://www.sec.gov/Archives/edgar/data/708955/000095015204001804/0000950152-04-001804-index.htm,https://www.sec.gov/Archives/edgar/data/708955/000095015204001804/l05801ae10vk.htm,1620592034,16:27:14,20210509
70,2003-09-30,FFBC,USD,2003-11-07,2003-11-07 11:03:24,Q3,51502000.0,0.0,0.0,0.0,0.0,21664000.0,0.0,0.0,0.0,0.0,15775000.0,6822000.0,0.0,0.0,0.0,0.22133121043842957,0.0,11399000.0,0.22133121043842957,3575000.0,7824000.0,0.15191643042988623,0.17732471132720068,0.17717027816413006,44122446.0,44160906.0,https://www.sec.gov/Archives/edgar/data/708955/000095015203009423/0000950152-03-009423-index.htm,https://www.sec.gov/Archives/edgar/data/708955/000095015203009423/l03880ae10vq.htm,1620592034,16:27:14,20210509
71,2003-06-30,FFBC,USD,2003-08-08,2003-08-08 11:57:15,Q2,51385000.0,0.0,0.0,0.0,0.0,18028000.0,0.0,0.0,0.0,0.0,16156000.0,5563000.0,0.0,0.0,0.0,0.3040965262236061,0.0,15626000.0,0.3040965262236061,5016000.0,10610000.0,0.2064804904154909,0.23849784570807842,0.23832261847419436,44486775.0,44519484.0,https://www.sec.gov/Archives/edgar/data/708955/000095015203007442/0000950152-03-007442-index.htm,https://www.sec.gov/Archives/edgar/data/708955/000095015203007442/l02580ae10vq.htm,1620592034,16:27:14,20210509
72,2003-03-31,FFBC,USD,2003-05-09,2003-05-09 16:34:36,Q1,51086000.0,0.0,0.0,0.0,0.0,18191000.0,0.0,0.0,0.0,0.0,16586000.0,3530000.0,0.0,0.0,0.0,0.31540930979133225,0.0,16113000.0,0.31540930979133225,5482000.0,10631000.0,0.2081000665544376,0.236804824643811,0.2359876269762604,44893511.0,45048972.0,https://www.sec.gov/Archives/edgar/data/708955/000095015203005232/0000950152-03-005232-index.htm,https://www.sec.gov/Archives/edgar/data/708955/000095015203005232/l00908ae10vq.htm,1620592034,16:27:14,20210509
73,2002-12-31,FFBC,USD,2003-03-26,2003-03-26,Q4,53034000.0,0.0,0.0,0.0,0.0,17644000.0,0.0,0.0,0.0,0.0,17830000.0,2890000.0,0.0,0.0,0.0,0.31542029641362146,0.0,16728000.0,0.31542029641362146,5127000.0,11601000.0,0.2187464645321869,0.2584115107414967,0.2584115107414967,44893511.0,44893511.0,https://www.sec.gov/Archives/edgar/data/708955/000095015203003472/0000950152-03-003472-index.htm,https://www.sec.gov/Archives/edgar/data/708955/000095015203003472/l99690ae10vk.htm,1620592034,16:27:14,20210509
74,2002-09-30,FFBC,USD,2002-09-30,2002-09-30,Q3,54969000.0,0.0,0.0,0.0,0.0,18021000.0,0.0,0.0,0.0,0.0,18953000.0,2205000.0,0.0,0.0,0.0,0.2821954192362968,0.0,15512000.0,0.2821954192362968,4710000.0,10802000.0,0.19651076061052594,0.2364358915636973,0.23578742303511718,45686803.0,45812452.0,,,1620592034,16:27:14,20210509
75,2002-06-30,FFBC,USD,2002-08-12 00:00:00,2002-08-12 16:45:10,Q2,55639000.0,0.0,0.0,0.0,0.0,18159000.0,0.0,0.0,0.0,0.0,19804000.0,3127000.0,0.0,0.0,0.0,0.3561350851021765,0.0,19815000.0,0.3561350851021765,6384000.0,13431000.0,0.2413954240730423,0.29115722281923434,0.2906211674211832,46129716.0,46214803.0,https://www.sec.gov/Archives/edgar/data/708955/000095015202006129/0000950152-02-006129-index.html,https://www.sec.gov/Archives/edgar/data/708955/000095015202006129/l95664ae10vq.htm,1620592034,16:27:14,20210509
76,2002-03-31,FFBC,USD,2002-05-13 00:00:00,2002-05-13 15:38:51,Q1,55814000.0,0.0,0.0,0.0,0.0,17795000.0,0.0,0.0,0.0,0.0,21664000.0,2101000.0,0.0,0.0,0.0,0.3353101372415523,0.0,18715000.0,0.3353101372415523,6314000.0,12401000.0,0.22218439817966817,0.2666605655061861,0.26566672632974486,46504814.0,46678785.0,https://www.sec.gov/Archives/edgar/data/708955/000095015202004112/0000950152-02-004112-index.html,https://www.sec.gov/Archives/edgar/data/708955/000095015202004112/l94473ae10-q.htm,1620592034,16:27:14,20210509
77,2001-12-31,FFBC,USD,2002-03-15,2002-03-15,Q4,56030000.0,0.0,0.0,0.0,0.0,16289000.0,0.0,0.0,0.0,0.0,25375000.0,2260000.0,0.0,0.0,0.0,0.196644654649295,0.0,11018000.0,0.196644654649295,3665000.0,7353000.0,0.1312332678922006,0.1581126633470677,0.1581126633470677,46504814.0,46504814.0,https://www.sec.gov/Archives/edgar/data/708955/000095015202001832/0000950152-02-001832-index.htm,https://www.sec.gov/Archives/edgar/data/708955/000095015202001832/l93296ae10-k.htm,1620592034,16:27:14,20210509
78,2001-09-30,FFBC,USD,2001-11-09 00:00:00,2001-11-09 00:00:00,Q3,54151000.0,0.0,0.0,0.0,0.0,16892000.0,0.0,0.0,0.0,0.0,30085000.0,2139000.0,0.0,0.0,0.0,0.33766689442484904,0.0,18285000.0,0.33766689442484904,6173000.0,12112000.0,0.22367084633709441,0.2565751730727915,0.25628045816648937,47206438.0,47260724.0,https://www.sec.gov/Archives/edgar/data/708955/000095015201505584/0000950152-01-505584-index.html,https://www.sec.gov/Archives/edgar/data/708955/000095015201505584/l91267ae10-q.txt,1620592034,16:27:14,20210509
79,2001-06-30,FFBC,USD,2001-08-08 00:00:00,2001-08-08 00:00:00,Q2,53720000.0,0.0,0.0,0.0,0.0,15838000.0,0.0,0.0,0.0,0.0,34766000.0,2196000.0,0.0,0.0,0.0,0.28283693224125095,0.0,15194000.0,0.28283693224125095,5363000.0,9831000.0,0.18300446760982875,0.2063674659580271,0.20607778324281367,47638323.0,47705288.0,https://www.sec.gov/Archives/edgar/data/708955/000095015201503612/0000950152-01-503612-index.html,https://www.sec.gov/Archives/edgar/data/708955/000095015201503612/l89823ae10-q.txt,1620592034,16:27:14,20210509
80,2001-03-31,FFBC,USD,2001-05-14 00:00:00,2001-05-14 00:00:00,Q1,53306000.0,0.0,0.0,0.0,0.0,16042000.0,0.0,0.0,0.0,0.0,36554000.0,2214000.0,0.0,0.0,0.0,0.39288260233369604,0.0,20943000.0,0.39288260233369604,6930000.0,14013000.0,0.2628784752185495,0.2913654585531544,0.2909531992653603,48094239.0,48162385.0,https://www.sec.gov/Archives/edgar/data/708955/000095015201501875/0000950152-01-501875-index.html,https://www.sec.gov/Archives/edgar/data/708955/000095015201501875/l88329ae10-q.txt,1620592034,16:27:14,20210509
81,2000-12-31,FFBC,USD,2001-03-20 00:00:00,2001-03-20 00:00:00,Q4,54087000.0,0.0,0.0,0.0,0.0,15006000.0,0.0,0.0,0.0,0.0,38540000.0,-4830000.0,0.0,0.0,0.0,0.4022963004049032,0.0,21759000.0,0.4022963004049032,6925000.0,14834000.0,0.2742618374100985,0.30843611019606737,0.30843611019606737,48094239.0,48094239.0,https://www.sec.gov/Archives/edgar/data/708955/000095015201500526/0000950152-01-500526-index.html,https://www.sec.gov/Archives/edgar/data/708955/000095015201500526/l87181ae10-k.htm,1620592034,16:27:14,20210509
82,2000-09-30,FFBC,USD,2000-11-13 00:00:00,2000-11-13 00:00:00,Q3,54013000.0,0.0,0.0,0.0,0.0,15455000.0,0.0,0.0,0.0,0.0,38306000.0,2666000.0,0.0,0.0,0.0,0.418343732064503,0.0,22596000.0,0.418343732064503,7427000.0,15169000.0,0.2808397978264492,0.31193362552562587,0.3113755384411566,48628935.0,48716094.0,https://www.sec.gov/Archives/edgar/data/708955/000095015200007761/0000950152-00-007761-index.html,https://www.sec.gov/Archives/edgar/data/708955/000095015200007761/l84893ae10-q.txt,1620592034,16:27:14,20210509
83,2000-06-30,FFBC,USD,2000-08-10 00:00:00,2000-08-10 00:00:00,Q2,54218000.0,0.0,0.0,0.0,0.0,16829000.0,0.0,0.0,0.0,0.0,35406000.0,2041000.0,0.0,0.0,0.0,0.3991663285255819,0.0,21642000.0,0.3991663285255819,7293000.0,14349000.0,0.2646538050094065,0.2938238388787933,0.2933058984288358,48835384.0,48921621.0,https://www.sec.gov/Archives/edgar/data/708955/000095015200005823/0000950152-00-005823-index.html,https://www.sec.gov/Archives/edgar/data/708955/000095015200005823/e10-q.txt,1620592034,16:27:14,20210509
84,2000-03-31,FFBC,USD,2000-05-11 00:00:00,2000-05-11 00:00:00,Q1,52747000.0,0.0,0.0,0.0,0.0,16316000.0,0.0,0.0,0.0,0.0,33172000.0,2298000.0,0.0,0.0,0.0,0.3974633628452803,0.0,20965000.0,0.3974633628452803,7095000.0,13870000.0,0.2629533433181034,0.2821822842625394,0.2816128779640238,49152625.0,49252009.0,https://www.sec.gov/Archives/edgar/data/708955/000095015200003895/0000950152-00-003895-index.html,https://www.sec.gov/Archives/edgar/data/708955/0000950152-00-003895.txt,1620592034,16:27:14,20210509
85,1999-12-31,FFBC,USD,1999-12-31,1999-12-31,Q4,53200000.0,0.0,0.0,0.0,0.0,15900000.0,0.0,0.0,0.0,0.0,31900000.0,2100000.0,0.0,0.0,0.0,0.3966165413533835,0.0,21100000.0,0.3966165413533835,7100000.0,14000000.0,0.2631578947368421,0.2848271074027074,0.2848271074027074,49152625.0,49152625.0,,,1620592034,16:27:14,20210509
86,1999-09-30,FFBC,USD,1999-11-10 00:00:00,1999-11-10 00:00:00,Q3,52500000.0,0.0,0.0,0.0,0.0,15600000.0,0.0,0.0,0.0,0.0,30300000.0,2100000.0,0.0,0.0,0.0,0.4076190476190476,0.0,21400000.0,0.4076190476190476,6900000.0,14500000.0,0.2761904761904762,0.308143,0.308143,47002101.0,47002101.0,https://www.sec.gov/Archives/edgar/data/708955/000095015299008823/0000950152-99-008823-index.html,https://www.sec.gov/Archives/edgar/data/708955/0000950152-99-008823.txt,1620592034,16:27:14,20210509
87,1999-06-30,FFBC,USD,1999-08-06 00:00:00,1999-08-06 00:00:00,Q2,51000000.0,0.0,0.0,0.0,0.0,15200000.0,0.0,0.0,0.0,0.0,27800000.0,1800000.0,0.0,0.0,0.0,0.2823529411764706,0.0,14400000.0,0.2823529411764706,5700000.0,8700000.0,0.17058823529411765,0.18088,0.18088,48098187.0,48098187.0,https://www.sec.gov/Archives/edgar/data/708955/000095015299006478/0000950152-99-006478-index.html,https://www.sec.gov/Archives/edgar/data/708955/0000950152-99-006478.txt,1620592034,16:27:14,20210509
88,1999-03-31,FFBC,USD,1999-03-31,1999-03-31,Q1,42900000.0,0.0,0.0,0.0,0.0,13000000.0,0.0,0.0,0.0,0.0,21700000.0,3200000.0,0.0,0.0,0.0,0.3986013986013986,0.0,17100000.0,0.3986013986013986,6000000.0,11100000.0,0.25874125874125875,0.2856,0.2856,38865546.0,38865546.0,,,1620592034,16:27:14,20210509
89,1998-12-31,FFBC,USD,1998-12-31,1998-12-31,Q4,44000000.0,0.0,0.0,0.0,0.0,13400000.0,0.0,0.0,0.0,0.0,22500000.0,2000000.0,0.0,0.0,0.0,0.4022727272727273,0.0,17700000.0,0.4022727272727273,5900000.0,11800000.0,0.2681818181818182,0.3036108125175959,0.3036108125175959,38865546.0,38865546.0,,,1620592034,16:27:14,20210509
90,1998-09-30,FFBC,USD,1998-11-12 00:00:00,1998-11-12 00:00:00,Q3,41500000.0,0.0,0.0,0.0,0.0,12200000.0,0.0,0.0,0.0,0.0,22900000.0,2200000.0,0.0,0.0,0.0,0.40481927710843374,0.0,16800000.0,0.40481927710843374,5600000.0,11200000.0,0.26987951807228916,0.2856,0.2856,39215686.0,39215686.0,https://www.sec.gov/Archives/edgar/data/708955/000095015298008825/0000950152-98-008825-index.html,https://www.sec.gov/Archives/edgar/data/708955/0000950152-98-008825.txt,1620592034,16:27:14,20210509
91,1998-06-30,FFBC,USD,1998-08-12 00:00:00,1998-08-12 00:00:00,Q2,40700000.0,0.0,0.0,0.0,0.0,12200000.0,0.0,0.0,0.0,0.0,21800000.0,2100000.0,0.0,0.0,0.0,0.4103194103194103,0.0,16700000.0,0.4103194103194103,5600000.0,11100000.0,0.2727272727272727,0.27608,0.27608,40205737.0,40205737.0,https://www.sec.gov/Archives/edgar/data/708955/000095015298006627/0000950152-98-006627-index.html,https://www.sec.gov/Archives/edgar/data/708955/0000950152-98-006627.txt,1620592034,16:27:14,20210509
92,1998-03-31,FFBC,USD,1998-05-14 00:00:00,1998-05-14 00:00:00,Q1,39300000.0,0.0,0.0,0.0,0.0,12000000.0,0.0,0.0,0.0,0.0,21200000.0,2000000.0,0.0,0.0,0.0,0.39185750636132316,0.0,15400000.0,0.39185750636132316,5300000.0,10100000.0,0.25699745547073793,0.25704,0.24752,39293495.0,40804783.0,https://www.sec.gov/Archives/edgar/data/708955/000095015298004515/0000950152-98-004515-index.html,https://www.sec.gov/Archives/edgar/data/708955/0000950152-98-004515.txt,1620592034,16:27:14,20210509
93,1997-12-31,FFBC,USD,1997-12-31,1997-12-31,Q4,37900000.0,0.0,0.0,0.0,0.0,11300000.0,0.0,0.0,0.0,0.0,20200000.0,1500000.0,0.0,0.0,0.0,0.41688654353562005,0.0,15800000.0,0.41688654353562005,5200000.0,10600000.0,0.2796833773087071,0.26976475368251157,0.26976475368251157,39293495.0,39293495.0,,,1620592034,16:27:14,20210509
94,1997-09-30,FFBC,USD,1997-11-13 00:00:00,1997-11-13 00:00:00,Q3,36400000.0,0.0,0.0,0.0,0.0,10800000.0,0.0,0.0,0.0,0.0,19700000.0,1300000.0,0.0,0.0,0.0,0.41483516483516486,0.0,15100000.0,0.41483516483516486,4900000.0,10200000.0,0.2802197802197802,0.26656,0.26656,38265306.0,38265306.0,https://www.sec.gov/Archives/edgar/data/708955/000095015297007959/0000950152-97-007959-index.html,https://www.sec.gov/Archives/edgar/data/708955/0000950152-97-007959.txt,1620592034,16:27:14,20210509
95,1997-06-30,FFBC,USD,1997-08-14 00:00:00,1997-08-14 00:00:00,Q2,34700000.0,0.0,0.0,0.0,0.0,10000000.0,0.0,0.0,0.0,0.0,18800000.0,1400000.0,0.0,0.0,0.0,0.4265129682997118,0.0,14800000.0,0.4265129682997118,4800000.0,10000000.0,0.2881844380403458,0.25704,0.24752,38904451.0,40400776.0,https://www.sec.gov/Archives/edgar/data/708955/000095015297006003/0000950152-97-006003-index.html,https://www.sec.gov/Archives/edgar/data/708955/0000950152-97-006003.txt,1620592034,16:27:14,20210509
96,1997-03-31,FFBC,USD,1997-05-14 00:00:00,1997-05-14 00:00:00,Q1,33400000.0,0.0,0.0,0.0,0.0,10200000.0,0.0,0.0,0.0,0.0,18200000.0,1400000.0,0.0,0.0,0.0,0.41916167664670656,0.0,14000000.0,0.41916167664670656,4600000.0,9400000.0,0.281437125748503,0.238,0.238,39495798.0,39495798.0,https://www.sec.gov/Archives/edgar/data/708955/000095015297003880/0000950152-97-003880-index.html,https://www.sec.gov/Archives/edgar/data/708955/0000950152-97-003880.txt,1620592034,16:27:14,20210509
97,1996-12-31,FFBC,USD,1997-03-20 00:00:00,1997-03-20 00:00:00,Q4,32300000.0,0.0,0.0,0.0,0.0,9700000.0,0.0,0.0,0.0,0.0,18000000.0,1200000.0,0.0,0.0,0.0,0.4148606811145511,0.0,13400000.0,0.4148606811145511,4000000.0,9400000.0,0.29102167182662536,0.23800000192425533,0.23800000192425533,39495798.0,39495798.0,https://www.sec.gov/Archives/edgar/data/708955/000095015297002017/0000950152-97-002017-index.html,https://www.sec.gov/Archives/edgar/data/708955/0000950152-97-002017.txt,1620592034,16:27:14,20210509
98,1996-09-30,FFBC,USD,1996-11-13 00:00:00,1996-11-13 00:00:00,Q3,31500000.0,0.0,0.0,0.0,0.0,9500000.0,0.0,0.0,0.0,0.0,17800000.0,1300000.0,0.0,0.0,0.0,0.3396825396825397,0.0,10700000.0,0.3396825396825397,3100000.0,7600000.0,0.24126984126984127,0.19992,0.19992,38015206.0,38015206.0,https://www.sec.gov/Archives/edgar/data/708955/000095015296006004/0000950152-96-006004-index.html,https://www.sec.gov/Archives/edgar/data/708955/0000950152-96-006004.txt,1620592034,16:27:14,20210509
99,1996-06-30,FFBC,USD,1996-08-08 00:00:00,1996-08-08 00:00:00,Q2,30600000.0,0.0,0.0,0.0,0.0,9200000.0,0.0,0.0,0.0,0.0,17100000.0,1100000.0,0.0,0.0,0.0,0.42483660130718953,0.0,13000000.0,0.42483660130718953,4000000.0,9000000.0,0.29411764705882354,0.22848,0.22848,39390756.0,39390756.0,https://www.sec.gov/Archives/edgar/data/708955/000095015296003825/0000950152-96-003825-index.html,https://www.sec.gov/Archives/edgar/data/708955/0000950152-96-003825.txt,1620592034,16:27:14,20210509
100,1996-03-31,FFBC,USD,1996-05-10 00:00:00,1996-05-10 00:00:00,Q1,29400000.0,0.0,0.0,0.0,0.0,9100000.0,0.0,0.0,0.0,0.0,16800000.0,1100000.0,0.0,0.0,0.0,0.3945578231292517,0.0,11600000.0,0.3945578231292517,3800000.0,7800000.0,0.2653061224489796,0.20944,0.20944,37242170.0,37242170.0,https://www.sec.gov/Archives/edgar/data/708955/000095015296002249/0000950152-96-002249-index.html,https://www.sec.gov/Archives/edgar/data/708955/0000950152-96-002249.txt,1620592034,16:27:14,20210509
101,1995-12-31,FFBC,USD,1996-03-22 00:00:00,1996-03-22 00:00:00,Q4,29700000.0,0.0,0.0,0.0,0.0,9000000.0,0.0,0.0,0.0,0.0,17400000.0,1200000.0,0.0,0.0,0.0,0.4074074074074074,0.0,12100000.0,0.4074074074074074,3800000.0,8300000.0,0.27946127946127947,0.2228656386026915,0.2228656386026915,37242170.0,37242170.0,https://www.sec.gov/Archives/edgar/data/708955/000095015296001114/0000950152-96-001114-index.html,https://www.sec.gov/Archives/edgar/data/708955/0000950152-96-001114.txt,1620592034,16:27:14,20210509
102,1995-09-30,FFBC,USD,1995-11-13 00:00:00,1995-11-13 00:00:00,Q3,27800000.0,0.0,0.0,0.0,0.0,8400000.0,0.0,0.0,0.0,0.0,16200000.0,1300000.0,0.0,0.0,0.0,0.420863309352518,0.0,11700000.0,0.420863309352518,3600000.0,8100000.0,0.29136690647482016,0.22848,0.22848,35451681.0,35451681.0,https://www.sec.gov/Archives/edgar/data/708955/000095015295002556/0000950152-95-002556-index.html,https://www.sec.gov/Archives/edgar/data/708955/0000950152-95-002556.txt,1620592034,16:27:14,20210509
103,1995-06-30,FFBC,USD,1995-08-14 00:00:00,1995-08-14 00:00:00,Q2,27000000.0,0.0,0.0,0.0,0.0,7800000.0,0.0,0.0,0.0,0.0,15500000.0,1300000.0,0.0,0.0,0.0,0.4111111111111111,0.0,11100000.0,0.4111111111111111,3100000.0,8000000.0,0.2962962962962963,0.22848,0.22848,35014006.0,35014006.0,https://www.sec.gov/Archives/edgar/data/708955/000095015295001761/0000950152-95-001761-index.html,https://www.sec.gov/Archives/edgar/data/708955/0000950152-95-001761.txt,1620592034,16:27:14,20210509
104,1995-03-31,FFBC,USD,1995-05-08,1995-05-08,Q1,26600000.0,0.0,0.0,0.0,0.0,8100000.0,0.0,0.0,0.0,0.0,14500000.0,1300000.0,0.0,0.0,0.0,0.39473684210526316,0.0,10500000.0,0.39473684210526316,3100000.0,7400000.0,0.2781954887218045,0.20944,0.20944,35332315.0,35332315.0,https://www.sec.gov/Archives/edgar/data/708955/0000950152-95-000895-index.html,https://www.sec.gov/Archives/edgar/data/708955/,1620592034,16:27:14,20210509
105,1994-12-31,FFBC,USD,1994-12-31,1994-12-31,Q4,25300000.0,0.0,0.0,0.0,0.0,7900000.0,0.0,0.0,0.0,0.0,13500000.0,3100000.0,0.0,0.0,0.0,0.3438735177865613,0.0,8700000.0,0.3438735177865613,2200000.0,6500000.0,0.25691699604743085,0.0,0.0,0.0,0.0,,,1620592034,16:27:14,20210509
106,1994-09-30,FFBC,USD,1994-09-30,1994-09-30,Q3,25500000.0,0.0,0.0,0.0,0.0,7800000.0,0.0,0.0,0.0,0.0,12700000.0,-200000.0,0.0,0.0,0.0,0.3803921568627451,0.0,9700000.0,0.3803921568627451,2500000.0,7200000.0,0.2823529411764706,0.20944,0.20944,34377387.0,34377387.0,,,1620592034,16:27:14,20210509
107,1994-06-30,FFBC,USD,1994-06-30,1994-06-30,Q2,25500000.0,0.0,0.0,0.0,0.0,7900000.0,0.0,0.0,0.0,0.0,11800000.0,1500000.0,0.0,0.0,0.0,0.39215686274509803,0.0,10000000.0,0.39215686274509803,2500000.0,7500000.0,0.29411764705882354,0.21896,0.21896,34252832.0,34252832.0,,,1620592034,16:27:14,20210509
108,1994-03-31,FFBC,USD,1994-03-31,1994-03-31,Q1,24400000.0,0.0,0.0,0.0,0.0,7600000.0,0.0,0.0,0.0,0.0,11200000.0,1300000.0,0.0,0.0,0.0,0.38524590163934425,0.0,9400000.0,0.38524590163934425,2600000.0,6800000.0,0.2786885245901639,0.19992,0.19992,34013605.0,34013605.0,,,1620592034,16:27:14,20210509
109,1993-12-31,FFBC,USD,1993-12-31,1993-12-31,Q4,23200000.0,0.0,0.0,0.0,0.0,7300000.0,0.0,0.0,0.0,0.0,11500000.0,2100000.0,0.0,0.0,0.0,0.3103448275862069,0.0,7200000.0,0.3103448275862069,1100000.0,6100000.0,0.2629310344827586,0.18087999958249337,0.18087999958249337,33724016.0,33724016.0,,,1620592034,16:27:14,20210509
110,1993-09-30,FFBC,USD,1993-09-30,1993-09-30,Q3,23800000.0,0.0,0.0,0.0,0.0,7200000.0,0.0,0.0,0.0,0.0,11800000.0,1200000.0,0.0,0.0,0.0,0.3403361344537815,0.0,8100000.0,0.3403361344537815,2000000.0,6100000.0,0.25630252100840334,0.18088,0.18088,33724016.0,33724016.0,,,1620592034,16:27:14,20210509
111,1993-06-30,FFBC,USD,1993-06-30,1993-06-30,Q2,23400000.0,0.0,0.0,0.0,0.0,6900000.0,0.0,0.0,0.0,0.0,12000000.0,1300000.0,0.0,0.0,0.0,0.3504273504273504,0.0,8200000.0,0.3504273504273504,2100000.0,6100000.0,0.2606837606837607,0.18088,0.18088,33724016.0,33724016.0,,,1620592034,16:27:14,20210509
112,1993-03-31,FFBC,USD,1993-03-31,1993-03-31,Q1,23000000.0,0.0,0.0,0.0,0.0,7000000.0,0.0,0.0,0.0,0.0,12400000.0,1300000.0,0.0,0.0,0.0,0.3391304347826087,0.0,7800000.0,0.3391304347826087,1800000.0,6000000.0,0.2608695652173913,0.18088,0.18088,33171163.0,33171163.0,,,1620592034,16:27:14,20210509
113,1992-12-31,FFBC,USD,1992-12-31,1992-12-31,Q4,21700000.0,0.0,0.0,0.0,0.0,6900000.0,0.0,0.0,0.0,0.0,12800000.0,900000.0,0.0,0.0,0.0,0.25806451612903225,0.0,5600000.0,0.25806451612903225,1400000.0,6100000.0,0.28110599078341014,0.18962285506242355,0.18962285506242355,32169118.0,32169118.0,,,1620592034,16:27:14,20210509
114,1992-09-30,FFBC,USD,1992-09-30,1992-09-30,Q3,21500000.0,0.0,0.0,0.0,0.0,6500000.0,0.0,0.0,0.0,0.0,14100000.0,900000.0,0.0,0.0,0.0,0.29767441860465116,0.0,6400000.0,0.29767441860465116,1500000.0,4900000.0,0.22790697674418606,0.15232,0.15232,32169118.0,32169118.0,,,1620592034,16:27:14,20210509
115,1992-06-30,FFBC,USD,1992-06-30,1992-06-30,Q2,21800000.0,0.0,0.0,0.0,0.0,6200000.0,0.0,0.0,0.0,0.0,15200000.0,900000.0,0.0,0.0,0.0,0.2981651376146789,0.0,6500000.0,0.2981651376146789,1500000.0,5000000.0,0.22935779816513763,0.15232,0.15232,32825630.0,32825630.0,,,1620592034,16:27:14,20210509
116,1992-03-31,FFBC,USD,1992-03-31,1992-03-31,Q1,22400000.0,0.0,0.0,0.0,0.0,6400000.0,0.0,0.0,0.0,0.0,17100000.0,900000.0,0.0,0.0,0.0,0.3169642857142857,0.0,7100000.0,0.3169642857142857,1800000.0,5300000.0,0.23660714285714285,0.16184,0.16184,32748393.0,32748393.0,,,1620592034,16:27:14,20210509
117,1991-03-31,FFBC,USD,1991-03-31,1991-03-31,Q1,0.0,0.0,0.0,0.0,0.0,0.0,0.0,0.0,0.0,0.0,0.0,0.0,0.0,0.0,0.0,0.0,0.0,0.0,0.0,0.0,0.0,0.0,0.14,0.14,28515000.0,28515000.0,,,1620592034,16:27:14,20210509
118,1990-03-31,FFBC,USD,1990-03-31,1990-03-31,Q1,0.0,0.0,0.0,0.0,0.0,0.0,0.0,0.0,0.0,0.0,0.0,0.0,0.0,0.0,0.0,0.0,0.0,0.0,0.0,0.0,0.0,0.0,0.14,0.14,28515000.0,28515000.0,,,1620592034,16:27:14,20210509
119,1989-03-31,FFBC,USD,1989-03-31,1989-03-31,Q1,0.0,0.0,0.0,0.0,0.0,0.0,0.0,0.0,0.0,0.0,0.0,0.0,0.0,0.0,0.0,0.0,0.0,0.0,0.0,0.0,0.0,0.0,0.15,0.15,23904000.0,23904000.0,,,1620592034,16:27:14,20210509
120,1988-03-31,FFBC,USD,1988-03-31,1988-03-31,Q1,0.0,0.0,0.0,0.0,0.0,0.0,0.0,0.0,0.0,0.0,0.0,0.0,0.0,0.0,0.0,0.0,0.0,0.0,0.0,0.0,0.0,0.0,0.14,0.14,21484000.0,21484000.0,,,1620592034,16:27:14,20210509
121,1987-03-31,FFBC,USD,1987-03-31,1987-03-31,Q1,0.0,0.0,0.0,0.0,0.0,0.0,0.0,0.0,0.0,0.0,0.0,0.0,0.0,0.0,0.0,0.0,0.0,0.0,0.0,0.0,0.0,0.0,0.12,0.12,21482000.0,21482000.0,,,1620592034,16:27:14,20210509
122,1986-03-31,FFBC,USD,1986-03-31,1986-03-31,Q1,0.0,0.0,0.0,0.0,0.0,0.0,0.0,0.0,0.0,0.0,0.0,0.0,0.0,0.0,0.0,0.0,0.0,0.0,0.0,0.0,0.0,0.0,0.1,0.1,21482000.0,21482000.0,,,1620592034,16:27:14,20210509
