,date,symbol,reportedCurrency,fillingDate,acceptedDate,period,revenue,costOfRevenue,grossProfit,grossProfitRatio,researchAndDevelopmentExpenses,generalAndAdministrativeExpenses,sellingAndMarketingExpenses,otherExpenses,operatingExpenses,costAndExpenses,interestExpense,depreciationAndAmortization,ebitda,ebitdaratio,operatingIncome,operatingIncomeRatio,totalOtherIncomeExpensesNet,incomeBeforeTax,incomeBeforeTaxRatio,incomeTaxExpense,netIncome,netIncomeRatio,eps,epsdiluted,weightedAverageShsOut,weightedAverageShsOutDil,link,finalLink,timestamp,est_time,est_date
0,2020-12-31,AHT,USD,2021-03-16,2021-03-16,Q4,90253000.0,100878000.0,-10625000.0,-0.11772461857223583,0.0,24046000.0,0.0,-9192000.0,82536000.0,183414000.0,35220000.0,58403000.0,-34758000.0,-0.3851173922196492,-93161000.0,-1.0322205356054646,-9033000.0,-137406000.0,-1.522453547250507,184000.0,-125778000.0,-1.393615724685052,-10.68904563610096,-10.68904563610096,11767000.0,11767000.0,https://www.sec.gov/Archives/edgar/data/1232582/000123258221000060/0001232582-21-000060-index.htm,https://www.sec.gov/ix?doc=/Archives/edgar/data/1232582/000123258221000060/aht-20201231.htm,1620586358,14:52:38,20210509
1,2020-09-30,AHT,USD,2020-11-09,2020-11-09,Q3,93043000.0,104026000.0,-10983000.0,-0.11804219554399578,0.0,20337000.0,0.0,-6179000.0,83246000.0,187272000.0,66994000.0,62837000.0,-31392000.0,-0.3373923884655482,-94229000.0,-1.012746794492869,9951000.0,-151260000.0,-1.625699945186634,366000.0,-129281000.0,-1.3894758337542856,-9.26,-9.26,11767000.0,11767000.0,https://www.sec.gov/Archives/edgar/data/1232582/000123258220000081/0001232582-20-000081-index.htm,https://www.sec.gov/ix?doc=/Archives/edgar/data/1232582/000123258220000081/aht2020q310-q.htm,1620586358,14:52:38,20210509
2,2020-06-30,AHT,USD,2020-08-03 00:00:00,2020-08-03 16:41:09,Q2,43065000.0,87255000.0,-44190000.0,-1.026123301985371,0.0,14924000.0,0.0,-3149000.0,79940000.0,167195000.0,88082000.0,64937000.0,-59193000.0,-1.374503657262278,-124130000.0,-2.882387089283641,-32103000.0,-244274000.0,-5.6722164170440035,-2188000.0,-204616000.0,-4.751329385812144,-20.85,-20.85,10312000.0,10312000.0,https://www.sec.gov/Archives/edgar/data/1232582/000123258220000053/0001232582-20-000053-index.htm,https://www.sec.gov/Archives/edgar/data/1232582/000123258220000053/aht2020q210-q.htm,1620586358,14:52:38,20210509
3,2020-03-31,AHT,USD,2020-05-28 00:00:00,2020-05-27 17:45:05,Q1,281877000.0,222182000.0,59695000.0,0.21177676788102612,0.0,18791000.0,0.0,1522000.0,85141000.0,307323000.0,57085000.0,66281000.0,40835000.0,0.14486815171156214,-25446000.0,-0.09027341712874765,-19697000.0,-101617000.0,-0.3605012115213373,303000.0,-84201000.0,-0.2987153971413063,-9.4,-9.4,10047000.0,10047000.0,https://www.sec.gov/Archives/edgar/data/1232582/000123258220000029/0001232582-20-000029-index.html,https://www.sec.gov/Archives/edgar/data/1232582/000123258220000029/aht2020q110q.htm,1620586358,14:52:38,20210509
4,2019-12-31,AHT,USD,2020-03-12 00:00:00,2020-03-12 16:40:07,Q4,354656000.0,253565000.0,101091000.0,0.2850395876567716,0.0,18262000.0,0.0,11472000.0,84670000.0,338235000.0,61492000.0,66372000.0,82793000.0,0.23344593070468284,16421000.0,0.046301204547505186,6953000.0,-37453000.0,-0.10560373996210412,-1834000.0,-28159000.0,-0.07939806460344671,-3.9,-3.9,9996800.0,9996800.0,https://www.sec.gov/Archives/edgar/data/1232582/000123258220000013/0001232582-20-000013-index.html,https://www.sec.gov/Archives/edgar/data/1232582/000123258220000013/aht2019q410-k.htm,1620586358,14:52:38,20210509
5,2019-09-30,AHT,USD,2019-11-06 00:00:00,2019-11-06 16:23:54,Q3,374237000.0,260881000.0,113356000.0,0.3028989650943119,0.0,18374000.0,0.0,-328000.0,86280000.0,347161000.0,66356000.0,67804000.0,94880000.0,0.25352918070634384,27076000.0,0.07234987454474036,-891000.0,-39335000.0,-0.10510719143216732,-249000.0,-31177000.0,-0.08330817102531284,-4.2,-4.2,9997100.0,9997100.0,https://www.sec.gov/Archives/edgar/data/1232582/000123258219000066/0001232582-19-000066-index.html,https://www.sec.gov/Archives/edgar/data/1232582/000123258219000066/aht2019q310q.htm,1620586358,14:52:38,20210509
6,2019-06-30,AHT,USD,2019-08-06 00:00:00,2019-08-06 15:04:02,Q2,415148000.0,273455000.0,141693000.0,0.3413071964696927,0.0,19198000.0,0.0,-338000.0,86709000.0,360164000.0,67987000.0,67451000.0,122435000.0,0.2949189204813705,54984000.0,0.1324443331053022,-5428000.0,-17646000.0,-0.0425053234027383,3706000.0,-16282000.0,-0.03921974813801343,-2.7,-2.7,9994200.0,9994200.0,https://www.sec.gov/Archives/edgar/data/1232582/000123258219000044/0001232582-19-000044-index.html,https://www.sec.gov/Archives/edgar/data/1232582/000123258219000044/aht2019q210q.htm,1620586358,14:52:38,20210509
7,2019-03-31,AHT,USD,2019-05-08 00:00:00,2019-05-08 16:30:12,Q1,358718000.0,248883000.0,109835000.0,0.3061875902519528,0.0,18905000.0,0.0,-316000.0,86083000.0,334966000.0,66166000.0,67119000.0,90871000.0,0.2533215506330878,23752000.0,0.06621357166353514,-5394000.0,-47027000.0,-0.131097407991793,-405000.0,-38017000.0,-0.1059801849921108,-4.9,-4.9,9940700.0,9940700.0,https://www.sec.gov/Archives/edgar/data/1232582/000123258219000027/0001232582-19-000027-index.html,https://www.sec.gov/Archives/edgar/data/1232582/000123258219000027/aht2019q110q.htm,1620586358,14:52:38,20210509
8,2018-12-31,AHT,USD,2019-03-01 00:00:00,2019-03-01 16:49:13,Q4,343488000.0,242872000.0,100616000.0,0.2929243525246879,0.0,18642000.0,0.0,-16000.0,84564000.0,327436000.0,63106000.0,65863000.0,81915000.0,0.2384799468977082,16052000.0,0.04673234581703,-19991000.0,-65872000.0,-0.191773802869387,176000.0,-54800000.0,-0.15953978013787964,-6.6,-6.6,9932400.0,9932400.0,https://www.sec.gov/Archives/edgar/data/1232582/000123258219000016/0001232582-19-000016-index.html,https://www.sec.gov/Archives/edgar/data/1232582/000123258219000016/aht2018q410-k.htm,1620586358,14:52:38,20210509
9,2018-09-30,AHT,USD,2018-11-02 00:00:00,2018-11-02 14:27:05,Q3,355930000.0,245810000.0,110120000.0,0.30938667715562046,0.0,15895000.0,0.0,-202000.0,80818000.0,326628000.0,60731000.0,64864000.0,94166000.0,0.26456325682016124,29302000.0,0.08232517629871042,-3463000.0,-33742000.0,-0.09479953923524288,519000.0,-27589000.0,-0.0775124322198185,-4.0,-4.0,9746700.0,9746700.0,https://www.sec.gov/Archives/edgar/data/1232582/000123258218000067/0001232582-18-000067-index.html,https://www.sec.gov/Archives/edgar/data/1232582/000123258218000067/aht2018q310q.htm,1620586358,14:52:38,20210509
10,2018-06-30,AHT,USD,2018-08-09 00:00:00,2018-08-09 16:32:04,Q2,389164000.0,255225000.0,133939000.0,0.34417109496253506,0.0,26310000.0,0.0,206000.0,90876000.0,346101000.0,58206000.0,64506000.0,107569000.0,0.27641045934361863,43063000.0,0.11065514795818729,-6118000.0,-20378000.0,-0.05236352797278268,2973000.0,-18306000.0,-0.04703929448767101,-3.0,-3.0,9688900.0,9688900.0,https://www.sec.gov/Archives/edgar/data/1232582/000123258218000049/0001232582-18-000049-index.html,https://www.sec.gov/Archives/edgar/data/1232582/000123258218000049/aht2018q210q.htm,1620586358,14:52:38,20210509
11,2018-03-31,AHT,USD,2018-05-09 00:00:00,2018-05-09 17:27:38,Q1,342207000.0,235030000.0,107177000.0,0.31319347646307644,0.0,19206000.0,0.0,76000.0,82253000.0,317283000.0,54743000.0,62988000.0,87912000.0,0.2568971412040081,24924000.0,0.07283310978442872,-4462000.0,-33535000.0,-0.09799624204063623,-886000.0,-26271000.0,-0.07676932383031324,-3.9,-3.9,9536700.0,9536700.0,https://www.sec.gov/Archives/edgar/data/1232582/000123258218000024/0001232582-18-000024-index.html,https://www.sec.gov/Archives/edgar/data/1232582/000123258218000024/aht2018q110q.htm,1620586358,14:52:38,20210509
12,2017-12-31,AHT,USD,2018-03-14 00:00:00,2018-03-14 17:06:16,Q4,341566000.0,237033000.0,104533000.0,0.3060404138585222,0.0,16169000.0,0.0,117000.0,77520000.0,314553000.0,55407000.0,61291000.0,88304000.0,0.2585269025605593,27013000.0,0.07908574038399606,-12584000.0,-40236000.0,-0.11779860993190189,-1711000.0,-29971000.0,-0.0877458529244714,-5.0,-5.0,9532800.0,9532800.0,https://www.sec.gov/Archives/edgar/data/1232582/000123258218000011/0001232582-18-000011-index.html,https://www.sec.gov/Archives/edgar/data/1232582/000123258218000011/aht2017q410-k.htm,1620586358,14:52:38,20210509
13,2017-09-30,AHT,USD,2017-11-07 00:00:00,2017-11-07 15:28:12,Q3,353325000.0,244765000.0,108560000.0,0.3072525295407911,0.0,17024000.0,0.0,-273000.0,77159000.0,321924000.0,56963000.0,60076000.0,91477000.0,0.2589032760206609,31401000.0,0.08887285077478242,-5137000.0,-29993000.0,-0.08488785112856435,-1267000.0,-21808000.0,-0.06172221042949126,-4.0,-4.0,9533200.0,9533200.0,https://www.sec.gov/Archives/edgar/data/1232582/000123258217000082/0001232582-17-000082-index.html,https://www.sec.gov/Archives/edgar/data/1232582/000123258217000082/aht2017q310q.htm,1620586358,14:52:38,20210509
14,2017-06-30,AHT,USD,2017-08-08 00:00:00,2017-08-08 13:53:39,Q2,390670000.0,254147000.0,136523000.0,0.34945862236670333,0.0,17483000.0,0.0,-146000.0,78030000.0,332177000.0,54956000.0,60488000.0,118981000.0,0.30455627511710653,58493000.0,0.14972483169938822,7951000.0,12034000.0,0.03080349143778637,1606000.0,10184000.0,0.026068036962141963,-0.1,-0.1,9532000.0,9532000.0,https://www.sec.gov/Archives/edgar/data/1232582/000123258217000060/0001232582-17-000060-index.html,https://www.sec.gov/Archives/edgar/data/1232582/000123258217000060/aht2017q210q.htm,1620586358,14:52:38,20210509
15,2017-03-31,AHT,USD,2017-05-10 00:00:00,2017-05-09 18:25:41,Q1,353709000.0,244935000.0,108774000.0,0.3075239815780769,0.0,15811000.0,0.0,-3120000.0,80509000.0,325444000.0,55305000.0,64638000.0,92903000.0,0.26265376340438046,28265000.0,0.07991032176167415,-5951000.0,-32783000.0,-0.09268353363923451,-846000.0,-25413000.0,-0.0718471964241792,-3.5,-3.5,9484000.0,9484000.0,https://www.sec.gov/Archives/edgar/data/1232582/000123258217000032/0001232582-17-000032-index.html,https://www.sec.gov/Archives/edgar/data/1232582/000123258217000032/aht2017q110q.htm,1620586358,14:52:38,20210509
16,2016-12-31,AHT,USD,2017-03-16 00:00:00,2017-03-16 14:35:08,Q4,341670000.0,242087000.0,99583000.0,0.2914595955161413,0.0,21374000.0,0.0,-254000.0,82826000.0,324913000.0,55800000.0,61453000.0,78210000.0,0.22890508385284045,16757000.0,0.04904439956683349,-17383000.0,-56324000.0,-0.1648491234231861,316000.0,-46904000.0,-0.1372786606959932,-6.1,-6.1,9458500.0,9458500.0,https://www.sec.gov/Archives/edgar/data/1232582/000123258217000013/0001232582-17-000013-index.html,https://www.sec.gov/Archives/edgar/data/1232582/000123258217000013/aht2016q410-k.htm,1620586358,14:52:38,20210509
17,2016-09-30,AHT,USD,2016-11-09 00:00:00,2016-11-09 14:22:59,Q3,371931000.0,251725000.0,120206000.0,0.3231943559423657,0.0,13916000.0,0.0,-926000.0,74086000.0,325811000.0,55762000.0,60112000.0,106232000.0,0.28562287090885136,46120000.0,0.12400149490093593,-15604000.0,-25154000.0,-0.06763082399692416,-16000.0,-20145000.0,-0.05416327221984723,-3.7,-3.7,9453100.0,9453100.0,https://www.sec.gov/Archives/edgar/data/1232582/000123258216000263/0001232582-16-000263-index.html,https://www.sec.gov/Archives/edgar/data/1232582/000123258216000263/ahtq3201610q.htm,1620586358,14:52:38,20210509
18,2016-06-30,AHT,USD,2016-08-09 00:00:00,2016-08-09 16:12:00,Q2,410670000.0,266397000.0,144273000.0,0.35131127182409233,0.0,14861000.0,0.0,-3085000.0,74940000.0,341337000.0,56462000.0,60029000.0,129362000.0,0.31500231329291156,69333000.0,0.16882898677770472,22793000.0,35738000.0,0.08702364428860156,603000.0,30753000.0,0.07488494411571335,2.3,2.3,9447400.0,9447400.0,https://www.sec.gov/Archives/edgar/data/1232582/000123258216000233/0001232582-16-000233-index.html,https://www.sec.gov/Archives/edgar/data/1232582/000123258216000233/aht2016q210q.htm,1620586358,14:52:38,20210509
19,2016-03-31,AHT,USD,2016-05-10 00:00:00,2016-05-10 14:22:03,Q1,367772000.0,251647000.0,116125000.0,0.3157526946042657,0.0,12576000.0,0.0,-252000.0,74738000.0,326385000.0,55943000.0,62113000.0,103500000.0,0.28142436074524435,41387000.0,0.11253439631075775,2983000.0,-11510000.0,-0.03129656417563055,629000.0,-9989000.0,-0.027160849656852615,-2.0,-2.0,9413600.0,9413600.0,https://www.sec.gov/Archives/edgar/data/1232582/000123258216000201/0001232582-16-000201-index.html,https://www.sec.gov/Archives/edgar/data/1232582/000123258216000201/aht2016q110q.htm,1620586358,14:52:38,20210509
20,2015-12-31,AHT,USD,2016-02-29 00:00:00,2016-02-29 17:07:29,Q4,352877000.0,247895000.0,104982000.0,0.29750309597961894,0.0,13774000.0,0.0,-2597000.0,74963000.0,322858000.0,53525000.0,61139000.0,91158000.0,0.2583279726363577,30019000.0,0.08506930176803816,-3699000.0,-27182000.0,-0.07702967322891546,75000.0,-21992000.0,-0.062321998883463646,-3.3,-3.3,9401200.0,9401200.0,https://www.sec.gov/Archives/edgar/data/1232582/000123258216000182/0001232582-16-000182-index.html,https://www.sec.gov/Archives/edgar/data/1232582/000123258216000182/aht2015q410-k.htm,1620586358,14:52:38,20210509
21,2015-09-30,AHT,USD,2015-11-09 00:00:00,2015-11-09 12:33:24,Q3,364516000.0,250052000.0,114464000.0,0.3140163943420865,0.0,14560000.0,0.0,-314000.0,73301000.0,323353000.0,51859000.0,58692000.0,99855000.0,0.27393859254463454,41163000.0,0.11292508422126875,-7714000.0,-18389000.0,-0.05044771697264318,1721000.0,-16321000.0,-0.044774440628120575,-2.6,-2.6,9588800.0,9588800.0,https://www.sec.gov/Archives/edgar/data/1232582/000123258215000155/0001232582-15-000155-index.html,https://www.sec.gov/Archives/edgar/data/1232582/000123258215000155/aht2015q310q.htm,1620586358,14:52:38,20210509
22,2015-06-30,AHT,USD,2015-08-10 00:00:00,2015-08-10 17:08:17,Q2,369338000.0,242132000.0,127206000.0,0.3444162257877608,0.0,14592000.0,0.0,-2283000.0,67208000.0,309340000.0,47495000.0,52548000.0,112546000.0,0.30472358652508,59998000.0,0.16244740589920345,-25201000.0,-12668000.0,-0.034299205605705346,2089000.0,-12244000.0,-0.033151205670686475,-2.1,-2.1,9975500.0,9975500.0,https://www.sec.gov/Archives/edgar/data/1232582/000123258215000124/0001232582-15-000124-index.html,https://www.sec.gov/Archives/edgar/data/1232582/000123258215000124/aht2015q210q.htm,1620586358,14:52:38,20210509
23,2015-03-31,AHT,USD,2015-05-11 00:00:00,2015-05-11 17:01:44,Q1,250235000.0,165466000.0,84769000.0,0.338757567886187,0.0,14407000.0,0.0,4330000.0,52271000.0,217737000.0,34635000.0,37864000.0,70362000.0,0.28118368733390614,32498000.0,0.12986992227306332,370883000.0,368762000.0,1.473662757008412,825000.0,321496000.0,1.2847763102683478,32.5,31.2,9553900.0,11391200.0,https://www.sec.gov/Archives/edgar/data/1232582/000123258215000070/0001232582-15-000070-index.html,https://www.sec.gov/Archives/edgar/data/1232582/000123258215000070/aht2015q110q.htm,1620586358,14:52:38,20210509
24,2014-12-31,AHT,USD,2015-03-02,2015-03-02 16:26:31,Q4,188219000.0,131298000.0,56921000.0,0.3024189906438776,0.0,14486000.0,0.0,732000.0,43877000.0,175175000.0,28606000.0,29669000.0,42713000.0,0.226932456340752,13044000.0,0.06930224897592697,-400000.0,-15945000.0,-0.08471514565479574,446000.0,-13932000.0,-0.07402015736987233,-2.5,-2.5,8958900.0,8958900.0,https://www.sec.gov/Archives/edgar/data/1232582/000123258215000034/aht201410-k.htm,https://www.sec.gov/Archives/edgar/data/1232582/000123258215000034/aht201410-k.htm,1620586358,14:52:38,20210509
25,2014-09-30,AHT,USD,2014-11-07 00:00:00,2014-11-07 16:33:44,Q3,202145000.0,138813000.0,63332000.0,0.3132998590120953,0.0,15104000.0,0.0,2564000.0,43525000.0,182338000.0,29449000.0,28421000.0,48228000.0,0.23858121645353583,19807000.0,0.0979841203096787,-6297000.0,-15912000.0,-0.07871577333102477,292000.0,-13495000.0,-0.06675900962180613,-2.4,-2.4,9032200.0,9032200.0,https://www.sec.gov/Archives/edgar/data/1232582/000123258214000106/0001232582-14-000106-index.html,https://www.sec.gov/Archives/edgar/data/1232582/000123258214000106/aht2014q310q.htm,1620586358,14:52:38,20210509
26,2014-06-30,AHT,USD,2014-08-11 00:00:00,2014-08-08 17:43:29,Q2,208889000.0,145226000.0,63663000.0,0.3047695187396177,0.0,19451000.0,0.0,2000000.0,46063000.0,191289000.0,27922000.0,26612000.0,44212000.0,0.21165307890793675,17600000.0,0.08425527433230089,8269000.0,-2041000.0,-0.009770739483649211,312000.0,-1586000.0,-0.007592549152899386,-1.1,-1.1,8878100.0,8878100.0,https://www.sec.gov/Archives/edgar/data/1232582/000123258214000074/0001232582-14-000074-index.html,https://www.sec.gov/Archives/edgar/data/1232582/000123258214000074/aht2014q210q.htm,1620586358,14:52:38,20210509
27,2014-03-31,AHT,USD,2014-05-12 00:00:00,2014-05-12 16:51:24,Q1,195596000.0,130186000.0,65410000.0,0.33441379169308166,0.0,12735000.0,0.0,1277000.0,38964000.0,169150000.0,28525000.0,26229000.0,52675000.0,0.2693050982637682,26446000.0,0.13520726395222807,-4494000.0,-6567000.0,-0.03357430622303115,216000.0,-2388000.0,-0.01220883862655678,-1.3,-1.3,8169000.0,8169000.0,https://www.sec.gov/Archives/edgar/data/1232582/000123258214000041/0001232582-14-000041-index.html,https://www.sec.gov/Archives/edgar/data/1232582/000123258214000041/aht2014q110q.htm,1620586358,14:52:38,20210509
28,2013-12-31,AHT,USD,2014-03-03,2014-03-03 16:53:05,Q4,209755000.0,147652000.0,62103000.0,0.29607399108483706,0.0,10141000.0,0.0,-796000.0,40032000.0,187684000.0,33438000.0,29891000.0,51962000.0,0.24772711019999524,22071000.0,0.10522275988653429,-7421000.0,-18778000.0,-0.08952349169268908,-177000.0,-17368000.0,-0.08280136349550667,-3.2,-3.2,8138300.0,8138300.0,https://www.sec.gov/Archives/edgar/data/1232582/000123258214000016/aht201310-k.htm,https://www.sec.gov/Archives/edgar/data/1232582/000123258214000016/aht201310-k.htm,1620586358,14:52:38,20210509
29,2013-09-30,AHT,USD,2013-11-07 00:00:00,2013-11-07 14:23:41,Q3,242024000.0,167576000.0,74448000.0,0.30760585727035333,0.0,13465000.0,0.0,314000.0,46242000.0,213818000.0,36625000.0,32777000.0,60983000.0,0.2519708789210987,28206000.0,0.11654216110798929,-10376000.0,-18783000.0,-0.07760800581760487,619000.0,-16335000.0,-0.06749330644894722,-3.1,-3.1,7989800.0,7989800.0,https://www.sec.gov/Archives/edgar/data/1232582/000123258213000122/0001232582-13-000122-index.html,https://www.sec.gov/Archives/edgar/data/1232582/000123258213000122/aht201310q-q3.htm,1620586358,14:52:38,20210509
30,2013-06-30,AHT,USD,2013-08-07 00:00:00,2013-08-07 17:30:01,Q2,258539000.0,168396000.0,90143000.0,0.3486630643732667,0.0,14699000.0,0.0,310000.0,47541000.0,215937000.0,36026000.0,32842000.0,75444000.0,0.2918089727275189,42602000.0,0.16477978177373626,1476000.0,8065000.0,0.03119451997570966,465000.0,7106000.0,0.02748521499657692,-0.2,-0.2,6848900.0,6848900.0,https://www.sec.gov/Archives/edgar/data/1232582/000123258213000091/0001232582-13-000091-index.html,https://www.sec.gov/Archives/edgar/data/1232582/000123258213000091/aht201310q-q2.htm,1620586358,14:52:38,20210509
31,2013-03-31,AHT,USD,2013-05-09 00:00:00,2013-05-09 15:48:00,Q1,231942000.0,159764000.0,72178000.0,0.31118986643212526,0.0,14516000.0,0.0,5822000.0,46996000.0,206760000.0,35380000.0,32480000.0,57662000.0,0.24860525476196635,25182000.0,0.10857024600977831,-7389000.0,-17551000.0,-0.07566977951384397,604000.0,-14686000.0,-0.06331755352631262,-3.4,-3.4,6768200.0,6768200.0,https://www.sec.gov/Archives/edgar/data/1232582/000123258213000049/0001232582-13-000049-index.html,https://www.sec.gov/Archives/edgar/data/1232582/000123258213000049/aht201310q-q1.htm,1620586358,14:52:38,20210509
32,2012-12-31,AHT,USD,2013-03-01 00:00:00,2013-03-01 14:27:17,Q4,217417000.0,180906000.0,36511000.0,0.1679307505852808,0.0,11023000.0,0.0,8712000.0,7707000.0,188613000.0,35462000.0,33788000.0,62592000.0,0.2878891714999287,28804000.0,0.13248274054006817,-3925000.0,-10542000.0,-0.04848746878119006,-509000.0,-12601000.0,-0.057957749394021624,-3.2,-3.2,6767000.0,6767000.0,https://www.sec.gov/Archives/edgar/data/1232582/000123258213000023/0001232582-13-000023-index.html,https://www.sec.gov/Archives/edgar/data/1232582/000123258213000023/aht201210-k.htm,1620586358,14:52:38,20210509
33,2012-09-30,AHT,USD,2012-11-07 00:00:00,2012-11-07 12:41:49,Q3,230169000.0,150087000.0,80082000.0,0.3479269580178043,0.0,10851000.0,0.0,0.0,56927000.0,207014000.0,37540000.0,34200000.0,57355000.0,0.24918646733487132,23155000.0,0.10059999391751279,-3037000.0,-17392000.0,-0.07556186975657017,639000.0,-15147000.0,-0.06580816704247748,-3.5,-3.5,6765900.0,6765900.0,https://www.sec.gov/Archives/edgar/data/1232582/000123258212000054/0001232582-12-000054-index.html,https://www.sec.gov/Archives/edgar/data/1232582/000123258212000054/a10q2012q3.htm,1620586358,14:52:38,20210509
34,2012-06-30,AHT,USD,2012-08-03 00:00:00,2012-08-03 09:32:13,Q2,249133000.0,157372000.0,91761000.0,0.36832133840157666,0.0,11930000.0,0.0,0.0,56639000.0,214011000.0,36589000.0,34184000.0,69306000.0,0.2781887586148764,35122000.0,0.14097690791665496,-3129000.0,-4574000.0,-0.018359671340207842,1366000.0,-4814000.0,-0.019323012206331557,-2.0,-2.0,6763900.0,6763900.0,https://www.sec.gov/Archives/edgar/data/1232582/000123258212000033/0001232582-12-000033-index.html,https://www.sec.gov/Archives/edgar/data/1232582/000123258212000033/a10q2012q2.htm,1620586358,14:52:38,20210509
35,2012-03-31,AHT,USD,2012-05-08,2012-05-08 09:39:36,Q1,225887000.0,146879000.0,79008000.0,0.34976780425611037,0.0,10247000.0,0.0,0.0,56755000.0,203634000.0,35204000.0,34355000.0,56608000.0,0.2506031776950422,22253000.0,0.09851385869926113,-10755000.0,-23674000.0,-0.1048046146967289,879000.0,-21218000.0,-0.09393192171306892,-4.4,-4.4,6715200.0,6715200.0,https://www.sec.gov/Archives/edgar/data/1232582/000119312512085352/d273182d10k.htm,https://www.sec.gov/Archives/edgar/data/1232582/000119312512085352/d273182d10k.htm,1620586358,14:52:38,20210509
36,2011-12-31,AHT,USD,2012-02-28 00:00:00,2012-02-28 16:31:00,Q4,233321000.0,203504000.0,29817000.0,0.12779389767744867,0.0,10540000.0,0.0,0.0,2220000.0,205724000.0,34631000.0,34301000.0,61898000.0,0.2652911653901706,27597000.0,0.11827910903862061,-5584000.0,-12603000.0,-0.05401571225907655,-787000.0,-10196000.0,-0.04369945268535622,-1.518346437931856,-1.518346437931856,6715200.0,6715200.0,https://www.sec.gov/Archives/edgar/data/1232582/000119312512085352/0001193125-12-085352-index.html,https://www.sec.gov/Archives/edgar/data/1232582/000119312512085352/d273182d10k.htm,1620586358,14:52:38,20210509
37,2011-09-30,AHT,USD,2011-11-09 00:00:00,2011-11-09 16:30:53,Q3,214587000.0,141835000.0,72752000.0,0.3390326534226211,0.0,9094000.0,0.0,0.0,55167000.0,197002000.0,34530000.0,33776000.0,51361000.0,0.2393481431773593,17585000.0,0.08194811428464911,-6622000.0,-23556000.0,-0.10977365823651945,1077000.0,-21217000.0,-0.09887365031432473,-4.3,-4.3,6680100.0,6680100.0,https://www.sec.gov/Archives/edgar/data/1232582/000095012311097061/0000950123-11-097061-index.html,https://www.sec.gov/Archives/edgar/data/1232582/000095012311097061/d84840e10vq.htm,1620586358,14:52:38,20210509
38,2011-06-30,AHT,USD,2011-08-05 00:00:00,2011-08-05 15:12:20,Q2,230099000.0,156207000.0,73892000.0,0.3211313391192487,0.0,11005000.0,0.0,0.0,44032000.0,200239000.0,34808000.0,33223000.0,63083000.0,0.27415590680533164,29860000.0,0.12977022933606838,3977000.0,-948000.0,-0.00411996575387116,285000.0,-4311000.0,-0.018735413887066003,-4.9,-4.9,5948200.0,5948200.0,https://www.sec.gov/Archives/edgar/data/1232582/000095012311073596/0000950123-11-073596-index.html,https://www.sec.gov/Archives/edgar/data/1232582/000095012311073596/d83447e10vq.htm,1620586358,14:52:38,20210509
39,2011-03-31,AHT,USD,2011-05-10 00:00:00,2011-05-10 14:55:01,Q1,212294000.0,148962000.0,63332000.0,0.2983221381668818,0.0,13883000.0,0.0,0.0,45292000.0,194254000.0,34578000.0,32973000.0,51013000.0,0.240294120417911,18040000.0,0.08497649486090045,59310000.0,42808000.0,0.20164488869209682,1044000.0,37833000.0,0.17821040632330637,5.3,4.6,5793100.0,7933000.0,https://www.sec.gov/Archives/edgar/data/1232582/000095012311048179/0000950123-11-048179-index.html,https://www.sec.gov/Archives/edgar/data/1232582/000095012311048179/d81701e10vq.htm,1620586358,14:52:38,20210509
40,2010-12-31,AHT,USD,2011-03-04,2011-03-04 17:24:28,Q4,185514000.0,168581000.0,16933000.0,0.09127613010338842,0.0,7939000.0,0.0,0.0,-7499000.0,161082000.0,31921000.0,35664000.0,60096000.0,0.32394320644264046,24432000.0,0.13169895533490733,75478000.0,-90342000.0,-0.4869821145573919,-550000.0,-104944000.0,-0.5656931552335672,-21.7,-21.7,5140700.0,5140700.0,https://www.sec.gov/Archives/edgar/data/1232582/000095012311022284/d80115e10vk.htm,https://www.sec.gov/Archives/edgar/data/1232582/000095012311022284/d80115e10vk.htm,1620586358,14:52:38,20210509
41,2010-09-30,AHT,USD,2010-11-09 00:00:00,2010-11-09 12:07:03,Q3,202155000.0,134946000.0,67209000.0,0.33246271425391405,0.0,7700000.0,0.0,0.0,53025000.0,187971000.0,35239000.0,36184000.0,50368000.0,0.24915535109198386,14184000.0,0.07016398308228834,15565000.0,-5376000.0,-0.026593455516806412,-22000.0,41269000.0,0.20414533402587123,7.3,7.3,4971400.0,4971400.0,https://www.sec.gov/Archives/edgar/data/1232582/000095012310103031/0000950123-10-103031-index.html,https://www.sec.gov/Archives/edgar/data/1232582/000095012310103031/d77523e10vq.htm,1620586358,14:52:38,20210509
42,2010-06-30,AHT,USD,2010-08-06 00:00:00,2010-08-06 14:15:17,Q2,239477000.0,157187000.0,82290000.0,0.3436238135603837,0.0,8323000.0,0.0,0.0,58531000.0,215718000.0,37897000.0,36270000.0,60029000.0,0.25066707867561394,23759000.0,0.09921203288833583,34038000.0,19951000.0,0.08331071459889676,424000.0,6800000.0,0.028395211231141197,1.340799747614165,0.9317493594223154,5071600.0,7298100.0,https://www.sec.gov/Archives/edgar/data/1232582/000095012310074143/0000950123-10-074143-index.html,https://www.sec.gov/Archives/edgar/data/1232582/000095012310074143/d75118e10vq.htm,1620586358,14:52:38,20210509
43,2010-03-31,AHT,USD,2010-05-07 00:00:00,2010-05-06 18:28:24,Q1,217011000.0,146212000.0,70799000.0,0.326246134988549,0.0,6658000.0,0.0,0.0,58171000.0,204383000.0,37563000.0,37208000.0,49836000.0,0.2296473450654575,12628000.0,0.058190598633249005,30085000.0,5211000.0,0.024012607655833115,-15000.0,5135000.0,0.02366239499380216,0.1,0.1,5307300.0,5307300.0,https://www.sec.gov/Archives/edgar/data/1232582/000095012310045747/0000950123-10-045747-index.html,https://www.sec.gov/Archives/edgar/data/1232582/000095012310045747/d72837e10vq.htm,1620586358,14:52:38,20210509
44,2009-12-31,AHT,USD,2010-03-02 00:00:00,2010-03-01 19:41:01,Q4,216359000.0,145967000.0,70392000.0,0.32534814821662145,0.0,6937000.0,0.0,0.0,56650000.0,202617000.0,35887000.0,38180000.0,51922000.0,0.23998077269723006,13742000.0,0.06351480640971718,-42692000.0,-66653000.0,-0.30806668546258764,936000.0,-72044000.0,-0.33298360595121995,-13.57451057976749,-13.57451057976749,5307300.0,5307300.0,https://www.sec.gov/Archives/edgar/data/1232582/000095012310019569/0000950123-10-019569-index.html,https://www.sec.gov/Archives/edgar/data/1232582/000095012310019569/d71251e10vk.htm,1620586358,14:52:38,20210509
45,2009-09-30,AHT,USD,2009-11-06 00:00:00,2009-11-06 17:27:58,Q3,220592000.0,152970000.0,67622000.0,0.30654783491695076,0.0,9257000.0,0.0,0.0,64215000.0,217185000.0,36545000.0,38935000.0,42342000.0,0.19194712410241532,3407000.0,0.015444803075360848,-421000.0,-33503000.0,-0.1518776746210198,193000.0,-28796000.0,-0.13053963879016464,-5.2,-5.2,6526600.0,6526600.0,https://www.sec.gov/Archives/edgar/data/1232582/000095012309059472/0000950123-09-059472-index.html,https://www.sec.gov/Archives/edgar/data/1232582/000095012309059472/d69970e10vq.htm,1620586358,14:52:38,20210509
46,2009-06-30,AHT,USD,2009-08-07 00:00:00,2009-08-07 12:04:37,Q2,239949000.0,159618000.0,80331000.0,0.33478364152382384,0.0,6911000.0,0.0,0.0,61673000.0,221291000.0,36570000.0,38573000.0,57231000.0,0.23851318405161095,18658000.0,0.07775819028210161,-128496000.0,-184039000.0,-0.7669921524990727,172000.0,-161059000.0,-0.6712218012994428,-23.4,-23.4,7088200.0,7088200.0,https://www.sec.gov/Archives/edgar/data/1232582/000095012309031840/0000950123-09-031840-index.html,https://www.sec.gov/Archives/edgar/data/1232582/000095012309031840/d68711e10vq.htm,1620586358,14:52:38,20210509
47,2009-03-31,AHT,USD,2009-05-07 00:00:00,2009-05-07 17:11:06,Q1,239695000.0,157128000.0,82567000.0,0.3444669267193725,0.0,6846000.0,0.0,0.0,62655000.0,219783000.0,36548000.0,41419000.0,61331000.0,0.2558710027326394,19912000.0,0.08307223763532823,28404000.0,13733000.0,0.057293644005924196,221000.0,11657000.0,0.048632637309914684,0.8,0.8,8053000.0,8053000.0,https://www.sec.gov/Archives/edgar/data/1232582/000095013409009937/0000950134-09-009937-index.html,https://www.sec.gov/Archives/edgar/data/1232582/000095013409009937/d67619e10vq.htm,1620586358,14:52:38,20210509
48,2008-12-31,AHT,USD,2009-03-02 00:00:00,2009-02-27 20:41:20,Q4,295050000.0,195471000.0,99579000.0,0.33749872902897815,0.0,3799000.0,0.0,0.0,178628000.0,374099000.0,39612000.0,36335000.0,-42714000.0,-0.14476868327402134,-79049000.0,-0.26791730215217757,0.0,116459000.0,0.3947093712930012,-183000.0,140714000.0,0.47691577698695137,17.47348814106544,17.47348814106544,8053000.0,8053000.0,https://www.sec.gov/Archives/edgar/data/1232582/000095013409004072/0000950134-09-004072-index.html,https://www.sec.gov/Archives/edgar/data/1232582/000095013409004072/d66599e10vk.htm,1620586358,14:52:38,20210509
49,2008-09-30,AHT,USD,2008-11-07 00:00:00,2008-11-07 15:51:40,Q3,285281000.0,184252000.0,101029000.0,0.3541385511127625,0.0,8834000.0,0.0,0.0,28288000.0,212540000.0,39870000.0,46992000.0,119733000.0,0.4197019780497124,72741000.0,0.25498017743908635,0.0,8870000.0,0.031092151247366633,421000.0,8799000.0,0.03084327382475524,0.7597199077871506,0.759503504471222,11581900.0,11585200.0,https://www.sec.gov/Archives/edgar/data/1232582/000095013408019851/0000950134-08-019851-index.html,https://www.sec.gov/Archives/edgar/data/1232582/000095013408019851/d65064e10vq.htm,1620586358,14:52:38,20210509
50,2008-06-30,AHT,USD,2008-08-08 00:00:00,2008-08-08 12:19:17,Q2,318358000.0,197797000.0,120561000.0,0.3786963104429604,0.0,8365000.0,0.0,0.0,27154000.0,224951000.0,38090000.0,44712000.0,138119000.0,0.4338480578468265,93407000.0,0.2934023960447044,0.0,-34004000.0,-0.10681057174627306,319000.0,-26504000.0,-0.0832521877885902,-2.8,-2.8,11891100.0,11891100.0,https://www.sec.gov/Archives/edgar/data/1232582/000095013408014687/0000950134-08-014687-index.html,https://www.sec.gov/Archives/edgar/data/1232582/000095013408014687/d59352e10vq.htm,1620586358,14:52:38,20210509
51,2008-03-31,AHT,USD,2008-05-08 00:00:00,2008-05-08 14:38:18,Q1,314490000.0,0.0,0.0,0.0,0.0,7704000.0,0.0,0.0,275491000.0,275491000.0,0.0,46326000.0,85325000.0,0.27131228337943974,38999000.0,0.12400712264300931,296000.0,4795000.0,0.0152469076918185,410000.0,6185000.0,0.01966676205920697,-0.1,-0.1,11885500.0,11885500.0,https://www.sec.gov/Archives/edgar/data/1232582/000095013408008918/0000950134-08-008918-index.html,https://www.sec.gov/Archives/edgar/data/1232582/000095013408008918/d56589e10vq.htm,1620586358,14:52:38,20210509
52,2007-12-31,AHT,USD,2008-02-29,2008-02-29 16:49:13,Q4,293215000.0,0.0,0.0,0.0,0.0,7143000.0,0.0,0.0,-478925000.0,260212000.0,0.0,50942000.0,83945000.0,0.28629162900942995,33003000.0,0.11255563323840867,7325000.0,12392000.0,0.04226250362362089,8209000.0,-2923000.0,-0.009968794229490307,-0.24592991460182576,-0.24592991460182576,11885500.0,11885500.0,https://www.sec.gov/Archives/edgar/data/1232582/000095013408003853/d54092e10vk.htm,https://www.sec.gov/Archives/edgar/data/1232582/000095013408003853/d54092e10vk.htm,1620586358,14:52:38,20210509
53,2007-09-30,AHT,USD,2007-11-06 00:00:00,2007-11-06 16:52:24,Q3,336824000.0,0.0,0.0,0.0,0.0,8069000.0,0.0,0.0,293091000.0,293091000.0,0.0,39262000.0,82995000.0,0.24640465049996438,43733000.0,0.1298393226135905,-2524000.0,-3140000.0,-0.009322376077714177,-2117000.0,508000.0,0.0015082060660760515,-0.5,-0.5,12123483.0,12123483.0,https://www.sec.gov/Archives/edgar/data/1232582/000095013407023009/0000950134-07-023009-index.html,https://www.sec.gov/Archives/edgar/data/1232582/000095013407023009/d51231e10vq.htm,1620586358,14:52:38,20210509
54,2007-06-30,AHT,USD,2007-08-08 00:00:00,2007-08-08 15:34:58,Q2,350275000.0,0.0,0.0,0.0,0.0,7148000.0,0.0,0.0,301012000.0,301012000.0,0.0,60213000.0,109476000.0,0.3125430019270573,49263000.0,0.14064092498750982,-12791000.0,-5759000.0,-0.016441367496966668,36000.0,21084000.0,0.06019270573121119,1.3,1.3,10813836.0,10813836.0,https://www.sec.gov/Archives/edgar/data/1232582/000095013407017339/0000950134-07-017339-index.html,https://www.sec.gov/Archives/edgar/data/1232582/000095013407017339/d48944e10vq.htm,1620586358,14:52:38,20210509
55,2007-03-31,AHT,USD,2007-05-09 00:00:00,2007-05-09 17:22:59,Q1,153301000.0,0.0,0.0,0.0,0.0,4594000.0,0.0,0.0,127756000.0,127756000.0,0.0,16918000.0,42463000.0,0.2769910176711176,25545000.0,0.1666329639076066,-2065000.0,7899000.0,0.05152608267395516,1223000.0,11491000.0,0.07495711052113163,1.5950355818833053,1.5860860596962434,7204228.0,7244878.0,https://www.sec.gov/Archives/edgar/data/1232582/000095013407010917/0000950134-07-010917-index.html,https://www.sec.gov/Archives/edgar/data/1232582/000095013407010917/d46035e10vq.htm,1620586358,14:52:38,20210509
56,2006-12-31,AHT,USD,2007-03-09,2007-03-09 16:51:28,Q4,114553000.0,0.0,0.0,0.0,0.0,19496000.0,0.0,0.0,99389000.0,99389000.0,0.0,12444000.0,27608000.0,0.24100634640733984,15164000.0,0.13237540701683936,-568000.0,2732000.0,0.023849222630572747,2259000.0,10661000.0,0.09306609167808787,1.479825458050467,1.479825458050467,7204228.0,7204228.0,https://www.sec.gov/Archives/edgar/data/1232582/000095013407005288/d44230e10vk.htm,https://www.sec.gov/Archives/edgar/data/1232582/000095013407005288/d44230e10vk.htm,1620586358,14:52:38,20210509
57,2006-09-30,AHT,USD,2006-11-03,2006-11-03 14:30:37,Q3,126324000.0,0.0,0.0,0.0,0.0,0.0,0.0,0.0,106989000.0,106989000.0,0.0,13812000.0,33147000.0,0.26239669421487605,19335000.0,0.15305880117792345,-495000.0,8905000.0,0.07049333459991768,929000.0,8650000.0,0.068474715810139,0.9,0.9,6715728.0,6715728.0,https://www.sec.gov/Archives/edgar/data/1232582/000095013406020411/d40884e10vq.htm,https://www.sec.gov/Archives/edgar/data/1232582/000095013406020411/d40884e10vq.htm,1620586358,14:52:38,20210509
58,2006-06-30,AHT,USD,2006-08-04,2006-08-04 17:24:51,Q2,127143000.0,0.0,0.0,0.0,0.0,863000.0,0.0,0.0,102515000.0,102515000.0,0.0,12374000.0,37002000.0,0.2910266392959109,24628000.0,0.19370315314252456,-665000.0,13199000.0,0.10381224290759224,85000.0,11023000.0,0.08669765539589282,1.5,1.5,5571121.0,5571121.0,https://www.sec.gov/Archives/edgar/data/1232582/000095013406014888/d38428e10vq.htm,https://www.sec.gov/Archives/edgar/data/1232582/000095013406014888/d38428e10vq.htm,1620586358,14:52:38,20210509
59,2006-03-31,AHT,USD,2006-05-10,2006-05-10 14:16:12,Q1,108913000.0,0.0,0.0,0.0,0.0,4810000.0,0.0,0.0,89853000.0,89853000.0,0.0,10935000.0,29995000.0,0.275403303554213,19060000.0,0.17500206586908817,-1888000.0,6234000.0,0.05723834620293262,78000.0,7462000.0,0.06851340060415194,0.9,0.9,5192454.0,5192454.0,https://www.sec.gov/Archives/edgar/data/1232582/000095013406004987/d33704e10vk.htm,https://www.sec.gov/Archives/edgar/data/1232582/000095013406004987/d33704e10vk.htm,1620586358,14:52:38,20210509
60,2005-12-31,AHT,USD,2006-03-14,2006-03-14 10:22:52,Q4,104093000.0,0.0,0.0,0.0,0.0,4116000.0,0.0,0.0,76522000.0,76522000.0,0.0,11101000.0,38672000.0,0.3715139346545877,27571000.0,0.264868915296898,-27623000.0,-11983000.0,-0.11511821159924299,-3051000.0,-5000000.0,-0.04803396962331761,-0.9629358295711431,-0.9629358295711431,5192454.0,5192454.0,https://www.sec.gov/Archives/edgar/data/1232582/000095013406004987/d33704e10vk.htm,https://www.sec.gov/Archives/edgar/data/1232582/000095013406004987/d33704e10vk.htm,1620586358,14:52:38,20210509
61,2005-09-30,AHT,USD,2005-11-04,2005-11-04 12:33:10,Q3,97284000.0,0.0,0.0,0.0,0.0,3883000.0,0.0,0.0,80751000.0,80751000.0,0.0,9045000.0,25578000.0,0.2629209325274454,16533000.0,0.16994572591587517,-1136000.0,4224000.0,0.04341926729986431,379000.0,5922000.0,0.060873319353645,0.8,0.8,4314565.0,4314565.0,https://www.sec.gov/Archives/edgar/data/1232582/000095013405020514/d29960e10vq.htm,https://www.sec.gov/Archives/edgar/data/1232582/000095013405020514/d29960e10vq.htm,1620586358,14:52:38,20210509
62,2005-06-30,AHT,USD,2005-08-05,2005-08-05 14:06:35,Q2,81312000.0,0.0,0.0,0.0,0.0,3224000.0,0.0,0.0,64535000.0,64535000.0,0.0,5849000.0,22626000.0,0.2782615112160567,16777000.0,0.20632870916961826,-1040000.0,9167000.0,0.11273858717040536,219000.0,7064000.0,0.08687524596615506,1.1,1.1,4055574.0,4055574.0,https://www.sec.gov/Archives/edgar/data/1232582/000095013405014971/d27372e10vq.htm,https://www.sec.gov/Archives/edgar/data/1232582/000095013405014971/d27372e10vq.htm,1620586358,14:52:38,20210509
63,2005-03-31,AHT,USD,2005-05-06,2005-05-06 12:01:37,Q1,48960000.0,0.0,0.0,0.0,0.0,3300000.0,0.0,0.0,40326000.0,40326000.0,0.0,4291000.0,12925000.0,0.26399101307189543,8634000.0,0.1763480392156863,-3356000.0,1531000.0,0.03127042483660131,242000.0,1451000.0,0.02963643790849673,0.43378604333017334,0.43378604333017334,3344967.0,3344967.0,https://www.sec.gov/Archives/edgar/data/1232582/000095013405005237/d23137e10vk.htm,https://www.sec.gov/Archives/edgar/data/1232582/000095013405005237/d23137e10vk.htm,1620586358,14:52:38,20210509
64,2004-12-31,AHT,USD,2005-03-16,2005-03-16 16:18:36,Q4,-30092000.0,0.0,0.0,0.0,0.0,962148.0,0.0,0.0,-37086852.0,-37086852.0,0.0,2248049.0,9242901.0,-0.3071547587398644,6994852.0,-0.2324488900704506,-2598169.0,664839.0,-0.02209354645753024,-28903.0,561168.0,-0.018648411537950285,0.1677648837791225,0.1677648837791225,3344967.0,3344967.0,https://www.sec.gov/Archives/edgar/data/1232582/000095013405005237/d23137e10vk.htm,https://www.sec.gov/Archives/edgar/data/1232582/000095013405005237/d23137e10vk.htm,1620586358,14:52:38,20210509
65,2004-09-30,AHT,USD,2004-11-12,2004-11-12 06:07:24,Q3,76481821.0,0.0,0.0,0.0,0.0,4002120.0,0.0,0.0,67069121.0,67069121.0,0.0,2768427.0,12181127.0,0.15926826585365952,9412700.0,0.12307107593580964,-2203099.0,-1195278.0,-0.01562826282601195,530476.0,-1390527.0,-0.018181143987144342,-0.5533191541006699,-0.44860499621088573,2513065.0,3099669.0,https://www.sec.gov/Archives/edgar/data/1232582/000095013404017173/d20035e10vq.htm,https://www.sec.gov/Archives/edgar/data/1232582/000095013404017173/d20035e10vq.htm,1620586358,14:52:38,20210509
66,2004-06-30,AHT,USD,2004-08-06,2004-08-06 14:25:10,Q2,25833777.0,0.0,0.0,0.0,0.0,3801730.0,0.0,0.0,21746609.0,21746609.0,0.0,2197175.0,6284343.0,0.2432607125160212,4087168.0,0.158210237705466,-258908.0,2229355.0,0.08629613083677234,156700.0,1694188.0,0.06558034467820946,0.6764483931941032,0.5471379367696285,2504534.0,3096455.0,https://www.sec.gov/Archives/edgar/data/1232582/000095013404011577/d17410e10vq.htm,https://www.sec.gov/Archives/edgar/data/1232582/000095013404011577/d17410e10vq.htm,1620586358,14:52:38,20210509
67,2004-03-31,AHT,USD,2004-05-13,2004-05-13 15:19:30,Q1,19311622.0,0.0,0.0,0.0,0.0,3088946.0,0.0,0.0,17864774.0,17864774.0,0.0,2357764.0,3804612.0,0.19701151979880302,1446848.0,0.07492110191469158,0.0,554378.0,0.02870696205632028,0.0,554378.0,0.02870696205632028,0.22153639830820038,0.17959489119078664,2502424.0,3086825.0,https://www.sec.gov/Archives/edgar/data/1232582/000095013404007472/d15315e10vq.htm,https://www.sec.gov/Archives/edgar/data/1232582/000095013404007472/d15315e10vq.htm,1620586358,14:52:38,20210509
68,2003-12-31,AHT,USD,2003-12-31,2003-12-31,Q4,14869645.0,0.0,0.0,0.0,0.0,2240254.0,0.0,0.0,16182823.0,16182823.0,0.0,2325084.0,1011906.0,0.06805179276304175,-1313178.0,-0.08831266650952325,0.0,0.0,0.0,0.0,-1329161.0,-0.08938754085924715,-0.5311493975441413,-0.5311493975441413,2502424.0,2502424.0,,,1620586358,14:52:38,20210509
69,2003-09-30,AHT,USD,2003-09-30,2003-09-30,Q3,9550555.0,0.0,0.0,0.0,0.0,1226966.0,0.0,0.0,9264492.0,9264492.0,0.0,1279712.0,1565775.0,0.16394596963213132,286063.0,0.029952500142661865,0.0,0.0,0.0,0.0,-1194245.0,-0.1250445654728966,-0.464074,-0.464074,2573394.0,2573394.0,,,1620586358,14:52:38,20210509
70,2003-06-30,AHT,USD,2003-06-30,2003-06-30,Q2,9325645.0,0.0,0.0,0.0,0.0,279724.0,0.0,0.0,8401970.0,8401970.0,0.0,1077332.0,2001007.0,0.2145703594764759,923675.0,0.09904676834685429,0.0,-580542.0,-0.062252208828451006,0.0,-580542.0,-0.062252208828451006,-0.225594,-0.225594,2573394.0,2573394.0,,,1620586358,14:52:38,20210509
71,2003-03-31,AHT,USD,2003-03-31,2003-03-31,Q4,8532756.0,0.0,0.0,0.0,0.0,256006.0,0.0,0.0,7854209.0,7854209.0,0.0,1115000.0,1793547.0,0.21019551010248036,678547.0,0.07952260676386387,0.0,-816253.0,-0.09566112051018452,0.0,-816253.0,-0.09566112051018452,-0.317189,-0.317189,2573394.0,2573394.0,,,1620586358,14:52:38,20210509
