,date,symbol,reportedCurrency,fillingDate,acceptedDate,period,revenue,costOfRevenue,grossProfit,grossProfitRatio,researchAndDevelopmentExpenses,generalAndAdministrativeExpenses,sellingAndMarketingExpenses,otherExpenses,operatingExpenses,costAndExpenses,interestExpense,depreciationAndAmortization,ebitda,ebitdaratio,operatingIncome,operatingIncomeRatio,totalOtherIncomeExpensesNet,incomeBeforeTax,incomeBeforeTaxRatio,incomeTaxExpense,netIncome,netIncomeRatio,eps,epsdiluted,weightedAverageShsOut,weightedAverageShsOutDil,link,finalLink,timestamp,est_time,est_date
0,2020-12-31,ARG.TO,USD,2020-12-31,2020-12-31,Q4,64959000.0,49230000.0,15729000.0,0.24213734817346327,0.0,1081000.0,0.0,-1000.0,1081000.0,50311000.0,658000.0,4349000.0,18997000.0,0.2924460044027771,14648000.0,0.22549608214412167,-2784000.0,11206000.0,0.17250881325143552,2899000.0,8307000.0,0.12788066318754907,0.04595358645725292,0.04595358645725292,180769351.0,180769351.0,https://www.sedar.com/ModifyCompanyDocumentSearchForm.do?lang=EN&company_search=Amerigo Resources Ltd&document_selection=0&industry_group=A&FromDate=13&FromMonth=05&FromYear=2000&ToDate=13&ToMonth=11&ToYear=2020&Variable=Issuer,https://www.sedar.com/ModifyCompanyDocumentSearchForm.do?lang=EN&company_search=Amerigo Resources Ltd&document_selection=0&industry_group=A&FromDate=13&FromMonth=05&FromYear=2000&ToDate=13&ToMonth=11&ToYear=2020&Variable=Issuer,1620588710,15:31:50,20210509
1,2020-09-30,ARG.TO,USD,2020-09-30,2020-09-30,Q3,47394000.0,38411000.0,8983000.0,0.18953876018061358,0.0,604000.0,0.0,71000.0,604000.0,39015000.0,1176000.0,4271000.0,12650000.0,0.26691142338692664,8379000.0,0.17679453095328523,74000.0,7277000.0,0.15354264252859012,1889000.0,5388000.0,0.11368527661729333,0.029805937622689148,0.029550858541290644,180769351.0,182329728.0,https://www.sedar.com/ModifyCompanyDocumentSearchForm.do?lang=EN&company_search=Amerigo Resources Ltd&document_selection=0&industry_group=A&FromDate=13&FromMonth=05&FromYear=2000&ToDate=13&ToMonth=11&ToYear=2020&Variable=Issuer,https://www.sedar.com/ModifyCompanyDocumentSearchForm.do?lang=EN&company_search=Amerigo Resources Ltd&document_selection=0&industry_group=A&FromDate=13&FromMonth=05&FromYear=2000&ToDate=13&ToMonth=11&ToYear=2020&Variable=Issuer,1620588710,15:31:50,20210509
2,2020-06-30,ARG.TO,USD,2020-06-30,2020-06-30,Q2,32196000.0,32591000.0,-395000.0,-0.012268604795626786,0.0,434000.0,0.0,14000.0,434000.0,33025000.0,792000.0,4338000.0,3509000.0,0.10898869424773264,-829000.0,-0.025748540191328117,-2594000.0,-4215000.0,-0.1309168840849795,-613000.0,-3602000.0,-0.11187725183252578,-0.02,-0.02,180769351.0,180769351.0,https://www.sedar.com/ModifyCompanyDocumentSearchForm.do?lang=EN&company_search=Amerigo Resources Ltd&document_selection=0&industry_group=A&FromDate=13&FromMonth=05&FromYear=2000&ToDate=13&ToMonth=11&ToYear=2020&Variable=Issuer,https://www.sedar.com/ModifyCompanyDocumentSearchForm.do?lang=EN&company_search=Amerigo Resources Ltd&document_selection=0&industry_group=A&FromDate=13&FromMonth=05&FromYear=2000&ToDate=13&ToMonth=11&ToYear=2020&Variable=Issuer,1620588710,15:31:50,20210509
3,2020-03-31,ARG.TO,USD,2020-03-31,2020-03-31,Q1,20830000.0,29761000.0,-8931000.0,-0.428756601056169,0.0,701000.0,0.0,35000.0,701000.0,30462000.0,1108000.0,4736000.0,-4896000.0,-0.23504560729716756,-9632000.0,-0.46240998559769564,3012000.0,-7728000.0,-0.371003360537686,-3699000.0,-4029000.0,-0.19342294767162746,-0.02,-0.02,180729791.0,180729791.0,https://www.sedar.com/ModifyCompanyDocumentSearchForm.do?lang=EN&company_search=Amerigo Resources Ltd&document_selection=0&industry_group=A&FromDate=13&FromMonth=05&FromYear=2000&ToDate=13&ToMonth=11&ToYear=2020&Variable=Issuer,https://www.sedar.com/ModifyCompanyDocumentSearchForm.do?lang=EN&company_search=Amerigo Resources Ltd&document_selection=0&industry_group=A&FromDate=13&FromMonth=05&FromYear=2000&ToDate=13&ToMonth=11&ToYear=2020&Variable=Issuer,1620588710,15:31:50,20210509
4,2019-12-31,ARG.TO,USD,2019-12-31,2019-12-31,Q4,44058000.0,40534000.0,3524000.0,0.07998547369376731,0.0,1285000.0,0.0,30000.0,1285000.0,41819000.0,2606000.0,4352000.0,6591000.0,0.14959825684325206,2239000.0,0.05081937446093786,673000.0,306000.0,0.006945390167506469,-327000.0,633000.0,0.014367424758273186,0.0035016997986566873,0.0035016997986566873,180769351.0,180769351.0,https://www.sedar.com/ModifyCompanyDocumentSearchForm.do?lang=EN&company_search=Amerigo Resources Ltd&document_selection=0&industry_group=A&FromDate=13&FromMonth=05&FromYear=2000&ToDate=13&ToMonth=11&ToYear=2020&Variable=Issuer,https://www.sedar.com/ModifyCompanyDocumentSearchForm.do?lang=EN&company_search=Amerigo Resources Ltd&document_selection=0&industry_group=A&FromDate=13&FromMonth=05&FromYear=2000&ToDate=13&ToMonth=11&ToYear=2020&Variable=Issuer,1620588710,15:31:50,20210509
5,2019-09-30,ARG.TO,USD,2019-09-30,2019-09-30,Q3,42686000.0,41677000.0,1009000.0,0.023637726655109402,0.0,826000.0,0.0,53000.0,826000.0,42503000.0,1202000.0,4372000.0,4555000.0,0.10670945977603898,183000.0,0.004287119898795858,-1688000.0,-2707000.0,-0.06341657686360867,-624000.0,-2083000.0,-0.048798200815255585,-0.01,-0.01,180169351.0,180169351.0,https://www.sedar.com/ModifyCompanyDocumentSearchForm.do?lang=EN&company_search=Amerigo Resources Ltd&document_selection=0&industry_group=A&FromDate=13&FromMonth=05&FromYear=2000&ToDate=13&ToMonth=11&ToYear=2020&Variable=Issuer,https://www.sedar.com/ModifyCompanyDocumentSearchForm.do?lang=EN&company_search=Amerigo Resources Ltd&document_selection=0&industry_group=A&FromDate=13&FromMonth=05&FromYear=2000&ToDate=13&ToMonth=11&ToYear=2020&Variable=Issuer,1620588710,15:31:50,20210509
6,2019-06-30,ARG.TO,USD,2019-06-30,2019-06-30,Q2,31014000.0,37116000.0,-6102000.0,-0.1967498549042368,0.0,1172000.0,0.0,89000.0,1172000.0,38288000.0,1312000.0,4398000.0,-2876000.0,-0.09273231443864062,-7274000.0,-0.23453924034307086,-229000.0,-8815000.0,-0.2842264783646095,-2251000.0,-6564000.0,-0.21164635325981815,-0.04,-0.04,178292940.0,178292940.0,https://www.sedar.com/ModifyCompanyDocumentSearchForm.do?lang=EN&company_search=Amerigo Resources Ltd&document_selection=0&industry_group=A&FromDate=13&FromMonth=05&FromYear=2000&ToDate=13&ToMonth=11&ToYear=2020&Variable=Issuer,https://www.sedar.com/ModifyCompanyDocumentSearchForm.do?lang=EN&company_search=Amerigo Resources Ltd&document_selection=0&industry_group=A&FromDate=13&FromMonth=05&FromYear=2000&ToDate=13&ToMonth=11&ToYear=2020&Variable=Issuer,1620588710,15:31:50,20210509
7,2019-03-31,ARG.TO,USD,2019-03-31,2019-03-31,Q1,35872000.0,33900000.0,1972000.0,0.054973238180196254,0.0,1123000.0,0.0,5000.0,1123000.0,35023000.0,1682000.0,4364000.0,5213000.0,0.14532225691347012,849000.0,0.023667484388938446,-697000.0,-1530000.0,-0.042651650312221234,-131000.0,-1399000.0,-0.03899977698483497,-0.01,-0.01,177289629.0,177289629.0,https://www.sedar.com/ModifyCompanyDocumentSearchForm.do?lang=EN&company_search=Amerigo Resources Ltd&document_selection=0&industry_group=A&FromDate=13&FromMonth=05&FromYear=2000&ToDate=13&ToMonth=11&ToYear=2020&Variable=Issuer,https://www.sedar.com/ModifyCompanyDocumentSearchForm.do?lang=EN&company_search=Amerigo Resources Ltd&document_selection=0&industry_group=A&FromDate=13&FromMonth=05&FromYear=2000&ToDate=13&ToMonth=11&ToYear=2020&Variable=Issuer,1620588710,15:31:50,20210509
8,2018-12-31,ARG.TO,USD,2018-12-31,2018-12-31,Q4,47994000.0,37915000.0,10079000.0,0.21000541734383465,0.0,1277000.0,0.0,-31000.0,1277000.0,39192000.0,1244000.0,3883000.0,12685000.0,0.264303871317248,8802000.0,0.18339792474059258,-427000.0,7131000.0,0.14858107263407927,2011000.0,5120000.0,0.10668000166687502,0.02832338541725472,0.02832338541725472,180769351.0,180769351.0,https://www.sedar.com/ModifyCompanyDocumentSearchForm.do?lang=EN&company_search=Amerigo Resources Ltd&document_selection=0&industry_group=A&FromDate=13&FromMonth=05&FromYear=2000&ToDate=13&ToMonth=11&ToYear=2020&Variable=Issuer,https://www.sedar.com/ModifyCompanyDocumentSearchForm.do?lang=EN&company_search=Amerigo Resources Ltd&document_selection=0&industry_group=A&FromDate=13&FromMonth=05&FromYear=2000&ToDate=13&ToMonth=11&ToYear=2020&Variable=Issuer,1620588710,15:31:50,20210509
9,2018-09-30,ARG.TO,USD,2018-09-30,2018-09-30,Q3,41608000.0,37663000.0,3945000.0,0.09481349740434532,0.0,939000.0,0.0,8000.0,939000.0,38602000.0,1032000.0,3625000.0,6631000.0,0.15936839069409728,3006000.0,0.07224572197654297,46000.0,2020000.0,0.0485483560853682,582000.0,1438000.0,0.03456066141126706,0.008112800467974314,0.007860349252590383,177250754.0,182943525.0,https://www.sedar.com/ModifyCompanyDocumentSearchForm.do?lang=EN&company_search=Amerigo Resources Ltd&document_selection=0&industry_group=A&FromDate=13&FromMonth=05&FromYear=2000&ToDate=13&ToMonth=11&ToYear=2020&Variable=Issuer,https://www.sedar.com/ModifyCompanyDocumentSearchForm.do?lang=EN&company_search=Amerigo Resources Ltd&document_selection=0&industry_group=A&FromDate=13&FromMonth=05&FromYear=2000&ToDate=13&ToMonth=11&ToYear=2020&Variable=Issuer,1620588710,15:31:50,20210509
10,2018-06-30,ARG.TO,USD,2018-06-30,2018-06-30,Q2,43641000.0,37851000.0,5790000.0,0.13267340345088335,0.0,895000.0,0.0,53000.0,895000.0,38746000.0,1022000.0,3685000.0,8580000.0,0.1966041108132261,4895000.0,0.11216516578446874,-55000.0,3818000.0,0.08748653788868266,1098000.0,2720000.0,0.0623267111202768,0.015347680341154558,0.015009889171668947,177225479.0,181213863.0,https://www.sedar.com/ModifyCompanyDocumentSearchForm.do?lang=EN&company_search=Amerigo Resources Ltd&document_selection=0&industry_group=A&FromDate=13&FromMonth=05&FromYear=2000&ToDate=13&ToMonth=11&ToYear=2020&Variable=Issuer,https://www.sedar.com/ModifyCompanyDocumentSearchForm.do?lang=EN&company_search=Amerigo Resources Ltd&document_selection=0&industry_group=A&FromDate=13&FromMonth=05&FromYear=2000&ToDate=13&ToMonth=11&ToYear=2020&Variable=Issuer,1620588710,15:31:50,20210509
11,2018-03-31,ARG.TO,USD,2018-03-31,2018-03-31,Q1,44678000.0,39514000.0,5164000.0,0.1155826133667577,0.0,1558000.0,0.0,168000.0,1558000.0,41072000.0,1314000.0,3566000.0,7172000.0,0.16052643359147678,3606000.0,0.08071086440753839,181000.0,2473000.0,0.055351627199068894,1256000.0,1217000.0,0.027239357178029455,0.006895430379023677,0.0067438507122689435,176493697.0,180460697.0,https://www.sedar.com/ModifyCompanyDocumentSearchForm.do?lang=EN&company_search=Amerigo Resources Ltd&document_selection=0&industry_group=A&FromDate=13&FromMonth=05&FromYear=2000&ToDate=13&ToMonth=11&ToYear=2020&Variable=Issuer,https://www.sedar.com/ModifyCompanyDocumentSearchForm.do?lang=EN&company_search=Amerigo Resources Ltd&document_selection=0&industry_group=A&FromDate=13&FromMonth=05&FromYear=2000&ToDate=13&ToMonth=11&ToYear=2020&Variable=Issuer,1620588710,15:31:50,20210509
12,2017-12-31,ARG.TO,USD,2017-12-31,2017-12-31,Q4,48454000.0,39992000.0,8462000.0,0.17463986461386058,0.0,1026000.0,0.0,7000.0,1026000.0,41018000.0,1549000.0,3583000.0,11019000.0,0.22741156560861847,7436000.0,0.15346514219672266,-984000.0,4903000.0,0.10118875634622529,1805000.0,3098000.0,0.06393692987163083,0.017137860941924828,0.017137860941924828,180769351.0,180769351.0,https://www.sedar.com/ModifyCompanyDocumentSearchForm.do?lang=EN&company_search=Amerigo Resources Ltd&document_selection=0&industry_group=A&FromDate=13&FromMonth=05&FromYear=2000&ToDate=13&ToMonth=11&ToYear=2020&Variable=Issuer,https://www.sedar.com/ModifyCompanyDocumentSearchForm.do?lang=EN&company_search=Amerigo Resources Ltd&document_selection=0&industry_group=A&FromDate=13&FromMonth=05&FromYear=2000&ToDate=13&ToMonth=11&ToYear=2020&Variable=Issuer,1620588710,15:31:50,20210509
13,2017-09-30,ARG.TO,USD,2017-09-30,2017-09-30,Q3,46786000.0,34884000.0,11902000.0,0.2543923395887659,0.0,815000.0,0.0,106000.0,815000.0,35699000.0,1015000.0,3576000.0,14663000.0,0.31340571965972724,11087000.0,0.23697259864061898,437000.0,10509000.0,0.22461847561236267,2655000.0,7854000.0,0.16787073056042406,0.04473409017900471,0.043392956603794726,175570800.0,180997116.0,https://www.sedar.com/ModifyCompanyDocumentSearchForm.do?lang=EN&company_search=Amerigo Resources Ltd&document_selection=0&industry_group=A&FromDate=13&FromMonth=05&FromYear=2000&ToDate=13&ToMonth=11&ToYear=2020&Variable=Issuer,https://www.sedar.com/ModifyCompanyDocumentSearchForm.do?lang=EN&company_search=Amerigo Resources Ltd&document_selection=0&industry_group=A&FromDate=13&FromMonth=05&FromYear=2000&ToDate=13&ToMonth=11&ToYear=2020&Variable=Issuer,1620588710,15:31:50,20210509
14,2017-06-30,ARG.TO,USD,2017-06-30,2017-06-30,Q2,37716000.0,34022000.0,3694000.0,0.09794251776434404,0.0,729000.0,0.0,8000.0,729000.0,34751000.0,1762000.0,3578000.0,6543000.0,0.17348075087496023,2965000.0,0.07861385088556581,-2392000.0,-1189000.0,-0.03152508219323364,464000.0,-1653000.0,-0.04382755329303213,-0.009422259052443935,-0.008991795794130763,175435635.0,183834246.0,https://www.sedar.com/ModifyCompanyDocumentSearchForm.do?lang=EN&company_search=Amerigo Resources Ltd&document_selection=0&industry_group=A&FromDate=13&FromMonth=05&FromYear=2000&ToDate=13&ToMonth=11&ToYear=2020&Variable=Issuer,https://www.sedar.com/ModifyCompanyDocumentSearchForm.do?lang=EN&company_search=Amerigo Resources Ltd&document_selection=0&industry_group=A&FromDate=13&FromMonth=05&FromYear=2000&ToDate=13&ToMonth=11&ToYear=2020&Variable=Issuer,1620588710,15:31:50,20210509
15,2017-03-31,ARG.TO,USD,2017-03-31,2017-03-31,Q1,37459000.0,35476000.0,1983000.0,0.05293787874743052,0.0,953000.0,0.0,15000.0,953000.0,36429000.0,1348000.0,3584000.0,4614000.0,0.1231746709735978,1030000.0,0.027496729757868602,-1065000.0,-1383000.0,-0.03692036626711872,-73000.0,-1310000.0,-0.034971568915347445,-0.01,-0.01,174781661.0,174781661.0,https://www.sedar.com/ModifyCompanyDocumentSearchForm.do?lang=EN&company_search=Amerigo Resources Ltd&document_selection=0&industry_group=A&FromDate=13&FromMonth=05&FromYear=2000&ToDate=13&ToMonth=11&ToYear=2020&Variable=Issuer,https://www.sedar.com/ModifyCompanyDocumentSearchForm.do?lang=EN&company_search=Amerigo Resources Ltd&document_selection=0&industry_group=A&FromDate=13&FromMonth=05&FromYear=2000&ToDate=13&ToMonth=11&ToYear=2020&Variable=Issuer,1620588710,15:31:50,20210509
16,2016-12-31,ARG.TO,USD,2016-12-31,2016-12-31,Q4,35205000.0,29347000.0,5858000.0,0.1663968186337168,0.0,1037000.0,0.0,11000.0,1037000.0,30384000.0,1452000.0,3319000.0,8140000.0,0.2312171566538844,4821000.0,0.13694077545803152,-1000.0,3368000.0,0.09566822894475216,384000.0,2984000.0,0.08476068740235762,0.016507223063493767,0.016507223063493767,180769351.0,180769351.0,https://www.sedar.com/ModifyCompanyDocumentSearchForm.do?lang=EN&company_search=Amerigo Resources Ltd&document_selection=0&industry_group=A&FromDate=13&FromMonth=05&FromYear=2000&ToDate=13&ToMonth=11&ToYear=2020&Variable=Issuer,https://www.sedar.com/ModifyCompanyDocumentSearchForm.do?lang=EN&company_search=Amerigo Resources Ltd&document_selection=0&industry_group=A&FromDate=13&FromMonth=05&FromYear=2000&ToDate=13&ToMonth=11&ToYear=2020&Variable=Issuer,1620588710,15:31:50,20210509
17,2016-09-30,ARG.TO,USD,2016-09-30,2016-09-30,Q3,28878000.0,29795000.0,-917000.0,-0.031754276611953736,0.0,652000.0,0.0,96000.0,652000.0,30447000.0,1108000.0,3295000.0,1726000.0,0.05976868204169264,-1569000.0,-0.05433201745273218,372000.0,-2305000.0,-0.07981854699078883,240000.0,-2545000.0,-0.08812937184015514,-0.01,-0.01,174682058.0,174682058.0,https://www.sedar.com/ModifyCompanyDocumentSearchForm.do?lang=EN&company_search=Amerigo Resources Ltd&document_selection=0&industry_group=A&FromDate=13&FromMonth=05&FromYear=2000&ToDate=13&ToMonth=11&ToYear=2020&Variable=Issuer,https://www.sedar.com/ModifyCompanyDocumentSearchForm.do?lang=EN&company_search=Amerigo Resources Ltd&document_selection=0&industry_group=A&FromDate=13&FromMonth=05&FromYear=2000&ToDate=13&ToMonth=11&ToYear=2020&Variable=Issuer,1620588710,15:31:50,20210509
18,2016-06-30,ARG.TO,USD,2016-06-30,2016-06-30,Q2,24261000.0,27423000.0,-3162000.0,-0.13033263262025474,0.0,570000.0,0.0,97000.0,570000.0,27993000.0,1615000.0,3301000.0,-431000.0,-0.017765137463418654,-3732000.0,-0.15382712996166686,1140000.0,-4207000.0,-0.173405877746177,-594000.0,-3613000.0,-0.14892213841144222,-0.02,-0.02,174682058.0,174682058.0,https://www.sedar.com/ModifyCompanyDocumentSearchForm.do?lang=EN&company_search=Amerigo Resources Ltd&document_selection=0&industry_group=A&FromDate=13&FromMonth=05&FromYear=2000&ToDate=13&ToMonth=11&ToYear=2020&Variable=Issuer,https://www.sedar.com/ModifyCompanyDocumentSearchForm.do?lang=EN&company_search=Amerigo Resources Ltd&document_selection=0&industry_group=A&FromDate=13&FromMonth=05&FromYear=2000&ToDate=13&ToMonth=11&ToYear=2020&Variable=Issuer,1620588710,15:31:50,20210509
19,2016-03-31,ARG.TO,USD,2016-03-31,2016-03-31,Q1,23690000.0,26092000.0,-2402000.0,-0.10139299282397636,0.0,854000.0,0.0,30000.0,854000.0,26946000.0,1284000.0,3292000.0,36000.0,0.0015196285352469397,-3256000.0,-0.13744195863233433,-520000.0,-5060000.0,-0.21359223300970873,-703000.0,-4357000.0,-0.18391726466863656,-0.03,-0.03,173975621.0,173975621.0,https://www.sedar.com/ModifyCompanyDocumentSearchForm.do?lang=EN&company_search=Amerigo Resources Ltd&document_selection=0&industry_group=A&FromDate=13&FromMonth=05&FromYear=2000&ToDate=13&ToMonth=11&ToYear=2020&Variable=Issuer,https://www.sedar.com/ModifyCompanyDocumentSearchForm.do?lang=EN&company_search=Amerigo Resources Ltd&document_selection=0&industry_group=A&FromDate=13&FromMonth=05&FromYear=2000&ToDate=13&ToMonth=11&ToYear=2020&Variable=Issuer,1620588710,15:31:50,20210509
20,2015-12-31,ARG.TO,USD,2015-12-31,2015-12-31,Q4,10137000.0,15588000.0,-5451000.0,-0.5377330571174904,0.0,704000.0,0.0,4000.0,704000.0,16292000.0,78000.0,1659000.0,-4496000.0,-0.44352372496793924,-6155000.0,-0.6071816119167407,530000.0,-5703000.0,-0.5625924829831311,-1030000.0,-4673000.0,-0.46098451218309167,-0.02585062110445924,-0.02585062110445924,180769351.0,180769351.0,https://www.sedar.com/ModifyCompanyDocumentSearchForm.do?lang=EN&company_search=Amerigo Resources Ltd&document_selection=0&industry_group=A&FromDate=13&FromMonth=05&FromYear=2000&ToDate=13&ToMonth=11&ToYear=2020&Variable=Issuer,https://www.sedar.com/ModifyCompanyDocumentSearchForm.do?lang=EN&company_search=Amerigo Resources Ltd&document_selection=0&industry_group=A&FromDate=13&FromMonth=05&FromYear=2000&ToDate=13&ToMonth=11&ToYear=2020&Variable=Issuer,1620588710,15:31:50,20210509
21,2015-09-30,ARG.TO,USD,2015-09-30,2015-09-30,Q3,13262000.0,17782000.0,-4520000.0,-0.3408234052179159,0.0,666000.0,0.0,23000.0,666000.0,18448000.0,127000.0,1681000.0,-3505000.0,-0.2642889458603529,-5186000.0,-0.3910420751017946,-1658000.0,-6971000.0,-0.5256371587995777,-810000.0,-6161000.0,-0.4645603981299955,-0.03,-0.03,173610629.0,173610629.0,https://www.sedar.com/ModifyCompanyDocumentSearchForm.do?lang=EN&company_search=Amerigo Resources Ltd&document_selection=0&industry_group=A&FromDate=13&FromMonth=05&FromYear=2000&ToDate=13&ToMonth=11&ToYear=2020&Variable=Issuer,https://www.sedar.com/ModifyCompanyDocumentSearchForm.do?lang=EN&company_search=Amerigo Resources Ltd&document_selection=0&industry_group=A&FromDate=13&FromMonth=05&FromYear=2000&ToDate=13&ToMonth=11&ToYear=2020&Variable=Issuer,1620588710,15:31:50,20210509
22,2015-06-30,ARG.TO,USD,2015-06-30,2015-06-30,Q2,21040000.0,22788000.0,-1748000.0,-0.08307984790874524,0.0,689000.0,0.0,38000.0,689000.0,23477000.0,198000.0,1678000.0,-759000.0,-0.036074144486692016,-2437000.0,-0.11582699619771863,778000.0,-1857000.0,-0.08826045627376426,179000.0,-2036000.0,-0.0967680608365019,-0.01,-0.01,173610629.0,173610629.0,https://www.sedar.com/ModifyCompanyDocumentSearchForm.do?lang=EN&company_search=Amerigo Resources Ltd&document_selection=0&industry_group=A&FromDate=13&FromMonth=05&FromYear=2000&ToDate=13&ToMonth=11&ToYear=2020&Variable=Issuer,https://www.sedar.com/ModifyCompanyDocumentSearchForm.do?lang=EN&company_search=Amerigo Resources Ltd&document_selection=0&industry_group=A&FromDate=13&FromMonth=05&FromYear=2000&ToDate=13&ToMonth=11&ToYear=2020&Variable=Issuer,1620588710,15:31:50,20210509
23,2015-03-31,ARG.TO,USD,2015-03-31,2015-03-31,Q1,21858000.0,23172000.0,-1314000.0,-0.06011528959648641,0.0,928000.0,0.0,66000.0,928000.0,24100000.0,430000.0,1681000.0,-561000.0,-0.025665660170189404,-2242000.0,-0.10257114100100649,-1689000.0,-4361000.0,-0.19951505169731906,-298000.0,-4063000.0,-0.18588159941440205,-0.02,-0.02,173610629.0,173610629.0,https://www.sedar.com/ModifyCompanyDocumentSearchForm.do?lang=EN&company_search=Amerigo Resources Ltd&document_selection=0&industry_group=A&FromDate=13&FromMonth=05&FromYear=2000&ToDate=13&ToMonth=11&ToYear=2020&Variable=Issuer,https://www.sedar.com/ModifyCompanyDocumentSearchForm.do?lang=EN&company_search=Amerigo Resources Ltd&document_selection=0&industry_group=A&FromDate=13&FromMonth=05&FromYear=2000&ToDate=13&ToMonth=11&ToYear=2020&Variable=Issuer,1620588710,15:31:50,20210509
24,2014-12-31,ARG.TO,USD,2014-12-31,2014-12-31,Q4,31046000.0,28187000.0,2859000.0,0.09208915802357792,0.0,1119000.0,0.0,99000.0,1118000.0,29305000.0,19000.0,1844000.0,3585000.0,0.11547381305160086,1741000.0,0.056078077691167946,355000.0,2077000.0,0.06690072795207112,375000.0,1702000.0,0.05482187721445597,0.009415312886751471,0.009415312886751471,180769351.0,180769351.0,https://www.sedar.com/ModifyCompanyDocumentSearchForm.do?lang=EN&company_search=Amerigo Resources Ltd&document_selection=0&industry_group=A&FromDate=13&FromMonth=05&FromYear=2000&ToDate=13&ToMonth=11&ToYear=2020&Variable=Issuer,https://www.sedar.com/ModifyCompanyDocumentSearchForm.do?lang=EN&company_search=Amerigo Resources Ltd&document_selection=0&industry_group=A&FromDate=13&FromMonth=05&FromYear=2000&ToDate=13&ToMonth=11&ToYear=2020&Variable=Issuer,1620588710,15:31:50,20210509
25,2014-09-30,ARG.TO,USD,2014-09-30,2014-09-30,Q3,28881000.0,27027000.0,1854000.0,0.06419445310065441,0.0,959000.0,0.0,133000.0,959000.0,27986000.0,25000.0,1814000.0,2709000.0,0.09379869118105329,895000.0,0.030989231674803504,1073000.0,1993000.0,0.06900730584121048,5718000.0,-3725000.0,-0.1289775284789308,-0.02,-0.02,173652844.0,173652844.0,https://www.sedar.com/ModifyCompanyDocumentSearchForm.do?lang=EN&company_search=Amerigo Resources Ltd&document_selection=0&industry_group=A&FromDate=13&FromMonth=05&FromYear=2000&ToDate=13&ToMonth=11&ToYear=2020&Variable=Issuer,https://www.sedar.com/ModifyCompanyDocumentSearchForm.do?lang=EN&company_search=Amerigo Resources Ltd&document_selection=0&industry_group=A&FromDate=13&FromMonth=05&FromYear=2000&ToDate=13&ToMonth=11&ToYear=2020&Variable=Issuer,1620588710,15:31:50,20210509
26,2014-06-30,ARG.TO,USD,2014-06-30,2014-06-30,Q2,27325000.0,26127000.0,1198000.0,0.04384263494967978,0.0,1002000.0,0.0,-8019000.0,1033000.0,27160000.0,64000.0,2669000.0,2834000.0,0.10371454711802379,165000.0,0.006038426349496798,-8019000.0,-7918000.0,-0.2897712717291857,372000.0,-8290000.0,-0.30338517840805124,-0.05,-0.05,173185536.0,173185536.0,https://www.sedar.com/ModifyCompanyDocumentSearchForm.do?lang=EN&company_search=Amerigo Resources Ltd&document_selection=0&industry_group=A&FromDate=13&FromMonth=05&FromYear=2000&ToDate=13&ToMonth=11&ToYear=2020&Variable=Issuer,https://www.sedar.com/ModifyCompanyDocumentSearchForm.do?lang=EN&company_search=Amerigo Resources Ltd&document_selection=0&industry_group=A&FromDate=13&FromMonth=05&FromYear=2000&ToDate=13&ToMonth=11&ToYear=2020&Variable=Issuer,1620588710,15:31:50,20210509
27,2014-03-31,ARG.TO,USD,2014-03-31,2014-03-31,Q1,32370000.0,31706000.0,664000.0,0.020512820512820513,0.0,957000.0,0.0,80000.0,1052000.0,32758000.0,54000.0,4738000.0,4350000.0,0.13438368860055608,-388000.0,-0.011986407167130059,232000.0,-210000.0,-0.006487488415199258,179000.0,-389000.0,-0.012017299969107198,-0.002256,-0.002256,172432038.0,172432038.0,https://www.sedar.com/ModifyCompanyDocumentSearchForm.do?lang=EN&company_search=Amerigo Resources Ltd&document_selection=0&industry_group=A&FromDate=13&FromMonth=05&FromYear=2000&ToDate=13&ToMonth=11&ToYear=2020&Variable=Issuer,https://www.sedar.com/ModifyCompanyDocumentSearchForm.do?lang=EN&company_search=Amerigo Resources Ltd&document_selection=0&industry_group=A&FromDate=13&FromMonth=05&FromYear=2000&ToDate=13&ToMonth=11&ToYear=2020&Variable=Issuer,1620588710,15:31:50,20210509
28,2013-12-31,ARG.TO,USD,2013-12-31,2013-12-31,Q4,37035000.0,38114000.0,-1079000.0,-0.029134602403132173,0.0,1038000.0,0.0,96000.0,1131000.0,39245000.0,68000.0,4112000.0,1902000.0,0.051356824625354396,-2210000.0,-0.05967328203051168,-1086000.0,-3364000.0,-0.0908329958147698,-917000.0,-2447000.0,-0.06607263399486972,-0.013536586741410606,-0.013536586741410606,180769351.0,180769351.0,https://www.sedar.com/ModifyCompanyDocumentSearchForm.do?lang=EN&company_search=Amerigo Resources Ltd&document_selection=0&industry_group=A&FromDate=13&FromMonth=05&FromYear=2000&ToDate=13&ToMonth=11&ToYear=2020&Variable=Issuer,https://www.sedar.com/ModifyCompanyDocumentSearchForm.do?lang=EN&company_search=Amerigo Resources Ltd&document_selection=0&industry_group=A&FromDate=13&FromMonth=05&FromYear=2000&ToDate=13&ToMonth=11&ToYear=2020&Variable=Issuer,1620588710,15:31:50,20210509
29,2013-09-30,ARG.TO,USD,2013-09-30,2013-09-30,Q3,31950000.0,30202000.0,1748000.0,0.05471048513302034,0.0,752000.0,0.0,90000.0,845000.0,31047000.0,73000.0,4143000.0,5046000.0,0.1579342723004695,903000.0,0.028262910798122067,519000.0,1349000.0,0.042222222222222223,310000.0,1039000.0,0.03251956181533646,0.006030517879748385,0.006007355801923314,172290344.0,172954630.0,https://www.sedar.com/ModifyCompanyDocumentSearchForm.do?lang=EN&company_search=Amerigo Resources Ltd&document_selection=0&industry_group=A&FromDate=13&FromMonth=05&FromYear=2000&ToDate=13&ToMonth=11&ToYear=2020&Variable=Issuer,https://www.sedar.com/ModifyCompanyDocumentSearchForm.do?lang=EN&company_search=Amerigo Resources Ltd&document_selection=0&industry_group=A&FromDate=13&FromMonth=05&FromYear=2000&ToDate=13&ToMonth=11&ToYear=2020&Variable=Issuer,1620588710,15:31:50,20210509
30,2013-06-30,ARG.TO,USD,2013-06-30,2013-06-30,Q2,31446000.0,31203000.0,243000.0,0.007727532913566113,0.0,625000.0,0.0,101000.0,718000.0,31921000.0,72000.0,4462000.0,3987000.0,0.12678878076702918,-475000.0,-0.01510525981046874,-500000.0,-1047000.0,-0.03329517267697005,-210000.0,-837000.0,-0.02661705781339439,-0.01,-0.01,172290344.0,172290344.0,https://www.sedar.com/ModifyCompanyDocumentSearchForm.do?lang=EN&company_search=Amerigo Resources Ltd&document_selection=0&industry_group=A&FromDate=13&FromMonth=05&FromYear=2000&ToDate=13&ToMonth=11&ToYear=2020&Variable=Issuer,https://www.sedar.com/ModifyCompanyDocumentSearchForm.do?lang=EN&company_search=Amerigo Resources Ltd&document_selection=0&industry_group=A&FromDate=13&FromMonth=05&FromYear=2000&ToDate=13&ToMonth=11&ToYear=2020&Variable=Issuer,1620588710,15:31:50,20210509
31,2013-03-31,ARG.TO,USD,2013-03-31,2013-03-31,Q1,43161000.0,38037000.0,5124000.0,0.11871828734273997,0.0,812000.0,0.0,111000.0,905000.0,38942000.0,157000.0,4161000.0,8380000.0,0.19415676189152245,4219000.0,0.09775028382104214,174000.0,4236000.0,0.09814415792034475,998000.0,3238000.0,0.075021431384815,0.018793856491458396,0.018688622801044438,172290344.0,173260493.0,https://www.sedar.com/ModifyCompanyDocumentSearchForm.do?lang=EN&company_search=Amerigo Resources Ltd&document_selection=0&industry_group=A&FromDate=13&FromMonth=05&FromYear=2000&ToDate=13&ToMonth=11&ToYear=2020&Variable=Issuer,https://www.sedar.com/ModifyCompanyDocumentSearchForm.do?lang=EN&company_search=Amerigo Resources Ltd&document_selection=0&industry_group=A&FromDate=13&FromMonth=05&FromYear=2000&ToDate=13&ToMonth=11&ToYear=2020&Variable=Issuer,1620588710,15:31:50,20210509
32,2012-12-31,ARG.TO,USD,2012-12-31,2012-12-31,Q4,47016955.0,49106822.0,-2089867.0,-0.04444922049928584,0.0,1289021.0,0.0,0.0,1622806.0,50729628.0,403543.0,4069390.0,356717.0,0.0075869864392536695,-3712673.0,-0.07896455650945494,-951463.0,-5564150.0,-0.11834347843240806,-252681.0,-5311469.0,-0.11296922567614172,-0.029382574925546974,-0.029382574925546974,180769351.0,180769351.0,https://www.sedar.com/ModifyCompanyDocumentSearchForm.do?lang=EN&company_search=Amerigo Resources Ltd&document_selection=0&industry_group=A&FromDate=13&FromMonth=05&FromYear=2000&ToDate=13&ToMonth=11&ToYear=2020&Variable=Issuer,https://www.sedar.com/ModifyCompanyDocumentSearchForm.do?lang=EN&company_search=Amerigo Resources Ltd&document_selection=0&industry_group=A&FromDate=13&FromMonth=05&FromYear=2000&ToDate=13&ToMonth=11&ToYear=2020&Variable=Issuer,1620588710,15:31:50,20210509
33,2012-09-30,ARG.TO,USD,2012-09-30,2012-09-30,Q3,44230998.0,46284812.0,-2053814.0,-0.04643381548840476,0.0,627568.0,0.0,0.0,627568.0,46912380.0,197600.0,4050887.0,1369505.0,0.03096256159537707,-2681382.0,-0.06062223601646972,1033483.0,-1773693.0,-0.04010067780971164,2415254.0,-4188947.0,-0.09470613798947064,-0.02,-0.02,172290344.0,172290344.0,https://www.sedar.com/ModifyCompanyDocumentSearchForm.do?lang=EN&company_search=Amerigo Resources Ltd&document_selection=0&industry_group=A&FromDate=13&FromMonth=05&FromYear=2000&ToDate=13&ToMonth=11&ToYear=2020&Variable=Issuer,https://www.sedar.com/ModifyCompanyDocumentSearchForm.do?lang=EN&company_search=Amerigo Resources Ltd&document_selection=0&industry_group=A&FromDate=13&FromMonth=05&FromYear=2000&ToDate=13&ToMonth=11&ToYear=2020&Variable=Issuer,1620588710,15:31:50,20210509
34,2012-06-30,ARG.TO,USD,2012-06-30,2012-06-30,Q2,40013267.0,40091974.0,-78707.0,-0.001967022587783197,0.0,1188962.0,0.0,0.0,1188962.0,41280936.0,138878.0,3904898.0,2637229.0,0.06590886467730815,-1267669.0,-0.03168121713230764,-189431.0,-1450103.0,-0.03624055491394892,-447849.0,-1002254.0,-0.02504804219060643,-0.005817238370596091,-0.005776878293830575,172290344.0,173494048.0,https://www.sedar.com/ModifyCompanyDocumentSearchForm.do?lang=EN&company_search=Amerigo Resources Ltd&document_selection=0&industry_group=A&FromDate=13&FromMonth=05&FromYear=2000&ToDate=13&ToMonth=11&ToYear=2020&Variable=Issuer,https://www.sedar.com/ModifyCompanyDocumentSearchForm.do?lang=EN&company_search=Amerigo Resources Ltd&document_selection=0&industry_group=A&FromDate=13&FromMonth=05&FromYear=2000&ToDate=13&ToMonth=11&ToYear=2020&Variable=Issuer,1620588710,15:31:50,20210509
35,2012-03-31,ARG.TO,USD,2012-03-31,2012-03-31,Q1,50499504.0,47367311.0,3132193.0,0.06202423295088205,0.0,1350524.0,0.0,0.0,1350524.0,48717835.0,129150.0,4030107.0,5811776.0,0.11508580361502165,1781669.0,0.03528092077894468,1014952.0,2890760.0,0.057243334508790426,580486.0,2310274.0,0.04574844933130432,0.013409190244579232,0.01293738657224607,172290344.0,178573469.0,https://www.sedar.com/ModifyCompanyDocumentSearchForm.do?lang=EN&company_search=Amerigo Resources Ltd&document_selection=0&industry_group=A&FromDate=13&FromMonth=05&FromYear=2000&ToDate=13&ToMonth=11&ToYear=2020&Variable=Issuer,https://www.sedar.com/ModifyCompanyDocumentSearchForm.do?lang=EN&company_search=Amerigo Resources Ltd&document_selection=0&industry_group=A&FromDate=13&FromMonth=05&FromYear=2000&ToDate=13&ToMonth=11&ToYear=2020&Variable=Issuer,1620588710,15:31:50,20210509
36,2011-12-31,ARG.TO,USD,2011-12-31,2011-12-31,Q4,40304934.0,43263768.0,-2958834.0,-0.07341121064731182,0.0,0.0,0.0,0.0,1386333.0,44650101.0,147321.0,4502658.0,157491.0,0.003907486860045472,-4345167.0,-0.10780732205143916,90181.0,-4554422.0,-0.11299911817247983,-909271.0,-3645151.0,-0.0904393243765143,-0.020164651694744427,-0.020164651694744427,180769351.0,180769351.0,https://www.sedar.com/ModifyCompanyDocumentSearchForm.do?lang=EN&company_search=Amerigo Resources Ltd&document_selection=0&industry_group=A&FromDate=13&FromMonth=05&FromYear=2000&ToDate=13&ToMonth=11&ToYear=2020&Variable=Issuer,https://www.sedar.com/ModifyCompanyDocumentSearchForm.do?lang=EN&company_search=Amerigo Resources Ltd&document_selection=0&industry_group=A&FromDate=13&FromMonth=05&FromYear=2000&ToDate=13&ToMonth=11&ToYear=2020&Variable=Issuer,1620588710,15:31:50,20210509
37,2011-09-30,ARG.TO,USD,2011-09-30,2011-09-30,Q3,41958747.0,38815312.0,3143435.0,0.07491727529423126,0.0,2956514.0,0.0,0.0,2956514.0,41771826.0,184535.0,3501761.0,3688682.0,0.08791211043551897,186921.0,0.004454875642497141,-1025709.0,-1023323.0,-0.024388788349661635,171176.0,-1194499.0,-0.02846841446433088,-0.01,-0.01,172290344.0,172290344.0,https://www.sedar.com/ModifyCompanyDocumentSearchForm.do?lang=EN&company_search=Amerigo Resources Ltd&document_selection=0&industry_group=A&FromDate=13&FromMonth=05&FromYear=2000&ToDate=13&ToMonth=11&ToYear=2020&Variable=Issuer,https://www.sedar.com/ModifyCompanyDocumentSearchForm.do?lang=EN&company_search=Amerigo Resources Ltd&document_selection=0&industry_group=A&FromDate=13&FromMonth=05&FromYear=2000&ToDate=13&ToMonth=11&ToYear=2020&Variable=Issuer,1620588710,15:31:50,20210509
38,2011-06-30,ARG.TO,USD,2011-06-30,2011-06-30,Q2,38294635.0,34824206.0,3470429.0,0.09062441775460192,0.0,1583245.0,0.0,0.0,1032424.0,35856630.0,340782.0,3457313.0,5895318.0,0.15394631650099289,2438005.0,0.06366440103163276,0.0,2097223.0,0.054765452131871735,211341.0,1885882.0,0.04924663729005382,0.01095976939946225,0.010797351883955213,172073146.0,174661530.0,https://www.sedar.com/ModifyCompanyDocumentSearchForm.do?lang=EN&company_search=Amerigo Resources Ltd&document_selection=0&industry_group=A&FromDate=13&FromMonth=05&FromYear=2000&ToDate=13&ToMonth=11&ToYear=2020&Variable=Issuer,https://www.sedar.com/ModifyCompanyDocumentSearchForm.do?lang=EN&company_search=Amerigo Resources Ltd&document_selection=0&industry_group=A&FromDate=13&FromMonth=05&FromYear=2000&ToDate=13&ToMonth=11&ToYear=2020&Variable=Issuer,1620588710,15:31:50,20210509
39,2011-03-31,ARG.TO,USD,2011-03-31,2011-03-31,Q1,45515500.0,39393427.0,6122073.0,0.13450523448056156,0.0,1332619.0,0.0,0.0,875033.0,40268460.0,188518.0,3358882.0,8605922.0,0.18907673210225087,5247040.0,0.11528028913227362,9750931.0,14809453.0,0.3253716426272369,3155167.0,11654286.0,0.25605092770594634,0.06795092195722026,0.06699408960959874,171510344.0,173959913.0,https://www.sedar.com/ModifyCompanyDocumentSearchForm.do?lang=EN&company_search=Amerigo Resources Ltd&document_selection=0&industry_group=A&FromDate=13&FromMonth=05&FromYear=2000&ToDate=13&ToMonth=11&ToYear=2020&Variable=Issuer,https://www.sedar.com/ModifyCompanyDocumentSearchForm.do?lang=EN&company_search=Amerigo Resources Ltd&document_selection=0&industry_group=A&FromDate=13&FromMonth=05&FromYear=2000&ToDate=13&ToMonth=11&ToYear=2020&Variable=Issuer,1620588710,15:31:50,20210509
40,2010-12-31,ARG.TO,USD,2010-12-31,2010-12-31,Q4,50725991.0,38287487.0,12438504.0,0.24520967959009415,0.0,2099730.0,0.0,0.0,2099730.0,40387217.0,54054.0,2087027.0,12425801.0,0.24495925569990343,10338774.0,0.2038161068159319,686748.0,11112709.0,0.219073275473317,3403127.0,7498172.0,0.14781716142322385,0.04147922177360697,0.04147922177360697,180769351.0,180769351.0,https://www.sedar.com/ModifyCompanyDocumentSearchForm.do?lang=EN&company_search=Amerigo Resources Ltd&document_selection=0&industry_group=A&FromDate=13&FromMonth=05&FromYear=2000&ToDate=13&ToMonth=11&ToYear=2020&Variable=Issuer,https://www.sedar.com/ModifyCompanyDocumentSearchForm.do?lang=EN&company_search=Amerigo Resources Ltd&document_selection=0&industry_group=A&FromDate=13&FromMonth=05&FromYear=2000&ToDate=13&ToMonth=11&ToYear=2020&Variable=Issuer,1620588710,15:31:50,20210509
41,2010-09-30,ARG.TO,USD,2010-09-30,2010-09-30,Q3,39303405.0,32949355.0,6354050.0,0.16166665458119978,0.0,966532.0,0.0,0.0,966532.0,33915887.0,230483.0,2142197.0,7529715.0,0.191579202870591,5387518.0,0.13707509565647047,-1614532.0,3581257.0,0.09111823772011611,1082458.0,2282098.0,0.05806362069647655,0.013348316106487965,0.013091608595656792,170965235.0,174317616.0,https://www.sedar.com/ModifyCompanyDocumentSearchForm.do?lang=EN&company_search=Amerigo Resources Ltd&document_selection=0&industry_group=A&FromDate=13&FromMonth=05&FromYear=2000&ToDate=13&ToMonth=11&ToYear=2020&Variable=Issuer,https://www.sedar.com/ModifyCompanyDocumentSearchForm.do?lang=EN&company_search=Amerigo Resources Ltd&document_selection=0&industry_group=A&FromDate=13&FromMonth=05&FromYear=2000&ToDate=13&ToMonth=11&ToYear=2020&Variable=Issuer,1620588710,15:31:50,20210509
42,2010-06-30,ARG.TO,USD,2010-06-30,2010-06-30,Q2,32433982.0,28911903.0,3522079.0,0.10859224747673597,0.0,794791.0,0.0,0.0,794791.0,29706694.0,586468.0,1916553.0,4643841.0,0.14317825668152617,2727288.0,0.08408736244596794,527837.0,2691752.0,0.08299172146053482,474315.0,2033010.0,0.06268148018334598,0.011895184062118558,0.011823167069618728,170910344.0,171951389.0,https://www.sedar.com/ModifyCompanyDocumentSearchForm.do?lang=EN&company_search=Amerigo Resources Ltd&document_selection=0&industry_group=A&FromDate=13&FromMonth=05&FromYear=2000&ToDate=13&ToMonth=11&ToYear=2020&Variable=Issuer,https://www.sedar.com/ModifyCompanyDocumentSearchForm.do?lang=EN&company_search=Amerigo Resources Ltd&document_selection=0&industry_group=A&FromDate=13&FromMonth=05&FromYear=2000&ToDate=13&ToMonth=11&ToYear=2020&Variable=Issuer,1620588710,15:31:50,20210509
43,2010-03-31,ARG.TO,USD,2010-03-31,2010-03-31,Q1,29656765.0,25633308.0,4023457.0,0.13566742697661058,0.0,817363.0,0.0,0.0,817363.0,26450671.0,399055.0,1671097.0,4877191.0,0.1644545856569319,3206094.0,0.10810666638792195,983265.0,3801334.0,0.1281776350185194,85949.0,3576164.0,0.12058510090362182,0.022452990062113137,0.02201163123487947,159273397.0,162467014.0,https://www.sedar.com/ModifyCompanyDocumentSearchForm.do?lang=EN&company_search=Amerigo Resources Ltd&document_selection=0&industry_group=A&FromDate=13&FromMonth=05&FromYear=2000&ToDate=13&ToMonth=11&ToYear=2020&Variable=Issuer,https://www.sedar.com/ModifyCompanyDocumentSearchForm.do?lang=EN&company_search=Amerigo Resources Ltd&document_selection=0&industry_group=A&FromDate=13&FromMonth=05&FromYear=2000&ToDate=13&ToMonth=11&ToYear=2020&Variable=Issuer,1620588710,15:31:50,20210509
44,2009-12-31,ARG.TO,USD,2009-12-31,2009-12-31,Q4,33852105.0,16489641.0,17362464.0,0.5128917093929609,0.0,4320221.0,0.0,0.0,9970639.0,26460280.0,615444.0,606842.0,7998667.0,0.2362827067917933,7391825.0,0.21835643603255986,0.0,5486966.0,0.16208640496654492,1379531.0,3911766.0,0.11555458663501132,0.021639542203147035,0.021639542203147035,180769351.0,180769351.0,https://www.sedar.com/ModifyCompanyDocumentSearchForm.do?lang=EN&company_search=Amerigo Resources Ltd&document_selection=0&industry_group=A&FromDate=13&FromMonth=05&FromYear=2000&ToDate=13&ToMonth=11&ToYear=2020&Variable=Issuer,https://www.sedar.com/ModifyCompanyDocumentSearchForm.do?lang=EN&company_search=Amerigo Resources Ltd&document_selection=0&industry_group=A&FromDate=13&FromMonth=05&FromYear=2000&ToDate=13&ToMonth=11&ToYear=2020&Variable=Issuer,1620588710,15:31:50,20210509
45,2009-09-30,ARG.TO,USD,2009-09-30,2009-09-30,Q3,24532499.0,21081095.0,3451404.0,0.14068701276620862,0.0,569534.0,0.0,0.0,569534.0,21650629.0,585027.0,1811765.0,4693635.0,0.19132315056855806,2881870.0,0.11747152216331487,1446609.0,3748561.0,0.15279980241719363,346422.0,3238116.0,0.1319929127481061,0.024476426568528227,0.021146310620482035,132295292.0,153129123.0,https://www.sedar.com/ModifyCompanyDocumentSearchForm.do?lang=EN&company_search=Amerigo Resources Ltd&document_selection=0&industry_group=A&FromDate=13&FromMonth=05&FromYear=2000&ToDate=13&ToMonth=11&ToYear=2020&Variable=Issuer,https://www.sedar.com/ModifyCompanyDocumentSearchForm.do?lang=EN&company_search=Amerigo Resources Ltd&document_selection=0&industry_group=A&FromDate=13&FromMonth=05&FromYear=2000&ToDate=13&ToMonth=11&ToYear=2020&Variable=Issuer,1620588710,15:31:50,20210509
46,2009-06-30,ARG.TO,USD,2009-06-30,2009-06-30,Q2,18067033.0,18317342.0,-250309.0,-0.013854460773941134,0.0,398274.0,0.0,0.0,398274.0,18715616.0,547402.0,1844167.0,1195584.0,0.06617489435038947,-648583.0,-0.035898700135213124,-77731.0,-1955041.0,-0.10821040732033865,219389.0,-2325059.0,-0.12869069315365728,-0.017598625340784,-0.017352188850311204,132115944.0,133992260.0,https://www.sedar.com/ModifyCompanyDocumentSearchForm.do?lang=EN&company_search=Amerigo Resources Ltd&document_selection=0&industry_group=A&FromDate=13&FromMonth=05&FromYear=2000&ToDate=13&ToMonth=11&ToYear=2020&Variable=Issuer,https://www.sedar.com/ModifyCompanyDocumentSearchForm.do?lang=EN&company_search=Amerigo Resources Ltd&document_selection=0&industry_group=A&FromDate=13&FromMonth=05&FromYear=2000&ToDate=13&ToMonth=11&ToYear=2020&Variable=Issuer,1620588710,15:31:50,20210509
47,2009-03-31,ARG.TO,USD,2009-03-31,2009-03-31,Q1,13021611.0,15622797.0,-2601186.0,-0.19975915422446577,0.0,606511.0,0.0,0.0,606511.0,16229308.0,628181.0,1387644.0,-1820053.0,-0.13977172256182435,-3207697.0,-0.24633641720674962,-4489.0,-4976714.0,-0.3821888090498173,-312687.0,-4779074.0,-0.3670109635436046,-0.04,-0.04,113435126.0,113435126.0,https://www.sedar.com/ModifyCompanyDocumentSearchForm.do?lang=EN&company_search=Amerigo Resources Ltd&document_selection=0&industry_group=A&FromDate=13&FromMonth=05&FromYear=2000&ToDate=13&ToMonth=11&ToYear=2020&Variable=Issuer,https://www.sedar.com/ModifyCompanyDocumentSearchForm.do?lang=EN&company_search=Amerigo Resources Ltd&document_selection=0&industry_group=A&FromDate=13&FromMonth=05&FromYear=2000&ToDate=13&ToMonth=11&ToYear=2020&Variable=Issuer,1620588710,15:31:50,20210509
48,2008-12-31,ARG.TO,USD,2008-12-31,2008-12-31,Q4,614179.0,11395308.0,-10781129.0,-17.55372456563966,0.0,0.0,0.0,0.0,8413513.0,19808821.0,0.0,1495679.0,-17698963.0,-28.817271512051047,-19194642.0,-31.252520844900264,10852718.0,-25234701.0,-41.086883465569485,-4223538.0,-21180874.0,-34.486483582147876,-0.11717071440943548,-0.11717071440943548,180769351.0,180769351.0,https://www.sedar.com/ModifyCompanyDocumentSearchForm.do?lang=EN&company_search=Amerigo Resources Ltd&document_selection=0&industry_group=A&FromDate=13&FromMonth=05&FromYear=2000&ToDate=13&ToMonth=11&ToYear=2020&Variable=Issuer,https://www.sedar.com/ModifyCompanyDocumentSearchForm.do?lang=EN&company_search=Amerigo Resources Ltd&document_selection=0&industry_group=A&FromDate=13&FromMonth=05&FromYear=2000&ToDate=13&ToMonth=11&ToYear=2020&Variable=Issuer,1620588710,15:31:50,20210509
49,2008-09-30,ARG.TO,USD,2008-09-30,2008-09-30,Q3,29915602.0,28763380.0,1152222.0,0.038515755089936016,0.0,745595.0,0.0,0.0,745595.0,29508975.0,116608.0,1420210.0,1826837.0,0.06106636262910571,406627.0,0.013592472583369708,-11411500.0,-11018535.0,-0.3683206843037957,-802082.0,-10407427.0,-0.3478929489702397,-0.11,-0.11,93790354.0,93790354.0,https://www.sedar.com/ModifyCompanyDocumentSearchForm.do?lang=EN&company_search=Amerigo Resources Ltd&document_selection=0&industry_group=A&FromDate=13&FromMonth=05&FromYear=2000&ToDate=13&ToMonth=11&ToYear=2020&Variable=Issuer,https://www.sedar.com/ModifyCompanyDocumentSearchForm.do?lang=EN&company_search=Amerigo Resources Ltd&document_selection=0&industry_group=A&FromDate=13&FromMonth=05&FromYear=2000&ToDate=13&ToMonth=11&ToYear=2020&Variable=Issuer,1620588710,15:31:50,20210509
50,2008-06-30,ARG.TO,USD,2008-06-30,2008-06-30,Q2,31164236.0,23555279.0,7608957.0,0.24415669936525958,0.0,0.0,0.0,0.0,745091.0,24300370.0,0.0,1098453.0,7962319.0,0.2554954018446016,6863866.0,0.22024817165420002,363233.0,7250748.0,0.23266246603959745,906973.0,6218444.0,0.19953782919626203,0.07,0.07,94164941.0,94164941.0,https://www.sedar.com/ModifyCompanyDocumentSearchForm.do?lang=EN&company_search=Amerigo Resources Ltd&document_selection=0&industry_group=A&FromDate=13&FromMonth=05&FromYear=2000&ToDate=13&ToMonth=11&ToYear=2020&Variable=Issuer,https://www.sedar.com/ModifyCompanyDocumentSearchForm.do?lang=EN&company_search=Amerigo Resources Ltd&document_selection=0&industry_group=A&FromDate=13&FromMonth=05&FromYear=2000&ToDate=13&ToMonth=11&ToYear=2020&Variable=Issuer,1620588710,15:31:50,20210509
51,2008-03-31,ARG.TO,USD,2008-03-31,2008-03-31,Q1,35933465.0,27085721.0,8847744.0,0.24622573971087955,0.0,0.0,0.0,0.0,951517.0,28037238.0,0.0,1296523.0,9192750.0,0.2558269846784884,7896227.0,0.21974577180352634,117058.0,8062376.0,0.2243695674770023,1541792.0,6383012.0,0.17763419141460474,0.06766511911752383,0.06675338350282173,94332384.0,95620801.0,https://www.sedar.com/ModifyCompanyDocumentSearchForm.do?lang=EN&company_search=Amerigo Resources Ltd&document_selection=0&industry_group=A&FromDate=13&FromMonth=05&FromYear=2000&ToDate=13&ToMonth=11&ToYear=2020&Variable=Issuer,https://www.sedar.com/ModifyCompanyDocumentSearchForm.do?lang=EN&company_search=Amerigo Resources Ltd&document_selection=0&industry_group=A&FromDate=13&FromMonth=05&FromYear=2000&ToDate=13&ToMonth=11&ToYear=2020&Variable=Issuer,1620588710,15:31:50,20210509
52,2007-12-31,ARG.TO,USD,2007-12-31,2007-12-31,Q4,26974854.0,24104674.0,2870180.0,0.10640205874700935,0.0,0.0,0.0,0.0,850577.0,24955251.0,0.0,1784622.0,3804225.0,0.14102856682746087,2019603.0,0.07486983988866075,511034.0,2773847.0,0.10283084386666189,790681.0,1816498.0,0.06734042008160637,0.010048705656967258,0.010048705656967258,180769351.0,180769351.0,https://www.sedar.com/ModifyCompanyDocumentSearchForm.do?lang=EN&company_search=Amerigo Resources Ltd&document_selection=0&industry_group=A&FromDate=13&FromMonth=05&FromYear=2000&ToDate=13&ToMonth=11&ToYear=2020&Variable=Issuer,https://www.sedar.com/ModifyCompanyDocumentSearchForm.do?lang=EN&company_search=Amerigo Resources Ltd&document_selection=0&industry_group=A&FromDate=13&FromMonth=05&FromYear=2000&ToDate=13&ToMonth=11&ToYear=2020&Variable=Issuer,1620588710,15:31:50,20210509
53,2007-09-30,ARG.TO,USD,2007-09-30,2007-09-30,Q3,28536864.0,20028070.0,8508794.0,0.2981685023273756,0.0,0.0,0.0,0.0,798192.0,20826262.0,0.0,904005.0,8614607.0,0.301876443045739,7710602.0,0.2701979446655386,-2926952.0,5154967.0,0.1806423789243275,1431578.0,6581887.0,0.23064507018010108,0.06918683242022386,0.06895845537951453,95132076.0,95447135.0,https://www.sedar.com/ModifyCompanyDocumentSearchForm.do?lang=EN&company_search=Amerigo Resources Ltd&document_selection=0&industry_group=A&FromDate=13&FromMonth=05&FromYear=2000&ToDate=13&ToMonth=11&ToYear=2020&Variable=Issuer,https://www.sedar.com/ModifyCompanyDocumentSearchForm.do?lang=EN&company_search=Amerigo Resources Ltd&document_selection=0&industry_group=A&FromDate=13&FromMonth=05&FromYear=2000&ToDate=13&ToMonth=11&ToYear=2020&Variable=Issuer,1620588710,15:31:50,20210509
54,2007-06-30,ARG.TO,USD,2007-06-30,2007-06-30,Q2,32011648.0,20092722.0,11918926.0,0.37233090904910615,0.0,0.0,0.0,0.0,810032.0,20902754.0,0.0,822484.0,11931378.0,0.3727198924591449,11108894.0,0.347026619810389,990550.0,12464319.0,0.38936823871110915,1967709.0,10332687.0,0.32277897720229837,0.10930542995958052,0.10756733012620363,94530409.0,96057855.0,https://www.sedar.com/ModifyCompanyDocumentSearchForm.do?lang=EN&company_search=Amerigo Resources Ltd&document_selection=0&industry_group=A&FromDate=13&FromMonth=05&FromYear=2000&ToDate=13&ToMonth=11&ToYear=2020&Variable=Issuer,https://www.sedar.com/ModifyCompanyDocumentSearchForm.do?lang=EN&company_search=Amerigo Resources Ltd&document_selection=0&industry_group=A&FromDate=13&FromMonth=05&FromYear=2000&ToDate=13&ToMonth=11&ToYear=2020&Variable=Issuer,1620588710,15:31:50,20210509
55,2007-03-31,ARG.TO,USD,2007-03-31,2007-03-31,Q1,18171183.0,11584810.0,6586373.0,0.3624625320211678,0.0,0.0,0.0,0.0,847631.0,12432441.0,0.0,575734.0,6314476.0,0.34749944458761983,5738742.0,0.31581554156380465,0.0,6561485.0,0.36109289087012114,895255.0,5551282.0,0.3054992071787511,0.059332410369859305,0.05825330478104481,93562388.0,95295572.0,https://www.sedar.com/ModifyCompanyDocumentSearchForm.do?lang=EN&company_search=Amerigo Resources Ltd&document_selection=0&industry_group=A&FromDate=13&FromMonth=05&FromYear=2000&ToDate=13&ToMonth=11&ToYear=2020&Variable=Issuer,https://www.sedar.com/ModifyCompanyDocumentSearchForm.do?lang=EN&company_search=Amerigo Resources Ltd&document_selection=0&industry_group=A&FromDate=13&FromMonth=05&FromYear=2000&ToDate=13&ToMonth=11&ToYear=2020&Variable=Issuer,1620588710,15:31:50,20210509
56,2006-12-31,ARG.TO,USD,2006-12-31,2006-12-31,Q4,19944732.0,12078653.0,7866079.0,0.39439381787631944,0.0,0.0,0.0,0.0,800109.0,12878762.0,0.0,340575.0,7406545.0,0.37135344811853077,7065970.0,0.35427751047243955,7978170.0,15251470.0,0.7646866350472897,1155419.0,13981236.0,0.7009989404721007,0.0773429562182806,0.0773429562182806,180769351.0,180769351.0,https://www.sedar.com/ModifyCompanyDocumentSearchForm.do?lang=EN&company_search=Amerigo Resources Ltd&document_selection=0&industry_group=A&FromDate=13&FromMonth=05&FromYear=2000&ToDate=13&ToMonth=11&ToYear=2020&Variable=Issuer,https://www.sedar.com/ModifyCompanyDocumentSearchForm.do?lang=EN&company_search=Amerigo Resources Ltd&document_selection=0&industry_group=A&FromDate=13&FromMonth=05&FromYear=2000&ToDate=13&ToMonth=11&ToYear=2020&Variable=Issuer,1620588710,15:31:50,20210509
57,2006-09-30,ARG.TO,USD,2006-09-30,2006-09-30,Q3,19739861.0,10151182.0,9588679.0,0.48575210332028174,0.0,0.0,0.0,0.0,687494.0,10838676.0,0.0,451207.0,9352392.0,0.4737820595595886,8901185.0,0.45092440113940013,850343.0,9832531.0,0.4981053817957482,1492571.0,8251071.0,0.41799032931386904,0.08784,0.08695,94084192.0,95067057.0,https://www.sedar.com/ModifyCompanyDocumentSearchForm.do?lang=EN&company_search=Amerigo Resources Ltd&document_selection=0&industry_group=A&FromDate=13&FromMonth=05&FromYear=2000&ToDate=13&ToMonth=11&ToYear=2020&Variable=Issuer,https://www.sedar.com/ModifyCompanyDocumentSearchForm.do?lang=EN&company_search=Amerigo Resources Ltd&document_selection=0&industry_group=A&FromDate=13&FromMonth=05&FromYear=2000&ToDate=13&ToMonth=11&ToYear=2020&Variable=Issuer,1620588710,15:31:50,20210509
58,2006-06-30,ARG.TO,USD,2006-06-30,2006-06-30,Q2,27482949.0,11792879.0,15690070.0,0.5709019799876643,0.0,0.0,0.0,0.0,1373111.0,13165990.0,0.0,429432.0,14746391.0,0.5365650898671754,14316959.0,0.5209396924616787,503114.0,14908606.0,0.5424674768344547,2343065.0,12444608.0,0.4528119598810157,0.11887,0.11555,94141506.0,96843506.0,https://www.sedar.com/ModifyCompanyDocumentSearchForm.do?lang=EN&company_search=Amerigo Resources Ltd&document_selection=0&industry_group=A&FromDate=13&FromMonth=05&FromYear=2000&ToDate=13&ToMonth=11&ToYear=2020&Variable=Issuer,https://www.sedar.com/ModifyCompanyDocumentSearchForm.do?lang=EN&company_search=Amerigo Resources Ltd&document_selection=0&industry_group=A&FromDate=13&FromMonth=05&FromYear=2000&ToDate=13&ToMonth=11&ToYear=2020&Variable=Issuer,1620588710,15:31:50,20210509
59,2006-03-31,ARG.TO,USD,2006-03-31,2006-03-31,Q1,17037743.0,10059358.0,6978385.0,0.40958388678594343,0.0,0.0,0.0,0.0,1536542.0,11595900.0,0.0,397210.0,5839053.0,0.3427128229367,5441843.0,0.319399288978593,-68409.0,5433862.0,0.318930858388931,699514.0,4606768.0,0.27038604819898976,0.05143,0.05143,94155844.0,94155844.0,https://www.sedar.com/ModifyCompanyDocumentSearchForm.do?lang=EN&company_search=Amerigo Resources Ltd&document_selection=0&industry_group=A&FromDate=13&FromMonth=05&FromYear=2000&ToDate=13&ToMonth=11&ToYear=2020&Variable=Issuer,https://www.sedar.com/ModifyCompanyDocumentSearchForm.do?lang=EN&company_search=Amerigo Resources Ltd&document_selection=0&industry_group=A&FromDate=13&FromMonth=05&FromYear=2000&ToDate=13&ToMonth=11&ToYear=2020&Variable=Issuer,1620588710,15:31:50,20210509
60,2005-12-31,ARG.TO,USD,2005-12-31,2005-12-31,Q4,23447710.0,14432012.0,9015698.0,0.38450228188594965,0.0,0.0,0.0,0.0,2650393.0,17082405.0,0.0,373827.0,6739132.0,0.28741109472950666,6365305.0,0.27146808792841604,201095.0,6687725.0,0.28521868446854726,1307895.0,5208566.0,0.22213538123765605,0.028813324665861083,0.028813324665861083,180769351.0,180769351.0,https://www.sedar.com/ModifyCompanyDocumentSearchForm.do?lang=EN&company_search=Amerigo Resources Ltd&document_selection=0&industry_group=A&FromDate=13&FromMonth=05&FromYear=2000&ToDate=13&ToMonth=11&ToYear=2020&Variable=Issuer,https://www.sedar.com/ModifyCompanyDocumentSearchForm.do?lang=EN&company_search=Amerigo Resources Ltd&document_selection=0&industry_group=A&FromDate=13&FromMonth=05&FromYear=2000&ToDate=13&ToMonth=11&ToYear=2020&Variable=Issuer,1620588710,15:31:50,20210509
61,2005-09-30,ARG.TO,USD,2005-09-30,2005-09-30,Q3,12506851.0,4001345.0,8505506.0,0.6800677484684194,0.0,0.0,0.0,0.0,560695.0,4562040.0,0.0,343362.0,8288173.0,0.6626906325181294,7944811.0,0.635236719458799,0.0,9096652.0,0.7273335230426907,2418269.0,6503415.0,0.5199882048646778,0.07574,0.07358,85927137.0,85927137.0,https://www.sedar.com/ModifyCompanyDocumentSearchForm.do?lang=EN&company_search=Amerigo Resources Ltd&document_selection=0&industry_group=A&FromDate=13&FromMonth=05&FromYear=2000&ToDate=13&ToMonth=11&ToYear=2020&Variable=Issuer,https://www.sedar.com/ModifyCompanyDocumentSearchForm.do?lang=EN&company_search=Amerigo Resources Ltd&document_selection=0&industry_group=A&FromDate=13&FromMonth=05&FromYear=2000&ToDate=13&ToMonth=11&ToYear=2020&Variable=Issuer,1620588710,15:31:50,20210509
62,2005-06-30,ARG.TO,USD,2005-06-30,2005-06-30,Q2,11302909.0,2667511.0,8635398.0,0.7639978345397632,0.0,0.0,0.0,0.0,1081570.0,3749081.0,0.0,323413.0,7877241.0,0.6969215624048641,7553828.0,0.6683083089494926,-2042272.0,5218093.0,0.46165929496557034,421514.0,4635764.0,0.41013901819434273,0.06083,0.05258,76376985.0,76376985.0,https://www.sedar.com/ModifyCompanyDocumentSearchForm.do?lang=EN&company_search=Amerigo Resources Ltd&document_selection=0&industry_group=A&FromDate=13&FromMonth=05&FromYear=2000&ToDate=13&ToMonth=11&ToYear=2020&Variable=Issuer,https://www.sedar.com/ModifyCompanyDocumentSearchForm.do?lang=EN&company_search=Amerigo Resources Ltd&document_selection=0&industry_group=A&FromDate=13&FromMonth=05&FromYear=2000&ToDate=13&ToMonth=11&ToYear=2020&Variable=Issuer,1620588710,15:31:50,20210509
63,2005-03-31,ARG.TO,USD,2005-03-31,2005-03-31,Q1,11070612.0,5341468.0,5729144.0,0.5175092397782526,0.0,0.0,0.0,0.0,2589773.0,7931241.0,0.0,297587.0,3436958.0,0.31045781389502225,3139371.0,0.283577005498883,-1187211.0,2000117.0,0.18066905424921403,243176.0,1644722.0,0.1485664929815985,0.02372,0.02372,69397844.0,69397844.0,https://www.sedar.com/ModifyCompanyDocumentSearchForm.do?lang=EN&company_search=Amerigo Resources Ltd&document_selection=0&industry_group=A&FromDate=13&FromMonth=05&FromYear=2000&ToDate=13&ToMonth=11&ToYear=2020&Variable=Issuer,https://www.sedar.com/ModifyCompanyDocumentSearchForm.do?lang=EN&company_search=Amerigo Resources Ltd&document_selection=0&industry_group=A&FromDate=13&FromMonth=05&FromYear=2000&ToDate=13&ToMonth=11&ToYear=2020&Variable=Issuer,1620588710,15:31:50,20210509
64,2004-12-31,ARG.TO,USD,2004-12-31,2004-12-31,Q4,6076733.0,-2822715.0,8899448.0,1.464511934291008,0.0,0.0,0.0,0.0,5654158.0,2831443.0,0.0,314082.0,3559372.0,0.5857377640255051,3245290.0,0.5340517676192125,467417.0,3541592.0,0.5828118497225401,830871.0,2578907.0,0.42439037555212644,0.014266284553956274,0.014266284553956274,180769351.0,180769351.0,https://www.sedar.com/ModifyCompanyDocumentSearchForm.do?lang=EN&company_search=Amerigo Resources Ltd&document_selection=0&industry_group=A&FromDate=13&FromMonth=05&FromYear=2000&ToDate=13&ToMonth=11&ToYear=2020&Variable=Issuer,https://www.sedar.com/ModifyCompanyDocumentSearchForm.do?lang=EN&company_search=Amerigo Resources Ltd&document_selection=0&industry_group=A&FromDate=13&FromMonth=05&FromYear=2000&ToDate=13&ToMonth=11&ToYear=2020&Variable=Issuer,1620588710,15:31:50,20210509
65,2004-09-30,ARG.TO,USD,2004-09-30,2004-09-30,Q3,10762726.0,6871145.0,3891581.0,0.3615794920357538,0.0,0.0,0.0,0.0,426890.0,7298035.0,0.0,535688.0,4000379.0,0.3716882693102101,3464691.0,0.32191574885396135,0.0,3888779.0,0.3613191490705979,810800.0,2960651.0,0.2750837473703224,0.04583,0.03319,63876143.0,63876143.0,https://www.sedar.com/ModifyCompanyDocumentSearchForm.do?lang=EN&company_search=Amerigo Resources Ltd&document_selection=0&industry_group=A&FromDate=13&FromMonth=05&FromYear=2000&ToDate=13&ToMonth=11&ToYear=2020&Variable=Issuer,https://www.sedar.com/ModifyCompanyDocumentSearchForm.do?lang=EN&company_search=Amerigo Resources Ltd&document_selection=0&industry_group=A&FromDate=13&FromMonth=05&FromYear=2000&ToDate=13&ToMonth=11&ToYear=2020&Variable=Issuer,1620588710,15:31:50,20210509
66,2004-06-30,ARG.TO,USD,2004-06-30,2004-06-30,Q2,8218154.0,5475959.0,2742195.0,0.33367529983010785,0.0,0.0,0.0,0.0,678425.0,6154384.0,0.0,30878.0,2094648.0,0.2548805972728182,2063770.0,0.25112330579349085,-49529.0,2101536.0,0.2557187417028204,360092.0,1625458.0,0.19778870047945074,0.01909,0.01402,63473677.0,63473677.0,https://www.sedar.com/ModifyCompanyDocumentSearchForm.do?lang=EN&company_search=Amerigo Resources Ltd&document_selection=0&industry_group=A&FromDate=13&FromMonth=05&FromYear=2000&ToDate=13&ToMonth=11&ToYear=2020&Variable=Issuer,https://www.sedar.com/ModifyCompanyDocumentSearchForm.do?lang=EN&company_search=Amerigo Resources Ltd&document_selection=0&industry_group=A&FromDate=13&FromMonth=05&FromYear=2000&ToDate=13&ToMonth=11&ToYear=2020&Variable=Issuer,1620588710,15:31:50,20210509
67,2004-03-31,ARG.TO,USD,2004-03-31,2004-03-31,Q1,10238720.0,5297055.0,4941665.0,0.4826448032566571,0.0,0.0,0.0,0.0,588131.0,5885186.0,0.0,246738.0,4600272.0,0.44930147518439806,4353534.0,0.4252029550568821,-227899.0,4121647.0,0.40255490920740095,243760.0,3776182.0,0.3688138751718965,0.06118,0.04345,61635466.0,61635466.0,https://www.sedar.com/ModifyCompanyDocumentSearchForm.do?lang=EN&company_search=Amerigo Resources Ltd&document_selection=0&industry_group=A&FromDate=13&FromMonth=05&FromYear=2000&ToDate=13&ToMonth=11&ToYear=2020&Variable=Issuer,https://www.sedar.com/ModifyCompanyDocumentSearchForm.do?lang=EN&company_search=Amerigo Resources Ltd&document_selection=0&industry_group=A&FromDate=13&FromMonth=05&FromYear=2000&ToDate=13&ToMonth=11&ToYear=2020&Variable=Issuer,1620588710,15:31:50,20210509
68,2003-11-30,ARG.TO,USD,2003-11-30,2003-11-30,Q4,5869338.0,4537844.0,1331494.0,0.22685590777017783,0.0,0.0,0.0,0.0,166477.0,4704321.0,0.0,170319.0,1335336.0,0.22751049607298132,1165017.0,0.19849206162603006,115677.0,0.0,0.0,0.0,1017139.0,0.1732970566697641,0.01769,0.012,57220139.0,57220139.0,https://www.sedar.com/ModifyCompanyDocumentSearchForm.do?lang=EN&company_search=Amerigo Resources Ltd&document_selection=0&industry_group=A&FromDate=13&FromMonth=05&FromYear=2000&ToDate=13&ToMonth=11&ToYear=2020&Variable=Issuer,https://www.sedar.com/ModifyCompanyDocumentSearchForm.do?lang=EN&company_search=Amerigo Resources Ltd&document_selection=0&industry_group=A&FromDate=13&FromMonth=05&FromYear=2000&ToDate=13&ToMonth=11&ToYear=2020&Variable=Issuer,1620588710,15:31:50,20210509
69,2003-08-31,ARG.TO,USD,2003-08-31,2003-08-31,Q3,3445418.0,2588687.0,856731.0,0.24865807283760635,0.0,0.0,0.0,0.0,255778.0,2844465.0,0.0,0.0,746476.0,0.21665760148696037,600953.0,0.17442092657552727,-4339.0,0.0,0.0,0.0,523517.0,0.15194585968959354,0.01218,0.0111,42886820.0,42886820.0,https://www.sedar.com/ModifyCompanyDocumentSearchForm.do?lang=EN&company_search=Amerigo Resources Ltd&document_selection=0&industry_group=A&FromDate=13&FromMonth=05&FromYear=2000&ToDate=13&ToMonth=11&ToYear=2020&Variable=Issuer,https://www.sedar.com/ModifyCompanyDocumentSearchForm.do?lang=EN&company_search=Amerigo Resources Ltd&document_selection=0&industry_group=A&FromDate=13&FromMonth=05&FromYear=2000&ToDate=13&ToMonth=11&ToYear=2020&Variable=Issuer,1620588710,15:31:50,20210509
70,2003-05-31,ARG.TO,USD,2003-05-31,2003-05-31,Q2,809.0,0.0,809.0,1.0,0.0,0.0,0.0,0.0,164441.0,164441.0,0.0,0.0,-163632.0,-202.2645241038319,-163632.0,-202.2645241038319,0.0,0.0,0.0,0.0,-163632.0,-202.2645241038319,-0.01893,-0.01893,8288832.0,8288832.0,https://www.sedar.com/ModifyCompanyDocumentSearchForm.do?lang=EN&company_search=Amerigo Resources Ltd&document_selection=0&industry_group=A&FromDate=13&FromMonth=05&FromYear=2000&ToDate=13&ToMonth=11&ToYear=2020&Variable=Issuer,https://www.sedar.com/ModifyCompanyDocumentSearchForm.do?lang=EN&company_search=Amerigo Resources Ltd&document_selection=0&industry_group=A&FromDate=13&FromMonth=05&FromYear=2000&ToDate=13&ToMonth=11&ToYear=2020&Variable=Issuer,1620588710,15:31:50,20210509
71,2003-02-28,ARG.TO,USD,2003-02-28,2003-02-28,Q1,0.0,0.0,0.0,0.0,0.0,0.0,0.0,0.0,135382.515601,135382.515601,0.0,0.0,-145350.507379,0.0,-134351.448817,0.0,10999.058562,0.0,0.0,0.0,-38509.076218,0.0,-0.00021302879058297886,-0.00021302879058297886,180769351.0,180769351.0,https://www.sedar.com/ModifyCompanyDocumentSearchForm.do?lang=EN&company_search=Amerigo Resources Ltd&document_selection=0&industry_group=A&FromDate=13&FromMonth=05&FromYear=2000&ToDate=13&ToMonth=11&ToYear=2020&Variable=Issuer,https://www.sedar.com/ModifyCompanyDocumentSearchForm.do?lang=EN&company_search=Amerigo Resources Ltd&document_selection=0&industry_group=A&FromDate=13&FromMonth=05&FromYear=2000&ToDate=13&ToMonth=11&ToYear=2020&Variable=Issuer,1620588710,15:31:50,20210509
72,2002-11-30,ARG.TO,USD,2002-11-30,2002-11-30,Q4,0.0,0.0,0.0,0.0,0.0,0.0,0.0,0.0,20296.0,20296.0,0.0,0.0,-88526.0,0.0,-20296.0,0.0,68230.0,0.0,0.0,0.0,47848.0,0.0,0.008508,0.008508,5623819.0,5623819.0,https://www.sedar.com/ModifyCompanyDocumentSearchForm.do?lang=EN&company_search=Amerigo Resources Ltd&document_selection=0&industry_group=A&FromDate=13&FromMonth=05&FromYear=2000&ToDate=13&ToMonth=11&ToYear=2020&Variable=Issuer,https://www.sedar.com/ModifyCompanyDocumentSearchForm.do?lang=EN&company_search=Amerigo Resources Ltd&document_selection=0&industry_group=A&FromDate=13&FromMonth=05&FromYear=2000&ToDate=13&ToMonth=11&ToYear=2020&Variable=Issuer,1620588710,15:31:50,20210509
73,2002-08-31,ARG.TO,USD,2002-08-31,2002-08-31,Q3,0.0,0.0,0.0,0.0,0.0,43795.0,0.0,0.0,43795.0,43795.0,0.0,0.0,-43795.0,0.0,-43795.0,0.0,55.16711,0.0,0.0,0.0,-43504.0,0.0,-0.01282,-0.01282,3168819.0,3168819.0,https://www.sedar.com/ModifyCompanyDocumentSearchForm.do?lang=EN&company_search=Amerigo Resources Ltd&document_selection=0&industry_group=A&FromDate=13&FromMonth=05&FromYear=2000&ToDate=13&ToMonth=11&ToYear=2020&Variable=Issuer,https://www.sedar.com/ModifyCompanyDocumentSearchForm.do?lang=EN&company_search=Amerigo Resources Ltd&document_selection=0&industry_group=A&FromDate=13&FromMonth=05&FromYear=2000&ToDate=13&ToMonth=11&ToYear=2020&Variable=Issuer,1620588710,15:31:50,20210509
74,2002-05-31,ARG.TO,USD,2002-05-31,2002-05-31,Q2,0.0,0.0,0.0,0.0,0.0,20622.0,0.0,0.0,29452.0,29452.0,0.0,0.0,-29452.0,0.0,-29452.0,0.0,0.0,0.0,0.0,0.0,-29438.0,0.0,-0.00654,-0.00654,3168819.0,3168819.0,https://www.sedar.com/ModifyCompanyDocumentSearchForm.do?lang=EN&company_search=Amerigo Resources Ltd&document_selection=0&industry_group=A&FromDate=13&FromMonth=05&FromYear=2000&ToDate=13&ToMonth=11&ToYear=2020&Variable=Issuer,https://www.sedar.com/ModifyCompanyDocumentSearchForm.do?lang=EN&company_search=Amerigo Resources Ltd&document_selection=0&industry_group=A&FromDate=13&FromMonth=05&FromYear=2000&ToDate=13&ToMonth=11&ToYear=2020&Variable=Issuer,1620588710,15:31:50,20210509
