,date,symbol,reportedCurrency,fillingDate,acceptedDate,period,revenue,costOfRevenue,grossProfit,grossProfitRatio,researchAndDevelopmentExpenses,generalAndAdministrativeExpenses,sellingAndMarketingExpenses,otherExpenses,operatingExpenses,costAndExpenses,interestExpense,depreciationAndAmortization,ebitda,ebitdaratio,operatingIncome,operatingIncomeRatio,totalOtherIncomeExpensesNet,incomeBeforeTax,incomeBeforeTaxRatio,incomeTaxExpense,netIncome,netIncomeRatio,eps,epsdiluted,weightedAverageShsOut,weightedAverageShsOutDil,link,finalLink,timestamp,est_time,est_date
0,2020-12-31,STCB,USD,2021-04-15,2021-04-15,Q4,485579.0,0.0,837839.0,1.7254432337477528,0.0,-24347.0,0.0,356.861,306606.0,697.962,45.716,0.0,-212383.0,-0.43738094110330145,-212383.0,-0.43738094110330145,21.0,-180094.0,-0.37088506710545555,0.0,-180094.0,-0.37088506710545555,-0.0011320194221027462,-0.0011320194221027462,159090910.0,159090910.0,https://www.sec.gov/Archives/edgar/data/1539850/000109181821000049/0001091818-21-000049-index.htm,https://www.sec.gov/Archives/edgar/data/1539850/000109181821000049/stcb04102021form10kdec2020.htm,1620598348,18:12:28,20210509
1,2020-09-30,STCB,USD,2020-11-16,2020-11-16 16:28:21,Q3,527521.0,0.0,527521.0,1.0,0.0,304124.0,0.0,-146910.0,304124.0,-83941.0,-23852.0,0.0,611462.0,1.1591235230445802,611462.0,1.1591235230445802,-14000.0,601880.0,1.1409593172594077,0.0,601880.0,1.1409593172594077,0.0037832456926671673,0.0037832456926671673,159090910.0,159090910.0,https://www.sec.gov/Archives/edgar/data/1539850/000109181820000244/0001091818-20-000244-index.htm,https://www.sec.gov/Archives/edgar/data/1539850/000109181820000244/stcb11152020form10qsept.htm,1620598348,18:12:28,20210509
2,2020-06-30,STCB,USD,2020-08-14 00:00:00,2020-08-14 12:43:57,Q2,296590.0,0.0,0.0,1.0,0.0,141525.0,0.0,72673.0,141525.0,138230.0,6256.0,0.0,161866.0,0.545757,158360.0,0.5339357362014903,3500.0,155610.0,0.5246636771300448,0.0,155610.0,0.5246636771300448,0.00098,0.00098,159090910.0,159090910.0,https://www.sec.gov/Archives/edgar/data/1539850/000109181820000186/0001091818-20-000186-index.htm,https://www.sec.gov/Archives/edgar/data/1539850/000109181820000186/stcb08122020june30qtr10q.htm,1620598348,18:12:28,20210509
3,2020-03-31,STCB,USD,2020-04-14 00:00:00,2020-04-14 16:34:59,Q1,55670.0,0.0,0.0,1.0,0.0,85976.0,0.0,48329.0,85976.0,85980.0,9053.0,0.0,-25057.0,-0.450099,-30310.0,-0.5444584156637328,5250.0,-34110.0,-0.6127178013292617,0.0,-34110.0,-0.6127178013292617,-0.00021,-0.00021,159090910.0,159090910.0,https://www.sec.gov/Archives/edgar/data/1539850/000109181820000097/0001091818-20-000097-index.html,https://www.sec.gov/Archives/edgar/data/1539850/000109181820000097/stcb04112020form10kdec19.htm,1620598348,18:12:28,20210509
4,2019-12-31,STCB,USD,2020-04-14,2020-04-14,Q4,11500.0,0.0,11500.0,1.0,0.0,54820.0,0.0,52739.0,54820.0,54820.0,8732.0,0.0,-38068.0,-3.310261,-43320.0,-3.7669565217391305,5250.0,-46800.0,-4.069565217391304,0.0,-46800.0,-4.069565217391304,-0.00029,-0.00029,159090910.0,159090910.0,https://www.sec.gov/Archives/edgar/data/1539850/000109181820000097/0001091818-20-000097-index.htm,https://www.sec.gov/Archives/edgar/data/1539850/000109181820000097/stcb04112020form10kdec19.htm,1620598348,18:12:28,20210509
5,2019-09-30,STCB,USD,2019-11-14 00:00:00,2019-11-14 16:48:00,Q3,50030.0,0.0,0.0,1.0,0.0,108698.0,0.0,52568.0,108698.0,108700.0,8054.0,0.0,-53416.0,-1.067679,-58670.0,-1.1726963821706975,5250.0,-61470.0,-1.2286628023186088,0.0,-61470.0,-1.2286628023186088,-0.00039,-0.00039,159090910.0,159090910.0,https://www.sec.gov/Archives/edgar/data/1539850/000109181819000297/0001091818-19-000297-index.html,https://www.sec.gov/Archives/edgar/data/1539850/000109181819000297/stcb11132019form10qsept2019.htm,1620598348,18:12:28,20210509
6,2019-06-30,STCB,USD,2019-08-14,2019-08-14,Q2,117490.0,0.0,0.0,1.0,0.0,120774.0,0.0,54916.0,120774.0,101340.0,7803.0,0.0,21393.0,0.182084,16150.0,0.13745850710698782,5250.0,13590.0,0.1156694186739297,0.0,13590.0,0.1156694186739297,9e-05,9e-05,159090910.0,159090910.0,https://www.sec.gov/Archives/edgar/data/1539850/000109181819000205/0001091818-19-000205-index.htm,https://www.sec.gov/Archives/edgar/data/1539850/000109181819000205/stcb08122019form10qjune.htm,1620598348,18:12:28,20210509
7,2019-03-31,STCB,USD,2019-04-01 00:00:00,2019-04-01 15:56:54,Q1,61260.0,0.0,0.0,1.0,0.0,103773.0,0.0,68477.0,103773.0,103770.0,8031.0,0.0,-37259.0,-0.608211,-42510.0,-0.6939275220372184,5250.0,-45290.0,-0.7393078681031668,0.0,-45290.0,-0.7393078681031668,-0.00028,-0.00028,159090910.0,159090910.0,https://www.sec.gov/Archives/edgar/data/1539850/000109181819000099/0001091818-19-000099-index.html,https://www.sec.gov/Archives/edgar/data/1539850/000109181819000099/stcb03282019form10k.htm,1620598348,18:12:28,20210509
8,2018-12-31,STCB,USD,2019-04-01 00:00:00,2019-04-01 15:56:54,Q4,49100.0,0.0,0.0,1.0,0.0,116173.0,0.0,33213.0,93651.0,39530.0,8202.0,0.0,14822.0,0.301874,9570.0,0.194908350305499,5250.0,6620.0,0.13482688391038697,0.0,6620.0,0.13482688391038697,4e-05,4e-05,159372050.0,159372050.0,https://www.sec.gov/Archives/edgar/data/1539850/000109181819000099/0001091818-19-000099-index.html,https://www.sec.gov/Archives/edgar/data/1539850/000109181819000099/stcb03282019form10k.htm,1620598348,18:12:28,20210509
9,2018-09-30,STCB,USD,2018-11-09 00:00:00,2018-11-09 15:08:13,Q3,36580.0,0.0,0.0,1.0,0.0,124921.0,0.0,66168.0,127893.0,127890.0,15789.0,0.0,-78131.0,-2.135894,-91310.0,-2.496172772006561,5250.0,-93920.0,-2.5675232367413887,0.0,-93920.0,-2.5675232367413887,-0.00059,-0.00059,159090910.0,159090910.0,https://www.sec.gov/Archives/edgar/data/1539850/000109181818000204/0001091818-18-000204-index.html,https://www.sec.gov/Archives/edgar/data/1539850/000109181818000204/stcb10302018form10q.htm,1620598348,18:12:28,20210509
10,2018-06-30,STCB,USD,2018-08-14 00:00:00,2018-08-14 16:22:43,Q2,40000.0,0.0,0.0,1.0,0.0,123228.0,0.0,93135.0,141426.0,140000.0,-7981.0,0.0,-117981.0,-2.949525,-100000.0,-2.5,0.0,-110000.0,-2.75,0.0,-110000.0,-2.75,-0.0007,-0.0007,157930000.0,157930000.0,https://www.sec.gov/Archives/edgar/data/1539850/000109181818000167/0001091818-18-000167-index.html,https://www.sec.gov/Archives/edgar/data/1539850/000109181818000167/stcb08102018form10q.htm,1620598348,18:12:28,20210509
11,2018-03-31,STCB,USD,2018-05-18 00:00:00,2018-05-18 14:20:10,Q1,0.0,0.0,0.0,1.0,0.0,242488.0,0.0,163708.0,243840.0,240000.0,7981.0,0.0,-242019.0,-318.580602883,-240000.0,-318.580602883,0.0,-250000.0,-325.069462647,0.0,-250000.0,-325.069462647,-0.00442,-0.00442,56530000.0,56530000.0,https://www.sec.gov/Archives/edgar/data/1539850/000109181818000106/0001091818-18-000106-index.html,https://www.sec.gov/Archives/edgar/data/1539850/000109181818000106/stcb05102018form10qmarch.htm,1620598348,18:12:28,20210509
12,2017-12-31,STCB,USD,2018-03-30 00:00:00,2018-03-30 14:28:07,Q4,10000.0,0.0,10000.0,1.0,0.0,-3242873.0,0.0,-3360428.0,-3244097.0,-3280000.0,48171.0,0.0,3318171.0,331.8171,3280000.0,328.0,0.0,3270000.0,327.0,0.0,3270000.0,327.0,1.34568,1.34568,2430000.0,2430000.0,https://www.sec.gov/Archives/edgar/data/1539850/000109181818000069/0001091818-18-000069-index.html,https://www.sec.gov/Archives/edgar/data/1539850/000109181818000069/stcb03292018form10k.htm,1620598348,18:12:28,20210509
13,2017-09-30,STCB,USD,2017-11-13 00:00:00,2017-11-13 17:06:04,Q3,0.0,0.0,0.0,1.0,0.0,3700042.0,0.0,3548234.0,3707029.0,3490000.0,-864.0,0.0,-3510864.0,-1223.65444334,-3480000.0,-1223.65444334,10000.0,-3510000.0,-1159.5140403,0.0,-3510000.0,-1159.5140403,-2.52518,-2.52518,1390000.0,1390000.0,https://www.sec.gov/Archives/edgar/data/1539850/000109181817000213/0001091818-17-000213-index.html,https://www.sec.gov/Archives/edgar/data/1539850/000109181817000213/stcb1111201710qsept.htm,1620598348,18:12:28,20210509
14,2017-06-30,STCB,USD,2017-08-11 00:00:00,2017-08-11 07:28:17,Q2,0.0,0.0,0.0,0.0,0.0,102689.0,0.0,74662.0,102689.0,360000.0,-864.0,0.0,-360864.0,0.0,-360000.0,0.0,0.0,-360000.0,0.0,0.0,-360000.0,0.0,-0.3,-0.3,1200000.0,1200000.0,https://www.sec.gov/Archives/edgar/data/1539850/000109181817000130/0001091818-17-000130-index.html,https://www.sec.gov/Archives/edgar/data/1539850/000109181817000130/isyg09102017june10q.htm,1620598348,18:12:28,20210509
15,2017-03-31,STCB,USD,2017-05-08 00:00:00,2017-05-08 14:48:13,Q1,0.0,0.0,0.0,0.0,0.0,125046.0,0.0,87634.0,125046.0,130000.0,864.0,0.0,-129136.0,0.0,-130000.0,0.0,0.0,-130000.0,0.0,0.0,-130000.0,0.0,-0.1413,-0.1413,920000.0,920000.0,https://www.sec.gov/Archives/edgar/data/1539850/000109181817000075/0001091818-17-000075-index.html,https://www.sec.gov/Archives/edgar/data/1539850/000109181817000075/isyg050201710q1.htm,1620598348,18:12:28,20210509
16,2016-12-31,STCB,USD,2017-03-31 00:00:00,2017-03-31 16:23:36,Q4,220000.0,0.0,220000.0,1.0,0.0,168183.0,0.0,79498.0,152596.0,150000.0,3378.0,0.0,73378.0,0.333536,70000.0,0.3181818181818182,0.0,70000.0,0.3181818181818182,0.0,70000.0,0.3181818181818182,0.07955,0.07955,880000.0,880000.0,https://www.sec.gov/Archives/edgar/data/1539850/000109181817000059/0001091818-17-000059-index.html,https://www.sec.gov/Archives/edgar/data/1539850/000109181817000059/isyg03292017form10k.htm,1620598348,18:12:28,20210509
17,2016-09-30,STCB,USD,2016-11-14 00:00:00,2016-11-14 16:24:47,Q3,30000.0,0.0,30000.0,1.0,0.0,107378.0,0.0,58060.0,107378.0,100000.0,1715.0,0.0,-68285.0,-2.276167,-70000.0,-2.3333333333333335,0.0,-70000.0,-2.3333333333333335,0.0,-70000.0,-2.3333333333333335,-0.07955,-0.07955,880000.0,880000.0,https://www.sec.gov/Archives/edgar/data/1539850/000109181816000405/0001091818-16-000405-index.html,https://www.sec.gov/Archives/edgar/data/1539850/000109181816000405/isyg1110201610qsept.htm,1620598348,18:12:28,20210509
18,2016-06-30,STCB,USD,2016-06-30,2016-06-30,Q2,160000.0,410000.0,-250000.0,-1.5625,0.0,121046.0,0.0,129199.0,170788.0,570000.0,-16922.0,0.0,-456922.0,-2.855763,-410000.0,-2.5625,0.0,-440000.0,-2.75,0.0,-440000.0,-2.75,-0.5,-0.5,880000.0,880000.0,,,1620598348,18:12:28,20210509
19,2016-03-31,STCB,USD,2016-04-14 00:00:00,2016-04-14 14:50:30,Q1,20000.0,90000.0,-80000.0,-4.0,0.0,195468.0,0.0,116418.0,198132.0,290000.0,0.0,10000.0,-260000.0,-13.0,-270000.0,-13.5,0.0,-270000.0,-13.5,0.0,-270000.0,-13.5,-0.30682,-0.30682,880000.0,880000.0,https://www.sec.gov/Archives/edgar/data/1539850/000109181816000265/0001091818-16-000265-index.html,https://www.sec.gov/Archives/edgar/data/1539850/000109181816000265/isyg0412201610k.htm,1620598348,18:12:28,20210509
20,2015-12-31,STCB,USD,2015-12-31,2015-12-31,Q4,-270000.0,210000.0,-480000.0,1.7777777777777777,0.0,238629.0,0.0,91389.0,244947.0,410000.0,4036.0,10000.000000000002,-670000.0,2.4814814814814814,-680000.0,2.5185185185185186,0.0,-730000.0,2.7037037037037037,0.0,-730000.0,2.7037037037037037,-0.81111,-0.81111,900000.0,900000.0,,,1620598348,18:12:28,20210509
21,2015-09-30,STCB,USD,2015-11-23 00:00:00,2015-11-23 14:59:14,Q3,-120000.0,10000.0,-120000.0,1.0,0.0,265479.0,0.0,6602152.0,6781833.0,6790000.0,15332.0,9999.999999999998,-6890000.0,57.416666666666664,-6900000.0,57.5,0.0,-6960000.0,58.0,0.0,-6960000.0,58.0,-7.90909,-7.90909,880000.0,880000.0,https://www.sec.gov/Archives/edgar/data/1539850/000109181815000189/0001091818-15-000189-index.html,https://www.sec.gov/Archives/edgar/data/1539850/000109181815000189/isyg1118201510q.htm,1620598348,18:12:28,20210509
22,2015-06-30,STCB,USD,2015-08-14 00:00:00,2015-08-14 16:34:42,Q2,470000.0,350000.0,120000.0,0.2553191489361702,0.0,422730.0,0.0,420808.0,756853.0,1110000.0,-10850.0,10000.0,-630000.0,-1.3404255319148937,-640000.0,-1.3617021276595744,0.0,-620000.0,-1.3191489361702127,0.0,-620000.0,-1.3191489361702127,-0.70455,-0.70455,880000.0,880000.0,https://www.sec.gov/Archives/edgar/data/1539850/000109181815000127/0001091818-15-000127-index.html,https://www.sec.gov/Archives/edgar/data/1539850/000109181815000127/isyg0811201510q.htm,1620598348,18:12:28,20210509
23,2015-03-31,STCB,USD,2015-04-13 00:00:00,2015-04-13 16:31:49,Q1,1410000.0,550000.0,860000.0,0.6099290780141844,0.0,333037.0,0.0,328570.0,562018.0,1330000.0,-10000.0,10000.0,80000.0,0.05673758865248227,70000.0,0.04964539007092199,10000.0,70000.0,0.04964539007092199,0.0,70000.0,0.04964539007092199,0.08235,0.08235,850000.0,850000.0,https://www.sec.gov/Archives/edgar/data/1539850/000109181815000060/0001091818-15-000060-index.html,https://www.sec.gov/Archives/edgar/data/1539850/000109181815000060/isyg0408201510k.htm,1620598348,18:12:28,20210509
24,2014-12-31,STCB,USD,2014-12-31,2014-12-31,Q4,40000.0,10000.0,30000.0,0.75,0.0,464094.0,0.0,165862.0,539662.0,970000.0,3827.0,10000.000000000002,-920000.0,-23.0,-930000.0,-23.25,0.0,-930000.0,-23.25,0.0,-930000.0,-23.25,-1.19231,-1.19231,780000.0,780000.0,,,1620598348,18:12:28,20210509
25,2014-09-30,STCB,USD,2014-11-14 00:00:00,2014-11-14 14:06:48,Q3,0.0,0.0,0.0,0.857571857572,0.0,368111.0,0.0,112584.0,378282.0,380000.0,5214.0,9999.999999999998,-360000.0,-78.8438438438,-370000.0,-81.4024024024,0.0,-380000.0,-81.4024024024,0.0,-380000.0,-81.4024024024,-0.52055,-0.52055,730000.0,730000.0,https://www.sec.gov/Archives/edgar/data/1539850/000109181814000279/0001091818-14-000279-index.html,https://www.sec.gov/Archives/edgar/data/1539850/000109181814000279/isyg1111201410q.htm,1620598348,18:12:28,20210509
26,2014-06-30,STCB,USD,2014-08-14 00:00:00,2014-08-14 07:17:10,Q2,0.0,0.0,0.0,-12.7368421053,0.0,169521.0,0.0,92664.0,207717.0,210000.0,5547.0,10000.0,-200000.0,-10751.5789474,-210000.0,-11237.1578947,0.0,-210000.0,-11237.1578947,0.0,-210000.0,-11237.1578947,-0.31818,-0.31818,660000.0,660000.0,https://www.sec.gov/Archives/edgar/data/1539850/000109181814000218/0001091818-14-000218-index.html,https://www.sec.gov/Archives/edgar/data/1539850/000109181814000218/isyg0810201410q.htm,1620598348,18:12:28,20210509
27,2014-03-31,STCB,USD,2014-05-15 00:00:00,2014-05-15 12:37:29,Q1,0.0,0.0,0.0,0.16802252816,0.0,166441.0,0.0,92093.0,195337.0,200000.0,3905.0,10000.0,-180000.0,-59.5691489362,-190000.0,-62.173028786,0.0,-200000.0,0.0,0.0,-200000.0,-62.173028786,-0.30303,-0.30303,660000.0,660000.0,https://www.sec.gov/Archives/edgar/data/1539850/000109181814000169/0001091818-14-000169-index.html,https://www.sec.gov/Archives/edgar/data/1539850/000109181814000169/isyg0509201410q.htm,1620598348,18:12:28,20210509
28,2013-12-31,STCB,USD,2013-12-31,2013-12-31,Q4,0.0,20000.0,-20000.0,0.0,0.0,18935.0,0.0,0.0,280596.0,299999.99999999994,0.0,0.0,-300000.0,0.0,-300000.0,0.0,0.0,-300000.0,0.0,0.0,-300000.0,0.0,-0.46875,-0.46875,640000.0,640000.0,,,1620598348,18:12:28,20210509
29,2013-09-30,STCB,USD,2013-11-12 00:00:00,2013-11-12 14:42:25,Q3,10000.0,40000.0,-30000.0,-3.0,0.0,347545.0,0.0,0.0,347545.0,380000.0,0.0,9999.999999999998,-360000.0,-36.0,-370000.0,-37.0,0.0,-410000.0,-41.0,0.0,-410000.0,-41.0,-0.67213,-0.67213,610000.0,610000.0,https://www.sec.gov/Archives/edgar/data/1539850/000109181813000438/0001091818-13-000438-index.html,https://www.sec.gov/Archives/edgar/data/1539850/000109181813000438/isyg1108201310q.htm,1620598348,18:12:28,20210509
30,2013-06-30,STCB,USD,2013-08-13 00:00:00,2013-08-13 15:35:47,Q2,10000.0,10000.0,-10000.0,-1.0,0.0,262943.0,0.0,0.0,262943.0,160000.0,0.0,10000.0,-150000.0,-15.0,-160000.0,-16.0,0.0,-160000.0,-16.0,0.0,-160000.0,-16.0,-0.27586,-0.27586,580000.0,580000.0,https://www.sec.gov/Archives/edgar/data/1539850/000109181813000326/0001091818-13-000326-index.html,https://www.sec.gov/Archives/edgar/data/1539850/000109181813000326/isyg0809201310q.htm,1620598348,18:12:28,20210509
31,2013-03-31,STCB,USD,2013-05-14 00:00:00,2013-05-14 17:02:49,Q1,10000.0,0.0,0.0,0.0,0.0,504118.0,0.0,0.0,504118.0,500000.0,0.0,10000.0,-480000.0,-48.0,-490000.0,-49.0,0.0,-500000.0,-50.0,0.0,-500000.0,-50.0,-0.90909,-0.90909,550000.0,550000.0,https://www.sec.gov/Archives/edgar/data/1539850/000109181813000197/0001091818-13-000197-index.html,https://www.sec.gov/Archives/edgar/data/1539850/000109181813000197/isyg0513201310q.htm,1620598348,18:12:28,20210509
32,2012-12-31,STCB,USD,2013-03-20 00:00:00,2013-03-20 07:44:04,Q4,0.0,0.0,0.0,0.0,0.0,232201.0,0.0,-154990.0,232201.0,220000.0,3652.0,10000.0,-200000.0,0.0,-210000.0,0.0,0.0,-220000.0,0.0,0.0,-220000.0,0.0,-0.4,-0.4,550000.0,550000.0,https://www.sec.gov/Archives/edgar/data/1539850/000109181813000128/0001091818-13-000128-index.html,https://www.sec.gov/Archives/edgar/data/1539850/000109181813000128/isyg0314201310k.htm,1620598348,18:12:28,20210509
33,2012-09-30,STCB,USD,2012-11-13 00:00:00,2012-11-13 17:27:13,Q3,0.0,0.0,0.0,0.0,0.0,230110.0,0.0,0.0,230110.0,230000.0,0.0,0.0,-230000.0,0.0,-230000.0,0.0,0.0,-230000.0,0.0,0.0,-230000.0,0.0,-0.44231,-0.44231,520000.0,520000.0,https://www.sec.gov/Archives/edgar/data/1539850/000109181812000450/0001091818-12-000450-index.html,https://www.sec.gov/Archives/edgar/data/1539850/000109181812000450/isyg1107201210q.htm,1620598348,18:12:28,20210509
34,2012-06-30,STCB,USD,2012-08-16 00:00:00,2012-08-16 16:25:08,Q2,0.0,0.0,0.0,0.0,0.0,235465.0,0.0,154990.0,235465.0,240000.0,-3652.0,10000.0,-230000.0,0.0,-240000.0,0.0,0.0,-240000.0,0.0,0.0,-240000.0,0.0,-0.47059,-0.47059,510000.0,510000.0,https://www.sec.gov/Archives/edgar/data/1539850/000109181812000332/0001091818-12-000332-index.html,https://www.sec.gov/Archives/edgar/data/1539850/000109181812000332/insy0808201210q.htm,1620598348,18:12:28,20210509
35,2012-03-31,STCB,USD,2012-03-31,2012-03-31,Q1,0.0,0.0,0.0,0.0,0.0,179686.0,0.0,0.0,179686.0,180000.0,0.0,0.0,-180000.0,0.0,-180000.0,0.0,0.0,-180000.0,0.0,0.0,-180000.0,0.0,-0.36,-0.36,500000.0,500000.0,,,1620598348,18:12:28,20210509
36,2011-12-31,STCB,USD,2011-12-31,2011-12-31,Q4,0.0,0.0,0.0,0.0,0.0,132301.0,0.0,0.0,132301.0,130000.0,0.0,0.0,-130000.0,0.0,-130000.0,0.0,0.0,-130000.0,0.0,0.0,-130000.0,0.0,-0.20313,-0.20313,640000.0,640000.0,,,1620598348,18:12:28,20210509
37,2011-09-30,STCB,USD,2011-09-30,2011-09-30,Q3,0.0,0.0,0.0,0.0,0.0,1018531.0,0.0,0.0,1018531.0,1020000.0,0.0,0.0,-1020000.0,0.0,-1020000.0,0.0,0.0,-1020000.0,0.0,0.0,-1020000.0,0.0,-2.21739,-2.21739,460000.0,460000.0,,,1620598348,18:12:28,20210509
38,2011-06-30,STCB,USD,2011-06-30,2011-06-30,Q2,0.0,0.0,0.0,0.0,0.0,977342.0,0.0,0.0,977342.0,980000.0,0.0,0.0,-980000.0,0.0,-980000.0,0.0,0.0,-980000.0,0.0,0.0,-980000.0,0.0,6.125,6.125,-160000.0,-160000.0,,,1620598348,18:12:28,20210509
39,2011-03-31,STCB,USD,2011-03-31,2011-03-31,Q1,0.0,0.0,0.0,0.0,0.0,130000.0,0.0,0.0,130000.0,130000.0,0.0,0.0,-140000.0,0.0,-130000.0,0.0,0.0,-140000.0,0.0,0.0,-140000.0,0.0,-0.26923,-0.26923,520000.0,520000.0,,,1620598348,18:12:28,20210509
40,2010-12-31,STCB,USD,2010-12-31,2010-12-31,Q4,0.0,0.0,0.0,0.0,0.0,30000.0,0.0,0.0,30000.0,30000.0,0.0,0.0,-40000.0,0.0,-30000.0,0.0,0.0,-40000.0,0.0,0.0,-40000.0,0.0,-0.07692,-0.07692,520000.0,520000.0,,,1620598348,18:12:28,20210509
