,date,symbol,reportedCurrency,fillingDate,acceptedDate,period,revenue,costOfRevenue,grossProfit,grossProfitRatio,researchAndDevelopmentExpenses,generalAndAdministrativeExpenses,sellingAndMarketingExpenses,otherExpenses,operatingExpenses,costAndExpenses,interestExpense,depreciationAndAmortization,ebitda,ebitdaratio,operatingIncome,operatingIncomeRatio,totalOtherIncomeExpensesNet,incomeBeforeTax,incomeBeforeTaxRatio,incomeTaxExpense,netIncome,netIncomeRatio,eps,epsdiluted,weightedAverageShsOut,weightedAverageShsOutDil,link,finalLink,timestamp,est_time,est_date
0,2019-06-30,RLE.L,GBP,2019-06-30,2019-06-30,Q2,4149000.0,371250.0,3777750.0,0.9105206073752712,0.0,888250.0,0.0,-10250.0,0.0,1259500.0,888500.0,1250.0,2890750.0,0.6967341528079055,2889500.0,0.6964328753916607,0.0,915750.0,0.22071583514099782,0.0,915750.0,0.22071583514099782,0.0049,0.004825,186420598.0,190176814.0,https://find-and-update.company-information.service.gov.uk/search/companies?q=Real+Estate+Investors+PLC,https://find-and-update.company-information.service.gov.uk/search/companies?q=Real+Estate+Investors+PLC,1620597301,17:55:01,20210509
1,2019-03-31,RLE.L,GBP,2019-03-31,2019-03-31,Q1,4149000.0,371250.0,3777750.0,0.9105206073752712,0.0,888250.0,0.0,-10250.0,0.0,1259500.0,888500.0,1250.0,2890750.0,0.6967341528079055,2889500.0,0.6964328753916607,0.0,915750.0,0.22071583514099782,0.0,915750.0,0.22071583514099782,0.0049,0.004825,186420598.0,190176814.0,https://find-and-update.company-information.service.gov.uk/search/companies?q=Real+Estate+Investors+PLC,https://find-and-update.company-information.service.gov.uk/search/companies?q=Real+Estate+Investors+PLC,1620597301,17:55:01,20210509
2,2019-01-31,RLE.L,GBP,2019-01-31,2019-01-31,Q1,4149000.0,371250.0,3777750.0,0.9105206073752712,0.0,888250.0,0.0,-10250.0,0.0,1259500.0,888500.0,1250.0,2890750.0,0.6967341528079055,2889500.0,0.6964328753916607,0.0,915750.0,0.22071583514099782,0.0,915750.0,0.22071583514099782,0.0049,0.004825,186420598.0,190176814.0,https://find-and-update.company-information.service.gov.uk/search/companies?q=Real+Estate+Investors+PLC,https://find-and-update.company-information.service.gov.uk/search/companies?q=Real+Estate+Investors+PLC,1620597301,17:55:01,20210509
3,2018-06-30,RLE.L,GBP,2018-06-30,2018-06-30,Q2,3910500.0,369500.0,3541000.0,0.9055108042449814,0.0,830500.0,0.0,176500.0,0.0,1200000.0,928250.0,1500.0,2712000.0,0.6935174530111239,2710500.0,0.6931338703490603,0.0,2100500.0,0.5371435877764992,28250.0,2072250.0,0.5299194476409667,0.011125,0.010925,186420598.0,189552547.0,https://find-and-update.company-information.service.gov.uk/search/companies?q=Real+Estate+Investors+PLC,https://find-and-update.company-information.service.gov.uk/search/companies?q=Real+Estate+Investors+PLC,1620597301,17:55:01,20210509
4,2018-03-31,RLE.L,GBP,2018-03-31,2018-03-31,Q1,3910500.0,369500.0,3541000.0,0.9055108042449814,0.0,830500.0,0.0,176500.0,0.0,1200000.0,928250.0,1500.0,2712000.0,0.6935174530111239,2710500.0,0.6931338703490603,0.0,2100500.0,0.5371435877764992,28250.0,2072250.0,0.5299194476409667,0.011125,0.010925,186420598.0,189552547.0,https://find-and-update.company-information.service.gov.uk/search/companies?q=Real+Estate+Investors+PLC,https://find-and-update.company-information.service.gov.uk/search/companies?q=Real+Estate+Investors+PLC,1620597301,17:55:01,20210509
5,2018-01-31,RLE.L,GBP,2018-01-31,2018-01-31,Q1,3910500.0,369500.0,3541000.0,0.9055108042449814,0.0,830500.0,0.0,176500.0,0.0,1200000.0,928250.0,1500.0,2712000.0,0.6935174530111239,2710500.0,0.6931338703490603,0.0,2100500.0,0.5371435877764992,28250.0,2072250.0,0.5299194476409667,0.011125,0.010925,186420598.0,189552547.0,https://find-and-update.company-information.service.gov.uk/search/companies?q=Real+Estate+Investors+PLC,https://find-and-update.company-information.service.gov.uk/search/companies?q=Real+Estate+Investors+PLC,1620597301,17:55:01,20210509
6,2017-06-30,RLE.L,GBP,2017-06-30,2017-06-30,Q2,3720000.0,431750.0,3288250.0,0.8839381720430107,0.0,887000.0,0.0,181250.0,0.0,1318750.0,864250.0,1250.0,2402500.0,0.6458333333333334,2401250.0,0.645497311827957,0.0,2820000.0,0.7580645161290323,36250.0,2783750.0,0.7483198924731183,0.014925,0.0147,186420598.0,189306947.0,https://find-and-update.company-information.service.gov.uk/search/companies?q=Real+Estate+Investors+PLC,https://find-and-update.company-information.service.gov.uk/search/companies?q=Real+Estate+Investors+PLC,1620597301,17:55:01,20210509
7,2017-03-31,RLE.L,GBP,2017-03-31,2017-03-31,Q1,3720000.0,431750.0,3288250.0,0.8839381720430107,0.0,887000.0,0.0,181250.0,0.0,1318750.0,864250.0,1250.0,2402500.0,0.6458333333333334,2401250.0,0.645497311827957,0.0,2820000.0,0.7580645161290323,36250.0,2783750.0,0.7483198924731183,0.014925,0.0147,186420598.0,189306947.0,https://find-and-update.company-information.service.gov.uk/search/companies?q=Real+Estate+Investors+PLC,https://find-and-update.company-information.service.gov.uk/search/companies?q=Real+Estate+Investors+PLC,1620597301,17:55:01,20210509
8,2017-01-31,RLE.L,GBP,2017-01-31,2017-01-31,Q1,3720000.0,431750.0,3288250.0,0.8839381720430107,0.0,887000.0,0.0,181250.0,0.0,1318750.0,864250.0,1250.0,2402500.0,0.6458333333333334,2401250.0,0.645497311827957,0.0,2820000.0,0.7580645161290323,36250.0,2783750.0,0.7483198924731183,0.014925,0.0147,186420598.0,189306947.0,https://find-and-update.company-information.service.gov.uk/search/companies?q=Real+Estate+Investors+PLC,https://find-and-update.company-information.service.gov.uk/search/companies?q=Real+Estate+Investors+PLC,1620597301,17:55:01,20210509
9,2016-06-30,RLE.L,GBP,2016-06-30,2016-06-30,Q2,3363250.0,400000.0,2963250.0,0.8810674199063406,0.0,875750.0,0.0,-141500.0,0.0,1275750.0,789250.0,1000.0,2088500.0,0.6209767338140192,2087500.0,0.620679402363785,0.0,2050750.0,0.6097524715676801,30250.0,2020500.0,0.600758195198097,0.01085,0.0107,186420598.0,188827343.0,https://find-and-update.company-information.service.gov.uk/search/companies?q=Real+Estate+Investors+PLC,https://find-and-update.company-information.service.gov.uk/search/companies?q=Real+Estate+Investors+PLC,1620597301,17:55:01,20210509
10,2016-03-31,RLE.L,GBP,2016-03-31,2016-03-31,Q1,3363250.0,400000.0,2963250.0,0.8810674199063406,0.0,875750.0,0.0,-141500.0,0.0,1275750.0,789250.0,1000.0,2088500.0,0.6209767338140192,2087500.0,0.620679402363785,0.0,2050750.0,0.6097524715676801,30250.0,2020500.0,0.600758195198097,0.01085,0.0107,186420598.0,188827343.0,https://find-and-update.company-information.service.gov.uk/search/companies?q=Real+Estate+Investors+PLC,https://find-and-update.company-information.service.gov.uk/search/companies?q=Real+Estate+Investors+PLC,1620597301,17:55:01,20210509
11,2016-01-31,RLE.L,GBP,2016-01-31,2016-01-31,Q1,3363250.0,400000.0,2963250.0,0.8810674199063406,0.0,875750.0,0.0,-141500.0,0.0,1275750.0,789250.0,1000.0,2088500.0,0.6209767338140192,2087500.0,0.620679402363785,0.0,2050750.0,0.6097524715676801,30250.0,2020500.0,0.600758195198097,0.01085,0.0107,186420598.0,188827343.0,https://find-and-update.company-information.service.gov.uk/search/companies?q=Real+Estate+Investors+PLC,https://find-and-update.company-information.service.gov.uk/search/companies?q=Real+Estate+Investors+PLC,1620597301,17:55:01,20210509
12,2015-09-30,RLE.L,GBP,2015-09-30,2015-09-30,Q3,2095250.0,369250.0,1726000.0,0.8237680467724615,0.0,768000.0,0.0,167250.0,0.0,1137250.0,652250.0,750.0,958750.0,0.4575826273714354,958000.0,0.45722467485980195,0.0,3061000.0,1.4609235174800144,39250.0,3021750.0,1.4421906693711968,0.01865,0.0185,161968543.0,163343543.0,https://find-and-update.company-information.service.gov.uk/search/companies?q=Real+Estate+Investors+PLC,https://find-and-update.company-information.service.gov.uk/search/companies?q=Real+Estate+Investors+PLC,1620597301,17:55:01,20210509
13,2015-06-30,RLE.L,GBP,2015-06-30,2015-06-30,Q2,2095250.0,369250.0,1726000.0,0.8237680467724615,0.0,768000.0,0.0,167250.0,0.0,1137250.0,652250.0,750.0,958750.0,0.4575826273714354,958000.0,0.45722467485980195,0.0,3061000.0,1.4609235174800144,39250.0,3021750.0,1.4421906693711968,0.01865,0.0185,161968543.0,163343543.0,https://find-and-update.company-information.service.gov.uk/search/companies?q=Real+Estate+Investors+PLC,https://find-and-update.company-information.service.gov.uk/search/companies?q=Real+Estate+Investors+PLC,1620597301,17:55:01,20210509
14,2015-03-31,RLE.L,GBP,2015-03-31,2015-03-31,Q1,2095250.0,369250.0,1726000.0,0.8237680467724615,0.0,768000.0,0.0,167250.0,0.0,1137250.0,652250.0,750.0,958750.0,0.4575826273714354,958000.0,0.45722467485980195,0.0,3061000.0,1.4609235174800144,39250.0,3021750.0,1.4421906693711968,0.01865,0.0185,161968543.0,163343543.0,https://find-and-update.company-information.service.gov.uk/search/companies?q=Real+Estate+Investors+PLC,https://find-and-update.company-information.service.gov.uk/search/companies?q=Real+Estate+Investors+PLC,1620597301,17:55:01,20210509
15,2015-01-31,RLE.L,GBP,2015-01-31,2015-01-31,Q1,2095250.0,369250.0,1726000.0,0.8237680467724615,0.0,768000.0,0.0,167250.0,0.0,1137250.0,652250.0,750.0,958750.0,0.4575826273714354,958000.0,0.45722467485980195,0.0,3061000.0,1.4609235174800144,39250.0,3021750.0,1.4421906693711968,0.01865,0.0185,161968543.0,163343543.0,https://find-and-update.company-information.service.gov.uk/search/companies?q=Real+Estate+Investors+PLC,https://find-and-update.company-information.service.gov.uk/search/companies?q=Real+Estate+Investors+PLC,1620597301,17:55:01,20210509
16,2014-09-30,RLE.L,GBP,2014-09-30,2014-09-30,Q3,2004000.0,613000.0,1391000.0,0.6941117764471058,0.0,635500.0,0.0,-361250.0,0.0,1248500.0,668000.0,2000.0,757500.0,0.37799401197604793,755500.0,0.37699600798403193,0.0,1502250.0,0.749625748502994,490000.0,1012250.0,0.5051147704590818,0.010125,0.010125,100023337.0,100023337.0,https://find-and-update.company-information.service.gov.uk/search/companies?q=Real+Estate+Investors+PLC,https://find-and-update.company-information.service.gov.uk/search/companies?q=Real+Estate+Investors+PLC,1620597301,17:55:01,20210509
17,2014-06-30,RLE.L,GBP,2014-06-30,2014-06-30,Q2,2004000.0,613000.0,1391000.0,0.6941117764471058,0.0,635500.0,0.0,-361250.0,0.0,1248500.0,668000.0,2000.0,757500.0,0.37799401197604793,755500.0,0.37699600798403193,0.0,1502250.0,0.749625748502994,490000.0,1012250.0,0.5051147704590818,0.010125,0.010125,100023337.0,100023337.0,https://find-and-update.company-information.service.gov.uk/search/companies?q=Real+Estate+Investors+PLC,https://find-and-update.company-information.service.gov.uk/search/companies?q=Real+Estate+Investors+PLC,1620597301,17:55:01,20210509
18,2014-03-31,RLE.L,GBP,2014-03-31,2014-03-31,Q1,2004000.0,613000.0,1391000.0,0.6941117764471058,0.0,635500.0,0.0,-361250.0,0.0,1248500.0,668000.0,2000.0,757500.0,0.37799401197604793,755500.0,0.37699600798403193,0.0,1502250.0,0.749625748502994,490000.0,1012250.0,0.5051147704590818,0.010125,0.010125,100023337.0,100023337.0,https://find-and-update.company-information.service.gov.uk/search/companies?q=Real+Estate+Investors+PLC,https://find-and-update.company-information.service.gov.uk/search/companies?q=Real+Estate+Investors+PLC,1620597301,17:55:01,20210509
19,2014-01-31,RLE.L,GBP,2014-01-31,2014-01-31,Q1,2004000.0,613000.0,1391000.0,0.6941117764471058,0.0,635500.0,0.0,-361250.0,0.0,1248500.0,668000.0,2000.0,757500.0,0.37799401197604793,755500.0,0.37699600798403193,0.0,1502250.0,0.749625748502994,490000.0,1012250.0,0.5051147704590818,0.010125,0.010125,100023337.0,100023337.0,https://find-and-update.company-information.service.gov.uk/search/companies?q=Real+Estate+Investors+PLC,https://find-and-update.company-information.service.gov.uk/search/companies?q=Real+Estate+Investors+PLC,1620597301,17:55:01,20210509
20,2013-09-30,RLE.L,GBP,2013-09-30,2013-09-30,Q3,1659500.0,517250.0,1142250.0,0.6883097318469419,0.0,418750.0,0.0,515500.0,0.0,936000.0,648750.0,2750.0,726250.0,0.43763181681229285,723500.0,0.4359746911720398,0.0,1239000.0,0.746610424826755,338750.0,900250.0,0.5424826755046701,0.0126,0.0126,71420598.0,71420598.0,https://find-and-update.company-information.service.gov.uk/search/companies?q=Real+Estate+Investors+PLC,https://find-and-update.company-information.service.gov.uk/search/companies?q=Real+Estate+Investors+PLC,1620597301,17:55:01,20210509
21,2013-06-30,RLE.L,GBP,2013-06-30,2013-06-30,Q2,1659500.0,517250.0,1142250.0,0.6883097318469419,0.0,418750.0,0.0,515500.0,0.0,936000.0,648750.0,2750.0,726250.0,0.43763181681229285,723500.0,0.4359746911720398,0.0,1239000.0,0.746610424826755,338750.0,900250.0,0.5424826755046701,0.0126,0.0126,71420598.0,71420598.0,https://find-and-update.company-information.service.gov.uk/search/companies?q=Real+Estate+Investors+PLC,https://find-and-update.company-information.service.gov.uk/search/companies?q=Real+Estate+Investors+PLC,1620597301,17:55:01,20210509
22,2013-03-31,RLE.L,GBP,2013-03-31,2013-03-31,Q1,1659500.0,517250.0,1142250.0,0.6883097318469419,0.0,418750.0,0.0,515500.0,0.0,936000.0,648750.0,2750.0,726250.0,0.43763181681229285,723500.0,0.4359746911720398,0.0,1239000.0,0.746610424826755,338750.0,900250.0,0.5424826755046701,0.0126,0.0126,71420598.0,71420598.0,https://find-and-update.company-information.service.gov.uk/search/companies?q=Real+Estate+Investors+PLC,https://find-and-update.company-information.service.gov.uk/search/companies?q=Real+Estate+Investors+PLC,1620597301,17:55:01,20210509
23,2013-01-31,RLE.L,GBP,2013-01-31,2013-01-31,Q1,1659500.0,517250.0,1142250.0,0.6883097318469419,0.0,418750.0,0.0,515500.0,0.0,936000.0,648750.0,2750.0,726250.0,0.43763181681229285,723500.0,0.4359746911720398,0.0,1239000.0,0.746610424826755,338750.0,900250.0,0.5424826755046701,0.0126,0.0126,71420598.0,71420598.0,https://find-and-update.company-information.service.gov.uk/search/companies?q=Real+Estate+Investors+PLC,https://find-and-update.company-information.service.gov.uk/search/companies?q=Real+Estate+Investors+PLC,1620597301,17:55:01,20210509
24,2012-09-30,RLE.L,GBP,2012-09-30,2012-09-30,Q3,1530500.0,358500.0,1172000.0,0.7657628226069911,0.0,468500.0,0.0,-80000.0,0.0,827000.0,601000.0,2750.0,706250.0,0.4614505063704672,703500.0,0.4596537079385822,0.0,250500.0,0.163672002613525,158750.0,91750.0,0.059947729500163346,0.00125,0.00125,71420598.0,71420598.0,https://find-and-update.company-information.service.gov.uk/search/companies?q=Real+Estate+Investors+PLC,https://find-and-update.company-information.service.gov.uk/search/companies?q=Real+Estate+Investors+PLC,1620597301,17:55:01,20210509
25,2012-06-30,RLE.L,GBP,2012-06-30,2012-06-30,Q2,1530500.0,358500.0,1172000.0,0.7657628226069911,0.0,468500.0,0.0,-80000.0,0.0,827000.0,601000.0,2750.0,706250.0,0.4614505063704672,703500.0,0.4596537079385822,0.0,250500.0,0.163672002613525,158750.0,91750.0,0.059947729500163346,0.00125,0.00125,71420598.0,71420598.0,https://find-and-update.company-information.service.gov.uk/search/companies?q=Real+Estate+Investors+PLC,https://find-and-update.company-information.service.gov.uk/search/companies?q=Real+Estate+Investors+PLC,1620597301,17:55:01,20210509
26,2012-03-31,RLE.L,GBP,2012-03-31,2012-03-31,Q1,1530500.0,358500.0,1172000.0,0.7657628226069911,0.0,468500.0,0.0,-80000.0,0.0,827000.0,601000.0,2750.0,706250.0,0.4614505063704672,703500.0,0.4596537079385822,0.0,250500.0,0.163672002613525,158750.0,91750.0,0.059947729500163346,0.00125,0.00125,71420598.0,71420598.0,https://find-and-update.company-information.service.gov.uk/search/companies?q=Real+Estate+Investors+PLC,https://find-and-update.company-information.service.gov.uk/search/companies?q=Real+Estate+Investors+PLC,1620597301,17:55:01,20210509
27,2012-01-31,RLE.L,GBP,2012-01-31,2012-01-31,Q1,1530500.0,358500.0,1172000.0,0.7657628226069911,0.0,468500.0,0.0,-80000.0,0.0,827000.0,601000.0,2750.0,706250.0,0.4614505063704672,703500.0,0.4596537079385822,0.0,250500.0,0.163672002613525,158750.0,91750.0,0.059947729500163346,0.00125,0.00125,71420598.0,71420598.0,https://find-and-update.company-information.service.gov.uk/search/companies?q=Real+Estate+Investors+PLC,https://find-and-update.company-information.service.gov.uk/search/companies?q=Real+Estate+Investors+PLC,1620597301,17:55:01,20210509
28,2011-09-30,RLE.L,GBP,2011-09-30,2011-09-30,Q3,1224250.0,325000.0,899250.0,0.7345313457218705,0.0,340500.0,0.0,-500.0,303750.0,660500.0,584250.0,3000.0,566750.0,0.46293649172963036,563750.0,0.46048601184398613,0.0,-1673000.0,-1.3665509495609558,-415750.0,-1257250.0,-1.026955278742087,-0.0215,-0.0215,595252057.0,595252057.0,https://find-and-update.company-information.service.gov.uk/search/companies?q=Real+Estate+Investors+PLC,https://find-and-update.company-information.service.gov.uk/search/companies?q=Real+Estate+Investors+PLC,1620597301,17:55:01,20210509
29,2011-06-30,RLE.L,GBP,2011-06-30,2011-06-30,Q2,1224250.0,325000.0,899250.0,0.7345313457218705,0.0,340500.0,0.0,-500.0,303750.0,660500.0,584250.0,3000.0,566750.0,0.46293649172963036,563750.0,0.46048601184398613,0.0,-1673000.0,-1.3665509495609558,-415750.0,-1257250.0,-1.026955278742087,-0.0215,-0.0215,595252057.0,595252057.0,https://find-and-update.company-information.service.gov.uk/search/companies?q=Real+Estate+Investors+PLC,https://find-and-update.company-information.service.gov.uk/search/companies?q=Real+Estate+Investors+PLC,1620597301,17:55:01,20210509
30,2011-03-31,RLE.L,GBP,2011-03-31,2011-03-31,Q1,1224250.0,325000.0,899250.0,0.7345313457218705,0.0,340500.0,0.0,-500.0,303750.0,660500.0,584250.0,3000.0,566750.0,0.46293649172963036,563750.0,0.46048601184398613,0.0,-1673000.0,-1.3665509495609558,-415750.0,-1257250.0,-1.026955278742087,-0.0215,-0.0215,595252057.0,595252057.0,https://find-and-update.company-information.service.gov.uk/search/companies?q=Real+Estate+Investors+PLC,https://find-and-update.company-information.service.gov.uk/search/companies?q=Real+Estate+Investors+PLC,1620597301,17:55:01,20210509
31,2011-01-31,RLE.L,GBP,2011-01-31,2011-01-31,Q1,1224250.0,325000.0,899250.0,0.7345313457218705,0.0,340500.0,0.0,-500.0,303750.0,660500.0,584250.0,3000.0,566750.0,0.46293649172963036,563750.0,0.46048601184398613,0.0,-1673000.0,-1.3665509495609558,-415750.0,-1257250.0,-1.026955278742087,-0.0215,-0.0215,595252057.0,595252057.0,https://find-and-update.company-information.service.gov.uk/search/companies?q=Real+Estate+Investors+PLC,https://find-and-update.company-information.service.gov.uk/search/companies?q=Real+Estate+Investors+PLC,1620597301,17:55:01,20210509
32,2010-09-30,RLE.L,GBP,2010-09-30,2010-09-30,Q3,1005000.0,312750.0,692250.0,0.6888059701492537,0.0,335000.0,0.0,2250.0,261250.0,599000.0,604500.0,1750.0,407750.0,0.40572139303482585,406000.0,0.4039800995024876,0.0,-1397250.0,-1.3902985074626866,-200250.0,-1197000.0,-1.191044776119403,-0.2525,-0.2525,47347232.0,47347232.0,https://find-and-update.company-information.service.gov.uk/search/companies?q=Real+Estate+Investors+PLC,https://find-and-update.company-information.service.gov.uk/search/companies?q=Real+Estate+Investors+PLC,1620597301,17:55:01,20210509
33,2010-06-30,RLE.L,GBP,2010-06-30,2010-06-30,Q2,1005000.0,312750.0,692250.0,0.6888059701492537,0.0,335000.0,0.0,2250.0,261250.0,599000.0,604500.0,1750.0,407750.0,0.40572139303482585,406000.0,0.4039800995024876,0.0,-1397250.0,-1.3902985074626866,-200250.0,-1197000.0,-1.191044776119403,-0.2525,-0.2525,47347232.0,47347232.0,https://find-and-update.company-information.service.gov.uk/search/companies?q=Real+Estate+Investors+PLC,https://find-and-update.company-information.service.gov.uk/search/companies?q=Real+Estate+Investors+PLC,1620597301,17:55:01,20210509
34,2010-03-31,RLE.L,GBP,2010-03-31,2010-03-31,Q1,1005000.0,312750.0,692250.0,0.6888059701492537,0.0,335000.0,0.0,2250.0,261250.0,599000.0,604500.0,1750.0,407750.0,0.40572139303482585,406000.0,0.4039800995024876,0.0,-1397250.0,-1.3902985074626866,-200250.0,-1197000.0,-1.191044776119403,-0.2525,-0.2525,47347232.0,47347232.0,https://find-and-update.company-information.service.gov.uk/search/companies?q=Real+Estate+Investors+PLC,https://find-and-update.company-information.service.gov.uk/search/companies?q=Real+Estate+Investors+PLC,1620597301,17:55:01,20210509
35,2010-01-31,RLE.L,GBP,2010-01-31,2010-01-31,Q1,1005000.0,312750.0,692250.0,0.6888059701492537,0.0,335000.0,0.0,2250.0,261250.0,599000.0,604500.0,1750.0,407750.0,0.40572139303482585,406000.0,0.4039800995024876,0.0,-1397250.0,-1.3902985074626866,-200250.0,-1197000.0,-1.191044776119403,-0.2525,-0.2525,47347232.0,47347232.0,https://find-and-update.company-information.service.gov.uk/search/companies?q=Real+Estate+Investors+PLC,https://find-and-update.company-information.service.gov.uk/search/companies?q=Real+Estate+Investors+PLC,1620597301,17:55:01,20210509
36,2009-09-30,RLE.L,GBP,2009-09-30,2009-09-30,Q3,811000.0,136000.0,675000.0,0.8323057953144266,0.0,296250.0,0.0,-2000.0,6500.0,162250.0,577750.0,2000.0,650750.0,0.8024044389642416,648750.0,0.7999383477188656,0.0,1086250.0,1.3393958076448829,306000.0,780250.0,0.9620838471023427,0.02275,0.02125,34071432.0,36804256.0,https://find-and-update.company-information.service.gov.uk/search/companies?q=Real+Estate+Investors+PLC,https://find-and-update.company-information.service.gov.uk/search/companies?q=Real+Estate+Investors+PLC,1620597301,17:55:01,20210509
37,2009-06-30,RLE.L,GBP,2009-06-30,2009-06-30,Q2,811000.0,136000.0,675000.0,0.8323057953144266,0.0,296250.0,0.0,-2000.0,6500.0,162250.0,577750.0,2000.0,650750.0,0.8024044389642416,648750.0,0.7999383477188656,0.0,1086250.0,1.3393958076448829,306000.0,780250.0,0.9620838471023427,0.02275,0.02125,34071432.0,36804256.0,https://find-and-update.company-information.service.gov.uk/search/companies?q=Real+Estate+Investors+PLC,https://find-and-update.company-information.service.gov.uk/search/companies?q=Real+Estate+Investors+PLC,1620597301,17:55:01,20210509
38,2009-03-31,RLE.L,GBP,2009-03-31,2009-03-31,Q1,811000.0,136000.0,675000.0,0.8323057953144266,0.0,296250.0,0.0,-2000.0,6500.0,162250.0,577750.0,2000.0,650750.0,0.8024044389642416,648750.0,0.7999383477188656,0.0,1086250.0,1.3393958076448829,306000.0,780250.0,0.9620838471023427,0.02275,0.02125,34071432.0,36804256.0,https://find-and-update.company-information.service.gov.uk/search/companies?q=Real+Estate+Investors+PLC,https://find-and-update.company-information.service.gov.uk/search/companies?q=Real+Estate+Investors+PLC,1620597301,17:55:01,20210509
39,2009-01-31,RLE.L,GBP,2009-01-31,2009-01-31,Q1,811000.0,136000.0,675000.0,0.8323057953144266,0.0,296250.0,0.0,-2000.0,6500.0,162250.0,577750.0,2000.0,650750.0,0.8024044389642416,648750.0,0.7999383477188656,0.0,1086250.0,1.3393958076448829,306000.0,780250.0,0.9620838471023427,0.02275,0.02125,34071432.0,36804256.0,https://find-and-update.company-information.service.gov.uk/search/companies?q=Real+Estate+Investors+PLC,https://find-and-update.company-information.service.gov.uk/search/companies?q=Real+Estate+Investors+PLC,1620597301,17:55:01,20210509
40,2008-09-30,RLE.L,GBP,2008-09-30,2008-09-30,Q3,751500.0,769750.0,-18250.0,-0.02428476380572189,0.0,292250.0,0.0,-83750.0,351750.0,1145750.0,543500.0,6250.0,-388000.0,-0.5163007318695941,-394250.0,-0.5246174318030605,0.0,-3917750.0,-5.213240186294079,-1146000.0,-2771750.0,-3.688290086493679,-0.08125,-0.08125,34071432.0,34071432.0,https://find-and-update.company-information.service.gov.uk/search/companies?q=Real+Estate+Investors+PLC,https://find-and-update.company-information.service.gov.uk/search/companies?q=Real+Estate+Investors+PLC,1620597301,17:55:01,20210509
41,2008-06-30,RLE.L,GBP,2008-06-30,2008-06-30,Q2,751500.0,769750.0,-18250.0,-0.02428476380572189,0.0,292250.0,0.0,-83750.0,351750.0,1145750.0,543500.0,6250.0,-388000.0,-0.5163007318695941,-394250.0,-0.5246174318030605,0.0,-3917750.0,-5.213240186294079,-1146000.0,-2771750.0,-3.688290086493679,-0.08125,-0.08125,34071432.0,34071432.0,https://find-and-update.company-information.service.gov.uk/search/companies?q=Real+Estate+Investors+PLC,https://find-and-update.company-information.service.gov.uk/search/companies?q=Real+Estate+Investors+PLC,1620597301,17:55:01,20210509
42,2008-03-31,RLE.L,GBP,2008-03-31,2008-03-31,Q1,751500.0,769750.0,-18250.0,-0.02428476380572189,0.0,292250.0,0.0,-83750.0,351750.0,1145750.0,543500.0,6250.0,-388000.0,-0.5163007318695941,-394250.0,-0.5246174318030605,0.0,-3917750.0,-5.213240186294079,-1146000.0,-2771750.0,-3.688290086493679,-0.08125,-0.08125,34071432.0,34071432.0,https://find-and-update.company-information.service.gov.uk/search/companies?q=Real+Estate+Investors+PLC,https://find-and-update.company-information.service.gov.uk/search/companies?q=Real+Estate+Investors+PLC,1620597301,17:55:01,20210509
43,2008-01-31,RLE.L,GBP,2008-01-31,2008-01-31,Q1,751500.0,769750.0,-18250.0,-0.02428476380572189,0.0,292250.0,0.0,-83750.0,351750.0,1145750.0,543500.0,6250.0,-388000.0,-0.5163007318695941,-394250.0,-0.5246174318030605,0.0,-3917750.0,-5.213240186294079,-1146000.0,-2771750.0,-3.688290086493679,-0.08125,-0.08125,34071432.0,34071432.0,https://find-and-update.company-information.service.gov.uk/search/companies?q=Real+Estate+Investors+PLC,https://find-and-update.company-information.service.gov.uk/search/companies?q=Real+Estate+Investors+PLC,1620597301,17:55:01,20210509
44,2007-09-30,RLE.L,GBP,2007-09-30,2007-09-30,Q3,790000.0,278250.0,511750.0,0.6477848101265823,0.0,241750.0,0.0,1250.0,177500.0,476000.0,263500.0,6500.0,320500.0,0.40569620253164557,314000.0,0.39746835443037976,0.0,444250.0,0.5623417721518987,137000.0,307250.0,0.3889240506329114,0.009,0.0085,34071432.0,36969387.0,https://find-and-update.company-information.service.gov.uk/search/companies?q=Real+Estate+Investors+PLC,https://find-and-update.company-information.service.gov.uk/search/companies?q=Real+Estate+Investors+PLC,1620597301,17:55:01,20210509
45,2007-06-30,RLE.L,GBP,2007-06-30,2007-06-30,Q2,790000.0,278250.0,511750.0,0.6477848101265823,0.0,241750.0,0.0,1250.0,177500.0,476000.0,263500.0,6500.0,320500.0,0.40569620253164557,314000.0,0.39746835443037976,0.0,444250.0,0.5623417721518987,137000.0,307250.0,0.3889240506329114,0.009,0.0085,34071432.0,36969387.0,https://find-and-update.company-information.service.gov.uk/search/companies?q=Real+Estate+Investors+PLC,https://find-and-update.company-information.service.gov.uk/search/companies?q=Real+Estate+Investors+PLC,1620597301,17:55:01,20210509
46,2007-03-31,RLE.L,GBP,2007-03-31,2007-03-31,Q1,790000.0,278250.0,511750.0,0.6477848101265823,0.0,241750.0,0.0,1250.0,177500.0,476000.0,263500.0,6500.0,320500.0,0.40569620253164557,314000.0,0.39746835443037976,0.0,444250.0,0.5623417721518987,137000.0,307250.0,0.3889240506329114,0.009,0.0085,34071432.0,36969387.0,https://find-and-update.company-information.service.gov.uk/search/companies?q=Real+Estate+Investors+PLC,https://find-and-update.company-information.service.gov.uk/search/companies?q=Real+Estate+Investors+PLC,1620597301,17:55:01,20210509
47,2007-01-31,RLE.L,GBP,2007-01-31,2007-01-31,Q1,790000.0,278250.0,511750.0,0.6477848101265823,0.0,241750.0,0.0,1250.0,177500.0,476000.0,263500.0,6500.0,320500.0,0.40569620253164557,314000.0,0.39746835443037976,0.0,444250.0,0.5623417721518987,137000.0,307250.0,0.3889240506329114,0.009,0.0085,34071432.0,36969387.0,https://find-and-update.company-information.service.gov.uk/search/companies?q=Real+Estate+Investors+PLC,https://find-and-update.company-information.service.gov.uk/search/companies?q=Real+Estate+Investors+PLC,1620597301,17:55:01,20210509
48,2006-09-30,RLE.L,GBP,2006-09-30,2006-09-30,Q3,356250.0,0.0,0.0,0.0,0.0,217250.0,0.0,2250.0,251000.0,263500.0,242500.0,6250.0,99000.0,0.27789473684210525,92750.0,0.26035087719298244,0.0,-106000.0,-0.29754385964912283,-22500.0,-83500.0,-0.2343859649122807,-0.01025,-0.01025,8208557.0,8208557.0,https://find-and-update.company-information.service.gov.uk/search/companies?q=Real+Estate+Investors+PLC,https://find-and-update.company-information.service.gov.uk/search/companies?q=Real+Estate+Investors+PLC,1620597301,17:55:01,20210509
49,2006-06-30,RLE.L,GBP,2006-06-30,2006-06-30,Q2,356250.0,0.0,0.0,0.0,0.0,217250.0,0.0,2250.0,251000.0,263500.0,242500.0,6250.0,99000.0,0.27789473684210525,92750.0,0.26035087719298244,0.0,-106000.0,-0.29754385964912283,-22500.0,-83500.0,-0.2343859649122807,-0.01025,-0.01025,8208557.0,8208557.0,https://find-and-update.company-information.service.gov.uk/search/companies?q=Real+Estate+Investors+PLC,https://find-and-update.company-information.service.gov.uk/search/companies?q=Real+Estate+Investors+PLC,1620597301,17:55:01,20210509
50,2006-03-31,RLE.L,GBP,2006-03-31,2006-03-31,Q1,356250.0,0.0,0.0,0.0,0.0,217250.0,0.0,2250.0,251000.0,263500.0,242500.0,6250.0,99000.0,0.27789473684210525,92750.0,0.26035087719298244,0.0,-106000.0,-0.29754385964912283,-22500.0,-83500.0,-0.2343859649122807,-0.01025,-0.01025,8208557.0,8208557.0,https://find-and-update.company-information.service.gov.uk/search/companies?q=Real+Estate+Investors+PLC,https://find-and-update.company-information.service.gov.uk/search/companies?q=Real+Estate+Investors+PLC,1620597301,17:55:01,20210509
51,2006-01-31,RLE.L,GBP,2006-01-31,2006-01-31,Q1,356250.0,0.0,0.0,0.0,0.0,217250.0,0.0,2250.0,251000.0,263500.0,242500.0,6250.0,99000.0,0.27789473684210525,92750.0,0.26035087719298244,0.0,-106000.0,-0.29754385964912283,-22500.0,-83500.0,-0.2343859649122807,-0.01025,-0.01025,8208557.0,8208557.0,https://find-and-update.company-information.service.gov.uk/search/companies?q=Real+Estate+Investors+PLC,https://find-and-update.company-information.service.gov.uk/search/companies?q=Real+Estate+Investors+PLC,1620597301,17:55:01,20210509
52,2005-09-30,RLE.L,GBP,2005-09-30,2005-09-30,Q3,295250.0,0.0,0.0,0.0,0.0,110250.0,0.0,0.0,101500.0,111250.0,213250.0,6250.0,190250.0,0.6443691786621507,184000.0,0.6232006773920407,0.0,5000.0,0.01693480101608806,1500.0,3500.0,0.011854360711261643,0.0007869219861281392,0.0007379040657249043,4447709.0,4743164.0,https://find-and-update.company-information.service.gov.uk/search/companies?q=Real+Estate+Investors+PLC,https://find-and-update.company-information.service.gov.uk/search/companies?q=Real+Estate+Investors+PLC,1620597301,17:55:01,20210509
53,2005-06-30,RLE.L,GBP,2005-06-30,2005-06-30,Q2,295250.0,0.0,0.0,0.0,0.0,110250.0,0.0,0.0,101500.0,111250.0,213250.0,6250.0,190250.0,0.6443691786621507,184000.0,0.6232006773920407,0.0,5000.0,0.01693480101608806,1500.0,3500.0,0.011854360711261643,0.0007869219861281392,0.0007379040657249043,4447709.0,4743164.0,https://find-and-update.company-information.service.gov.uk/search/companies?q=Real+Estate+Investors+PLC,https://find-and-update.company-information.service.gov.uk/search/companies?q=Real+Estate+Investors+PLC,1620597301,17:55:01,20210509
54,2005-03-31,RLE.L,GBP,2005-03-31,2005-03-31,Q1,295250.0,0.0,0.0,0.0,0.0,110250.0,0.0,0.0,101500.0,111250.0,213250.0,6250.0,190250.0,0.6443691786621507,184000.0,0.6232006773920407,0.0,5000.0,0.01693480101608806,1500.0,3500.0,0.011854360711261643,0.0007869219861281392,0.0007379040657249043,4447709.0,4743164.0,https://find-and-update.company-information.service.gov.uk/search/companies?q=Real+Estate+Investors+PLC,https://find-and-update.company-information.service.gov.uk/search/companies?q=Real+Estate+Investors+PLC,1620597301,17:55:01,20210509
55,2005-01-31,RLE.L,GBP,2005-01-31,2005-01-31,Q1,295250.0,0.0,0.0,0.0,0.0,110250.0,0.0,0.0,101500.0,111250.0,213250.0,6250.0,190250.0,0.6443691786621507,184000.0,0.6232006773920407,0.0,5000.0,0.01693480101608806,1500.0,3500.0,0.011854360711261643,0.0007869219861281392,0.0007379040657249043,4447709.0,4743164.0,https://find-and-update.company-information.service.gov.uk/search/companies?q=Real+Estate+Investors+PLC,https://find-and-update.company-information.service.gov.uk/search/companies?q=Real+Estate+Investors+PLC,1620597301,17:55:01,20210509
56,2004-09-30,RLE.L,GBP,2004-09-30,2004-09-30,Q3,53500.0,0.0,0.0,0.0,0.0,54500.0,0.0,0.0,49750.0,53500.0,28500.0,2500.0,7750.0,6.903225806451613,0.0,0.0,0.0,-24250.0,-0.4532710280373832,-7500.0,-16750.0,-0.3130841121495327,-0.009,-0.009,1892781.0,1892781.0,https://find-and-update.company-information.service.gov.uk/search/companies?q=Real+Estate+Investors+PLC,https://find-and-update.company-information.service.gov.uk/search/companies?q=Real+Estate+Investors+PLC,1620597301,17:55:01,20210509
57,2004-06-30,RLE.L,GBP,2004-06-30,2004-06-30,Q2,53500.0,0.0,0.0,0.0,0.0,54500.0,0.0,0.0,49750.0,53500.0,28500.0,2500.0,7750.0,6.903225806451613,0.0,0.0,0.0,-24250.0,-0.4532710280373832,-7500.0,-16750.0,-0.3130841121495327,-0.009,-0.009,1892781.0,1892781.0,https://find-and-update.company-information.service.gov.uk/search/companies?q=Real+Estate+Investors+PLC,https://find-and-update.company-information.service.gov.uk/search/companies?q=Real+Estate+Investors+PLC,1620597301,17:55:01,20210509
58,2004-03-31,RLE.L,GBP,2004-03-31,2004-03-31,Q1,53500.0,0.0,0.0,0.0,0.0,54500.0,0.0,0.0,49750.0,53500.0,28500.0,2500.0,7750.0,6.903225806451613,0.0,0.0,0.0,-24250.0,-0.4532710280373832,-7500.0,-16750.0,-0.3130841121495327,-0.009,-0.009,1892781.0,1892781.0,https://find-and-update.company-information.service.gov.uk/search/companies?q=Real+Estate+Investors+PLC,https://find-and-update.company-information.service.gov.uk/search/companies?q=Real+Estate+Investors+PLC,1620597301,17:55:01,20210509
59,2004-01-31,RLE.L,GBP,2004-01-31,2004-01-31,Q1,53500.0,0.0,0.0,0.0,0.0,54500.0,0.0,0.0,49750.0,53500.0,28500.0,2500.0,7750.0,6.903225806451613,0.0,0.0,0.0,-24250.0,-0.4532710280373832,-7500.0,-16750.0,-0.3130841121495327,-0.009,-0.009,1892781.0,1892781.0,https://find-and-update.company-information.service.gov.uk/search/companies?q=Real+Estate+Investors+PLC,https://find-and-update.company-information.service.gov.uk/search/companies?q=Real+Estate+Investors+PLC,1620597301,17:55:01,20210509
