,date,symbol,reportedCurrency,fillingDate,acceptedDate,period,revenue,costOfRevenue,grossProfit,grossProfitRatio,researchAndDevelopmentExpenses,generalAndAdministrativeExpenses,sellingAndMarketingExpenses,otherExpenses,operatingExpenses,costAndExpenses,interestExpense,depreciationAndAmortization,ebitda,ebitdaratio,operatingIncome,operatingIncomeRatio,totalOtherIncomeExpensesNet,incomeBeforeTax,incomeBeforeTaxRatio,incomeTaxExpense,netIncome,netIncomeRatio,eps,epsdiluted,weightedAverageShsOut,weightedAverageShsOutDil,link,finalLink,timestamp,est_time,est_date
0,2020-12-31,PRMW.TO,USD,2020-12-31,2020-12-31,Q4,505000000,223200000.0,281800000.0,0.5580198019801981,0.0,247600000.0,0.0,-18100000.0,247600000.0,470800000.0,20800000.0,50700000.0,84900000.0,0.16811881188118813,34200000.0,0.06772277227722773,-27800000.0,-14400000.0,-0.028514851485148516,5600000.0,-21200000.0,-0.04198019801980198,-0.13,-0.13,160246000,160246000,https://www.sedar.com/ModifyCompanyDocumentSearchForm.do?lang=EN&company_search=PRIMO WATER CORPORATION&document_selection=0&industry_group=A&FromDate=13&FromMonth=05&FromYear=2000&ToDate=13&ToMonth=11&ToYear=2020&Variable=Issuer,https://www.sedar.com/ModifyCompanyDocumentSearchForm.do?lang=EN&company_search=PRIMO WATER CORPORATION&document_selection=0&industry_group=A&FromDate=13&FromMonth=05&FromYear=2000&ToDate=13&ToMonth=11&ToYear=2020&Variable=Issuer,1620596797,17:46:37,20210509
1,2020-09-30,PRMW.TO,USD,2020-09-30,2020-09-30,Q3,517500000,213400000.0,304100000.0,0.5876328502415459,0.0,257200000.0,0.0,4800000.0,257200000.0,470600000.0,20400000.0,53600000.0,100500000.0,0.19420289855072465,46900000.0,0.0906280193236715,-800000.0,25700000.0,0.04966183574879227,3400000.0,22000000.0,0.04251207729468599,0.13741325788096265,0.136279447201006,160101000,161433000,https://www.sedar.com/ModifyCompanyDocumentSearchForm.do?lang=EN&company_search=PRIMO WATER CORPORATION&document_selection=0&industry_group=A&FromDate=13&FromMonth=05&FromYear=2000&ToDate=13&ToMonth=11&ToYear=2020&Variable=Issuer,https://www.sedar.com/ModifyCompanyDocumentSearchForm.do?lang=EN&company_search=PRIMO WATER CORPORATION&document_selection=0&industry_group=A&FromDate=13&FromMonth=05&FromYear=2000&ToDate=13&ToMonth=11&ToYear=2020&Variable=Issuer,1620596797,17:46:37,20210509
2,2020-06-30,PRMW.TO,USD,2020-06-30,2020-06-30,Q2,456800000,202100000.0,254700000.0,0.5575744308231173,0.0,246700000.0,0.0,1600000.0,246700000.0,448800000.0,20700000.0,52800000.0,60800000.0,0.1330998248686515,8000000.0,0.017513134851138354,-120400000.0,-133100000.0,-0.2913747810858144,-1400000.0,-136000000.0,-0.29772329246935203,-0.85,-0.85,159931000,159931000,https://www.sedar.com/ModifyCompanyDocumentSearchForm.do?lang=EN&company_search=PRIMO WATER CORPORATION&document_selection=0&industry_group=A&FromDate=13&FromMonth=05&FromYear=2000&ToDate=13&ToMonth=11&ToYear=2020&Variable=Issuer,https://www.sedar.com/ModifyCompanyDocumentSearchForm.do?lang=EN&company_search=PRIMO WATER CORPORATION&document_selection=0&industry_group=A&FromDate=13&FromMonth=05&FromYear=2000&ToDate=13&ToMonth=11&ToYear=2020&Variable=Issuer,1620596797,17:46:37,20210509
3,2020-03-31,PRMW.TO,USD,2020-03-31,2020-03-31,Q1,474200000,200900000.0,273300000.0,0.5763390974272459,0.0,255100000.0,0.0,-7000000.0,255100000.0,456000000.0,19700000.0,45000000.0,63200000.0,0.13327709827077183,18200000.0,0.03838043019822859,-29200000.0,-30700000.0,-0.06474061577393504,-3300000.0,3500000.0,0.007380851961197807,0.02,0.02,141139000,141139000,https://www.sedar.com/ModifyCompanyDocumentSearchForm.do?lang=EN&company_search=PRIMO WATER CORPORATION&document_selection=0&industry_group=A&FromDate=13&FromMonth=05&FromYear=2000&ToDate=13&ToMonth=11&ToYear=2020&Variable=Issuer,https://www.sedar.com/ModifyCompanyDocumentSearchForm.do?lang=EN&company_search=PRIMO WATER CORPORATION&document_selection=0&industry_group=A&FromDate=13&FromMonth=05&FromYear=2000&ToDate=13&ToMonth=11&ToYear=2020&Variable=Issuer,1620596797,17:46:37,20210509
4,2019-12-31,PRMW.TO,USD,2019-12-31,2019-12-31,Q4,600200000,294600000.0,305600000.0,0.5091636121292903,0.0,275900000.0,0.0,10700000.0,275900000.0,570500000.0,19600000.0,50700000.0,80400000.0,0.1339553482172609,29700000.0,0.049483505498167275,-5500000.0,4600000.0,0.007664111962679107,-2000000.0,8100000.0,0.013495501499500167,0.06012738097005508,0.05935805364209292,134714000,136460000,https://www.sedar.com/ModifyCompanyDocumentSearchForm.do?lang=EN&company_search=PRIMO WATER CORPORATION&document_selection=0&industry_group=A&FromDate=13&FromMonth=05&FromYear=2000&ToDate=13&ToMonth=11&ToYear=2020&Variable=Issuer,https://www.sedar.com/ModifyCompanyDocumentSearchForm.do?lang=EN&company_search=PRIMO WATER CORPORATION&document_selection=0&industry_group=A&FromDate=13&FromMonth=05&FromYear=2000&ToDate=13&ToMonth=11&ToYear=2020&Variable=Issuer,1620596797,17:46:37,20210509
5,2019-09-30,PRMW.TO,USD,2019-09-30,2019-09-30,Q3,616100000,289900000.0,326200000.0,0.5294595033273819,0.0,280800000.0,0.0,-3800000.0,280800000.0,570700000.0,20200000.0,48000000.0,93400000.0,0.15159876643402045,45400000.0,0.07368933614672943,-7600000.0,17600000.0,0.028566791105340043,9000000.0,10100000.0,0.01639344262295082,0.07499981435689515,0.07415129801480089,134667000,136208000,https://www.sedar.com/ModifyCompanyDocumentSearchForm.do?lang=EN&company_search=PRIMO WATER CORPORATION&document_selection=0&industry_group=A&FromDate=13&FromMonth=05&FromYear=2000&ToDate=13&ToMonth=11&ToYear=2020&Variable=Issuer,https://www.sedar.com/ModifyCompanyDocumentSearchForm.do?lang=EN&company_search=PRIMO WATER CORPORATION&document_selection=0&industry_group=A&FromDate=13&FromMonth=05&FromYear=2000&ToDate=13&ToMonth=11&ToYear=2020&Variable=Issuer,1620596797,17:46:37,20210509
6,2019-06-30,PRMW.TO,USD,2019-06-30,2019-06-30,Q2,604100000,291000000.0,313100000.0,0.5182916735639794,0.0,284200000.0,0.0,2400000.0,284200000.0,575200000.0,19100000.0,48900000.0,77800000.0,0.1287866247310048,28900000.0,0.047839761628869396,-1900000.0,7900000.0,0.013077305081940075,3500000.0,4400000.0,0.007283562324118523,0.03245579741681358,0.03204521288217558,135569000,137306000,https://www.sedar.com/ModifyCompanyDocumentSearchForm.do?lang=EN&company_search=PRIMO WATER CORPORATION&document_selection=0&industry_group=A&FromDate=13&FromMonth=05&FromYear=2000&ToDate=13&ToMonth=11&ToYear=2020&Variable=Issuer,https://www.sedar.com/ModifyCompanyDocumentSearchForm.do?lang=EN&company_search=PRIMO WATER CORPORATION&document_selection=0&industry_group=A&FromDate=13&FromMonth=05&FromYear=2000&ToDate=13&ToMonth=11&ToYear=2020&Variable=Issuer,1620596797,17:46:37,20210509
7,2019-03-31,PRMW.TO,USD,2019-03-31,2019-03-31,Q1,574100000,291200000.0,282900000.0,0.4927712941996168,0.0,272100000.0,0.0,-5500000.0,272100000.0,563300000.0,19300000.0,45200000.0,56000000.0,0.09754398188468907,10800000.0,0.018812053649190037,-12200000.0,-20700000.0,-0.03605643616094757,-1000000.0,-19700000.0,-0.034314579341578125,-0.14,-0.14,135948000,135948000,https://www.sedar.com/ModifyCompanyDocumentSearchForm.do?lang=EN&company_search=PRIMO WATER CORPORATION&document_selection=0&industry_group=A&FromDate=13&FromMonth=05&FromYear=2000&ToDate=13&ToMonth=11&ToYear=2020&Variable=Issuer,https://www.sedar.com/ModifyCompanyDocumentSearchForm.do?lang=EN&company_search=PRIMO WATER CORPORATION&document_selection=0&industry_group=A&FromDate=13&FromMonth=05&FromYear=2000&ToDate=13&ToMonth=11&ToYear=2020&Variable=Issuer,1620596797,17:46:37,20210509
8,2018-12-31,PRMW.TO,USD,2018-12-31,2018-12-31,Q4,599200000,309000000.0,290200000.0,0.4843124165554072,0.0,275900000.0,0.0,-27800000.0,275900000.0,584900000.0,19300000.0,48900000.0,63200000.0,0.1054739652870494,14300000.0,0.023865153538050736,-200000.0,-5200000.0,-0.008678237650200267,-8800000.0,700000.0,0.0011682242990654205,0.005076915266284206,0.004997679648734516,137879000,140065000,https://www.sedar.com/ModifyCompanyDocumentSearchForm.do?lang=EN&company_search=PRIMO WATER CORPORATION&document_selection=0&industry_group=A&FromDate=13&FromMonth=05&FromYear=2000&ToDate=13&ToMonth=11&ToYear=2020&Variable=Issuer,https://www.sedar.com/ModifyCompanyDocumentSearchForm.do?lang=EN&company_search=PRIMO WATER CORPORATION&document_selection=0&industry_group=A&FromDate=13&FromMonth=05&FromYear=2000&ToDate=13&ToMonth=11&ToYear=2020&Variable=Issuer,1620596797,17:46:37,20210509
9,2018-09-30,PRMW.TO,USD,2018-09-30,2018-09-30,Q3,609300000,298800000.0,310500000.0,0.5096011816838996,0.0,279900000.0,0.0,600000.0,279900000.0,578700000.0,18900000.0,49600000.0,80200000.0,0.13162645658952896,30600000.0,0.050221565731166914,-2200000.0,9500000.0,0.01559166256359757,1000000.0,10000000.0,0.016412276382734285,0.07205285797661164,0.07083356944523149,138787000,141176000,https://www.sedar.com/ModifyCompanyDocumentSearchForm.do?lang=EN&company_search=PRIMO WATER CORPORATION&document_selection=0&industry_group=A&FromDate=13&FromMonth=05&FromYear=2000&ToDate=13&ToMonth=11&ToYear=2020&Variable=Issuer,https://www.sedar.com/ModifyCompanyDocumentSearchForm.do?lang=EN&company_search=PRIMO WATER CORPORATION&document_selection=0&industry_group=A&FromDate=13&FromMonth=05&FromYear=2000&ToDate=13&ToMonth=11&ToYear=2020&Variable=Issuer,1620596797,17:46:37,20210509
10,2018-06-30,PRMW.TO,USD,2018-06-30,2018-06-30,Q2,603600000,302200000.0,301400000.0,0.4993373094764745,0.0,275200000.0,0.0,12200000.0,275200000.0,577400000.0,18600000.0,48700000.0,74900000.0,0.12408880053015242,26200000.0,0.04340622929092114,6700000.0,14300000.0,0.02369118621603711,2100000.0,10800000.0,0.017892644135188866,0.07727090607292084,0.07623834365139312,139768000,141661000,https://www.sedar.com/ModifyCompanyDocumentSearchForm.do?lang=EN&company_search=PRIMO WATER CORPORATION&document_selection=0&industry_group=A&FromDate=13&FromMonth=05&FromYear=2000&ToDate=13&ToMonth=11&ToYear=2020&Variable=Issuer,https://www.sedar.com/ModifyCompanyDocumentSearchForm.do?lang=EN&company_search=PRIMO WATER CORPORATION&document_selection=0&industry_group=A&FromDate=13&FromMonth=05&FromYear=2000&ToDate=13&ToMonth=11&ToYear=2020&Variable=Issuer,1620596797,17:46:37,20210509
11,2018-03-31,PRMW.TO,USD,2018-03-31,2018-03-31,Q1,560800000,287300000.0,273500000.0,0.48769614835948644,0.0,261100000.0,0.0,20200000.0,261100000.0,548400000.0,20800000.0,47400000.0,59800000.0,0.10663338088445079,12400000.0,0.02211126961483595,13900000.0,5500000.0,0.009807417974322396,900000.0,361400000.0,0.6444365192582026,2.58,2.54,139953000,142335000,https://www.sedar.com/ModifyCompanyDocumentSearchForm.do?lang=EN&company_search=PRIMO WATER CORPORATION&document_selection=0&industry_group=A&FromDate=13&FromMonth=05&FromYear=2000&ToDate=13&ToMonth=11&ToYear=2020&Variable=Issuer,https://www.sedar.com/ModifyCompanyDocumentSearchForm.do?lang=EN&company_search=PRIMO WATER CORPORATION&document_selection=0&industry_group=A&FromDate=13&FromMonth=05&FromYear=2000&ToDate=13&ToMonth=11&ToYear=2020&Variable=Issuer,1620596797,17:46:37,20210509
12,2017-12-31,PRMW.TO,USD,2017-12-31,2017-12-31,Q4,571300000,292300000.0,279000000.0,0.488359880973219,0.0,264900000.0,0.0,-1300000.0,264900000.0,557200000.0,23400000.0,46800000.0,60900000.0,0.1065989847715736,14100000.0,0.024680553124453,-12200000.0,-21500000.0,-0.037633467530194295,-31000000.0,17100000.0,0.029931734640294066,0.12269410422541274,0.12019822162865076,139371000,142265000,https://www.sedar.com/ModifyCompanyDocumentSearchForm.do?lang=EN&company_search=PRIMO WATER CORPORATION&document_selection=0&industry_group=A&FromDate=13&FromMonth=05&FromYear=2000&ToDate=13&ToMonth=11&ToYear=2020&Variable=Issuer,https://www.sedar.com/ModifyCompanyDocumentSearchForm.do?lang=EN&company_search=PRIMO WATER CORPORATION&document_selection=0&industry_group=A&FromDate=13&FromMonth=05&FromYear=2000&ToDate=13&ToMonth=11&ToYear=2020&Variable=Issuer,1620596797,17:46:37,20210509
13,2017-09-30,PRMW.TO,USD,2017-09-30,2017-09-30,Q3,580900000,288100000.0,292800000.0,0.5040454467206059,0.0,262800000.0,0.0,-1500000.0,262800000.0,550900000.0,23200000.0,49400000.0,79400000.0,0.13668445515579272,30000000.0,0.051644000688586676,-4300000.0,2500000.0,0.00430366672404889,900000.0,42500000.0,0.07316233430883112,0.30530512553428396,0.3014120266944675,139205000,141003000,https://www.sedar.com/ModifyCompanyDocumentSearchForm.do?lang=EN&company_search=PRIMO WATER CORPORATION&document_selection=0&industry_group=A&FromDate=13&FromMonth=05&FromYear=2000&ToDate=13&ToMonth=11&ToYear=2020&Variable=Issuer,https://www.sedar.com/ModifyCompanyDocumentSearchForm.do?lang=EN&company_search=PRIMO WATER CORPORATION&document_selection=0&industry_group=A&FromDate=13&FromMonth=05&FromYear=2000&ToDate=13&ToMonth=11&ToYear=2020&Variable=Issuer,1620596797,17:46:37,20210509
14,2017-06-30,PRMW.TO,USD,2017-06-30,2017-06-30,Q2,1014100000,671800000.0,342300000.0,0.3375406764618874,0.0,299700000.0,0.0,-18200000.0,299700000.0,971500000.0,33300000.0,69700000.0,112300000.0,0.11073858593827039,42600000.0,0.042007691549156886,-30200000.0,-20900000.0,-0.0206094073562765,1400000.0,-24600000.0,-0.02425796272556947,-0.18,-0.18,139000000,139000000,https://www.sedar.com/ModifyCompanyDocumentSearchForm.do?lang=EN&company_search=PRIMO WATER CORPORATION&document_selection=0&industry_group=A&FromDate=13&FromMonth=05&FromYear=2000&ToDate=13&ToMonth=11&ToYear=2020&Variable=Issuer,https://www.sedar.com/ModifyCompanyDocumentSearchForm.do?lang=EN&company_search=PRIMO WATER CORPORATION&document_selection=0&industry_group=A&FromDate=13&FromMonth=05&FromYear=2000&ToDate=13&ToMonth=11&ToYear=2020&Variable=Issuer,1620596797,17:46:37,20210509
15,2017-03-31,PRMW.TO,USD,2017-03-31,2017-03-31,Q1,896400000,585800000.0,310600000.0,0.3464970995091477,0.0,291100000.0,0.0,-8400000.0,291100000.0,876900000.0,35700000.0,64400000.0,83900000.0,0.09359660865684961,19500000.0,0.02175368139223561,-17100000.0,-33300000.0,-0.03714859437751004,1100000.0,-36400000.0,-0.04060687193217314,-0.26,-0.26,138700000,138700000,https://www.sedar.com/ModifyCompanyDocumentSearchForm.do?lang=EN&company_search=PRIMO WATER CORPORATION&document_selection=0&industry_group=A&FromDate=13&FromMonth=05&FromYear=2000&ToDate=13&ToMonth=11&ToYear=2020&Variable=Issuer,https://www.sedar.com/ModifyCompanyDocumentSearchForm.do?lang=EN&company_search=PRIMO WATER CORPORATION&document_selection=0&industry_group=A&FromDate=13&FromMonth=05&FromYear=2000&ToDate=13&ToMonth=11&ToYear=2020&Variable=Issuer,1620596797,17:46:37,20210509
16,2016-12-31,PRMW.TO,USD,2016-12-31,2016-12-31,Q4,887400000,585600000.0,301800000.0,0.3400946585530764,0.0,296000000.0,0.0,-2200000.0,296000000.0,881600000.0,35000000.0,69500000.0,75300000.0,0.08485463150777553,5800000.0,0.006535947712418301,-15800000.0,-45000000.0,-0.05070993914807302,31100000.0,-78000000.0,-0.0878972278566599,-0.56,-0.56,138400000,138400000,https://www.sedar.com/ModifyCompanyDocumentSearchForm.do?lang=EN&company_search=PRIMO WATER CORPORATION&document_selection=0&industry_group=A&FromDate=13&FromMonth=05&FromYear=2000&ToDate=13&ToMonth=11&ToYear=2020&Variable=Issuer,https://www.sedar.com/ModifyCompanyDocumentSearchForm.do?lang=EN&company_search=PRIMO WATER CORPORATION&document_selection=0&industry_group=A&FromDate=13&FromMonth=05&FromYear=2000&ToDate=13&ToMonth=11&ToYear=2020&Variable=Issuer,1620596797,17:46:37,20210509
17,2016-09-30,PRMW.TO,USD,2016-09-30,2016-09-30,Q3,885100000,579300000.0,305800000.0,0.34549768387752794,0.0,263000000.0,0.0,3200000.0,263000000.0,842300000.0,34400000.0,63200000.0,106000000.0,0.11976047904191617,42800000.0,0.0483561179527737,-5000000.0,3400000.0,0.003841373856061462,5800000.0,-3900000.0,-0.0044062817760705,-0.03,-0.03,138195000,138195000,https://www.sedar.com/ModifyCompanyDocumentSearchForm.do?lang=EN&company_search=PRIMO WATER CORPORATION&document_selection=0&industry_group=A&FromDate=13&FromMonth=05&FromYear=2000&ToDate=13&ToMonth=11&ToYear=2020&Variable=Issuer,https://www.sedar.com/ModifyCompanyDocumentSearchForm.do?lang=EN&company_search=PRIMO WATER CORPORATION&document_selection=0&industry_group=A&FromDate=13&FromMonth=05&FromYear=2000&ToDate=13&ToMonth=11&ToYear=2020&Variable=Issuer,1620596797,17:46:37,20210509
18,2016-06-30,PRMW.TO,USD,2016-06-30,2016-06-30,Q2,765000000,512400000.0,252600000.0,0.33019607843137255,0.0,202100000.0,0.0,-3000000.0,202100000.0,714500000.0,27000000.0,53500000.0,104000000.0,0.13594771241830064,50500000.0,0.06601307189542484,-16900000.0,6600000.0,0.008627450980392156,-2300000.0,7400000.0,0.009673202614379085,0.060064935064935064,0.05958132045088567,123200000,124200000,https://www.sedar.com/ModifyCompanyDocumentSearchForm.do?lang=EN&company_search=PRIMO WATER CORPORATION&document_selection=0&industry_group=A&FromDate=13&FromMonth=05&FromYear=2000&ToDate=13&ToMonth=11&ToYear=2020&Variable=Issuer,https://www.sedar.com/ModifyCompanyDocumentSearchForm.do?lang=EN&company_search=PRIMO WATER CORPORATION&document_selection=0&industry_group=A&FromDate=13&FromMonth=05&FromYear=2000&ToDate=13&ToMonth=11&ToYear=2020&Variable=Issuer,1620596797,17:46:37,20210509
19,2016-03-31,PRMW.TO,USD,2016-03-31,2016-03-31,Q1,698400000,484400000.0,214000000.0,0.3064146620847652,0.0,197000000.0,0.0,2200000.0,197000000.0,681400000.0,27800000.0,52500000.0,69500000.0,0.09951317296678121,17000000.0,0.02434135166093929,-100000.0,-10900000.0,-0.015607101947308133,-9000000.0,-3300000.0,-0.004725085910652921,-0.03,-0.03,113300000,113300000,https://www.sedar.com/ModifyCompanyDocumentSearchForm.do?lang=EN&company_search=PRIMO WATER CORPORATION&document_selection=0&industry_group=A&FromDate=13&FromMonth=05&FromYear=2000&ToDate=13&ToMonth=11&ToYear=2020&Variable=Issuer,https://www.sedar.com/ModifyCompanyDocumentSearchForm.do?lang=EN&company_search=PRIMO WATER CORPORATION&document_selection=0&industry_group=A&FromDate=13&FromMonth=05&FromYear=2000&ToDate=13&ToMonth=11&ToYear=2020&Variable=Issuer,1620596797,17:46:37,20210509
20,2015-12-31,PRMW.TO,USD,2015-12-31,2015-12-31,Q4,698800000,477700000.0,221100000.0,0.3163995420721236,0.0,193700000.0,0.0,-8500000.0,193700000.0,671400000.0,28000000.0,50100000.0,77500000.0,0.11090440755580996,27400000.0,0.03921007441327991,-8700000.0,-9300000.0,-0.013308528906697195,-6400000.0,-4400000.0,-0.006296508299942759,-0.04,-0.04,109700000,109700000,https://www.sedar.com/ModifyCompanyDocumentSearchForm.do?lang=EN&company_search=PRIMO WATER CORPORATION&document_selection=0&industry_group=A&FromDate=13&FromMonth=05&FromYear=2000&ToDate=13&ToMonth=11&ToYear=2020&Variable=Issuer,https://www.sedar.com/ModifyCompanyDocumentSearchForm.do?lang=EN&company_search=PRIMO WATER CORPORATION&document_selection=0&industry_group=A&FromDate=13&FromMonth=05&FromYear=2000&ToDate=13&ToMonth=11&ToYear=2020&Variable=Issuer,1620596797,17:46:37,20210509
21,2015-09-30,PRMW.TO,USD,2015-09-30,2015-09-30,Q3,755600000,523100000.0,232500000.0,0.30770248808893597,0.0,196200000.0,0.0,-600000.0,196200000.0,719300000.0,27400000.0,58100000.0,94400000.0,0.12493382742191636,36300000.0,0.048041291688724196,-8300000.0,600000.0,0.0007940709370037057,-5800000.0,4800000.0,0.006352567496029645,0.04376128220556862,0.04347432297799112,109686000,110410000,https://www.sedar.com/ModifyCompanyDocumentSearchForm.do?lang=EN&company_search=PRIMO WATER CORPORATION&document_selection=0&industry_group=A&FromDate=13&FromMonth=05&FromYear=2000&ToDate=13&ToMonth=11&ToYear=2020&Variable=Issuer,https://www.sedar.com/ModifyCompanyDocumentSearchForm.do?lang=EN&company_search=PRIMO WATER CORPORATION&document_selection=0&industry_group=A&FromDate=13&FromMonth=05&FromYear=2000&ToDate=13&ToMonth=11&ToYear=2020&Variable=Issuer,1620596797,17:46:37,20210509
22,2015-06-30,PRMW.TO,USD,2015-06-30,2015-06-30,Q2,779800000,539200000.0,240600000.0,0.3085406514490895,0.0,190200000.0,0.0,-1000000.0,190200000.0,729400000.0,27900000.0,58200000.0,108600000.0,0.13926647858425237,50400000.0,0.06463195691202872,-5300000.0,17200000.0,0.022056937676327264,-1100000.0,16600000.0,0.021287509617850732,0.16666666666666666,0.1656686626746507,99600000,100200000,https://www.sedar.com/ModifyCompanyDocumentSearchForm.do?lang=EN&company_search=PRIMO WATER CORPORATION&document_selection=0&industry_group=A&FromDate=13&FromMonth=05&FromYear=2000&ToDate=13&ToMonth=11&ToYear=2020&Variable=Issuer,https://www.sedar.com/ModifyCompanyDocumentSearchForm.do?lang=EN&company_search=PRIMO WATER CORPORATION&document_selection=0&industry_group=A&FromDate=13&FromMonth=05&FromYear=2000&ToDate=13&ToMonth=11&ToYear=2020&Variable=Issuer,1620596797,17:46:37,20210509
23,2015-03-31,PRMW.TO,USD,2015-03-31,2015-03-31,Q1,709800000,508500000.0,201300000.0,0.28360101437024515,0.0,188500000.0,0.0,10400000.0,188500000.0,697000000.0,27700000.0,57400000.0,70200000.0,0.0989010989010989,12800000.0,0.01803324880247957,4300000.0,-10600000.0,-0.014933784164553396,-9400000.0,-2500000.0,-0.0035221189067342912,-0.06,-0.06,93200000,93200000,https://www.sedar.com/ModifyCompanyDocumentSearchForm.do?lang=EN&company_search=PRIMO WATER CORPORATION&document_selection=0&industry_group=A&FromDate=13&FromMonth=05&FromYear=2000&ToDate=13&ToMonth=11&ToYear=2020&Variable=Issuer,https://www.sedar.com/ModifyCompanyDocumentSearchForm.do?lang=EN&company_search=PRIMO WATER CORPORATION&document_selection=0&industry_group=A&FromDate=13&FromMonth=05&FromYear=2000&ToDate=13&ToMonth=11&ToYear=2020&Variable=Issuer,1620596797,17:46:37,20210509
24,2014-12-31,PRMW.TO,USD,2014-12-31,2014-12-31,Q4,541800000,452900000.0,88900000.0,0.1640826873385013,0.0,120800000.0,0.0,23000000.0,120800000.0,573700000.0,12500000.0,32200000.0,300000.0,0.0005537098560354374,-31900000.0,-0.05887781469176818,1400000.0,-43000000.0,-0.07936507936507936,-64800000.0,20300000.0,0.037467700258397935,0.2,0.19,93000000,98000000,https://www.sedar.com/ModifyCompanyDocumentSearchForm.do?lang=EN&company_search=PRIMO WATER CORPORATION&document_selection=0&industry_group=A&FromDate=13&FromMonth=05&FromYear=2000&ToDate=13&ToMonth=11&ToYear=2020&Variable=Issuer,https://www.sedar.com/ModifyCompanyDocumentSearchForm.do?lang=EN&company_search=PRIMO WATER CORPORATION&document_selection=0&industry_group=A&FromDate=13&FromMonth=05&FromYear=2000&ToDate=13&ToMonth=11&ToYear=2020&Variable=Issuer,1620596797,17:46:37,20210509
25,2014-09-30,PRMW.TO,USD,2014-09-30,2014-09-30,Q3,535000000,471500000.0,63500000.0,0.11869158878504672,0.0,45000000.0,0.0,-5400000.0,45000000.0,516500000.0,9000000.0,27200000.0,45700000.0,0.08542056074766355,18500000.0,0.03457943925233645,-6000000.0,3500000.0,0.0065420560747663555,1800000.0,400000.0,0.0007476635514018691,0.004274,0.004242,93600000,94300000,https://www.sedar.com/ModifyCompanyDocumentSearchForm.do?lang=EN&company_search=PRIMO WATER CORPORATION&document_selection=0&industry_group=A&FromDate=13&FromMonth=05&FromYear=2000&ToDate=13&ToMonth=11&ToYear=2020&Variable=Issuer,https://www.sedar.com/ModifyCompanyDocumentSearchForm.do?lang=EN&company_search=PRIMO WATER CORPORATION&document_selection=0&industry_group=A&FromDate=13&FromMonth=05&FromYear=2000&ToDate=13&ToMonth=11&ToYear=2020&Variable=Issuer,1620596797,17:46:37,20210509
26,2014-06-30,PRMW.TO,USD,2014-06-30,2014-06-30,Q2,550900000,477100000.0,73800000.0,0.133962606643674,0.0,46900000.0,0.0,-19800000.0,46900000.0,524000000.0,8400000.0,26000000.0,52900000.0,0.09602468687602106,26900000.0,0.04882918860047195,-20600000.0,-2100000.0,-0.0038119440914866584,2500000.0,-6000000.0,-0.010891268832819023,-0.06,-0.06,94200000,94200000,https://www.sedar.com/ModifyCompanyDocumentSearchForm.do?lang=EN&company_search=PRIMO WATER CORPORATION&document_selection=0&industry_group=A&FromDate=13&FromMonth=05&FromYear=2000&ToDate=13&ToMonth=11&ToYear=2020&Variable=Issuer,https://www.sedar.com/ModifyCompanyDocumentSearchForm.do?lang=EN&company_search=PRIMO WATER CORPORATION&document_selection=0&industry_group=A&FromDate=13&FromMonth=05&FromYear=2000&ToDate=13&ToMonth=11&ToYear=2020&Variable=Issuer,1620596797,17:46:37,20210509
27,2014-03-31,PRMW.TO,USD,2014-03-31,2014-03-31,Q1,475100000,424800000.0,50300000.0,0.10587244790570406,0.0,42300000.0,0.0,2300000.0,42300000.0,467100000.0,9800000.0,25300000.0,33300000.0,0.07009050726162913,8000000.0,0.016838560303094087,-1600000.0,-3400000.0,-0.007156388128814986,-900000.0,-3900000.0,-0.008208798147758366,-0.04,-0.04,94300000,94300000,https://www.sedar.com/ModifyCompanyDocumentSearchForm.do?lang=EN&company_search=PRIMO WATER CORPORATION&document_selection=0&industry_group=A&FromDate=13&FromMonth=05&FromYear=2000&ToDate=13&ToMonth=11&ToYear=2020&Variable=Issuer,https://www.sedar.com/ModifyCompanyDocumentSearchForm.do?lang=EN&company_search=PRIMO WATER CORPORATION&document_selection=0&industry_group=A&FromDate=13&FromMonth=05&FromYear=2000&ToDate=13&ToMonth=11&ToYear=2020&Variable=Issuer,1620596797,17:46:37,20210509
28,2013-12-31,PRMW.TO,USD,2013-12-31,2013-12-31,Q4,481600000,427600000.0,54000000.0,0.11212624584717608,0.0,39500000.0,0.0,-300000.0,39500000.0,467100000.0,12200000.0,26100000.0,40600000.0,0.08430232558139535,14500000.0,0.03010797342192691,-12800000.0,-10500000.0,-0.02180232558139535,-100000.0,-11500000.0,-0.02387873754152824,-0.12,-0.12,94200000,94200000,https://www.sedar.com/ModifyCompanyDocumentSearchForm.do?lang=EN&company_search=PRIMO WATER CORPORATION&document_selection=0&industry_group=A&FromDate=13&FromMonth=05&FromYear=2000&ToDate=13&ToMonth=11&ToYear=2020&Variable=Issuer,https://www.sedar.com/ModifyCompanyDocumentSearchForm.do?lang=EN&company_search=PRIMO WATER CORPORATION&document_selection=0&industry_group=A&FromDate=13&FromMonth=05&FromYear=2000&ToDate=13&ToMonth=11&ToYear=2020&Variable=Issuer,1620596797,17:46:37,20210509
29,2013-09-30,PRMW.TO,USD,2013-09-30,2013-09-30,Q3,543200000,478200000.0,65000000.0,0.11966126656848307,0.0,37900000.0,0.0,700000.0,37900000.0,516100000.0,13300000.0,25100000.0,52200000.0,0.09609720176730487,27100000.0,0.04988954344624448,-400000.0,13400000.0,0.02466863033873343,100000.0,12000000.0,0.022091310751104567,0.12738853503184713,0.12658227848101267,94200000,94800000,https://www.sedar.com/ModifyCompanyDocumentSearchForm.do?lang=EN&company_search=PRIMO WATER CORPORATION&document_selection=0&industry_group=A&FromDate=13&FromMonth=05&FromYear=2000&ToDate=13&ToMonth=11&ToYear=2020&Variable=Issuer,https://www.sedar.com/ModifyCompanyDocumentSearchForm.do?lang=EN&company_search=PRIMO WATER CORPORATION&document_selection=0&industry_group=A&FromDate=13&FromMonth=05&FromYear=2000&ToDate=13&ToMonth=11&ToYear=2020&Variable=Issuer,1620596797,17:46:37,20210509
30,2013-06-30,PRMW.TO,USD,2013-06-30,2013-06-30,Q2,563800000,487200000.0,76600000.0,0.13586378148279532,0.0,41700000.0,0.0,0.0,41700000.0,528900000.0,12800000.0,24900000.0,59800000.0,0.10606598084427102,34900000.0,0.06190138346931536,-2300000.0,19800000.0,0.03511883646683221,1700000.0,16500000.0,0.02926569705569351,0.17331932773109243,0.171875,95200000,96000000,https://www.sedar.com/ModifyCompanyDocumentSearchForm.do?lang=EN&company_search=PRIMO WATER CORPORATION&document_selection=0&industry_group=A&FromDate=13&FromMonth=05&FromYear=2000&ToDate=13&ToMonth=11&ToYear=2020&Variable=Issuer,https://www.sedar.com/ModifyCompanyDocumentSearchForm.do?lang=EN&company_search=PRIMO WATER CORPORATION&document_selection=0&industry_group=A&FromDate=13&FromMonth=05&FromYear=2000&ToDate=13&ToMonth=11&ToYear=2020&Variable=Issuer,1620596797,17:46:37,20210509
31,2013-03-31,PRMW.TO,USD,2013-03-31,2013-03-31,Q1,505400000,449000000.0,56400000.0,0.11159477641472101,0.0,41300000.0,0.0,-300000.0,41300000.0,490300000.0,13300000.0,24700000.0,39800000.0,0.07874950534230313,15100000.0,0.029877324891175307,-300000.0,1500000.0,0.00296794618124258,500000.0,0.0,0.0,0.0,0.0,95400000,95800000,https://www.sedar.com/ModifyCompanyDocumentSearchForm.do?lang=EN&company_search=PRIMO WATER CORPORATION&document_selection=0&industry_group=A&FromDate=13&FromMonth=05&FromYear=2000&ToDate=13&ToMonth=11&ToYear=2020&Variable=Issuer,https://www.sedar.com/ModifyCompanyDocumentSearchForm.do?lang=EN&company_search=PRIMO WATER CORPORATION&document_selection=0&industry_group=A&FromDate=13&FromMonth=05&FromYear=2000&ToDate=13&ToMonth=11&ToYear=2020&Variable=Issuer,1620596797,17:46:37,20210509
32,2012-12-31,PRMW.TO,USD,2012-12-31,2012-12-31,Q4,517200000,456600000.0,60600000.0,0.11716937354988399,0.0,43600000.0,0.0,-200000.0,43600000.0,500200000.0,13600000.0,25500000.0,42500000.0,0.08217324052590874,17000000.0,0.0328692962103635,-900000.0,2500000.0,0.004833720030935808,-900000.0,2300000.0,0.004447022428460944,0.024261603375527425,0.02415966386554622,94800000,95200000,https://www.sedar.com/ModifyCompanyDocumentSearchForm.do?lang=EN&company_search=PRIMO WATER CORPORATION&document_selection=0&industry_group=A&FromDate=13&FromMonth=05&FromYear=2000&ToDate=13&ToMonth=11&ToYear=2020&Variable=Issuer,https://www.sedar.com/ModifyCompanyDocumentSearchForm.do?lang=EN&company_search=PRIMO WATER CORPORATION&document_selection=0&industry_group=A&FromDate=13&FromMonth=05&FromYear=2000&ToDate=13&ToMonth=11&ToYear=2020&Variable=Issuer,1620596797,17:46:37,20210509
33,2012-09-30,PRMW.TO,USD,2012-09-30,2012-09-30,Q3,583800000,510600000.0,73200000.0,0.12538540596094552,0.0,43800000.0,0.0,0.0,43800000.0,554400000.0,13100000.0,24700000.0,54100000.0,0.09266872216512505,29400000.0,0.050359712230215826,700000.0,17000000.0,0.029119561493662214,1200000.0,14500000.0,0.024837273038711888,0.15345864025061384,0.15167681332245445,94488000,95598000,https://www.sedar.com/ModifyCompanyDocumentSearchForm.do?lang=EN&company_search=PRIMO WATER CORPORATION&document_selection=0&industry_group=A&FromDate=13&FromMonth=05&FromYear=2000&ToDate=13&ToMonth=11&ToYear=2020&Variable=Issuer,https://www.sedar.com/ModifyCompanyDocumentSearchForm.do?lang=EN&company_search=PRIMO WATER CORPORATION&document_selection=0&industry_group=A&FromDate=13&FromMonth=05&FromYear=2000&ToDate=13&ToMonth=11&ToYear=2020&Variable=Issuer,1620596797,17:46:37,20210509
34,2012-06-30,PRMW.TO,USD,2012-06-30,2012-06-30,Q2,625800000,533500000.0,92300000.0,0.14749121124960052,0.0,48800000.0,0.0,0.0,48800000.0,582300000.0,13500000.0,23700000.0,67200000.0,0.10738255033557047,43500000.0,0.06951102588686481,200000.0,30200000.0,0.04825822946628316,3900000.0,25100000.0,0.04010866091403004,0.27,0.26,94469000,95515000,https://www.sedar.com/ModifyCompanyDocumentSearchForm.do?lang=EN&company_search=PRIMO WATER CORPORATION&document_selection=0&industry_group=A&FromDate=13&FromMonth=05&FromYear=2000&ToDate=13&ToMonth=11&ToYear=2020&Variable=Issuer,https://www.sedar.com/ModifyCompanyDocumentSearchForm.do?lang=EN&company_search=PRIMO WATER CORPORATION&document_selection=0&industry_group=A&FromDate=13&FromMonth=05&FromYear=2000&ToDate=13&ToMonth=11&ToYear=2020&Variable=Issuer,1620596797,17:46:37,20210509
35,2012-03-31,PRMW.TO,USD,2012-03-31,2012-03-31,Q1,523800000,460400000.0,63400000.0,0.1210385643375334,0.0,41800000.0,0.0,0.0,41800000.0,502200000.0,14000000.0,23800000.0,45400000.0,0.08667430316914854,21600000.0,0.041237113402061855,-800000.0,7200000.0,0.013745704467353952,400000.0,5900000.0,0.011263841160748377,0.06248212905207197,0.06164970429040145,94427000,95702000,https://www.sedar.com/ModifyCompanyDocumentSearchForm.do?lang=EN&company_search=PRIMO WATER CORPORATION&document_selection=0&industry_group=A&FromDate=13&FromMonth=05&FromYear=2000&ToDate=13&ToMonth=11&ToYear=2020&Variable=Issuer,https://www.sedar.com/ModifyCompanyDocumentSearchForm.do?lang=EN&company_search=PRIMO WATER CORPORATION&document_selection=0&industry_group=A&FromDate=13&FromMonth=05&FromYear=2000&ToDate=13&ToMonth=11&ToYear=2020&Variable=Issuer,1620596797,17:46:37,20210509
36,2011-12-31,PRMW.TO,USD,2011-12-31,2011-12-31,Q4,549200000,497800000.0,51400000.0,0.09359067734887108,0.0,44400000.0,0.0,0.0,44400000.0,542200000.0,13700000.0,23900000.0,30900000.0,0.05626365622723962,7000000.0,0.012745812090313183,-3700000.0,-10400000.0,-0.018936635105608158,1000000.0,-11900000.0,-0.02166788055353241,-0.07432808039924797,-0.07432808039924797,160101000,160101000,https://www.sedar.com/ModifyCompanyDocumentSearchForm.do?lang=EN&company_search=PRIMO WATER CORPORATION&document_selection=0&industry_group=A&FromDate=13&FromMonth=05&FromYear=2000&ToDate=13&ToMonth=11&ToYear=2020&Variable=Issuer,https://www.sedar.com/ModifyCompanyDocumentSearchForm.do?lang=EN&company_search=PRIMO WATER CORPORATION&document_selection=0&industry_group=A&FromDate=13&FromMonth=05&FromYear=2000&ToDate=13&ToMonth=11&ToYear=2020&Variable=Issuer,1620596797,17:46:37,20210509
37,2011-09-30,PRMW.TO,USD,2011-09-30,2011-09-30,Q3,611300000,543700000.0,67600000.0,0.11058400130868641,0.0,38100000.0,0.0,0.0,38100000.0,581800000.0,14400000.0,24000000.0,53500000.0,0.08751840340258465,29500000.0,0.048257811221985934,-1800000.0,13300000.0,0.021756911500081792,-4000000.0,16200000.0,0.02650089972190414,0.17174662072621255,0.1702646459125975,94325000,95146000,https://www.sedar.com/ModifyCompanyDocumentSearchForm.do?lang=EN&company_search=PRIMO WATER CORPORATION&document_selection=0&industry_group=A&FromDate=13&FromMonth=05&FromYear=2000&ToDate=13&ToMonth=11&ToYear=2020&Variable=Issuer,https://www.sedar.com/ModifyCompanyDocumentSearchForm.do?lang=EN&company_search=PRIMO WATER CORPORATION&document_selection=0&industry_group=A&FromDate=13&FromMonth=05&FromYear=2000&ToDate=13&ToMonth=11&ToYear=2020&Variable=Issuer,1620596797,17:46:37,20210509
38,2011-06-30,PRMW.TO,USD,2011-06-30,2011-06-30,Q2,640000000,552000000.0,88000000.0,0.1375,0.0,45100000.0,0.0,0.0,45100000.0,597100000.0,14600000.0,23800000.0,66700000.0,0.10421875,42900000.0,0.06703125,0.0,28300000.0,0.04421875,700000.0,26500000.0,0.04140625,0.2815046156134145,0.27740267353369136,94137000,95529000,https://www.sedar.com/ModifyCompanyDocumentSearchForm.do?lang=EN&company_search=PRIMO WATER CORPORATION&document_selection=0&industry_group=A&FromDate=13&FromMonth=05&FromYear=2000&ToDate=13&ToMonth=11&ToYear=2020&Variable=Issuer,https://www.sedar.com/ModifyCompanyDocumentSearchForm.do?lang=EN&company_search=PRIMO WATER CORPORATION&document_selection=0&industry_group=A&FromDate=13&FromMonth=05&FromYear=2000&ToDate=13&ToMonth=11&ToYear=2020&Variable=Issuer,1620596797,17:46:37,20210509
39,2011-03-31,PRMW.TO,USD,2011-03-31,2011-03-31,Q1,534100000,464500000.0,69600000.0,0.13031267552892717,0.0,45100000.0,0.0,0.0,45100000.0,509600000.0,14400000.0,23600000.0,48100000.0,0.09005804156524995,24500000.0,0.045871559633027525,-800000.0,9300000.0,0.017412469574985958,1600000.0,6800000.0,0.0127316981838607,0.07226354941551541,0.07135362014690451,94100000,95300000,https://www.sedar.com/ModifyCompanyDocumentSearchForm.do?lang=EN&company_search=PRIMO WATER CORPORATION&document_selection=0&industry_group=A&FromDate=13&FromMonth=05&FromYear=2000&ToDate=13&ToMonth=11&ToYear=2020&Variable=Issuer,https://www.sedar.com/ModifyCompanyDocumentSearchForm.do?lang=EN&company_search=PRIMO WATER CORPORATION&document_selection=0&industry_group=A&FromDate=13&FromMonth=05&FromYear=2000&ToDate=13&ToMonth=11&ToYear=2020&Variable=Issuer,1620596797,17:46:37,20210509
40,2010-12-31,PRMW.TO,USD,2010-12-31,2010-12-31,Q4,525100000,460300000.0,64800000.0,0.1234050657017711,0.0,52500000.0,0.0,0.0,53200000.0,513500000.0,14400000.0,24100000.0,35700000.0,0.06798705008569796,11600000.0,0.022091030279946678,19900000.0,17200000.0,0.03275566558750714,3500000.0,12600000.0,0.023995429442011044,0.07870032042273314,0.07870032042273314,160101000,160101000,https://www.sedar.com/ModifyCompanyDocumentSearchForm.do?lang=EN&company_search=PRIMO WATER CORPORATION&document_selection=0&industry_group=A&FromDate=13&FromMonth=05&FromYear=2000&ToDate=13&ToMonth=11&ToYear=2020&Variable=Issuer,https://www.sedar.com/ModifyCompanyDocumentSearchForm.do?lang=EN&company_search=PRIMO WATER CORPORATION&document_selection=0&industry_group=A&FromDate=13&FromMonth=05&FromYear=2000&ToDate=13&ToMonth=11&ToYear=2020&Variable=Issuer,1620596797,17:46:37,20210509
41,2010-09-30,PRMW.TO,USD,2010-09-30,2010-09-30,Q3,490600000,419800000.0,70800000.0,0.1443130860171219,0.0,47300000.0,0.0,0.0,47600000.0,467400000.0,10300000.0,19100000.0,42300000.0,0.08622095393395841,23200000.0,0.047289033836119036,-1300000.0,11600000.0,0.023644516918059518,1900000.0,8300000.0,0.01691805951895638,0.1,0.09,87200000,89000000,https://www.sedar.com/ModifyCompanyDocumentSearchForm.do?lang=EN&company_search=PRIMO WATER CORPORATION&document_selection=0&industry_group=A&FromDate=13&FromMonth=05&FromYear=2000&ToDate=13&ToMonth=11&ToYear=2020&Variable=Issuer,https://www.sedar.com/ModifyCompanyDocumentSearchForm.do?lang=EN&company_search=PRIMO WATER CORPORATION&document_selection=0&industry_group=A&FromDate=13&FromMonth=05&FromYear=2000&ToDate=13&ToMonth=11&ToYear=2020&Variable=Issuer,1620596797,17:46:37,20210509
42,2010-06-30,PRMW.TO,USD,2010-06-30,2010-06-30,Q2,424700000,351200000.0,73500000.0,0.17306333882740757,0.0,34500000.0,0.0,0.0,34400000.0,385600000.0,6100000.0,14900000.0,54000000.0,0.12714857546503414,39100000.0,0.09206498704968213,-500000.0,32500000.0,0.07652460560395573,8800000.0,22300000.0,0.0525076524605604,0.2772631762175335,0.2756932510786653,80429000,80887000,https://www.sedar.com/ModifyCompanyDocumentSearchForm.do?lang=EN&company_search=PRIMO WATER CORPORATION&document_selection=0&industry_group=A&FromDate=13&FromMonth=05&FromYear=2000&ToDate=13&ToMonth=11&ToYear=2020&Variable=Issuer,https://www.sedar.com/ModifyCompanyDocumentSearchForm.do?lang=EN&company_search=PRIMO WATER CORPORATION&document_selection=0&industry_group=A&FromDate=13&FromMonth=05&FromYear=2000&ToDate=13&ToMonth=11&ToYear=2020&Variable=Issuer,1620596797,17:46:37,20210509
43,2010-03-31,PRMW.TO,USD,2010-03-31,2010-03-31,Q1,362900000,305700000.0,57200000.0,0.1576191788371452,0.0,32400000.0,0.0,0.0,32400000.0,338100000.0,6200000.0,15900000.0,40700000.0,0.11215210801873794,24800000.0,0.06833838523009093,-1500000.0,17100000.0,0.04712041884816754,4400000.0,11500000.0,0.03168917057040507,0.14308109587677606,0.14225630875804057,80374000,80840000,https://www.sedar.com/ModifyCompanyDocumentSearchForm.do?lang=EN&company_search=PRIMO WATER CORPORATION&document_selection=0&industry_group=A&FromDate=13&FromMonth=05&FromYear=2000&ToDate=13&ToMonth=11&ToYear=2020&Variable=Issuer,https://www.sedar.com/ModifyCompanyDocumentSearchForm.do?lang=EN&company_search=PRIMO WATER CORPORATION&document_selection=0&industry_group=A&FromDate=13&FromMonth=05&FromYear=2000&ToDate=13&ToMonth=11&ToYear=2020&Variable=Issuer,1620596797,17:46:37,20210509
44,2009-12-31,PRMW.TO,USD,2009-12-31,2009-12-31,Q4,386000000,331500000.0,54500000.0,0.1411917098445596,0.0,40100000.0,0.0,0.0,40100000.0,371600000.0,7100000.0,16500000.0,30900000.0,0.08005181347150259,14400000.0,0.03730569948186528,0.0,3000000.0,0.007772020725388601,-12100000.0,14000000.0,0.03626943005181347,0.0874448004697035,0.0874448004697035,160101000,160101000,https://www.sedar.com/ModifyCompanyDocumentSearchForm.do?lang=EN&company_search=PRIMO WATER CORPORATION&document_selection=0&industry_group=A&FromDate=13&FromMonth=05&FromYear=2000&ToDate=13&ToMonth=11&ToYear=2020&Variable=Issuer,https://www.sedar.com/ModifyCompanyDocumentSearchForm.do?lang=EN&company_search=PRIMO WATER CORPORATION&document_selection=0&industry_group=A&FromDate=13&FromMonth=05&FromYear=2000&ToDate=13&ToMonth=11&ToYear=2020&Variable=Issuer,1620596797,17:46:37,20210509
45,2009-09-30,PRMW.TO,USD,2009-09-30,2009-09-30,Q3,404900000,341100000.0,63800000.0,0.15756977031365768,0.0,36900000.0,0.0,0.0,36900000.0,378000000.0,7600000.0,16400000.0,43300000.0,0.10693998518152631,26900000.0,0.06643615707582119,-3200000.0,16100000.0,0.03976290442084465,900000.0,13900000.0,0.034329464065201286,0.1814621409921671,0.18051948051948052,76600000,77000000,https://www.sedar.com/ModifyCompanyDocumentSearchForm.do?lang=EN&company_search=PRIMO WATER CORPORATION&document_selection=0&industry_group=A&FromDate=13&FromMonth=05&FromYear=2000&ToDate=13&ToMonth=11&ToYear=2020&Variable=Issuer,https://www.sedar.com/ModifyCompanyDocumentSearchForm.do?lang=EN&company_search=PRIMO WATER CORPORATION&document_selection=0&industry_group=A&FromDate=13&FromMonth=05&FromYear=2000&ToDate=13&ToMonth=11&ToYear=2020&Variable=Issuer,1620596797,17:46:37,20210509
46,2009-06-30,PRMW.TO,USD,2009-06-30,2009-06-30,Q2,438800000,365500000.0,73300000.0,0.1670464904284412,0.0,35100000.0,0.0,0.0,35200000.0,400700000.0,7500000.0,16300000.0,54400000.0,0.12397447584320875,38100000.0,0.08682771194165907,-3800000.0,29600000.0,0.0674567000911577,-5400000.0,33700000.0,0.0768003646308113,0.47820410943353386,0.47781763529895505,70472000,70529000,https://www.sedar.com/ModifyCompanyDocumentSearchForm.do?lang=EN&company_search=PRIMO WATER CORPORATION&document_selection=0&industry_group=A&FromDate=13&FromMonth=05&FromYear=2000&ToDate=13&ToMonth=11&ToYear=2020&Variable=Issuer,https://www.sedar.com/ModifyCompanyDocumentSearchForm.do?lang=EN&company_search=PRIMO WATER CORPORATION&document_selection=0&industry_group=A&FromDate=13&FromMonth=05&FromYear=2000&ToDate=13&ToMonth=11&ToYear=2020&Variable=Issuer,1620596797,17:46:37,20210509
47,2009-03-31,PRMW.TO,USD,2009-03-31,2009-03-31,Q1,367000000,308800000.0,58200000.0,0.15858310626702998,0.0,34700000.0,0.0,0.0,34600000.0,343400000.0,7600000.0,17000000.0,40600000.0,0.1106267029972752,23600000.0,0.06430517711171663,-1400000.0,14600000.0,0.03978201634877384,-6200000.0,19900000.0,0.054223433242506815,0.28,0.28,70472000,70472000,https://www.sedar.com/ModifyCompanyDocumentSearchForm.do?lang=EN&company_search=PRIMO WATER CORPORATION&document_selection=0&industry_group=A&FromDate=13&FromMonth=05&FromYear=2000&ToDate=13&ToMonth=11&ToYear=2020&Variable=Issuer,https://www.sedar.com/ModifyCompanyDocumentSearchForm.do?lang=EN&company_search=PRIMO WATER CORPORATION&document_selection=0&industry_group=A&FromDate=13&FromMonth=05&FromYear=2000&ToDate=13&ToMonth=11&ToYear=2020&Variable=Issuer,1620596797,17:46:37,20210509
48,2008-12-31,PRMW.TO,USD,2008-12-31,2008-12-31,Q4,371400000,335900000.0,35500000.0,0.09558427571351642,0.0,40100000.0,0.0,0.0,51000000.0,386900000.0,0.0,19000000.0,3500000.0,0.00942380183091007,-15500000.0,-0.041733979536887456,-12100000.0,-25100000.0,-0.06758212170166936,-13000000.0,-12100000.0,-0.03257942918686053,-0.07557729183452945,-0.07557729183452945,160101000,160101000,https://www.sedar.com/ModifyCompanyDocumentSearchForm.do?lang=EN&company_search=PRIMO WATER CORPORATION&document_selection=0&industry_group=A&FromDate=13&FromMonth=05&FromYear=2000&ToDate=13&ToMonth=11&ToYear=2020&Variable=Issuer,https://www.sedar.com/ModifyCompanyDocumentSearchForm.do?lang=EN&company_search=PRIMO WATER CORPORATION&document_selection=0&industry_group=A&FromDate=13&FromMonth=05&FromYear=2000&ToDate=13&ToMonth=11&ToYear=2020&Variable=Issuer,1620596797,17:46:37,20210509
49,2008-09-30,PRMW.TO,USD,2008-09-30,2008-09-30,Q3,420500000,372800000.0,47700000.0,0.11343638525564803,0.0,42400000.0,0.0,0.0,138300000.0,511100000.0,0.0,20300000.0,-70300000.0,-0.1671819262782402,-90600000.0,-0.21545778834720572,-96200000.0,-99800000.0,-0.23733650416171226,-12200000.0,-87600000.0,-0.20832342449464922,-1.25,-1.25,70279000,70279000,https://www.sedar.com/ModifyCompanyDocumentSearchForm.do?lang=EN&company_search=PRIMO WATER CORPORATION&document_selection=0&industry_group=A&FromDate=13&FromMonth=05&FromYear=2000&ToDate=13&ToMonth=11&ToYear=2020&Variable=Issuer,https://www.sedar.com/ModifyCompanyDocumentSearchForm.do?lang=EN&company_search=PRIMO WATER CORPORATION&document_selection=0&industry_group=A&FromDate=13&FromMonth=05&FromYear=2000&ToDate=13&ToMonth=11&ToYear=2020&Variable=Issuer,1620596797,17:46:37,20210509
50,2008-06-30,PRMW.TO,USD,2008-06-30,2008-06-30,Q2,466500000,409500000.0,57000000.0,0.12218649517684887,0.0,44500000.0,0.0,0.0,45000000.0,454500000.0,0.0,20300000.0,32300000.0,0.0692390139335477,12000000.0,0.02572347266881029,-2400000.0,1500000.0,0.003215434083601286,3300000.0,-1800000.0,-0.0038585209003215433,-0.03,-0.03,71136000,71136000,https://www.sedar.com/ModifyCompanyDocumentSearchForm.do?lang=EN&company_search=PRIMO WATER CORPORATION&document_selection=0&industry_group=A&FromDate=13&FromMonth=05&FromYear=2000&ToDate=13&ToMonth=11&ToYear=2020&Variable=Issuer,https://www.sedar.com/ModifyCompanyDocumentSearchForm.do?lang=EN&company_search=PRIMO WATER CORPORATION&document_selection=0&industry_group=A&FromDate=13&FromMonth=05&FromYear=2000&ToDate=13&ToMonth=11&ToYear=2020&Variable=Issuer,1620596797,17:46:37,20210509
51,2008-03-31,PRMW.TO,USD,2008-03-31,2008-03-31,Q1,389700000,348900000.0,40800000.0,0.10469591993841416,0.0,52800000.0,0.0,0.0,53000000.0,401900000.0,0.0,21100000.0,8900000.0,0.02283808057480113,-12200000.0,-0.0313061329227611,1200000.0,-18900000.0,-0.04849884526558892,2400000.0,-21300000.0,-0.054657428791377985,-0.3,-0.3,71871000,71871000,https://www.sedar.com/ModifyCompanyDocumentSearchForm.do?lang=EN&company_search=PRIMO WATER CORPORATION&document_selection=0&industry_group=A&FromDate=13&FromMonth=05&FromYear=2000&ToDate=13&ToMonth=11&ToYear=2020&Variable=Issuer,https://www.sedar.com/ModifyCompanyDocumentSearchForm.do?lang=EN&company_search=PRIMO WATER CORPORATION&document_selection=0&industry_group=A&FromDate=13&FromMonth=05&FromYear=2000&ToDate=13&ToMonth=11&ToYear=2020&Variable=Issuer,1620596797,17:46:37,20210509
52,2007-12-31,PRMW.TO,USD,2007-12-31,2007-12-31,Q4,413200000,373600000.0,39600000.0,0.09583736689254599,0.0,45400000.0,0.0,0.0,111400000.0,485000000.0,0.0,19400000.0,-52400000.0,-0.12681510164569215,-71800000.0,-0.17376573088092934,-65200000.0,-80500000.0,-0.19482090997095838,-5400000.0,-75100000.0,-0.18175217812197483,-0.4690788939481952,-0.4690788939481952,160101000,160101000,https://www.sedar.com/ModifyCompanyDocumentSearchForm.do?lang=EN&company_search=PRIMO WATER CORPORATION&document_selection=0&industry_group=A&FromDate=13&FromMonth=05&FromYear=2000&ToDate=13&ToMonth=11&ToYear=2020&Variable=Issuer,https://www.sedar.com/ModifyCompanyDocumentSearchForm.do?lang=EN&company_search=PRIMO WATER CORPORATION&document_selection=0&industry_group=A&FromDate=13&FromMonth=05&FromYear=2000&ToDate=13&ToMonth=11&ToYear=2020&Variable=Issuer,1620596797,17:46:37,20210509
53,2007-09-30,PRMW.TO,USD,2007-09-30,2007-09-30,Q3,464600000,418900000.0,45700000.0,0.0983641842445114,0.0,34200000.0,0.0,0.0,35300000.0,454200000.0,0.0,18000000.0,28400000.0,0.06112785191562634,10400000.0,0.02238484718037021,-14500000.0,-11800000.0,-0.025398191993112353,-6000000.0,-5800000.0,-0.01248385708136031,-0.08,-0.08,72500000,72500000,https://www.sedar.com/ModifyCompanyDocumentSearchForm.do?lang=EN&company_search=PRIMO WATER CORPORATION&document_selection=0&industry_group=A&FromDate=13&FromMonth=05&FromYear=2000&ToDate=13&ToMonth=11&ToYear=2020&Variable=Issuer,https://www.sedar.com/ModifyCompanyDocumentSearchForm.do?lang=EN&company_search=PRIMO WATER CORPORATION&document_selection=0&industry_group=A&FromDate=13&FromMonth=05&FromYear=2000&ToDate=13&ToMonth=11&ToYear=2020&Variable=Issuer,1620596797,17:46:37,20210509
54,2007-06-30,PRMW.TO,USD,2007-06-30,2007-06-30,Q2,498400000,438800000.0,59600000.0,0.11958266452648475,0.0,44700000.0,0.0,0.0,44300000.0,483100000.0,0.0,17900000.0,33200000.0,0.0666131621187801,15300000.0,0.030698234349919744,-6100000.0,100000.0,0.00020064205457463884,-4600000.0,4700000.0,0.009430176565008025,0.07,0.07,67142857,67142857,https://www.sedar.com/ModifyCompanyDocumentSearchForm.do?lang=EN&company_search=PRIMO WATER CORPORATION&document_selection=0&industry_group=A&FromDate=13&FromMonth=05&FromYear=2000&ToDate=13&ToMonth=11&ToYear=2020&Variable=Issuer,https://www.sedar.com/ModifyCompanyDocumentSearchForm.do?lang=EN&company_search=PRIMO WATER CORPORATION&document_selection=0&industry_group=A&FromDate=13&FromMonth=05&FromYear=2000&ToDate=13&ToMonth=11&ToYear=2020&Variable=Issuer,1620596797,17:46:37,20210509
55,2007-03-31,PRMW.TO,USD,2007-03-31,2007-03-31,Q1,400200000,346700000.0,53500000.0,0.1336831584207896,0.0,37700000.0,0.0,0.0,37700000.0,384400000.0,0.0,18200000.0,34000000.0,0.08495752123938032,15800000.0,0.03948025987006497,-500000.0,6800000.0,0.01699150424787606,2000000.0,4800000.0,0.01199400299850075,0.07,0.07,68571429,68571429,https://www.sedar.com/ModifyCompanyDocumentSearchForm.do?lang=EN&company_search=PRIMO WATER CORPORATION&document_selection=0&industry_group=A&FromDate=13&FromMonth=05&FromYear=2000&ToDate=13&ToMonth=11&ToYear=2020&Variable=Issuer,https://www.sedar.com/ModifyCompanyDocumentSearchForm.do?lang=EN&company_search=PRIMO WATER CORPORATION&document_selection=0&industry_group=A&FromDate=13&FromMonth=05&FromYear=2000&ToDate=13&ToMonth=11&ToYear=2020&Variable=Issuer,1620596797,17:46:37,20210509
56,2006-12-31,PRMW.TO,USD,2006-12-31,2006-12-31,Q4,400100000,370200000.0,29900000.0,0.07473131717070733,0.0,46700000.0,0.0,0.0,58300000.0,428500000.0,0.0,29700000.0,1300000.0,0.0032491877030742314,-28400000.0,-0.0709822544363909,-24000000.0,-50300000.0,-0.12571857035741066,-20700000.0,-29600000.0,-0.07398150462384404,-0.18488329242165882,-0.18488329242165882,160101000,160101000,https://www.sedar.com/ModifyCompanyDocumentSearchForm.do?lang=EN&company_search=PRIMO WATER CORPORATION&document_selection=0&industry_group=A&FromDate=13&FromMonth=05&FromYear=2000&ToDate=13&ToMonth=11&ToYear=2020&Variable=Issuer,https://www.sedar.com/ModifyCompanyDocumentSearchForm.do?lang=EN&company_search=PRIMO WATER CORPORATION&document_selection=0&industry_group=A&FromDate=13&FromMonth=05&FromYear=2000&ToDate=13&ToMonth=11&ToYear=2020&Variable=Issuer,1620596797,17:46:37,20210509
57,2006-09-30,PRMW.TO,USD,2006-09-30,2006-09-30,Q3,475500000,413500000.0,62000000.0,0.13038906414300735,0.0,40800000.0,0.0,0.0,40700000.0,454200000.0,0.0,19300000.0,40600000.0,0.08538380651945321,21300000.0,0.044794952681388014,-9100000.0,3400000.0,0.007150368033648791,-3200000.0,6600000.0,0.0138801261829653,0.09,0.09,73333333,73333333,https://www.sedar.com/ModifyCompanyDocumentSearchForm.do?lang=EN&company_search=PRIMO WATER CORPORATION&document_selection=0&industry_group=A&FromDate=13&FromMonth=05&FromYear=2000&ToDate=13&ToMonth=11&ToYear=2020&Variable=Issuer,https://www.sedar.com/ModifyCompanyDocumentSearchForm.do?lang=EN&company_search=PRIMO WATER CORPORATION&document_selection=0&industry_group=A&FromDate=13&FromMonth=05&FromYear=2000&ToDate=13&ToMonth=11&ToYear=2020&Variable=Issuer,1620596797,17:46:37,20210509
58,2006-06-30,PRMW.TO,USD,2006-06-30,2006-06-30,Q2,502000000,429700000.0,72300000.0,0.14402390438247012,0.0,48700000.0,0.0,0.0,49100000.0,478800000.0,0.0,19300000.0,42500000.0,0.0846613545816733,23200000.0,0.046215139442231074,-600000.0,14400000.0,0.028685258964143426,6800000.0,7600000.0,0.015139442231075698,0.11,0.11,69090909,69090909,https://www.sedar.com/ModifyCompanyDocumentSearchForm.do?lang=EN&company_search=PRIMO WATER CORPORATION&document_selection=0&industry_group=A&FromDate=13&FromMonth=05&FromYear=2000&ToDate=13&ToMonth=11&ToYear=2020&Variable=Issuer,https://www.sedar.com/ModifyCompanyDocumentSearchForm.do?lang=EN&company_search=PRIMO WATER CORPORATION&document_selection=0&industry_group=A&FromDate=13&FromMonth=05&FromYear=2000&ToDate=13&ToMonth=11&ToYear=2020&Variable=Issuer,1620596797,17:46:37,20210509
59,2006-03-31,PRMW.TO,USD,2006-03-31,2006-03-31,Q1,394200000,341500000.0,52700000.0,0.1336884830035515,0.0,39900000.0,0.0,0.0,43400000.0,384900000.0,0.0,19600000.0,28900000.0,0.07331303906646372,9300000.0,0.02359208523592085,-4900000.0,-1300000.0,-0.003297818366311517,800000.0,-2100000.0,-0.00532724505327245,-0.02928380187416332,-0.029266253222771932,71712000,71755000,https://www.sedar.com/ModifyCompanyDocumentSearchForm.do?lang=EN&company_search=PRIMO WATER CORPORATION&document_selection=0&industry_group=A&FromDate=13&FromMonth=05&FromYear=2000&ToDate=13&ToMonth=11&ToYear=2020&Variable=Issuer,https://www.sedar.com/ModifyCompanyDocumentSearchForm.do?lang=EN&company_search=PRIMO WATER CORPORATION&document_selection=0&industry_group=A&FromDate=13&FromMonth=05&FromYear=2000&ToDate=13&ToMonth=11&ToYear=2020&Variable=Issuer,1620596797,17:46:37,20210509
60,2005-12-31,PRMW.TO,USD,2005-12-31,2005-12-31,Q4,397200000,349800000.0,47400000.0,0.11933534743202417,0.0,32000000.0,0.0,0.0,42800000.0,392600000.0,0.0,19500000.0,24100000.0,0.06067472306143001,4600000.0,0.011581067472306143,-13400000.0,-7100000.0,-0.01787512588116818,-200000.0,-6900000.0,-0.017371601208459216,-0.04309779451721101,-0.04309779451721101,160101000,160101000,https://www.sedar.com/ModifyCompanyDocumentSearchForm.do?lang=EN&company_search=PRIMO WATER CORPORATION&document_selection=0&industry_group=A&FromDate=13&FromMonth=05&FromYear=2000&ToDate=13&ToMonth=11&ToYear=2020&Variable=Issuer,https://www.sedar.com/ModifyCompanyDocumentSearchForm.do?lang=EN&company_search=PRIMO WATER CORPORATION&document_selection=0&industry_group=A&FromDate=13&FromMonth=05&FromYear=2000&ToDate=13&ToMonth=11&ToYear=2020&Variable=Issuer,1620596797,17:46:37,20210509
61,2005-09-30,PRMW.TO,USD,2005-09-30,2005-09-30,Q3,469900000,404500000.0,65400000.0,0.13917854862736753,0.0,34200000.0,0.0,0.0,57900000.0,462400000.0,0.0,18500000.0,26000000.0,0.055330921472653755,7500000.0,0.015960842732496275,-25300000.0,-2900000.0,-0.0061715258565652265,-1100000.0,-1800000.0,-0.003830602255799106,-0.03,-0.03,60000000,60000000,https://www.sedar.com/ModifyCompanyDocumentSearchForm.do?lang=EN&company_search=PRIMO WATER CORPORATION&document_selection=0&industry_group=A&FromDate=13&FromMonth=05&FromYear=2000&ToDate=13&ToMonth=11&ToYear=2020&Variable=Issuer,https://www.sedar.com/ModifyCompanyDocumentSearchForm.do?lang=EN&company_search=PRIMO WATER CORPORATION&document_selection=0&industry_group=A&FromDate=13&FromMonth=05&FromYear=2000&ToDate=13&ToMonth=11&ToYear=2020&Variable=Issuer,1620596797,17:46:37,20210509
62,2005-06-30,PRMW.TO,USD,2005-06-30,2005-06-30,Q2,492700000,412000000.0,80700000.0,0.16379135376496853,0.0,35500000.0,0.0,0.0,35500000.0,447500000.0,0.0,16200000.0,61400000.0,0.1246194438806576,45200000.0,0.09173939516947432,100000.0,37300000.0,0.07570529734118124,12300000.0,25000000.0,0.05074081591231987,0.35,0.35,71428571,71428571,https://www.sedar.com/ModifyCompanyDocumentSearchForm.do?lang=EN&company_search=PRIMO WATER CORPORATION&document_selection=0&industry_group=A&FromDate=13&FromMonth=05&FromYear=2000&ToDate=13&ToMonth=11&ToYear=2020&Variable=Issuer,https://www.sedar.com/ModifyCompanyDocumentSearchForm.do?lang=EN&company_search=PRIMO WATER CORPORATION&document_selection=0&industry_group=A&FromDate=13&FromMonth=05&FromYear=2000&ToDate=13&ToMonth=11&ToYear=2020&Variable=Issuer,1620596797,17:46:37,20210509
63,2005-03-31,PRMW.TO,USD,2005-03-31,2005-03-31,Q1,395500000,339500000.0,56000000.0,0.1415929203539823,0.0,36900000.0,0.0,0.0,36700000.0,376200000.0,0.0,16800000.0,36100000.0,0.09127686472819216,19300000.0,0.04879898862199747,300000.0,12000000.0,0.03034134007585335,3700000.0,8300000.0,0.020986093552465234,0.11607742224211233,0.11540761134053588,71504000,71919000,https://www.sedar.com/ModifyCompanyDocumentSearchForm.do?lang=EN&company_search=PRIMO WATER CORPORATION&document_selection=0&industry_group=A&FromDate=13&FromMonth=05&FromYear=2000&ToDate=13&ToMonth=11&ToYear=2020&Variable=Issuer,https://www.sedar.com/ModifyCompanyDocumentSearchForm.do?lang=EN&company_search=PRIMO WATER CORPORATION&document_selection=0&industry_group=A&FromDate=13&FromMonth=05&FromYear=2000&ToDate=13&ToMonth=11&ToYear=2020&Variable=Issuer,1620596797,17:46:37,20210509
64,2004-12-31,PRMW.TO,USD,2004-12-31,2004-12-31,Q4,369300000,312500000.0,56800000.0,0.15380449499052262,0.0,32000000.0,0.0,0.0,33600000.0,346100000.0,0.0,15500000.0,38700000.0,0.10479285134037368,23200000.0,0.0628215542919036,-1600000.0,16400000.0,0.044408340102897376,4600000.0,11400000.0,0.030869212022745736,0.07120505181104428,0.07120505181104428,160101000,160101000,https://www.sedar.com/ModifyCompanyDocumentSearchForm.do?lang=EN&company_search=PRIMO WATER CORPORATION&document_selection=0&industry_group=A&FromDate=13&FromMonth=05&FromYear=2000&ToDate=13&ToMonth=11&ToYear=2020&Variable=Issuer,https://www.sedar.com/ModifyCompanyDocumentSearchForm.do?lang=EN&company_search=PRIMO WATER CORPORATION&document_selection=0&industry_group=A&FromDate=13&FromMonth=05&FromYear=2000&ToDate=13&ToMonth=11&ToYear=2020&Variable=Issuer,1620596797,17:46:37,20210509
65,2004-09-30,PRMW.TO,USD,2004-09-30,2004-09-30,Q3,442400000,371400000.0,71000000.0,0.1604882459312839,0.0,33300000.0,0.0,0.0,33100000.0,404500000.0,0.0,14900000.0,52800000.0,0.11934900542495479,37900000.0,0.08566907775768536,100000.0,30500000.0,0.06894213381555153,8300000.0,22100000.0,0.049954792043399636,0.31,0.31,71290323,71290323,https://www.sedar.com/ModifyCompanyDocumentSearchForm.do?lang=EN&company_search=PRIMO WATER CORPORATION&document_selection=0&industry_group=A&FromDate=13&FromMonth=05&FromYear=2000&ToDate=13&ToMonth=11&ToYear=2020&Variable=Issuer,https://www.sedar.com/ModifyCompanyDocumentSearchForm.do?lang=EN&company_search=PRIMO WATER CORPORATION&document_selection=0&industry_group=A&FromDate=13&FromMonth=05&FromYear=2000&ToDate=13&ToMonth=11&ToYear=2020&Variable=Issuer,1620596797,17:46:37,20210509
66,2004-06-30,PRMW.TO,USD,2004-06-30,2004-06-30,Q2,463700000,378200000.0,85500000.0,0.18438645676083676,0.0,34100000.0,0.0,0.0,33600000.0,411800000.0,0.0,15100000.0,67000000.0,0.1444899719646323,51900000.0,0.11192581410394652,400000.0,44100000.0,0.09510459348716843,14600000.0,29400000.0,0.06340306232477895,0.41,0.41,71707317,71707317,https://www.sedar.com/ModifyCompanyDocumentSearchForm.do?lang=EN&company_search=PRIMO WATER CORPORATION&document_selection=0&industry_group=A&FromDate=13&FromMonth=05&FromYear=2000&ToDate=13&ToMonth=11&ToYear=2020&Variable=Issuer,https://www.sedar.com/ModifyCompanyDocumentSearchForm.do?lang=EN&company_search=PRIMO WATER CORPORATION&document_selection=0&industry_group=A&FromDate=13&FromMonth=05&FromYear=2000&ToDate=13&ToMonth=11&ToYear=2020&Variable=Issuer,1620596797,17:46:37,20210509
67,2004-03-31,PRMW.TO,USD,2004-03-31,2004-03-31,Q1,370900000,300500000.0,70400000.0,0.18980857373955243,0.0,38700000.0,0.0,0.0,38700000.0,339200000.0,0.0,15200000.0,46900000.0,0.12644917767592342,31700000.0,0.08546778107306552,-400000.0,23800000.0,0.06416823941763279,8300000.0,15400000.0,0.0415206255055271,0.22,0.21,70389000,71843000,https://www.sedar.com/ModifyCompanyDocumentSearchForm.do?lang=EN&company_search=PRIMO WATER CORPORATION&document_selection=0&industry_group=A&FromDate=13&FromMonth=05&FromYear=2000&ToDate=13&ToMonth=11&ToYear=2020&Variable=Issuer,https://www.sedar.com/ModifyCompanyDocumentSearchForm.do?lang=EN&company_search=PRIMO WATER CORPORATION&document_selection=0&industry_group=A&FromDate=13&FromMonth=05&FromYear=2000&ToDate=13&ToMonth=11&ToYear=2020&Variable=Issuer,1620596797,17:46:37,20210509
68,2003-12-31,PRMW.TO,USD,2003-12-31,2003-12-31,Q4,344600000,276200000.0,68400000.0,0.19849100406268136,0.0,32900000.0,0.0,0.0,35500000.0,311700000.0,0.0,13300000.0,46200000.0,0.13406848520023215,32900000.0,0.0954730121880441,-2400000.0,25700000.0,0.07457922228670923,9000000.0,16600000.0,0.0481717933836332,0.10368454912836272,0.10368454912836272,160101000,160101000,https://www.sedar.com/ModifyCompanyDocumentSearchForm.do?lang=EN&company_search=PRIMO WATER CORPORATION&document_selection=0&industry_group=A&FromDate=13&FromMonth=05&FromYear=2000&ToDate=13&ToMonth=11&ToYear=2020&Variable=Issuer,https://www.sedar.com/ModifyCompanyDocumentSearchForm.do?lang=EN&company_search=PRIMO WATER CORPORATION&document_selection=0&industry_group=A&FromDate=13&FromMonth=05&FromYear=2000&ToDate=13&ToMonth=11&ToYear=2020&Variable=Issuer,1620596797,17:46:37,20210509
69,2003-09-30,PRMW.TO,USD,2003-09-30,2003-09-30,Q3,389800000,314700000.0,75100000.0,0.1926629040533607,0.0,29100000.0,0.0,0.0,29100000.0,343800000.0,0.0,13200000.0,59200000.0,0.15187275525910723,46000000.0,0.11800923550538737,600000.0,39000000.0,0.10005130836326322,13300000.0,25700000.0,0.0659312467932273,0.37,0.36,69459459,71388889,https://www.sedar.com/ModifyCompanyDocumentSearchForm.do?lang=EN&company_search=PRIMO WATER CORPORATION&document_selection=0&industry_group=A&FromDate=13&FromMonth=05&FromYear=2000&ToDate=13&ToMonth=11&ToYear=2020&Variable=Issuer,https://www.sedar.com/ModifyCompanyDocumentSearchForm.do?lang=EN&company_search=PRIMO WATER CORPORATION&document_selection=0&industry_group=A&FromDate=13&FromMonth=05&FromYear=2000&ToDate=13&ToMonth=11&ToYear=2020&Variable=Issuer,1620596797,17:46:37,20210509
70,2003-06-30,PRMW.TO,USD,2003-06-30,2003-06-30,Q2,388100000,311200000.0,76900000.0,0.19814480803916518,0.0,32500000.0,0.0,0.0,31700000.0,342900000.0,0.0,13200000.0,58400000.0,0.15047668126771452,45200000.0,0.11646482865240917,-100000.0,37000000.0,0.09533625354290132,12400000.0,24600000.0,0.06338572532852357,0.36,0.35,68333333,70285714,https://www.sedar.com/ModifyCompanyDocumentSearchForm.do?lang=EN&company_search=PRIMO WATER CORPORATION&document_selection=0&industry_group=A&FromDate=13&FromMonth=05&FromYear=2000&ToDate=13&ToMonth=11&ToYear=2020&Variable=Issuer,https://www.sedar.com/ModifyCompanyDocumentSearchForm.do?lang=EN&company_search=PRIMO WATER CORPORATION&document_selection=0&industry_group=A&FromDate=13&FromMonth=05&FromYear=2000&ToDate=13&ToMonth=11&ToYear=2020&Variable=Issuer,1620596797,17:46:37,20210509
71,2003-03-31,PRMW.TO,USD,2003-03-31,2003-03-31,Q1,295300000,238900000.0,56400000.0,0.19099221131053165,0.0,31600000.0,0.0,0.0,31600000.0,270500000.0,0.0,13000000.0,37800000.0,0.12800541821876057,24800000.0,0.08398239078902811,-600000.0,16000000.0,0.054182187605824585,5400000.0,10500000.0,0.03555706061632238,0.15297871410463745,0.14881374188610788,68637000,70558000,https://www.sedar.com/ModifyCompanyDocumentSearchForm.do?lang=EN&company_search=PRIMO WATER CORPORATION&document_selection=0&industry_group=A&FromDate=13&FromMonth=05&FromYear=2000&ToDate=13&ToMonth=11&ToYear=2020&Variable=Issuer,https://www.sedar.com/ModifyCompanyDocumentSearchForm.do?lang=EN&company_search=PRIMO WATER CORPORATION&document_selection=0&industry_group=A&FromDate=13&FromMonth=05&FromYear=2000&ToDate=13&ToMonth=11&ToYear=2020&Variable=Issuer,1620596797,17:46:37,20210509
72,2002-12-31,PRMW.TO,USD,2002-12-31,2002-12-31,Q4,280300000,227300000.0,53000000.0,0.18908312522297538,0.0,26600000.0,0.0,0.0,26600000.0,253900000.0,0.0,12200000.0,38600000.0,0.1377095968605066,26400000.0,0.09418480199785943,-1000000.0,41200000.0,0.14698537281484125,5700000.0,11700000.0,0.04174099179450589,0.0730788689639665,0.0730788689639665,160101000,160101000,https://www.sedar.com/ModifyCompanyDocumentSearchForm.do?lang=EN&company_search=PRIMO WATER CORPORATION&document_selection=0&industry_group=A&FromDate=13&FromMonth=05&FromYear=2000&ToDate=13&ToMonth=11&ToYear=2020&Variable=Issuer,https://www.sedar.com/ModifyCompanyDocumentSearchForm.do?lang=EN&company_search=PRIMO WATER CORPORATION&document_selection=0&industry_group=A&FromDate=13&FromMonth=05&FromYear=2000&ToDate=13&ToMonth=11&ToYear=2020&Variable=Issuer,1620596797,17:46:37,20210509
73,2002-09-30,PRMW.TO,USD,2002-09-30,2002-09-30,Q3,338800000,272100000.0,66700000.0,0.19687131050767415,0.0,27600000.0,0.0,0.0,27600000.0,299700000.0,0.0,11900000.0,51000000.0,0.15053128689492326,39100000.0,0.11540731995277449,100000.0,30700000.0,0.09061393152302243,10700000.0,19800000.0,0.05844155844155844,0.29,0.28,68275862,70714286,https://www.sedar.com/ModifyCompanyDocumentSearchForm.do?lang=EN&company_search=PRIMO WATER CORPORATION&document_selection=0&industry_group=A&FromDate=13&FromMonth=05&FromYear=2000&ToDate=13&ToMonth=11&ToYear=2020&Variable=Issuer,https://www.sedar.com/ModifyCompanyDocumentSearchForm.do?lang=EN&company_search=PRIMO WATER CORPORATION&document_selection=0&industry_group=A&FromDate=13&FromMonth=05&FromYear=2000&ToDate=13&ToMonth=11&ToYear=2020&Variable=Issuer,1620596797,17:46:37,20210509
74,2002-06-30,PRMW.TO,USD,2002-06-30,2002-06-30,Q2,329500000,262400000.0,67100000.0,0.20364188163884675,0.0,28300000.0,0.0,0.0,28300000.0,290700000.0,0.0,10900000.0,49700000.0,0.15083459787556905,38800000.0,0.11775417298937785,300000.0,30800000.0,0.09347496206373293,11400000.0,19200000.0,0.0582701062215478,0.31,0.27,61935484,71111111,https://www.sedar.com/ModifyCompanyDocumentSearchForm.do?lang=EN&company_search=PRIMO WATER CORPORATION&document_selection=0&industry_group=A&FromDate=13&FromMonth=05&FromYear=2000&ToDate=13&ToMonth=11&ToYear=2020&Variable=Issuer,https://www.sedar.com/ModifyCompanyDocumentSearchForm.do?lang=EN&company_search=PRIMO WATER CORPORATION&document_selection=0&industry_group=A&FromDate=13&FromMonth=05&FromYear=2000&ToDate=13&ToMonth=11&ToYear=2020&Variable=Issuer,1620596797,17:46:37,20210509
75,2002-03-31,PRMW.TO,USD,2002-03-31,2002-03-31,Q1,250000000,203900000.0,46100000.0,0.1844,0.0,27700000.0,0.0,0.0,27700000.0,231600000.0,0.0,10800000.0,29200000.0,0.1168,18400000.0,0.0736,100000.0,8700000.0,0.0348,1100000.0,-46800000.0,-0.1872,-0.76,-0.77,61681000,70278000,https://www.sedar.com/ModifyCompanyDocumentSearchForm.do?lang=EN&company_search=PRIMO WATER CORPORATION&document_selection=0&industry_group=A&FromDate=13&FromMonth=05&FromYear=2000&ToDate=13&ToMonth=11&ToYear=2020&Variable=Issuer,https://www.sedar.com/ModifyCompanyDocumentSearchForm.do?lang=EN&company_search=PRIMO WATER CORPORATION&document_selection=0&industry_group=A&FromDate=13&FromMonth=05&FromYear=2000&ToDate=13&ToMonth=11&ToYear=2020&Variable=Issuer,1620596797,17:46:37,20210509
76,2001-12-31,PRMW.TO,USD,2001-12-31,2001-12-31,Q4,253000000,206700000.0,46300000.0,0.18300395256916996,0.0,21200000.0,0.0,0.0,21200000.0,227900000.0,0.0,11000000.0,36100000.0,0.14268774703557313,25100000.0,0.0992094861660079,100000.0,15400000.0,0.06086956521739131,6200000.0,9200000.0,0.03636363636363636,0.05746372602294801,0.05746372602294801,160101000,160101000,https://www.sedar.com/ModifyCompanyDocumentSearchForm.do?lang=EN&company_search=PRIMO WATER CORPORATION&document_selection=0&industry_group=A&FromDate=13&FromMonth=05&FromYear=2000&ToDate=13&ToMonth=11&ToYear=2020&Variable=Issuer,https://www.sedar.com/ModifyCompanyDocumentSearchForm.do?lang=EN&company_search=PRIMO WATER CORPORATION&document_selection=0&industry_group=A&FromDate=13&FromMonth=05&FromYear=2000&ToDate=13&ToMonth=11&ToYear=2020&Variable=Issuer,1620596797,17:46:37,20210509
77,2001-09-30,PRMW.TO,USD,2001-09-30,2001-09-30,Q3,302500000,252100000.0,50400000.0,0.16661157024793388,0.0,24200000.0,0.0,0.0,24200000.0,276300000.0,0.0,11000000.0,37200000.0,0.12297520661157024,26200000.0,0.08661157024793388,700000.0,17800000.0,0.05884297520661157,6700000.0,11100000.0,0.036694214876033054,0.18,0.16,61666667,69375000,https://www.sedar.com/ModifyCompanyDocumentSearchForm.do?lang=EN&company_search=PRIMO WATER CORPORATION&document_selection=0&industry_group=A&FromDate=13&FromMonth=05&FromYear=2000&ToDate=13&ToMonth=11&ToYear=2020&Variable=Issuer,https://www.sedar.com/ModifyCompanyDocumentSearchForm.do?lang=EN&company_search=PRIMO WATER CORPORATION&document_selection=0&industry_group=A&FromDate=13&FromMonth=05&FromYear=2000&ToDate=13&ToMonth=11&ToYear=2020&Variable=Issuer,1620596797,17:46:37,20210509
78,2001-06-30,PRMW.TO,USD,2001-06-30,2001-06-30,Q2,305600000,251000000.0,54600000.0,0.17866492146596857,0.0,25600000.0,0.0,0.0,25600000.0,276600000.0,0.0,10200000.0,39200000.0,0.12827225130890052,29000000.0,0.09489528795811518,-400000.0,21600000.0,0.07068062827225131,7100000.0,14500000.0,0.04744764397905759,0.24,0.21,60416667,69047619,https://www.sedar.com/ModifyCompanyDocumentSearchForm.do?lang=EN&company_search=PRIMO WATER CORPORATION&document_selection=0&industry_group=A&FromDate=13&FromMonth=05&FromYear=2000&ToDate=13&ToMonth=11&ToYear=2020&Variable=Issuer,https://www.sedar.com/ModifyCompanyDocumentSearchForm.do?lang=EN&company_search=PRIMO WATER CORPORATION&document_selection=0&industry_group=A&FromDate=13&FromMonth=05&FromYear=2000&ToDate=13&ToMonth=11&ToYear=2020&Variable=Issuer,1620596797,17:46:37,20210509
79,2001-03-31,PRMW.TO,USD,2001-03-31,2001-03-31,Q1,229000000,192900000.0,36100000.0,0.15764192139737992,0.0,23100000.0,0.0,0.0,23100000.0,216000000.0,0.0,9900000.0,22900000.0,0.1,13000000.0,0.056768558951965066,2000000.0,8300000.0,0.036244541484716154,3200000.0,5100000.0,0.0222707423580786,0.09,0.07,56666667,72857143,https://www.sedar.com/ModifyCompanyDocumentSearchForm.do?lang=EN&company_search=PRIMO WATER CORPORATION&document_selection=0&industry_group=A&FromDate=13&FromMonth=05&FromYear=2000&ToDate=13&ToMonth=11&ToYear=2020&Variable=Issuer,https://www.sedar.com/ModifyCompanyDocumentSearchForm.do?lang=EN&company_search=PRIMO WATER CORPORATION&document_selection=0&industry_group=A&FromDate=13&FromMonth=05&FromYear=2000&ToDate=13&ToMonth=11&ToYear=2020&Variable=Issuer,1620596797,17:46:37,20210509
80,2000-12-31,PRMW.TO,USD,2000-12-31,2000-12-31,Q4,227100000,176000000.0,51100000.0,0.22501100836635843,0.0,21900000.0,0.0,0.0,31500000.0,207500000.0,0.0,9600000.0,29200000.0,0.12857771906649054,19600000.0,0.08630559225011009,2800000.0,15300000.0,0.06737120211360634,7300000.0,6800000.0,0.029942756494936152,0.04247318879957027,0.04247318879957027,160101000,160101000,https://www.sedar.com/ModifyCompanyDocumentSearchForm.do?lang=EN&company_search=PRIMO WATER CORPORATION&document_selection=0&industry_group=A&FromDate=13&FromMonth=05&FromYear=2000&ToDate=13&ToMonth=11&ToYear=2020&Variable=Issuer,https://www.sedar.com/ModifyCompanyDocumentSearchForm.do?lang=EN&company_search=PRIMO WATER CORPORATION&document_selection=0&industry_group=A&FromDate=13&FromMonth=05&FromYear=2000&ToDate=13&ToMonth=11&ToYear=2020&Variable=Issuer,1620596797,17:46:37,20210509
81,2000-09-30,PRMW.TO,USD,2000-09-30,2000-09-30,Q3,262100000,210200000.0,51900000.0,0.19801602441816102,0.0,21800000.0,0.0,0.0,31700000.0,241900000.0,0.0,9900000.0,30100000.0,0.11484166348721862,20200000.0,0.0770698206791301,700000.0,13700000.0,0.052270125906142696,5900000.0,7800000.0,0.029759633727584892,0.13,0.12,60000000,65000000,https://www.sedar.com/ModifyCompanyDocumentSearchForm.do?lang=EN&company_search=PRIMO WATER CORPORATION&document_selection=0&industry_group=A&FromDate=13&FromMonth=05&FromYear=2000&ToDate=13&ToMonth=11&ToYear=2020&Variable=Issuer,https://www.sedar.com/ModifyCompanyDocumentSearchForm.do?lang=EN&company_search=PRIMO WATER CORPORATION&document_selection=0&industry_group=A&FromDate=13&FromMonth=05&FromYear=2000&ToDate=13&ToMonth=11&ToYear=2020&Variable=Issuer,1620596797,17:46:37,20210509
82,2000-06-30,PRMW.TO,USD,2000-06-30,2000-06-30,Q2,287600000,231300000.0,56300000.0,0.19575799721835882,0.0,24200000.0,0.0,0.0,33700000.0,265000000.0,0.0,9500000.0,32100000.0,0.11161335187760779,22600000.0,0.07858136300417246,-100000.0,14800000.0,0.05146036161335188,5900000.0,8900000.0,0.030945757997218357,0.15,0.13,59333333,68461538,https://www.sedar.com/ModifyCompanyDocumentSearchForm.do?lang=EN&company_search=PRIMO WATER CORPORATION&document_selection=0&industry_group=A&FromDate=13&FromMonth=05&FromYear=2000&ToDate=13&ToMonth=11&ToYear=2020&Variable=Issuer,https://www.sedar.com/ModifyCompanyDocumentSearchForm.do?lang=EN&company_search=PRIMO WATER CORPORATION&document_selection=0&industry_group=A&FromDate=13&FromMonth=05&FromYear=2000&ToDate=13&ToMonth=11&ToYear=2020&Variable=Issuer,1620596797,17:46:37,20210509
83,2000-03-31,PRMW.TO,USD,2000-03-31,2000-03-31,Q1,213800000,169000000.0,44800000.0,0.20954162768942938,0.0,23400000.0,0.0,0.0,33400000.0,202400000.0,0.0,10000000.0,21400000.0,0.10009354536950421,11400000.0,0.05332086061739944,100000.0,3400000.0,0.015902712815715623,1500000.0,1900000.0,0.008886810102899906,0.0317486841005932,0.028554682216444492,59845000,66539000,https://www.sedar.com/ModifyCompanyDocumentSearchForm.do?lang=EN&company_search=PRIMO WATER CORPORATION&document_selection=0&industry_group=A&FromDate=13&FromMonth=05&FromYear=2000&ToDate=13&ToMonth=11&ToYear=2020&Variable=Issuer,https://www.sedar.com/ModifyCompanyDocumentSearchForm.do?lang=EN&company_search=PRIMO WATER CORPORATION&document_selection=0&industry_group=A&FromDate=13&FromMonth=05&FromYear=2000&ToDate=13&ToMonth=11&ToYear=2020&Variable=Issuer,1620596797,17:46:37,20210509
84,1999-12-31,PRMW.TO,USD,1999-12-31,1999-12-31,Q4,209300000,167700000.0,41600000.0,0.19875776397515527,0.0,27800000.0,0.0,0.0,37000000.0,204700000.0,0.0,9200000.0,13800000.0,0.06593406593406594,4600000.0,0.02197802197802198,800000.0,-2200000.0,-0.01051122790253225,-6800000.0,3800000.0,0.018155757286192068,0.023735017270348092,0.023735017270348092,160101000,160101000,https://www.sedar.com/ModifyCompanyDocumentSearchForm.do?lang=EN&company_search=PRIMO WATER CORPORATION&document_selection=0&industry_group=A&FromDate=13&FromMonth=05&FromYear=2000&ToDate=13&ToMonth=11&ToYear=2020&Variable=Issuer,https://www.sedar.com/ModifyCompanyDocumentSearchForm.do?lang=EN&company_search=PRIMO WATER CORPORATION&document_selection=0&industry_group=A&FromDate=13&FromMonth=05&FromYear=2000&ToDate=13&ToMonth=11&ToYear=2020&Variable=Issuer,1620596797,17:46:37,20210509
85,1999-09-30,PRMW.TO,USD,1999-09-30,1999-09-30,Q3,261000000,212700000.0,48300000.0,0.1850574712643678,0.0,26300000.0,0.0,0.0,35900000.0,248600000.0,0.0,9600000.0,22000000.0,0.0842911877394636,12400000.0,0.0475095785440613,6100000.0,9600000.0,0.0367816091954023,900000.0,8700000.0,0.03333333333333333,0.15,0.13,58000000,66923077,https://www.sedar.com/ModifyCompanyDocumentSearchForm.do?lang=EN&company_search=PRIMO WATER CORPORATION&document_selection=0&industry_group=A&FromDate=13&FromMonth=05&FromYear=2000&ToDate=13&ToMonth=11&ToYear=2020&Variable=Issuer,https://www.sedar.com/ModifyCompanyDocumentSearchForm.do?lang=EN&company_search=PRIMO WATER CORPORATION&document_selection=0&industry_group=A&FromDate=13&FromMonth=05&FromYear=2000&ToDate=13&ToMonth=11&ToYear=2020&Variable=Issuer,1620596797,17:46:37,20210509
86,1999-06-30,PRMW.TO,USD,1999-06-30,1999-06-30,Q2,288300000,236800000.0,51500000.0,0.1786333680194242,0.0,24100000.0,0.0,0.0,34500000.0,271300000.0,0.0,10400000.0,27400000.0,0.09503988900450919,17000000.0,0.05896635449184877,300000.0,8400000.0,0.029136316337148804,1100000.0,7300000.0,0.025320846340617414,0.12,0.11,60833333,66363636,https://www.sedar.com/ModifyCompanyDocumentSearchForm.do?lang=EN&company_search=PRIMO WATER CORPORATION&document_selection=0&industry_group=A&FromDate=13&FromMonth=05&FromYear=2000&ToDate=13&ToMonth=11&ToYear=2020&Variable=Issuer,https://www.sedar.com/ModifyCompanyDocumentSearchForm.do?lang=EN&company_search=PRIMO WATER CORPORATION&document_selection=0&industry_group=A&FromDate=13&FromMonth=05&FromYear=2000&ToDate=13&ToMonth=11&ToYear=2020&Variable=Issuer,1620596797,17:46:37,20210509
87,1999-03-31,PRMW.TO,USD,1999-03-31,1999-03-31,Q1,232200000,190400000.0,41800000.0,0.18001722652885443,0.0,20900000.0,0.0,0.0,30800000.0,221200000.0,0.0,9900000.0,20900000.0,0.09000861326442722,11000000.0,0.047372954349698536,0.0,1800000.0,0.007751937984496124,1000000.0,-1300000.0,-0.005598621877691645,-0.02,-0.02,65000000,65000000,https://www.sedar.com/ModifyCompanyDocumentSearchForm.do?lang=EN&company_search=PRIMO WATER CORPORATION&document_selection=0&industry_group=A&FromDate=13&FromMonth=05&FromYear=2000&ToDate=13&ToMonth=11&ToYear=2020&Variable=Issuer,https://www.sedar.com/ModifyCompanyDocumentSearchForm.do?lang=EN&company_search=PRIMO WATER CORPORATION&document_selection=0&industry_group=A&FromDate=13&FromMonth=05&FromYear=2000&ToDate=13&ToMonth=11&ToYear=2020&Variable=Issuer,1620596797,17:46:37,20210509
88,1998-10-31,PRMW.TO,USD,1998-10-31,1998-10-31,Q4,244000000,206900000.0,37100000.0,0.15204918032786885,0.0,23700000.0,0.0,0.0,37200000.0,244100000.0,0.0,13500000.0,13400000.0,0.05491803278688524,-100000.0,-0.0004098360655737705,-74300000.0,-83200000.0,-0.34098360655737703,-22300000.0,-68300000.0,-0.27991803278688526,-1.1,-1.1,62090909,62090909,https://www.sedar.com/ModifyCompanyDocumentSearchForm.do?lang=EN&company_search=PRIMO WATER CORPORATION&document_selection=0&industry_group=A&FromDate=13&FromMonth=05&FromYear=2000&ToDate=13&ToMonth=11&ToYear=2020&Variable=Issuer,https://www.sedar.com/ModifyCompanyDocumentSearchForm.do?lang=EN&company_search=PRIMO WATER CORPORATION&document_selection=0&industry_group=A&FromDate=13&FromMonth=05&FromYear=2000&ToDate=13&ToMonth=11&ToYear=2020&Variable=Issuer,1620596797,17:46:37,20210509
89,1998-07-31,PRMW.TO,USD,1998-07-31,1998-07-31,Q3,300900000,252400000.0,48500000.0,0.1611831173147225,0.0,17100000.0,0.0,0.0,29300000.0,281700000.0,0.0,12200000.0,31400000.0,0.1043536058491193,19200000.0,0.06380857427716849,-100000.0,10200000.0,0.03389830508474576,2900000.0,7300000.0,0.024260551678298437,0.11,0.11,66363636,66363636,https://www.sedar.com/ModifyCompanyDocumentSearchForm.do?lang=EN&company_search=PRIMO WATER CORPORATION&document_selection=0&industry_group=A&FromDate=13&FromMonth=05&FromYear=2000&ToDate=13&ToMonth=11&ToYear=2020&Variable=Issuer,https://www.sedar.com/ModifyCompanyDocumentSearchForm.do?lang=EN&company_search=PRIMO WATER CORPORATION&document_selection=0&industry_group=A&FromDate=13&FromMonth=05&FromYear=2000&ToDate=13&ToMonth=11&ToYear=2020&Variable=Issuer,1620596797,17:46:37,20210509
90,1998-04-30,PRMW.TO,USD,1998-04-30,1998-04-30,Q2,257200000,216600000.0,40600000.0,0.1578538102643857,0.0,18000000.0,0.0,0.0,29900000.0,246500000.0,0.0,11900000.0,22600000.0,0.08786936236391912,10700000.0,0.041601866251944015,1000000.0,3100000.0,0.012052877138413685,800000.0,2300000.0,0.008942457231726283,0.03,0.03,64203000,64203000,https://www.sedar.com/ModifyCompanyDocumentSearchForm.do?lang=EN&company_search=PRIMO WATER CORPORATION&document_selection=0&industry_group=A&FromDate=13&FromMonth=05&FromYear=2000&ToDate=13&ToMonth=11&ToYear=2020&Variable=Issuer,https://www.sedar.com/ModifyCompanyDocumentSearchForm.do?lang=EN&company_search=PRIMO WATER CORPORATION&document_selection=0&industry_group=A&FromDate=13&FromMonth=05&FromYear=2000&ToDate=13&ToMonth=11&ToYear=2020&Variable=Issuer,1620596797,17:46:37,20210509
91,1998-01-31,PRMW.TO,USD,1998-01-31,1998-01-31,Q1,217300000,192300000.0,25000000.0,0.1150483202945237,0.0,24700000.0,0.0,0.0,34700000.0,227000000.0,0.0,10000000.0,300000.0,0.0013805798435342844,-9700000.0,-0.0446387482742752,-16200000.0,-36400000.0,-0.1675103543488265,-11000000.0,-25300000.0,-0.11642890013805798,-0.15802524656310704,-0.15802524656310704,160101000,160101000,https://www.sedar.com/ModifyCompanyDocumentSearchForm.do?lang=EN&company_search=PRIMO WATER CORPORATION&document_selection=0&industry_group=A&FromDate=13&FromMonth=05&FromYear=2000&ToDate=13&ToMonth=11&ToYear=2020&Variable=Issuer,https://www.sedar.com/ModifyCompanyDocumentSearchForm.do?lang=EN&company_search=PRIMO WATER CORPORATION&document_selection=0&industry_group=A&FromDate=13&FromMonth=05&FromYear=2000&ToDate=13&ToMonth=11&ToYear=2020&Variable=Issuer,1620596797,17:46:37,20210509
92,1997-10-31,PRMW.TO,USD,1997-10-31,1997-10-31,Q4,244400000,203100000.0,41300000.0,0.16898527004909983,0.0,18700000.0,0.0,0.0,28400000.0,231500000.0,0.0,9300000.0,22200000.0,0.09083469721767594,12900000.0,0.052782324058919805,-3100000.0,3300000.0,0.013502454991816694,900000.0,2400000.0,0.009819967266775777,0.04,0.04,60000000,60000000,https://www.sedar.com/ModifyCompanyDocumentSearchForm.do?lang=EN&company_search=PRIMO WATER CORPORATION&document_selection=0&industry_group=A&FromDate=13&FromMonth=05&FromYear=2000&ToDate=13&ToMonth=11&ToYear=2020&Variable=Issuer,https://www.sedar.com/ModifyCompanyDocumentSearchForm.do?lang=EN&company_search=PRIMO WATER CORPORATION&document_selection=0&industry_group=A&FromDate=13&FromMonth=05&FromYear=2000&ToDate=13&ToMonth=11&ToYear=2020&Variable=Issuer,1620596797,17:46:37,20210509
93,1997-07-31,PRMW.TO,USD,1997-07-31,1997-07-31,Q3,315700000,262200000.0,53500000.0,0.1694646816598036,0.0,18200000.0,0.0,0.0,28400000.0,290600000.0,0.0,10300000.0,35400000.0,0.11213177066835603,25100000.0,0.07950585999366487,300000.0,20300000.0,0.06430155210643015,5900000.0,10100000.0,0.031992397846056383,0.15,0.15,67333333,67333333,https://www.sedar.com/ModifyCompanyDocumentSearchForm.do?lang=EN&company_search=PRIMO WATER CORPORATION&document_selection=0&industry_group=A&FromDate=13&FromMonth=05&FromYear=2000&ToDate=13&ToMonth=11&ToYear=2020&Variable=Issuer,https://www.sedar.com/ModifyCompanyDocumentSearchForm.do?lang=EN&company_search=PRIMO WATER CORPORATION&document_selection=0&industry_group=A&FromDate=13&FromMonth=05&FromYear=2000&ToDate=13&ToMonth=11&ToYear=2020&Variable=Issuer,1620596797,17:46:37,20210509
94,1997-04-30,PRMW.TO,USD,1997-04-30,1997-04-30,Q2,256100000,211200000.0,44900000.0,0.17532213978914488,0.0,20800000.0,0.0,0.0,29700000.0,240900000.0,0.0,8900000.0,24100000.0,0.09410386567746974,15200000.0,0.05935181569699336,200000.0,10800000.0,0.04217102694260055,3000000.0,7800000.0,0.030456852791878174,0.12,0.12,65000000,65000000,https://www.sedar.com/ModifyCompanyDocumentSearchForm.do?lang=EN&company_search=PRIMO WATER CORPORATION&document_selection=0&industry_group=A&FromDate=13&FromMonth=05&FromYear=2000&ToDate=13&ToMonth=11&ToYear=2020&Variable=Issuer,https://www.sedar.com/ModifyCompanyDocumentSearchForm.do?lang=EN&company_search=PRIMO WATER CORPORATION&document_selection=0&industry_group=A&FromDate=13&FromMonth=05&FromYear=2000&ToDate=13&ToMonth=11&ToYear=2020&Variable=Issuer,1620596797,17:46:37,20210509
95,1997-01-31,PRMW.TO,USD,1997-01-31,1997-01-31,Q1,211000000,0.0,0.0,0.0,0.0,0.0,0.0,0.0,0.0,0.0,0.0,9970812.112716,-724829187.887284,-3.435209421266749,-734800000.0,-3.4824644549763035,0.0,0.0,0.0,0.0,1300000.0,0.006161137440758294,0.008119874329329611,0.008119874329329611,160101000,160101000,https://www.sedar.com/ModifyCompanyDocumentSearchForm.do?lang=EN&company_search=PRIMO WATER CORPORATION&document_selection=0&industry_group=A&FromDate=13&FromMonth=05&FromYear=2000&ToDate=13&ToMonth=11&ToYear=2020&Variable=Issuer,https://www.sedar.com/ModifyCompanyDocumentSearchForm.do?lang=EN&company_search=PRIMO WATER CORPORATION&document_selection=0&industry_group=A&FromDate=13&FromMonth=05&FromYear=2000&ToDate=13&ToMonth=11&ToYear=2020&Variable=Issuer,1620596797,17:46:37,20210509
96,1996-10-31,PRMW.TO,USD,1996-10-31,1996-10-31,Q4,249500000,0.0,0.0,0.0,0.0,0.0,0.0,0.0,0.0,0.0,0.0,9429187.887284,258929187.887284,1.0377923362215793,249500000.0,1.0,0.0,0.0,0.0,0.0,5900000.0,0.023647294589178358,0.1,0.1,59000000,59000000,https://www.sedar.com/ModifyCompanyDocumentSearchForm.do?lang=EN&company_search=PRIMO WATER CORPORATION&document_selection=0&industry_group=A&FromDate=13&FromMonth=05&FromYear=2000&ToDate=13&ToMonth=11&ToYear=2020&Variable=Issuer,https://www.sedar.com/ModifyCompanyDocumentSearchForm.do?lang=EN&company_search=PRIMO WATER CORPORATION&document_selection=0&industry_group=A&FromDate=13&FromMonth=05&FromYear=2000&ToDate=13&ToMonth=11&ToYear=2020&Variable=Issuer,1620596797,17:46:37,20210509
97,1996-07-31,PRMW.TO,USD,1996-07-31,1996-07-31,Q3,304200000,254600000.0,49600000.0,0.16305062458908612,0.0,17900000.0,0.0,0.0,26500000.0,281100000.0,0.0,8600000.0,31700000.0,0.1042077580539119,23100000.0,0.07593688362919132,200000.0,17800000.0,0.05851413543721236,5500000.0,12300000.0,0.04043392504930966,0.2,0.2,61500000,61500000,https://www.sedar.com/ModifyCompanyDocumentSearchForm.do?lang=EN&company_search=PRIMO WATER CORPORATION&document_selection=0&industry_group=A&FromDate=13&FromMonth=05&FromYear=2000&ToDate=13&ToMonth=11&ToYear=2020&Variable=Issuer,https://www.sedar.com/ModifyCompanyDocumentSearchForm.do?lang=EN&company_search=PRIMO WATER CORPORATION&document_selection=0&industry_group=A&FromDate=13&FromMonth=05&FromYear=2000&ToDate=13&ToMonth=11&ToYear=2020&Variable=Issuer,1620596797,17:46:37,20210509
98,1996-04-30,PRMW.TO,USD,1996-04-30,1996-04-30,Q2,225700000,188000000.0,37700000.0,0.16703588834736377,0.0,18400000.0,0.0,0.0,25500000.0,213500000.0,0.0,7100000.0,19300000.0,0.08551174124944617,12200000.0,0.05405405405405406,200000.0,7700000.0,0.034116083296411165,2300000.0,5400000.0,0.023925564909171467,0.09,0.09,60000000,60000000,https://www.sedar.com/ModifyCompanyDocumentSearchForm.do?lang=EN&company_search=PRIMO WATER CORPORATION&document_selection=0&industry_group=A&FromDate=13&FromMonth=05&FromYear=2000&ToDate=13&ToMonth=11&ToYear=2020&Variable=Issuer,https://www.sedar.com/ModifyCompanyDocumentSearchForm.do?lang=EN&company_search=PRIMO WATER CORPORATION&document_selection=0&industry_group=A&FromDate=13&FromMonth=05&FromYear=2000&ToDate=13&ToMonth=11&ToYear=2020&Variable=Issuer,1620596797,17:46:37,20210509
99,1996-01-31,PRMW.TO,USD,1996-01-31,1996-01-31,Q1,189000000,184000000.0,5000000.0,0.026455026455026454,0.0,21400000.0,0.0,0.0,27600000.0,211600000.0,0.0,6200000.0,-16400000.0,-0.08677248677248678,-22600000.0,-0.11957671957671957,-20400000.0,-47800000.0,-0.2529100529100529,-15000000.0,-32700000.0,-0.173015873015873,-0.20424606966852174,-0.20424606966852174,160101000,160101000,https://www.sedar.com/ModifyCompanyDocumentSearchForm.do?lang=EN&company_search=PRIMO WATER CORPORATION&document_selection=0&industry_group=A&FromDate=13&FromMonth=05&FromYear=2000&ToDate=13&ToMonth=11&ToYear=2020&Variable=Issuer,https://www.sedar.com/ModifyCompanyDocumentSearchForm.do?lang=EN&company_search=PRIMO WATER CORPORATION&document_selection=0&industry_group=A&FromDate=13&FromMonth=05&FromYear=2000&ToDate=13&ToMonth=11&ToYear=2020&Variable=Issuer,1620596797,17:46:37,20210509
100,1995-10-31,PRMW.TO,USD,1995-10-31,1995-10-31,Q4,242900000,211800000.0,31100000.0,0.12803622890078223,0.0,19700000.0,0.0,0.0,28300000.0,240100000.0,0.0,7600000.0,10400000.0,0.04281597365170852,2800000.0,0.011527377521613832,-5700000.0,-7600000.0,-0.03128859613009469,-2600000.0,-7200000.0,-0.029641827912721283,-0.12,-0.12,60000000,60000000,https://www.sedar.com/ModifyCompanyDocumentSearchForm.do?lang=EN&company_search=PRIMO WATER CORPORATION&document_selection=0&industry_group=A&FromDate=13&FromMonth=05&FromYear=2000&ToDate=13&ToMonth=11&ToYear=2020&Variable=Issuer,https://www.sedar.com/ModifyCompanyDocumentSearchForm.do?lang=EN&company_search=PRIMO WATER CORPORATION&document_selection=0&industry_group=A&FromDate=13&FromMonth=05&FromYear=2000&ToDate=13&ToMonth=11&ToYear=2020&Variable=Issuer,1620596797,17:46:37,20210509
101,1995-07-31,PRMW.TO,USD,1995-07-31,1995-07-31,Q3,288600000,240200000.0,48400000.0,0.1677061677061677,0.0,18700000.0,0.0,0.0,28200000.0,268400000.0,0.0,9500000.0,29700000.0,0.10291060291060292,20200000.0,0.06999306999306999,100000.0,16900000.0,0.05855855855855856,5800000.0,11100000.0,0.038461538461538464,0.18,0.18,61666667,61666667,https://www.sedar.com/ModifyCompanyDocumentSearchForm.do?lang=EN&company_search=PRIMO WATER CORPORATION&document_selection=0&industry_group=A&FromDate=13&FromMonth=05&FromYear=2000&ToDate=13&ToMonth=11&ToYear=2020&Variable=Issuer,https://www.sedar.com/ModifyCompanyDocumentSearchForm.do?lang=EN&company_search=PRIMO WATER CORPORATION&document_selection=0&industry_group=A&FromDate=13&FromMonth=05&FromYear=2000&ToDate=13&ToMonth=11&ToYear=2020&Variable=Issuer,1620596797,17:46:37,20210509
102,1995-04-30,PRMW.TO,USD,1995-04-30,1995-04-30,Q2,211800000,177500000.0,34300000.0,0.1619452313503305,0.0,17600000.0,0.0,0.0,22100000.0,199600000.0,0.0,4500000.0,16700000.0,0.07884796978281397,12200000.0,0.05760151085930123,200000.0,11000000.0,0.05193578847969783,3800000.0,7200000.0,0.0339943342776204,0.12,0.12,60000000,60000000,https://www.sedar.com/ModifyCompanyDocumentSearchForm.do?lang=EN&company_search=PRIMO WATER CORPORATION&document_selection=0&industry_group=A&FromDate=13&FromMonth=05&FromYear=2000&ToDate=13&ToMonth=11&ToYear=2020&Variable=Issuer,https://www.sedar.com/ModifyCompanyDocumentSearchForm.do?lang=EN&company_search=PRIMO WATER CORPORATION&document_selection=0&industry_group=A&FromDate=13&FromMonth=05&FromYear=2000&ToDate=13&ToMonth=11&ToYear=2020&Variable=Issuer,1620596797,17:46:37,20210509
103,1995-01-31,PRMW.TO,USD,1995-01-31,1995-01-31,Q1,186300000,171200000.0,15100000.0,0.08105206655931294,0.0,14300000.0,0.0,0.0,19000000.0,190200000.0,0.0,4700000.0,800000.0,0.0042941492216854536,-3900000.0,-0.020933977455716585,1300000.0,-3900000.0,-0.020933977455716585,-2400000.0,-1500000.0,-0.008051529790660225,-0.009369085764611089,-0.009369085764611089,160101000,160101000,https://www.sedar.com/ModifyCompanyDocumentSearchForm.do?lang=EN&company_search=PRIMO WATER CORPORATION&document_selection=0&industry_group=A&FromDate=13&FromMonth=05&FromYear=2000&ToDate=13&ToMonth=11&ToYear=2020&Variable=Issuer,https://www.sedar.com/ModifyCompanyDocumentSearchForm.do?lang=EN&company_search=PRIMO WATER CORPORATION&document_selection=0&industry_group=A&FromDate=13&FromMonth=05&FromYear=2000&ToDate=13&ToMonth=11&ToYear=2020&Variable=Issuer,1620596797,17:46:37,20210509
104,1994-10-31,PRMW.TO,USD,1994-10-31,1994-10-31,Q4,192700000,162300000.0,30400000.0,0.15775817332641412,0.0,14100000.0,0.0,0.0,17400000.0,179700000.0,0.0,3400000.0,16400000.0,0.0851063829787234,13000000.0,0.06746237675142709,700000.0,12000000.0,0.062272963155163466,4700000.0,7300000.0,0.03788271925272444,0.13,0.12,56153846,60833333,https://www.sedar.com/ModifyCompanyDocumentSearchForm.do?lang=EN&company_search=PRIMO WATER CORPORATION&document_selection=0&industry_group=A&FromDate=13&FromMonth=05&FromYear=2000&ToDate=13&ToMonth=11&ToYear=2020&Variable=Issuer,https://www.sedar.com/ModifyCompanyDocumentSearchForm.do?lang=EN&company_search=PRIMO WATER CORPORATION&document_selection=0&industry_group=A&FromDate=13&FromMonth=05&FromYear=2000&ToDate=13&ToMonth=11&ToYear=2020&Variable=Issuer,1620596797,17:46:37,20210509
105,1994-07-31,PRMW.TO,USD,1994-07-31,1994-07-31,Q3,230900000,193300000.0,37600000.0,0.1628410567345171,0.0,13700000.0,0.0,0.0,16700000.0,210000000.0,0.0,2900000.0,23800000.0,0.10307492420961455,20900000.0,0.09051537462104807,0.0,18800000.0,0.08142052836725855,7300000.0,11500000.0,0.049805110437418795,0.19,0.19,60526316,60526316,https://www.sedar.com/ModifyCompanyDocumentSearchForm.do?lang=EN&company_search=PRIMO WATER CORPORATION&document_selection=0&industry_group=A&FromDate=13&FromMonth=05&FromYear=2000&ToDate=13&ToMonth=11&ToYear=2020&Variable=Issuer,https://www.sedar.com/ModifyCompanyDocumentSearchForm.do?lang=EN&company_search=PRIMO WATER CORPORATION&document_selection=0&industry_group=A&FromDate=13&FromMonth=05&FromYear=2000&ToDate=13&ToMonth=11&ToYear=2020&Variable=Issuer,1620596797,17:46:37,20210509
106,1994-04-30,PRMW.TO,USD,1994-04-30,1994-04-30,Q2,161100000,134900000.0,26200000.0,0.16263190564866542,0.0,12500000.0,0.0,0.0,14800000.0,149700000.0,0.0,2300000.0,13700000.0,0.08504034761018,11400000.0,0.07076350093109869,400000.0,11300000.0,0.07014276846679081,4300000.0,7000000.0,0.043451272501551834,0.12,0.12,58333333,58333333,https://www.sedar.com/ModifyCompanyDocumentSearchForm.do?lang=EN&company_search=PRIMO WATER CORPORATION&document_selection=0&industry_group=A&FromDate=13&FromMonth=05&FromYear=2000&ToDate=13&ToMonth=11&ToYear=2020&Variable=Issuer,https://www.sedar.com/ModifyCompanyDocumentSearchForm.do?lang=EN&company_search=PRIMO WATER CORPORATION&document_selection=0&industry_group=A&FromDate=13&FromMonth=05&FromYear=2000&ToDate=13&ToMonth=11&ToYear=2020&Variable=Issuer,1620596797,17:46:37,20210509
107,1994-01-31,PRMW.TO,USD,1994-01-31,1994-01-31,Q1,119900000,96900000.0,23000000.0,0.19182652210175147,0.0,9000000.0,0.0,0.0,12700000.0,109600000.0,0.0,3700000.0,14000000.0,0.11676396997497915,10300000.0,0.08590492076730609,2100000.0,10600000.0,0.0884070058381985,3900000.0,6700000.0,0.05587989991659716,0.041848583081929534,0.041848583081929534,160101000,160101000,https://www.sedar.com/ModifyCompanyDocumentSearchForm.do?lang=EN&company_search=PRIMO WATER CORPORATION&document_selection=0&industry_group=A&FromDate=13&FromMonth=05&FromYear=2000&ToDate=13&ToMonth=11&ToYear=2020&Variable=Issuer,https://www.sedar.com/ModifyCompanyDocumentSearchForm.do?lang=EN&company_search=PRIMO WATER CORPORATION&document_selection=0&industry_group=A&FromDate=13&FromMonth=05&FromYear=2000&ToDate=13&ToMonth=11&ToYear=2020&Variable=Issuer,1620596797,17:46:37,20210509
108,1993-10-31,PRMW.TO,USD,1993-10-31,1993-10-31,Q4,132100000,108700000.0,23400000.0,0.17713853141559424,0.0,9500000.0,0.0,0.0,11200000.0,119900000.0,0.0,1600000.0,13800000.0,0.10446631339894019,12200000.0,0.09235427706283118,600000.0,12300000.0,0.093111279333838,4900000.0,7400000.0,0.056018168054504165,0.13,0.12,56923077,56923077,https://www.sedar.com/ModifyCompanyDocumentSearchForm.do?lang=EN&company_search=PRIMO WATER CORPORATION&document_selection=0&industry_group=A&FromDate=13&FromMonth=05&FromYear=2000&ToDate=13&ToMonth=11&ToYear=2020&Variable=Issuer,https://www.sedar.com/ModifyCompanyDocumentSearchForm.do?lang=EN&company_search=PRIMO WATER CORPORATION&document_selection=0&industry_group=A&FromDate=13&FromMonth=05&FromYear=2000&ToDate=13&ToMonth=11&ToYear=2020&Variable=Issuer,1620596797,17:46:37,20210509
109,1993-07-31,PRMW.TO,USD,1993-07-31,1993-07-31,Q3,154100000,127600000.0,26500000.0,0.1719662556781311,0.0,9100000.0,0.0,0.0,10500000.0,138100000.0,0.0,1400000.0,17400000.0,0.11291369240752758,16000000.0,0.10382868267358858,100000.0,14900000.0,0.09669046073977937,6600000.0,8300000.0,0.05386112913692408,0.15,0.15,55333333,55333333,https://www.sedar.com/ModifyCompanyDocumentSearchForm.do?lang=EN&company_search=PRIMO WATER CORPORATION&document_selection=0&industry_group=A&FromDate=13&FromMonth=05&FromYear=2000&ToDate=13&ToMonth=11&ToYear=2020&Variable=Issuer,https://www.sedar.com/ModifyCompanyDocumentSearchForm.do?lang=EN&company_search=PRIMO WATER CORPORATION&document_selection=0&industry_group=A&FromDate=13&FromMonth=05&FromYear=2000&ToDate=13&ToMonth=11&ToYear=2020&Variable=Issuer,1620596797,17:46:37,20210509
110,1993-04-30,PRMW.TO,USD,1993-04-30,1993-04-30,Q2,101900000,82800000.0,19100000.0,0.1874386653581943,0.0,8400000.0,0.0,0.0,9800000.0,92600000.0,0.0,1400000.0,10700000.0,0.10500490677134446,9300000.0,0.09126594700686948,0.0,8000000.0,0.07850834151128558,3500000.0,4500000.0,0.04416094210009813,0.08,0.08,56250000,56250000,https://www.sedar.com/ModifyCompanyDocumentSearchForm.do?lang=EN&company_search=PRIMO WATER CORPORATION&document_selection=0&industry_group=A&FromDate=13&FromMonth=05&FromYear=2000&ToDate=13&ToMonth=11&ToYear=2020&Variable=Issuer,https://www.sedar.com/ModifyCompanyDocumentSearchForm.do?lang=EN&company_search=PRIMO WATER CORPORATION&document_selection=0&industry_group=A&FromDate=13&FromMonth=05&FromYear=2000&ToDate=13&ToMonth=11&ToYear=2020&Variable=Issuer,1620596797,17:46:37,20210509
111,1993-01-31,PRMW.TO,USD,1993-01-31,1993-01-31,Q1,83600000,70600000.0,13000000.0,0.15550239234449761,0.0,7100000.0,0.0,0.0,8200000.0,78800000.0,0.0,1100000.0,5900000.0,0.07057416267942583,4800000.0,0.05741626794258373,300000.0,4000000.0,0.04784688995215311,1400000.0,2600000.0,0.03110047846889952,0.016239748658659223,0.016239748658659223,160101000,160101000,https://www.sedar.com/ModifyCompanyDocumentSearchForm.do?lang=EN&company_search=PRIMO WATER CORPORATION&document_selection=0&industry_group=A&FromDate=13&FromMonth=05&FromYear=2000&ToDate=13&ToMonth=11&ToYear=2020&Variable=Issuer,https://www.sedar.com/ModifyCompanyDocumentSearchForm.do?lang=EN&company_search=PRIMO WATER CORPORATION&document_selection=0&industry_group=A&FromDate=13&FromMonth=05&FromYear=2000&ToDate=13&ToMonth=11&ToYear=2020&Variable=Issuer,1620596797,17:46:37,20210509
112,1992-10-31,PRMW.TO,USD,1992-10-31,1992-10-31,Q4,64800000,55100000.0,9700000.0,0.14969135802469136,0.0,4200000.0,0.0,0.0,5200000.0,60300000.0,0.0,900000.0,5400000.0,0.08333333333333333,4500000.0,0.06944444444444445,300000.0,4200000.0,0.06481481481481481,1700000.0,2500000.0,0.038580246913580245,0.05,0.04,50000000,62500000,https://www.sedar.com/ModifyCompanyDocumentSearchForm.do?lang=EN&company_search=PRIMO WATER CORPORATION&document_selection=0&industry_group=A&FromDate=13&FromMonth=05&FromYear=2000&ToDate=13&ToMonth=11&ToYear=2020&Variable=Issuer,https://www.sedar.com/ModifyCompanyDocumentSearchForm.do?lang=EN&company_search=PRIMO WATER CORPORATION&document_selection=0&industry_group=A&FromDate=13&FromMonth=05&FromYear=2000&ToDate=13&ToMonth=11&ToYear=2020&Variable=Issuer,1620596797,17:46:37,20210509
113,1992-07-31,PRMW.TO,USD,1992-07-31,1992-07-31,Q3,75600000,62700000.0,12900000.0,0.17063492063492064,0.0,5300000.0,0.0,0.0,6100000.0,68800000.0,0.0,0.0,7500000.0,0.0992063492063492,6800000.0,0.08994708994708994,100000.0,6200000.0,0.082010582010582,2700000.0,3500000.0,0.046296296296296294,0.07,0.07,50000000,50000000,https://www.sedar.com/ModifyCompanyDocumentSearchForm.do?lang=EN&company_search=PRIMO WATER CORPORATION&document_selection=0&industry_group=A&FromDate=13&FromMonth=05&FromYear=2000&ToDate=13&ToMonth=11&ToYear=2020&Variable=Issuer,https://www.sedar.com/ModifyCompanyDocumentSearchForm.do?lang=EN&company_search=PRIMO WATER CORPORATION&document_selection=0&industry_group=A&FromDate=13&FromMonth=05&FromYear=2000&ToDate=13&ToMonth=11&ToYear=2020&Variable=Issuer,1620596797,17:46:37,20210509
114,1992-04-30,PRMW.TO,USD,1992-04-30,1992-04-30,Q2,51100000,0.0,0.0,0.0,0.0,0.0,0.0,0.0,0.0,0.0,0.0,0.0,51100000.0,1.0,51100000.0,1.0,0.0,0.0,0.0,0.0,2100000.0,0.0410958904109589,0.09,0.09,23333333,23333333,https://www.sedar.com/ModifyCompanyDocumentSearchForm.do?lang=EN&company_search=PRIMO WATER CORPORATION&document_selection=0&industry_group=A&FromDate=13&FromMonth=05&FromYear=2000&ToDate=13&ToMonth=11&ToYear=2020&Variable=Issuer,https://www.sedar.com/ModifyCompanyDocumentSearchForm.do?lang=EN&company_search=PRIMO WATER CORPORATION&document_selection=0&industry_group=A&FromDate=13&FromMonth=05&FromYear=2000&ToDate=13&ToMonth=11&ToYear=2020&Variable=Issuer,1620596797,17:46:37,20210509
