,date,symbol,reportedCurrency,fillingDate,acceptedDate,period,revenue,costOfRevenue,grossProfit,grossProfitRatio,researchAndDevelopmentExpenses,generalAndAdministrativeExpenses,sellingAndMarketingExpenses,otherExpenses,operatingExpenses,costAndExpenses,interestExpense,depreciationAndAmortization,ebitda,ebitdaratio,operatingIncome,operatingIncomeRatio,totalOtherIncomeExpensesNet,incomeBeforeTax,incomeBeforeTaxRatio,incomeTaxExpense,netIncome,netIncomeRatio,eps,epsdiluted,weightedAverageShsOut,weightedAverageShsOutDil,link,finalLink,timestamp,est_time,est_date
0,2020-12-31,SFRX,USD,2021-04-12,2021-04-12 16:49:37,Q4,0.0,0.0,0.0,0.0,463468.0,244328.0,0.0,2002.032,2709828.0,2709828.0,286.72,-2667.0,-2701873.0,0.0,-2699.206,0.0,38393.0,-2660.813,0.0,0.0,-2660.813,0.0,-0.000533699373148578,-0.000533699373148578,4985602633,4985602633,https://www.sec.gov/Archives/edgar/data/1106213/000119983521000180/0001199835-21-000180-index.htm,https://www.sec.gov/Archives/edgar/data/1106213/000119983521000180/form10-k.htm,1620597801,18:03:21,20210509
1,2020-09-30,SFRX,USD,2020-11-16,2020-11-16 17:18:42,Q3,2182.0,0.0,2182.0,1.0,95460.0,500242.0,0.0,1252.0,648759.0,648759.0,51311.0,5015.0,-641562.0,-294.02474793767186,-646577.0,-296.32309807516043,8252.0,-689636.0,-316.05682859761686,0.0,-689636.0,-316.05682859761686,-0.000138,-0.000138,4985602633,4985602633,https://www.sec.gov/Archives/edgar/data/1106213/000119983520000315/0001199835-20-000315-index.htm,https://www.sec.gov/Archives/edgar/data/1106213/000119983520000315/form10-q.htm,1620597801,18:03:21,20210509
2,2020-06-30,SFRX,USD,2020-08-19,2020-08-19,Q2,0.0,0.0,0.0,0.0,122883.0,388876.0,0.0,0.0,560681.0,560681.0,56069.0,5015.0,-555666.0,0.0,-560681.0,0.0,1500.0,-615250.0,0.0,0.0,-615250.0,0.0,-0.000127,-0.000127,4855622457,4855622457,https://www.sec.gov/Archives/edgar/data/1106213/000119983520000218/0001199835-20-000218-index.htm,https://www.sec.gov/Archives/edgar/data/1106213/000119983520000218/form10-q.htm,1620597801,18:03:21,20210509
3,2020-03-31,SFRX,USD,2020-05-15,2020-05-15,Q1,4200.0,0.0,0.0,0.0,71420.0,394417.0,0.0,0.0,626278.0,626278.0,87691.0,5015.0,-617063.0,-146.9197619047619,-622078.0,-148.11380952380952,-32875.0,-742644.0,-176.82,0.0,-742644.0,-176.82,-0.000155,-0.000155,4786398989,4786398989,https://www.sec.gov/Archives/edgar/data/1106213/000119983520000121/0001199835-20-000121-index.htm,https://www.sec.gov/Archives/edgar/data/1106213/000119983520000121/form10-q.htm,1620597801,18:03:21,20210509
4,2019-12-31,SFRX,USD,2020-04-03,2020-04-03,Q4,1400.0,0.0,1400.0,1.0,116067.0,355145.0,0.0,1465.884,555780.0,555780.0,68425.0,1003.0,-553377.0,-395.26928571428573,-554380.0,-395.98571428571427,-42908.0,-665713.0,-475.50928571428574,0.0,-665713.0,-475.50928571428574,-0.0001390843098391771,-0.0001390843098391771,4786398989,4786398989,https://www.sec.gov/Archives/edgar/data/1106213/000119983520000103/0001199835-20-000103-index.htm,https://www.sec.gov/Archives/edgar/data/1106213/000119983520000103/form10-k.htm,1620597801,18:03:21,20210509
5,2019-09-30,SFRX,USD,2019-11-22,2019-11-22,Q3,9100.0,0.0,0.0,0.0,210135.0,411909.0,0.0,0.0,651233.0,651233.0,55908.0,-7151.0,-649284.0,-71.34989010989011,-642133.0,-70.56406593406594,-3774.0,-701815.0,-77.12252747252747,0.0,-701815.0,-77.12252747252747,-0.000163,-0.000163,4304008551,4304008551,https://www.sec.gov/Archives/edgar/data/1106213/000165495419013314/0001654954-19-013314-index.htm,https://www.sec.gov/Archives/edgar/data/1106213/000165495419013314/sfrx_10qa-17832.htm,1620597801,18:03:21,20210509
6,2019-06-30,SFRX,USD,2019-08-21,2019-08-21,Q2,3500.0,0.0,0.0,0.0,0.0,501373.0,0.0,0.0,532005.0,532005.0,54246.0,3608.0,-524897.0,-149.97057142857142,-528505.0,-151.00142857142856,1500.0,-581251.0,-166.07171428571428,0.0,-581251.0,-166.07171428571428,-0.000141,-0.000141,4125752387,4125752387,https://www.sec.gov/Archives/edgar/data/1106213/000165495419009864/0001654954-19-009864-index.htm,https://www.sec.gov/Archives/edgar/data/1106213/000165495419009864/sfrx_10qa-17757.htm,1620597801,18:03:21,20210509
7,2019-03-31,SFRX,USD,2019-05-30,2019-05-30,Q1,0.0,0.0,0.0,0.0,0.0,314498.0,0.0,0.0,325853.0,325853.0,36033.0,3543.0,-322310.0,0.0,-325853.0,0.0,1500.0,-360386.0,0.0,0.0,-360386.0,0.0,-9.7e-05,-9.7e-05,3709707307,3709707307,https://www.sec.gov/Archives/edgar/data/1106213/000165495419006687/0001654954-19-006687-index.htm,https://www.sec.gov/Archives/edgar/data/1106213/000165495419006687/seafarer_10qa-17704.htm,1620597801,18:03:21,20210509
8,2018-12-31,SFRX,USD,2019-04-22,2019-04-22,Q4,0.0,0.0,0.0,0.0,0.0,215925.0,0.0,0.0,236047.0,236047.0,33478.0,-192.0,-236239.0,0.0,-236047.0,0.0,0.0,-268025.0,0.0,0.0,-268025.0,0.0,-7.224963529986653e-05,-7.224963529986653e-05,3709707307,3709707307,https://www.sec.gov/Archives/edgar/data/1106213/000165495419004653/0001654954-19-004653-index.htm,https://www.sec.gov/Archives/edgar/data/1106213/000165495419004653/seafarer_10ka-17662.htm,1620597801,18:03:21,20210509
9,2018-09-30,SFRX,USD,2018-11-28,2018-11-28,Q3,0.0,0.0,0.0,0.0,0.0,191034.0,0.0,0.0,209432.0,209432.0,85670.0,3508.0,-205924.0,0.0,-209432.0,0.0,0.0,-295102.0,0.0,0.0,-295102.0,0.0,-9.8e-05,-9.8e-05,2943435416,2943435416,https://www.sec.gov/Archives/edgar/data/1106213/000165495418013299/0001654954-18-013299-index.htm,https://www.sec.gov/Archives/edgar/data/1106213/000165495418013299/seafarer_10qa-17540.htm,1620597801,18:03:21,20210509
10,2018-06-30,SFRX,USD,2018-08-17,2018-08-17,Q2,0.0,0.0,0.0,0.0,0.0,350465.0,0.0,0.0,374226.0,374226.0,78568.0,8496.0,-365730.0,0.0,-374226.0,0.0,0.0,-452794.0,0.0,0.0,-452794.0,0.0,-0.000149,-0.000149,3036145467,3036145467,https://www.sec.gov/Archives/edgar/data/1106213/000165495418009309/0001654954-18-009309-index.htm,https://www.sec.gov/Archives/edgar/data/1106213/000165495418009309/seafarer_10qa-17453.htm,1620597801,18:03:21,20210509
11,2018-03-31,SFRX,USD,2018-05-23,2018-05-23,Q1,0.0,0.0,0.0,0.0,0.0,213788.0,0.0,0.0,230124.0,230124.0,0.0,8496.0,-221628.0,0.0,-230124.0,0.0,0.0,-261263.0,0.0,0.0,-261263.0,0.0,-9.3e-05,-9.3e-05,2806163638,2806163638,https://www.sec.gov/Archives/edgar/data/1106213/000165495418005831/0001654954-18-005831-index.htm,https://www.sec.gov/Archives/edgar/data/1106213/000165495418005831/seafarer_10q-17390.htm,1620597801,18:03:21,20210509
12,2017-12-31,SFRX,USD,2018-04-02,2018-04-02,Q4,0.0,0.0,0.0,0.0,0.0,137319.0,0.0,0.0,152652.0,152652.0,0.0,8496.0,-144156.0,0.0,-152652.0,0.0,0.0,-176969.0,0.0,0.0,-176969.0,0.0,-6.306439068753979e-05,-6.306439068753979e-05,2806163638,2806163638,https://www.sec.gov/Archives/edgar/data/1106213/000165495418003516/0001654954-18-003516-index.htm,https://www.sec.gov/Archives/edgar/data/1106213/000165495418003516/seafarer_17334-10k.htm,1620597801,18:03:21,20210509
13,2017-09-30,SFRX,USD,2017-11-21,2017-11-21,Q3,0.0,0.0,0.0,0.0,0.0,181327.0,0.0,0.0,209381.0,209381.0,50023.0,8496.0,-200885.0,0.0,-209381.0,0.0,-2638.0,-262042.0,0.0,0.0,-262042.0,0.0,-9.8e-05,-9.8e-05,2674513691,2674513691,https://www.sec.gov/Archives/edgar/data/1106213/000165495417010949/0001654954-17-010949-index.htm,https://www.sec.gov/Archives/edgar/data/1106213/000165495417010949/seafarer_10qa-17282.htm,1620597801,18:03:21,20210509
14,2017-06-30,SFRX,USD,2017-08-17,2017-08-17,Q2,0.0,0.0,0.0,0.0,0.0,98302.0,0.0,0.0,138162.0,138162.0,101692.0,8496.0,-129666.0,0.0,-138162.0,0.0,0.0,-239854.0,0.0,0.0,-239854.0,0.0,-9.5e-05,-9.5e-05,2516180900,2516180900,https://www.sec.gov/Archives/edgar/data/1106213/000165495417007684/0001654954-17-007684-index.htm,https://www.sec.gov/Archives/edgar/data/1106213/000165495417007684/seafarer_10qa-17214.htm,1620597801,18:03:21,20210509
15,2017-03-31,SFRX,USD,2017-05-23,2017-05-23,Q1,0.0,0.0,0.0,0.0,0.0,211468.0,0.0,0.0,232989.0,232989.0,0.0,8496.0,-224493.0,0.0,-232989.0,0.0,0.0,-320982.0,0.0,0.0,-320982.0,0.0,-0.000239,-0.000239,1345436472,1345436472,https://www.sec.gov/Archives/edgar/data/1106213/000165495417005024/0001654954-17-005024-index.htm,https://www.sec.gov/Archives/edgar/data/1106213/000165495417005024/seafarer_10qa-17153.htm,1620597801,18:03:21,20210509
16,2016-12-31,SFRX,USD,2017-09-20,2017-09-20,Q4,0.0,0.0,0.0,0.0,0.0,88566.0,0.0,0.0,100585.0,100585.0,0.0,8496.0,-92089.0,0.0,-100585.0,0.0,0.0,-159393.0,0.0,0.0,-159393.0,0.0,-0.00011846936166600366,-0.00011846936166600366,1345436472,1345436472,https://www.sec.gov/Archives/edgar/data/1106213/000165495417008633/0001654954-17-008633-index.htm,https://www.sec.gov/Archives/edgar/data/1106213/000165495417008633/seafarer_10ka-17241.htm,1620597801,18:03:21,20210509
17,2016-09-30,SFRX,USD,2016-09-30,2016-09-30,Q3,0.0,0.0,0.0,0.0,0.0,248178.0,0.0,0.0,270632.0,270632.0,414633.0,8496.0,-262136.0,0.0,-270632.0,0.0,0.0,-685265.0,0.0,0.0,-685265.0,0.0,-0.000342,-0.000342,2005911180,2005911180,,,1620597801,18:03:21,20210509
18,2016-06-30,SFRX,USD,2016-06-30,2016-06-30,Q2,0.0,0.0,0.0,0.0,0.0,149371.0,0.0,0.0,162810.0,162810.0,0.0,8496.0,-154314.0,0.0,-162810.0,0.0,0.0,-305198.0,0.0,0.0,-305198.0,0.0,-0.000192,-0.000192,1586342398,1586342398,,,1620597801,18:03:21,20210509
19,2016-03-31,SFRX,USD,2016-03-31,2016-03-31,Q1,0.0,0.0,0.0,0.0,0.0,132413.0,0.0,0.0,140909.0,140909.0,0.0,8496.0,-132413.0,0.0,-140909.0,0.0,0.0,-201980.0,0.0,0.0,-201980.0,0.0,-0.00015,-0.00015,1345436472,1345436472,,,1620597801,18:03:21,20210509
20,2015-12-31,SFRX,USD,2015-12-31,2015-12-31,Q4,0.0,0.0,0.0,0.0,0.0,234399.0,0.0,0.0,248027.0,248027.0,0.0,8496.0,-239531.0,0.0,-248027.0,0.0,0.0,-414553.0,0.0,0.0,-414553.0,0.0,-0.000308117855155037,-0.000308117855155037,1345436472,1345436472,,,1620597801,18:03:21,20210509
21,2015-09-30,SFRX,USD,2015-09-30,2015-09-30,Q3,0.0,0.0,0.0,0.0,0.0,167962.0,0.0,0.0,190889.0,190889.0,0.0,8496.0,-182393.0,0.0,-190889.0,0.0,0.0,-326116.0,0.0,0.0,-326116.0,0.0,-0.000273,-0.000273,1193601601,1193601601,,,1620597801,18:03:21,20210509
22,2015-06-30,SFRX,USD,2015-06-30,2015-06-30,Q2,0.0,0.0,0.0,0.0,0.0,271926.0,0.0,0.0,296699.0,296699.0,0.0,8496.0,-288203.0,0.0,-296699.0,0.0,0.0,-348392.0,0.0,0.0,-348392.0,0.0,-0.000304,-0.000304,1144988532,1144988532,,,1620597801,18:03:21,20210509
23,2015-03-31,SFRX,USD,2015-03-31,2015-03-31,Q1,0.0,0.0,0.0,0.0,0.0,302738.0,0.0,0.0,321749.0,321749.0,0.0,8496.0,-313253.0,0.0,-321749.0,0.0,0.0,-62230.0,0.0,0.0,-62230.0,0.0,-5.9e-05,-5.9e-05,1047757152,1047757152,,,1620597801,18:03:21,20210509
24,2014-12-31,SFRX,USD,2014-12-31,2014-12-31,Q4,0.0,0.0,0.0,0.0,0.0,191362.0,0.0,0.0,217292.0,217292.0,391092.0,8496.0,-208796.0,0.0,-217292.0,0.0,30000.0,-578384.0,0.0,0.0,-578384.0,0.0,-0.0005520210469534452,-0.0005520210469534452,1047757152,1047757152,,,1620597801,18:03:21,20210509
25,2014-09-30,SFRX,USD,2014-09-30,2014-09-30,Q3,0.0,0.0,0.0,0.0,0.0,308881.0,0.0,0.0,347805.0,347805.0,180819.0,8496.0,-339309.0,0.0,-347805.0,0.0,-1100.0,-529724.0,0.0,0.0,-529724.0,0.0,-0.000576,-0.000576,919710681,919710681,,,1620597801,18:03:21,20210509
26,2014-06-30,SFRX,USD,2014-06-30,2014-06-30,Q2,0.0,0.0,0.0,0.0,0.0,256120.0,0.0,0.0,286845.0,286845.0,220667.0,8496.0,-278349.0,0.0,-286845.0,0.0,0.0,-507512.0,0.0,0.0,-507512.0,0.0,-0.000515,-0.000515,985783228,985783228,,,1620597801,18:03:21,20210509
27,2014-03-31,SFRX,USD,2014-03-31,2014-03-31,Q1,0.0,0.0,0.0,0.0,0.0,292488.0,0.0,0.0,312804.0,312804.0,161762.0,8496.0,-304308.0,0.0,-312804.0,0.0,9288.0,-465278.0,0.0,0.0,-465278.0,0.0,-0.000537,-0.000537,865882776,865882776,,,1620597801,18:03:21,20210509
28,2013-12-31,SFRX,USD,2013-12-31,2013-12-31,Q4,0.0,0.0,0.0,0.0,0.0,1198043.0,0.0,0.0,1321936.0,1321936.0,289013.0,25488.0,-1296448.0,0.0,-1321936.0,0.0,0.0,-1568787.0,0.0,0.0,-1568787.0,0.0,-0.0018117775794630195,-0.0018117775794630195,865882776,865882776,,,1620597801,18:03:21,20210509
29,2013-09-30,SFRX,USD,2013-09-30,2013-09-30,Q3,0.0,0.0,0.0,0.0,0.0,1467749.0,0.0,0.0,1603983.0,1603983.0,224463.0,25488.0,-1578495.0,0.0,-1603983.0,0.0,-38447.0,-1767192.0,0.0,0.0,-1767192.0,0.0,-0.002267,-0.002267,779676653,779676653,,,1620597801,18:03:21,20210509
30,2013-06-30,SFRX,USD,2013-06-30,2013-06-30,Q2,0.0,0.0,0.0,0.0,0.0,946810.0,0.0,0.0,1046481.0,1046481.0,157306.0,16992.0,-1029489.0,0.0,-1046481.0,0.0,-38447.0,-1161625.0,0.0,0.0,-1161625.0,0.0,-0.00149,-0.00149,779676653,779676653,,,1620597801,18:03:21,20210509
31,2013-03-31,SFRX,USD,2013-03-31,2013-03-31,Q1,0.0,0.0,0.0,0.0,0.0,380162.0,0.0,0.0,427029.0,427029.0,33710.0,8496.0,-418533.0,0.0,-427029.0,0.0,-38447.0,-418577.0,0.0,0.0,-418577.0,0.0,-0.000556,-0.000556,753178202,753178202,,,1620597801,18:03:21,20210509
32,2012-12-31,SFRX,USD,2012-12-31,2012-12-31,Q4,0.0,0.0,0.0,0.0,0.0,39565.0,0.0,0.0,148889.0,148889.0,189499.0,8408.0,-140481.0,0.0,-148889.0,0.0,-27599.0,0.0,0.0,0.0,-310689.0,0.0,-0.0004125039720679542,-0.0004125039720679542,753178202,753178202,,,1620597801,18:03:21,20210509
33,2012-09-30,SFRX,USD,2012-09-30,2012-09-30,Q3,0.0,0.0,0.0,0.0,0.0,129380.0,0.0,0.0,137506.0,137506.0,50140.0,8126.0,-129380.0,0.0,-137506.0,0.0,0.0,0.0,0.0,0.0,-182458.0,0.0,-0.00025962329638379685,-0.00025962329638379685,702779768,702779768,,,1620597801,18:03:21,20210509
34,2012-06-30,SFRX,USD,2012-06-30,2012-06-30,Q2,0.0,0.0,0.0,0.0,0.0,213940.0,0.0,0.0,222064.0,222064.0,46578.0,8124.0,-213940.0,0.0,-222064.0,0.0,-31398.0,0.0,0.0,0.0,-300040.0,0.0,-0.0004571551466210707,-0.0004571551466210707,656319856,656319856,,,1620597801,18:03:21,20210509
35,2012-03-31,SFRX,USD,2012-03-31,2012-03-31,Q1,0.0,0.0,0.0,0.0,0.0,177199.0,0.0,0.0,185324.0,185324.0,11437.0,8125.0,-177199.0,0.0,-185324.0,0.0,0.0,0.0,0.0,0.0,-163611.0,0.0,-0.00026673525975487114,-0.00026673525975487114,613383473,613383473,,,1620597801,18:03:21,20210509
36,2011-12-31,SFRX,USD,2011-12-31,2011-12-31,Q4,0.0,0.0,0.0,0.0,0.0,225513.0,0.0,0.0,233639.0,233639.0,87522.0,8126.0,-225513.0,0.0,-233639.0,0.0,-20307.0,0.0,0.0,0.0,-341468.0,0.0,-0.0005566957947691558,-0.0005566957947691558,613383473,613383473,,,1620597801,18:03:21,20210509
37,2011-09-30,SFRX,USD,2011-09-30,2011-09-30,Q3,0.0,0.0,0.0,0.0,0.0,397075.0,0.0,0.0,405201.0,405201.0,4047.0,8126.0,-397075.0,0.0,-405201.0,0.0,-277489.0,0.0,0.0,0.0,-686737.0,0.0,-0.0012599371731604,-0.0012599371731604,545056543,545056543,,,1620597801,18:03:21,20210509
38,2011-06-30,SFRX,USD,2011-06-30,2011-06-30,Q2,0.0,0.0,0.0,0.0,0.0,311807.0,0.0,0.0,324314.0,324314.0,19737.0,12507.0,-311807.0,0.0,-324314.0,0.0,-21000.0,0.0,0.0,0.0,-365051.0,0.0,-0.0007548883107909405,-0.0007548883107909405,483582796,483582796,,,1620597801,18:03:21,20210509
39,2011-03-31,SFRX,USD,2011-03-31,2011-03-31,Q1,0.0,0.0,0.0,0.0,0.0,135187.0,0.0,0.0,143312.0,143312.0,14029.0,8125.0,-135187.0,0.0,-143312.0,0.0,0.0,0.0,0.0,0.0,-123053.0,0.0,-0.000254,-0.000254,483524508,483524508,,,1620597801,18:03:21,20210509
40,2010-12-31,SFRX,USD,2010-12-31,2010-12-31,Q4,0.0,0.0,0.0,0.0,0.0,119425.0,0.0,0.0,86351.0,86351.0,71807.0,8126.0,-78225.0,0.0,-86351.0,0.0,0.0,0.0,0.0,0.0,-214682.0,0.0,-0.00044399404052544944,-0.00044399404052544944,483524508,483524508,,,1620597801,18:03:21,20210509
41,2010-09-30,SFRX,USD,2010-09-30,2010-09-30,Q3,0.0,0.0,0.0,0.0,0.0,158482.0,0.0,0.0,166607.0,166607.0,48951.0,8125.0,-158482.0,0.0,-166607.0,0.0,0.0,0.0,0.0,0.0,-215123.0,0.0,-0.0005199496549186834,-0.0005199496549186834,413738134,413738134,,,1620597801,18:03:21,20210509
42,2010-06-30,SFRX,USD,2010-06-30,2010-06-30,Q2,0.0,0.0,0.0,0.0,0.0,219755.0,0.0,0.0,227880.0,227880.0,56488.0,8125.0,-219755.0,0.0,-227880.0,0.0,0.0,0.0,0.0,0.0,-283915.0,0.0,-0.0007441422052910522,-0.0007441422052910522,381533258,381533258,,,1620597801,18:03:21,20210509
43,2010-03-31,SFRX,USD,2010-03-31,2010-03-31,Q1,0.0,0.0,0.0,0.0,0.0,267687.0,0.0,0.0,317311.0,317311.0,7082.0,8124.0,-309187.0,0.0,-317311.0,0.0,0.0,0.0,0.0,0.0,-312714.0,0.0,-0.0009174810937015173,-0.0009174810937015173,340839721,340839721,,,1620597801,18:03:21,20210509
44,2009-12-31,SFRX,USD,2009-12-31,2009-12-31,Q4,0.0,0.0,0.0,0.0,0.0,203203.0,0.0,0.0,217638.0,217638.0,59806.0,8125.0,-209513.0,0.0,-217638.0,0.0,0.0,0.0,0.0,0.0,-276634.0,0.0,-0.0008116248868775479,-0.0008116248868775479,340839721,340839721,,,1620597801,18:03:21,20210509
45,2009-09-30,SFRX,USD,2009-11-16,2009-11-16,Q3,0.0,0.0,0.0,0.0,0.0,220813.0,0.0,0.0,228289.0,228289.0,1858.0,8125.0,-220164.0,0.0,-228289.0,0.0,0.0,0.0,0.0,0.0,-227425.0,0.0,-0.0007359100566958957,-0.0007359100566958957,309039125,309039125,https://www.sec.gov/Archives/edgar/data/1106213/000119983509000669/0001199835-09-000669-index.htm,https://www.sec.gov/Archives/edgar/data/1106213/000119983509000669/seafarer_exploration-10q.htm,1620597801,18:03:21,20210509
46,2009-06-30,SFRX,USD,2009-08-19,2009-08-19,Q2,0.0,0.0,0.0,0.0,0.0,489953.0,0.0,0.0,502243.0,502243.0,3013.0,8125.0,-494118.0,0.0,-502243.0,0.0,0.0,0.0,0.0,0.0,-504474.0,0.0,-0.0017304652451690184,-0.0017304652451690184,291525069,291525069,https://www.sec.gov/Archives/edgar/data/1106213/000119983509000474/0001199835-09-000474-index.htm,https://www.sec.gov/Archives/edgar/data/1106213/000119983509000474/seafarer_exploration-10q.htm,1620597801,18:03:21,20210509
47,2009-03-31,SFRX,USD,2009-03-31,2009-03-31,Q1,0.0,0.0,0.0,0.0,0.0,75362.0,0.0,0.0,83543.0,83543.0,708.0,8125.0,-75418.0,0.0,-83543.0,0.0,0.0,0.0,0.0,0.0,-82381.0,0.0,-0.0002967318734307179,-0.0002967318734307179,277627742,277627742,,,1620597801,18:03:21,20210509
48,2008-09-30,SFRX,USD,2008-09-30,2008-09-30,Q4,0.0,0.0,0.0,0.0,0.0,231420.0,0.0,0.0,239544.0,239544.0,1860.0,8124.0,-231420.0,0.0,-239544.0,0.0,0.0,0.0,0.0,0.0,-241402.0,0.0,-0.001,-0.001,252123381,252123381,,,1620597801,18:03:21,20210509
49,2008-06-30,SFRX,USD,2008-06-30,2008-06-30,Q3,0.0,0.0,0.0,0.0,0.0,343039.0,0.0,0.0,348455.0,348455.0,1605.0,11831.0,-336624.0,0.0,-348455.0,0.0,0.0,0.0,0.0,0.0,-349986.0,0.0,-0.01,-0.01,266414372,266414372,,,1620597801,18:03:21,20210509
50,2008-03-31,SFRX,USD,2008-03-31,2008-03-31,Q2,0.0,0.0,0.0,0.0,0.0,1179316.0,0.0,0.0,1179316.0,1179316.0,0.0,9835.0,-1169481.0,0.0,-1179316.0,0.0,0.0,0.0,0.0,0.0,-1179316.0,0.0,-0.01,-0.01,113225962,113225962,,,1620597801,18:03:21,20210509
51,2007-12-31,SFRX,USD,2007-12-31,2007-12-31,Q1,0.0,0.0,0.0,0.0,0.0,1258785.0,0.0,0.0,1258785.0,1258785.0,0.0,10037.0,-1248748.0,0.0,-1258785.0,0.0,0.0,0.0,0.0,0.0,-1260160.0,0.0,-0.011129602943890201,-0.011129602943890201,113225962,113225962,,,1620597801,18:03:21,20210509
52,2007-09-30,SFRX,USD,2007-09-30,2007-09-30,Q4,0.0,0.0,0.0,0.0,84999.0,872606.0,0.0,0.0,957605.0,957605.0,0.0,10037.0,-947568.0,0.0,-957605.0,0.0,0.0,0.0,0.0,0.0,-957605.0,0.0,-0.01,-0.01,90932412,90932412,,,1620597801,18:03:21,20210509
53,2007-06-30,SFRX,USD,2007-08-20,2007-08-20,Q3,0.0,0.0,0.0,0.0,9999.0,84858.0,0.0,0.0,94857.0,94857.0,0.0,10037.0,-84820.0,0.0,-94857.0,0.0,0.0,0.0,0.0,0.0,-94857.0,0.0,-0.01,-0.01,73993369,73993369,https://www.sec.gov/Archives/edgar/data/1106213/000114420407045271/0001144204-07-045271-index.htm,https://www.sec.gov/Archives/edgar/data/1106213/000114420407045271/v085685_10qsb.htm,1620597801,18:03:21,20210509
54,2007-03-31,SFRX,USD,2007-05-21,2007-05-21,Q2,0.0,0.0,0.0,0.0,204000.0,60373.0,0.0,0.0,264373.0,264373.0,0.0,4815.0,-259558.0,0.0,-264373.0,0.0,0.0,0.0,0.0,0.0,-263815.0,0.0,-0.01,-0.01,58079271,58079271,https://www.sec.gov/Archives/edgar/data/1106213/000114420407027620/0001144204-07-027620-index.htm,https://www.sec.gov/Archives/edgar/data/1106213/000114420407027620/v076336_10qsb.htm,1620597801,18:03:21,20210509
55,2006-12-31,SFRX,USD,2006-12-31,2006-12-31,Q1,0.0,0.0,0.0,0.0,51600.0,25201.0,0.0,0.0,84895.0,84895.0,5123.0,8094.0,-76801.0,0.0,-84895.0,0.0,90017.0,0.0,0.0,0.0,-1.0,0.0,-1.721784696643317e-08,-1.721784696643317e-08,58079271,58079271,,,1620597801,18:03:21,20210509
56,2006-09-30,SFRX,USD,2006-09-30,2006-09-30,Q4,0.0,0.0,0.0,0.0,0.0,27214.0,0.0,0.0,27214.0,27214.0,0.0,0.0,655664.0,0.0,-27214.0,0.0,-682878.0,0.0,0.0,0.0,-710092.0,0.0,-0.01,-0.01,76311018,76311018,,,1620597801,18:03:21,20210509
57,2006-06-30,SFRX,USD,2006-06-30,2006-06-30,Q3,0.0,0.0,0.0,0.0,66000.0,119572.0,0.0,0.0,201759.0,201759.0,1627.0,16187.0,-185572.0,0.0,-201759.0,0.0,0.0,0.0,0.0,0.0,-203386.0,0.0,-0.01,-0.01,86382447,86382447,,,1620597801,18:03:21,20210509
58,2006-03-31,SFRX,USD,2006-05-19,2006-05-19,Q2,0.0,18600.0,-18600.0,0.0,66139.0,92434.0,0.0,0.0,174761.0,193361.0,7530.0,16188.0,-177173.0,0.0,-193361.0,0.0,0.0,0.0,0.0,0.0,-200891.0,0.0,-0.01,-0.01,86382447,86382447,https://www.sec.gov/Archives/edgar/data/1106213/000114420406021592/0001144204-06-021592-index.htm,https://www.sec.gov/Archives/edgar/data/1106213/000114420406021592/v043858_10qsb.txt,1620597801,18:03:21,20210509
