,date,symbol,reportedCurrency,fillingDate,acceptedDate,period,revenue,costOfRevenue,grossProfit,grossProfitRatio,researchAndDevelopmentExpenses,generalAndAdministrativeExpenses,sellingAndMarketingExpenses,otherExpenses,operatingExpenses,costAndExpenses,interestExpense,depreciationAndAmortization,ebitda,ebitdaratio,operatingIncome,operatingIncomeRatio,totalOtherIncomeExpensesNet,incomeBeforeTax,incomeBeforeTaxRatio,incomeTaxExpense,netIncome,netIncomeRatio,eps,epsdiluted,weightedAverageShsOut,weightedAverageShsOutDil,link,finalLink,timestamp,est_time,est_date
0,2020-12-31,WUW.SW,EUR,2020-12-31,2020-12-31,Q4,2065492000,0.0,0.0,0.0,0.0,92922000.0,0.0,0.0,0.0,2026433000,125651000.0,-5693000.0,0.0,0.0,0.0,0.018910264479358913,-57074000.0,39059000.0,0.018910264479358913,-1253000.0,40392000,0.01955563129753105,0.4266991732164757,0.4266991732164757,94661538,94661538,https://www.six-group.com/en/products-services/the-swiss-stock-exchange.html,https://www.six-group.com/en/products-services/the-swiss-stock-exchange.html,1620599978,18:39:38,20210509
1,2020-09-30,WUW.SW,EUR,2020-09-30,2020-09-30,Q3,1678883000,0.0,0.0,0.0,0.0,76604000.0,0.0,0.0,-45357000.0,1574683000,113256000.0,0.0,0.0,0.0,0.0,0.062065075410257894,43129000.0,104200000.0,0.062065075410257894,40787000.0,62911000,0.03747193818747346,0.6645888217028546,0.6645888217028546,94661538,94661538,https://www.six-group.com/en/products-services/the-swiss-stock-exchange.html,https://www.six-group.com/en/products-services/the-swiss-stock-exchange.html,1620599978,18:39:38,20210509
2,2020-06-30,WUW.SW,EUR,2020-06-30,2020-06-30,Q2,2119803000,0.0,0.0,0.0,0.0,73398000.0,0.0,0.0,35069000.0,1992833000,119905000.0,0.0,0.0,0.0,0.0,0.05989707534143503,-43129000.0,126970000.0,0.05989707534143503,44947000.0,81992000,0.0386790659320701,0.8661596011676886,0.8661596011676886,94661538,94661538,https://www.six-group.com/en/products-services/the-swiss-stock-exchange.html,https://www.six-group.com/en/products-services/the-swiss-stock-exchange.html,1620599978,18:39:38,20210509
3,2020-03-31,WUW.SW,EUR,2020-03-31,2020-03-31,Q1,1138132000,0.0,0.0,0.0,0.0,94735000.0,0.0,0.0,8957000.0,1101488000,113188000.0,18448000.0,0.0,0.0,0.0,0.03219661691262525,0.0,36644000.0,0.03219661691262525,11641000.0,24612000,0.021624908182882128,0.26,0.26,94661538,94661538,https://www.six-group.com/en/products-services/the-swiss-stock-exchange.html,https://www.six-group.com/en/products-services/the-swiss-stock-exchange.html,1620599978,18:39:38,20210509
4,2019-12-31,WUW.SW,EUR,2019-12-31,2019-12-31,Q4,1771838000,0.0,0.0,0.0,0.0,105870000.0,0.0,0.0,59424000.0,1735308000,166433000.0,0.0,0.0,0.0,0.0,0.020617009004209187,-1754000.0,36530000.0,0.020617009004209187,7519000.0,29973000,0.01691633208002086,0.31663335112936786,0.31663335112936786,94661538,94661538,https://www.six-group.com/en/products-services/the-swiss-stock-exchange.html,https://www.six-group.com/en/products-services/the-swiss-stock-exchange.html,1620599978,18:39:38,20210509
5,2019-09-30,WUW.SW,EUR,2019-09-30,2019-09-30,Q3,1603667000,0.0,0.0,0.0,0.0,90125000.0,0.0,0.0,-82660000.0,1538753000,160649000.0,0.0,0.0,0.0,0.0,0.040478478387346,46029000.0,64914000.0,0.040478478387346,20696000.0,42710000,0.026632711155121357,0.4511864153316419,0.4511864153316419,94661538,94661538,https://www.six-group.com/en/products-services/the-swiss-stock-exchange.html,https://www.six-group.com/en/products-services/the-swiss-stock-exchange.html,1620599978,18:39:38,20210509
6,2019-06-30,WUW.SW,EUR,2019-06-30,2019-06-30,Q2,1994053000,0.0,0.0,0.0,0.0,79697000.0,0.0,0.0,86994000.0,1866756000,144723000.0,21337250.0,0.0,0.0,0.0,0.06383832325419635,-46029000.0,127297000.0,0.06383832325419635,29925000.0,97356000,0.04882317571298255,1.028464168836978,1.028464168836978,94661538,94661538,https://www.six-group.com/en/products-services/the-swiss-stock-exchange.html,https://www.six-group.com/en/products-services/the-swiss-stock-exchange.html,1620599978,18:39:38,20210509
7,2019-03-31,WUW.SW,EUR,2019-03-31,2019-03-31,Q1,2092202000,0.0,0.0,0.0,0.0,105858000.0,0.0,0.0,-5786000.0,1967934000,143568000.0,21337250.0,0.0,0.0,0.0,0.0593957944787358,0.0,124268000.0,0.0593957944787358,45810000.0,78037000,0.037298979735226334,0.81,0.81,96341975,96341975,https://www.six-group.com/en/products-services/the-swiss-stock-exchange.html,https://www.six-group.com/en/products-services/the-swiss-stock-exchange.html,1620599978,18:39:38,20210509
8,2018-12-31,WUW.SW,EUR,2018-12-31,2018-12-31,Q4,1389971000,0.0,0.0,0.0,0.0,124046000.0,0.0,0.0,2606000.0,1326971000,154805000.0,0.0,0.0,0.0,0.0,0.04532468663015272,94289000.0,63000000.0,0.04532468663015272,20108000.0,42303000,0.03043444791294207,0.4468868866254846,0.4468868866254846,94661538,94661538,https://www.six-group.com/en/products-services/the-swiss-stock-exchange.html,https://www.six-group.com/en/products-services/the-swiss-stock-exchange.html,1620599978,18:39:38,20210509
9,2018-09-30,WUW.SW,EUR,2018-09-30,2018-09-30,Q3,1534206000,0.0,0.0,0.0,0.0,98377000.0,0.0,0.0,-9135000.0,1442377000,130450000.0,0.0,0.0,0.0,0.0,0.05985441329260868,0.0,91829000.0,0.05985441329260868,35924000.0,56157000,0.03660329838365904,0.5932398858763525,0.5932398858763525,94661538,94661538,https://www.six-group.com/en/products-services/the-swiss-stock-exchange.html,https://www.six-group.com/en/products-services/the-swiss-stock-exchange.html,1620599978,18:39:38,20210509
10,2018-06-30,WUW.SW,EUR,2018-06-30,2018-06-30,Q2,1773795000,0.0,0.0,0.0,0.0,92313000.0,0.0,0.0,-22732000.0,1692041000,156573000.0,15304750.0,0.0,0.0,0.0,0.04608988073593623,0.0,81754000.0,0.04608988073593623,23365000.0,58319000,0.03287809470654726,0.6160791513867016,0.6160791513867016,94661538,94661538,https://www.six-group.com/en/products-services/the-swiss-stock-exchange.html,https://www.six-group.com/en/products-services/the-swiss-stock-exchange.html,1620599978,18:39:38,20210509
11,2018-03-31,WUW.SW,EUR,2018-03-31,2018-03-31,Q1,1532584000,0.0,0.0,0.0,0.0,108156000.0,0.0,0.0,-28030000.0,1448677000,140647000.0,15304750.0,0.0,0.0,0.0,0.05474871197924551,0.0,83907000.0,0.05474871197924551,25904000.0,57429000,0.03747200805959086,0.61,0.61,94145902,94145902,https://www.six-group.com/en/products-services/the-swiss-stock-exchange.html,https://www.six-group.com/en/products-services/the-swiss-stock-exchange.html,1620599978,18:39:38,20210509
12,2017-12-31,WUW.SW,EUR,2017-12-31,2017-12-31,Q4,2270575000,0.0,0.0,0.0,0.0,205422000.0,0.0,0.0,66349000.0,2237683000,0.0,0.0,0.0,0.0,0.0,0.014486198429913128,-840890000.0,32892000.0,0.014486198429913128,-10457000.0,42905000,0.018896094601587702,0.4532463860876632,0.4532463860876632,94661538,94661538,https://www.six-group.com/en/products-services/the-swiss-stock-exchange.html,https://www.six-group.com/en/products-services/the-swiss-stock-exchange.html,1620599978,18:39:38,20210509
13,2017-09-30,WUW.SW,EUR,2017-09-30,2017-09-30,Q3,1046974000,0.0,0.0,0.0,0.0,64592000.0,0.0,0.0,-17856000.0,1001597000,0.0,0.0,0.0,0.0,0.0,0.043341095385367734,812127000.0,45377000.0,0.043341095385367734,-14370000.0,59535000,0.056863876275819646,0.6289249177421985,0.6289249177421985,94661538,94661538,https://www.six-group.com/en/products-services/the-swiss-stock-exchange.html,https://www.six-group.com/en/products-services/the-swiss-stock-exchange.html,1620599978,18:39:38,20210509
14,2017-06-30,WUW.SW,EUR,2017-06-30,2017-06-30,Q2,1741578000,0.0,0.0,0.0,0.0,128912000.0,0.0,0.0,-34136000.0,1625036000,0.0,16148250.0,0.0,0.0,0.0,0.0669174736933976,-549210000.0,116542000.0,0.0669174736933976,31081000.0,84732000,0.04865242900404116,0.8951048312779367,0.8951048312779367,94661538,94661538,https://www.six-group.com/en/products-services/the-swiss-stock-exchange.html,https://www.six-group.com/en/products-services/the-swiss-stock-exchange.html,1620599978,18:39:38,20210509
15,2017-03-31,WUW.SW,EUR,2017-03-31,2017-03-31,Q1,1737841000,0.0,0.0,0.0,0.0,110604000.0,0.0,0.0,2236000.0,1640203000,0.0,16148250.0,0.0,0.0,0.0,0.05618350585582916,308690000.0,97638000.0,0.05618350585582916,28158000.0,69470000,0.03997488838161834,0.74,0.74,93878378,93878378,https://www.six-group.com/en/products-services/the-swiss-stock-exchange.html,https://www.six-group.com/en/products-services/the-swiss-stock-exchange.html,1620599978,18:39:38,20210509
16,2016-12-31,WUW.SW,EUR,2016-12-31,2016-12-31,Q4,2396429000,0.0,0.0,0.0,0.0,225411000.0,0.0,0.0,-32461000.0,2374851000,0.0,0.0,0.0,0.0,0.0,0.00900423087852801,-425596000.0,21578000.0,0.00900423087852801,-33924000.0,54816000,0.022874034657400656,0.5790736254464828,0.5790736254464828,94661538,94661538,https://www.six-group.com/en/products-services/the-swiss-stock-exchange.html,https://www.six-group.com/en/products-services/the-swiss-stock-exchange.html,1620599978,18:39:38,20210509
17,2016-09-30,WUW.SW,EUR,2016-09-30,2016-09-30,Q3,1111314000,0.0,0.0,0.0,0.0,31518000.0,0.0,0.0,12153000.0,1021892000,0.0,0.0,0.0,0.0,0.0,0.08046510707144876,668404000.0,89422000.0,0.08046510707144876,30576000.0,58019000,0.052207566898284374,0.6129099656082072,0.6129099656082072,94661538,94661538,https://www.six-group.com/en/products-services/the-swiss-stock-exchange.html,https://www.six-group.com/en/products-services/the-swiss-stock-exchange.html,1620599978,18:39:38,20210509
18,2016-06-30,WUW.SW,EUR,2016-06-30,2016-06-30,Q2,1978037000,0.0,0.0,0.0,0.0,168259000.0,0.0,0.0,9149000.0,1891140000,0.0,15836250.0,0.0,0.0,0.0,0.04393092748012297,-317255000.0,86897000.0,0.04393092748012297,28552000.0,57640000,0.029140000920104124,0.6089062275747094,0.6089062275747094,94661538,94661538,https://www.six-group.com/en/products-services/the-swiss-stock-exchange.html,https://www.six-group.com/en/products-services/the-swiss-stock-exchange.html,1620599978,18:39:38,20210509
19,2016-03-31,WUW.SW,EUR,2016-03-31,2016-03-31,Q1,1487366000,0.0,0.0,0.0,0.0,103020000.0,0.0,0.0,1075000.0,1393690000,0.0,15836250.0,0.0,0.0,0.0,0.06298113577962654,246130000.0,93676000.0,0.06298113577962654,31062000.0,62444000,0.04198294165659293,0.67,0.67,93200000,93200000,https://www.six-group.com/en/products-services/the-swiss-stock-exchange.html,https://www.six-group.com/en/products-services/the-swiss-stock-exchange.html,1620599978,18:39:38,20210509
20,2015-12-31,WUW.SW,EUR,2015-12-31,2015-12-31,Q4,2805674000,0.0,0.0,0.0,0.0,276764000.0,0.0,0.0,-4264000.0,2733049000,0.0,0.0,0.0,0.0,0.0,0.025884689383014563,-245491000.0,72624000.0,0.025884689383014563,169000.0,72379000,0.025797366336930094,0.7646083248721355,0.7646083248721355,94661538,94661538,https://www.six-group.com/en/products-services/the-swiss-stock-exchange.html,https://www.six-group.com/en/products-services/the-swiss-stock-exchange.html,1620599978,18:39:38,20210509
21,2015-09-30,WUW.SW,EUR,2015-09-30,2015-09-30,Q3,989436000,0.0,0.0,0.0,0.0,42132000.0,0.0,0.0,-4856000.0,922515000,0.0,22806000.0,0.0,0.0,0.0,0.06763550143718239,407279000.0,66921000.0,0.06763550143718239,9236000.0,55948000,0.05654534502484244,0.5910320197840014,0.5910320197840014,94661538,94661538,https://www.six-group.com/en/products-services/the-swiss-stock-exchange.html,https://www.six-group.com/en/products-services/the-swiss-stock-exchange.html,1620599978,18:39:38,20210509
22,2015-06-30,WUW.SW,EUR,2015-06-30,2015-06-30,Q2,1760518000,0.0,0.0,0.0,0.0,126010000.0,0.0,0.0,-7097000.0,1665140000,0.0,22806000.0,0.0,0.0,0.0,0.05417610044316502,62193000.0,95378000.0,0.05417610044316502,5896000.0,88565000,0.05030621669304148,0.9355964615744993,0.9355964615744993,94661538,94661538,https://www.six-group.com/en/products-services/the-swiss-stock-exchange.html,https://www.six-group.com/en/products-services/the-swiss-stock-exchange.html,1620599978,18:39:38,20210509
23,2015-03-31,WUW.SW,EUR,2015-03-31,2015-03-31,Q1,1803808000,0.0,0.0,0.0,0.0,121911000.0,0.0,0.0,28134000.0,1715107000,0.0,22806000.0,0.0,0.0,0.0,0.04917430236477496,204177000.0,88701000.0,0.04917430236477496,34040000.0,53459000,0.02963674626124288,0.57,0.57,93787719,93787719,https://www.six-group.com/en/products-services/the-swiss-stock-exchange.html,https://www.six-group.com/en/products-services/the-swiss-stock-exchange.html,1620599978,18:39:38,20210509
24,2014-12-31,WUW.SW,EUR,2014-12-31,2014-12-31,Q4,2829360000,0.0,0.0,0.0,0.0,180369000.0,0.0,0.0,45769000.0,2819621000,0.0,0.0,0.0,0.0,0.0,0.003442121186416716,-485183000.0,9739000.0,0.003442121186416716,-37421000.0,46896000,0.016574773093561795,0.49540712089423267,0.49540712089423267,94661538,94661538,https://www.six-group.com/en/products-services/the-swiss-stock-exchange.html,https://www.six-group.com/en/products-services/the-swiss-stock-exchange.html,1620599978,18:39:38,20210509
25,2014-09-30,WUW.SW,EUR,2014-09-30,2014-09-30,Q3,1051945000,0.0,0.0,0.0,0.0,58056000.0,0.0,0.0,33303000.0,972772000,0.0,22331750.0,0.0,0.0,0.0,0.07526344057911773,811608000.0,79173000.0,0.07526344057911773,14964000.0,60451000,0.057465932154247605,0.6386014983192012,0.6386014983192012,94661538,94661538,https://www.six-group.com/en/products-services/the-swiss-stock-exchange.html,https://www.six-group.com/en/products-services/the-swiss-stock-exchange.html,1620599978,18:39:38,20210509
26,2014-06-30,WUW.SW,EUR,2014-06-30,2014-06-30,Q2,2074156000,0.0,0.0,0.0,0.0,130923000.0,0.0,0.0,-7753000.0,1954251000,0.0,22331750.0,0.0,0.0,0.0,0.057809055828009076,-330752000.0,119905000.0,0.057809055828009076,43513000.0,74111000,0.03573067792393629,0.7829050907666427,0.7829050907666427,94661538,94661538,https://www.six-group.com/en/products-services/the-swiss-stock-exchange.html,https://www.six-group.com/en/products-services/the-swiss-stock-exchange.html,1620599978,18:39:38,20210509
27,2014-03-31,WUW.SW,EUR,2014-03-31,2014-03-31,Q1,1556126000,0.0,0.0,0.0,0.0,99386000.0,0.0,0.0,13173000.0,1481939000,0.0,22331750.0,0.0,0.0,0.0,0.047674160061588845,346903000.0,74187000.0,0.047674160061588845,19982000.0,51920000,0.03336490746893246,0.56,0.56,92714286,92714286,https://www.six-group.com/en/products-services/the-swiss-stock-exchange.html,https://www.six-group.com/en/products-services/the-swiss-stock-exchange.html,1620599978,18:39:38,20210509
28,2013-12-31,WUW.SW,EUR,2013-12-31,2013-12-31,Q4,2565043000,0.0,0.0,0.0,0.0,220623000.0,0.0,0.0,65069000.0,2517391000,0.0,0.0,0.0,0.0,0.0,0.018577466342669498,-946410000.0,47652000.0,0.018577466342669498,2182000.0,44309000,0.017274174351073257,0.4680781755310166,0.4680781755310166,94661538,94661538,https://www.six-group.com/en/products-services/the-swiss-stock-exchange.html,https://www.six-group.com/en/products-services/the-swiss-stock-exchange.html,1620599978,18:39:38,20210509
29,2013-09-30,WUW.SW,EUR,2013-09-30,2013-09-30,Q3,968399000,0.0,0.0,0.0,0.0,50668000.0,0.0,0.0,40076000.0,1014187000,0.0,31434250.0,0.0,0.0,0.0,-0.04728216365361798,939973000.0,-45788000.0,-0.04728216365361798,-29323000.0,-19401000,-0.020034097515590165,-0.2049512442952279,-0.2049512442952279,94661538,94661538,https://www.six-group.com/en/products-services/the-swiss-stock-exchange.html,https://www.six-group.com/en/products-services/the-swiss-stock-exchange.html,1620599978,18:39:38,20210509
30,2013-06-30,WUW.SW,EUR,2013-06-30,2013-06-30,Q2,2059093000,0.0,0.0,0.0,0.0,132332000.0,0.0,0.0,-7819000.0,1933263000,0.0,31434250.0,0.0,0.0,0.0,0.06110943022000463,-336645000.0,125830000.0,0.06110943022000463,39194000.0,84341000,0.04096026745756506,0.8909743258132992,0.8909743258132992,94661538,94661538,https://www.six-group.com/en/products-services/the-swiss-stock-exchange.html,https://www.six-group.com/en/products-services/the-swiss-stock-exchange.html,1620599978,18:39:38,20210509
31,2013-03-31,WUW.SW,EUR,2013-03-31,2013-03-31,Q1,1703910000,0.0,0.0,0.0,0.0,107187000.0,0.0,0.0,21123000.0,1647022000,0.0,31434250.0,0.0,0.0,0.0,0.03338673990997177,345197000.0,56888000.0,0.03338673990997177,17674000.0,33888000,0.01988837438597109,0.37,0.37,91589189,91589189,https://www.six-group.com/en/products-services/the-swiss-stock-exchange.html,https://www.six-group.com/en/products-services/the-swiss-stock-exchange.html,1620599978,18:39:38,20210509
32,2012-12-31,WUW.SW,EUR,2012-12-31,2012-12-31,Q4,2878652000,0.0,0.0,0.0,0.0,282399000.0,0.0,0.0,-17330000.0,2818641000,0.0,0.0,0.0,0.0,0.0,0.02084691028995516,-679501000.0,60011000.0,0.02084691028995516,12627000.0,47144000,0.01637710984168979,0.498026981137788,0.498026981137788,94661538,94661538,https://www.six-group.com/en/products-services/the-swiss-stock-exchange.html,https://www.six-group.com/en/products-services/the-swiss-stock-exchange.html,1620599978,18:39:38,20210509
33,2012-09-30,WUW.SW,EUR,2012-09-30,2012-09-30,Q3,1482345000,0.0,0.0,0.0,0.0,0.0,0.0,0.0,-221721000.0,1408180000,0.0,17271500.0,0.0,0.0,0.0,0.050032212474154125,224924000.0,74165000.0,0.050032212474154125,17341000.0,52807000,0.035623960683916364,0.5578506446831658,0.5578506446831658,94661538,94661538,https://www.six-group.com/en/products-services/the-swiss-stock-exchange.html,https://www.six-group.com/en/products-services/the-swiss-stock-exchange.html,1620599978,18:39:38,20210509
34,2012-06-30,WUW.SW,EUR,2012-06-30,2012-06-30,Q2,1373548000,0.0,0.0,0.0,0.0,0.0,0.0,0.0,45147000.0,1314430000,0.0,17271500.0,0.0,0.0,0.0,0.043040359710763657,232767000.0,59118000.0,0.043040359710763657,-5402000.0,56351000,0.041025868771968656,0.5952892926797788,0.5952892926797788,94661538,94661538,https://www.six-group.com/en/products-services/the-swiss-stock-exchange.html,https://www.six-group.com/en/products-services/the-swiss-stock-exchange.html,1620599978,18:39:38,20210509
35,2012-03-31,WUW.SW,EUR,2012-03-31,2012-03-31,Q1,1669816000,0.0,0.0,0.0,0.0,108652000.0,0.0,0.0,185058000.0,1571168000,0.0,14776000.0,0.0,0.0,0.0,0.05907716778375582,302786000.0,98648000.0,0.05907716778375582,32194000.0,66454000,0.03979719921236831,0.67,0.67,91908955,91908955,https://www.six-group.com/en/products-services/the-swiss-stock-exchange.html,https://www.six-group.com/en/products-services/the-swiss-stock-exchange.html,1620599978,18:39:38,20210509
36,2011-12-31,WUW.SW,EUR,2011-12-31,2011-12-31,Q4,1703630000,0.0,0.0,0.0,0.0,133793000.0,0.0,0.0,784308000.0,1656520000,0.0,18614000.0,0.0,0.0,0.0,0.02765271801975781,530625000.0,47110000.0,0.02765271801975781,-5505000.0,52615000,0.030884053462312825,0.5558223657849295,0.5558223657849295,94661538,94661538,https://www.six-group.com/en/products-services/the-swiss-stock-exchange.html,https://www.six-group.com/en/products-services/the-swiss-stock-exchange.html,1620599978,18:39:38,20210509
37,2011-09-30,WUW.SW,EUR,2011-09-30,2011-09-30,Q3,1071060000,0.0,0.0,0.0,0.0,120719000.0,0.0,0.0,-375449000.0,1043362000,0.0,14423000.0,0.0,0.0,0.0,0.025860362631411872,602946000.0,27698000.0,0.025860362631411872,-5997000.0,33695000,0.03145948873079006,0.3559523826878874,0.3559523826878874,94661538,94661538,https://www.six-group.com/en/products-services/the-swiss-stock-exchange.html,https://www.six-group.com/en/products-services/the-swiss-stock-exchange.html,1620599978,18:39:38,20210509
38,2011-06-30,WUW.SW,EUR,2011-06-30,2011-06-30,Q2,1302879000,0.0,0.0,0.0,0.0,116857000.0,0.0,0.0,164584000.0,1266170000,0.0,14374000.0,0.0,0.0,0.0,0.028175294866215513,45708000.0,36709000.0,0.028175294866215513,-10875000.0,47584000,0.0365221943096788,0.5026751202795796,0.5026751202795796,94661538,94661538,https://www.six-group.com/en/products-services/the-swiss-stock-exchange.html,https://www.six-group.com/en/products-services/the-swiss-stock-exchange.html,1620599978,18:39:38,20210509
39,2011-03-31,WUW.SW,EUR,2011-03-31,2011-03-31,Q1,1490451000,0.0,0.0,0.0,0.0,112728000.0,0.0,0.0,177289000.0,1409777000,0.0,13507000.0,0.0,0.0,0.0,0.0541272406808409,-34833000.0,80674000.0,0.0541272406808409,22973000.0,57701000,0.03871378529049261,0.57,0.57,92589474,92589474,https://www.six-group.com/en/products-services/the-swiss-stock-exchange.html,https://www.six-group.com/en/products-services/the-swiss-stock-exchange.html,1620599978,18:39:38,20210509
40,2010-12-31,WUW.SW,EUR,2010-12-31,2010-12-31,Q4,4553185000,0.0,0.0,0.0,0.0,149009000.0,0.0,0.0,647715000.0,4493212000,0.0,0.0,0.0,0.0,0.0,0.013171658959607396,-738622000.0,59973000.0,0.013171658959607396,16161000.0,43812000,0.009622275396233625,0.462827891091311,0.462827891091311,94661538,94661538,https://www.six-group.com/en/products-services/the-swiss-stock-exchange.html,https://www.six-group.com/en/products-services/the-swiss-stock-exchange.html,1620599978,18:39:38,20210509
41,2010-09-30,WUW.SW,EUR,2010-09-30,2010-09-30,Q3,-1594524000,0.0,0.0,0.0,0.0,118510000.0,0.0,0.0,-112679000.0,-1604822000,0.0,14867750.0,0.0,0.0,0.0,-0.006458353715591612,223255000.0,10298000.0,-0.006458353715591612,-33142000.0,43440000,-0.02724323998886188,0.4588981007259781,0.4588981007259781,94661538,94661538,https://www.six-group.com/en/products-services/the-swiss-stock-exchange.html,https://www.six-group.com/en/products-services/the-swiss-stock-exchange.html,1620599978,18:39:38,20210509
42,2010-06-30,WUW.SW,EUR,2010-06-30,2010-06-30,Q2,1429942000,0.0,0.0,0.0,0.0,101542000.0,0.0,0.0,3045000.0,1353052000,0.0,14867750.0,0.0,0.0,0.0,0.05377141170760772,289556000.0,76890000.0,0.05377141170760772,24328000.0,52562000,0.03675813424600438,0.5552624762973954,0.5552624762973954,94661538,94661538,https://www.six-group.com/en/products-services/the-swiss-stock-exchange.html,https://www.six-group.com/en/products-services/the-swiss-stock-exchange.html,1620599978,18:39:38,20210509
43,2010-03-31,WUW.SW,EUR,2010-03-31,2010-03-31,Q1,1459958000,0.0,0.0,0.0,0.0,92410000.0,0.0,0.0,3247000.0,1380618000,0.0,14867750.0,0.0,0.0,0.0,0.054344029074809,253144000.0,79340000.0,0.054344029074809,30981000.0,48359000,0.033123555609133964,0.49,0.49,92538776,92538776,https://www.six-group.com/en/products-services/the-swiss-stock-exchange.html,https://www.six-group.com/en/products-services/the-swiss-stock-exchange.html,1620599978,18:39:38,20210509
44,2009-03-31,WUW.SW,EUR,2009-03-31,2009-03-31,Q1,1130605000,0.0,0.0,0.0,0.0,94145000.0,0.0,0.0,-4608000.0,1052393000,0.0,13783250.0,0.0,0.0,0.0,0.06917712198336289,204521000.0,78212000.0,0.06917712198336289,24499000.0,53713000,0.04750819251639609,0.65,0.65,86373846,86373846,https://www.six-group.com/en/products-services/the-swiss-stock-exchange.html,https://www.six-group.com/en/products-services/the-swiss-stock-exchange.html,1620599978,18:39:38,20210509
