,date,symbol,reportedCurrency,fillingDate,acceptedDate,period,revenue,costOfRevenue,grossProfit,grossProfitRatio,researchAndDevelopmentExpenses,generalAndAdministrativeExpenses,sellingAndMarketingExpenses,otherExpenses,operatingExpenses,costAndExpenses,interestExpense,depreciationAndAmortization,ebitda,ebitdaratio,operatingIncome,operatingIncomeRatio,totalOtherIncomeExpensesNet,incomeBeforeTax,incomeBeforeTaxRatio,incomeTaxExpense,netIncome,netIncomeRatio,eps,epsdiluted,weightedAverageShsOut,weightedAverageShsOutDil,link,finalLink,timestamp,est_time,est_date
0,2020-03-31,WAFU,USD,2020-03-31,2020-03-31,Q4,3137180.0,1873070.0,1264110.0,0.40294468280430196,0.0,1797630.0,0.0,0.0,1797630.0,3670700.0,88910.0,51170.00000000001,-482350.0,-0.15375273334650866,-533520.0,-0.17006356026750138,12960.0,-431650.0,-0.13759172250237475,26060.0,-463670.0,-0.1477983411853958,-0.10581,-0.10581,4382030.0,4382030.0,,,1620599714,18:35:14,20210509
1,2019-09-30,WAFU,USD,2019-09-30,2019-09-30,Q1,2500200.0,1513890.0,986310.0,0.39449244060475164,0.0,2023960.0,0.0,0.0,2023970.0,3537860.0,46450.0,113770.0,-923890.0,-0.3695264378849692,-1037660.0,-0.4150307975361971,-5730.0,-996940.0,-0.39874410047196224,186430.0,-1225030.0,-0.48997280217582595,-0.29172,-0.29172,4199340.0,4199340.0,,,1620599714,18:35:14,20210509
2,2019-03-31,WAFU,USD,2019-04-30 00:00:00,2019-04-29 21:26:38,Q4,2461920.0,1797640.0,664280.0,0.2698219276012218,0.0,2179450.0,0.0,0.0,2179450.0,3977090.0,52120.0,72990.0,-1442180.0,-0.5857948268018457,-1515170.0,-0.6154424189250666,1070.0,-1461990.0,-0.5938413920842269,-219890.0,-1090370.0,-0.4428941639045948,-0.30611,-0.30611,3562070.0,3562070.0,https://www.sec.gov/Archives/edgar/data/1716770/000121390019007342/0001213900-19-007342-index.html,https://www.sec.gov/Archives/edgar/data/1716770/000121390019007342/f6k041619_wahfueducation.htm,1620599714,18:35:14,20210509
3,2018-09-30,WAFU,USD,2018-09-30,2018-09-30,Q3,2896110.0,1056740.0,1839370.0,0.6351174506493192,0.0,1562780.0,0.0,0.0,1562780.0,2619520.0,74540.0,58030.0,334620.0,0.11554119146026912,276590.0,0.09550396911719514,-4470.0,346660.0,0.11969849211528567,123090.0,144190.0,0.049787473542096124,0.02773,0.02773,5200000.0,5200000.0,,,1620599714,18:35:14,20210509
4,2018-03-31,WAFU,USD,2018-03-31,2018-03-31,Q2,2906560.0,1264650.0,1641910.0,0.5648980237806892,0.0,1291170.0,0.0,0.0,1291170.0000000002,2555820.0,120330.0,63290.0,414030.0,0.1424467411648134,350740.0,0.12067185951778046,-320.0,470750.0,0.1619612187603215,-19090.0,537550.0,0.18494371353077177,0.10338,0.10338,5200000.0,5200000.0,,,1620599714,18:35:14,20210509
5,2017-09-30,WAFU,USD,2017-09-30,2017-09-30,Q1,3061330.0,964850.0,2096480.0,0.6848265296456115,0.0,1374730.0,0.0,0.0,1374730.0000000002,2339580.0,113820.0,58640.0,780390.0,0.2549186138051108,721750.0,0.23576354068329777,-10820.0,824750.0,0.2694090477014892,111110.0,607060.0,0.19829943194624558,0.11674,0.11674,5200000.0,5200000.0,,,1620599714,18:35:14,20210509
