,date,symbol,reportedCurrency,fillingDate,acceptedDate,period,revenue,costOfRevenue,grossProfit,grossProfitRatio,researchAndDevelopmentExpenses,generalAndAdministrativeExpenses,sellingAndMarketingExpenses,otherExpenses,operatingExpenses,costAndExpenses,interestExpense,depreciationAndAmortization,ebitda,ebitdaratio,operatingIncome,operatingIncomeRatio,totalOtherIncomeExpensesNet,incomeBeforeTax,incomeBeforeTaxRatio,incomeTaxExpense,netIncome,netIncomeRatio,eps,epsdiluted,weightedAverageShsOut,weightedAverageShsOutDil,link,finalLink,timestamp,est_time,est_date
0,2019-12-31,JASNW,USD,2020-03-02 00:00:00,2020-02-28 20:19:42,Q4,247381000.0,185510000.0,61871000.0,0.25010409045157067,0.0,0.0,66662000.0,0.0,66662000.0,252172000.0,32931000.0,15819000.0,7770000.0,0.03140904111471778,-8049000.0,-0.03253685610455128,1108000.0,-37064000.0,-0.14982557269960103,0.0,-79257000.0,-0.3203843464130228,-2.795858614364329,-2.795858614364329,28348000,28348000.0,https://www.sec.gov/Archives/edgar/data/1579252/000157925220000007/0001579252-20-000007-index.html,https://www.sec.gov/Archives/edgar/data/1579252/000157925220000007/jasn-20191231.htm,1620593866,16:57:46,20210509
1,2019-09-27,JASNW,USD,2019-11-08 00:00:00,2019-11-08 08:28:19,Q3,16373000.0,11515000.0,4858000.0,0.2967079948696024,0.0,540000.0,11538000.0,0.0,12078000.0,23593000.0,8145000.0,10930000.0,11128000.0,0.6796555304464668,198000.0,0.012093080070848347,-10000.0,-2351000.0,-0.14359005680083065,-6942000.0,-2351000.0,-0.14359005680083065,-0.08293,-0.08293,28348000,28348000.0,https://www.sec.gov/Archives/edgar/data/1579252/000157925219000142/0001579252-19-000142-index.html,https://www.sec.gov/Archives/edgar/data/1579252/000157925219000142/jasn-20190927.htm,1620593866,16:57:46,20210509
2,2019-06-28,JASNW,USD,2019-08-12,2019-08-12 16:29:51,Q2,138303000.0,114305000.0,23998000.0,0.1735175665025343,0.0,0.0,26400000.0,0.0,26400000.0,140705000.0,8362000.0,14116000.0,10502000.0,0.0759347230356536,-3614000.0,-0.026131031141768436,-371000.0,-12309000.0,-0.08900023860653782,807000.0,-13116000.0,-0.09483525303138761,-0.46267814307887684,-0.4650404197986101,28348000,28204000.0,https://www.sec.gov/Archives/edgar/data/1579252/000157925219000122/0001579252-19-000122-index.htm,https://www.sec.gov/Archives/edgar/data/1579252/000157925219000122/jasonindustriesq2201910q.htm,1620593866,16:57:46,20210509
3,2019-03-29,JASNW,USD,2019-05-13 00:00:00,2019-05-13 16:38:01,Q1,141978000.0,113398000.0,28580000.0,0.20129879277071094,0.0,0.0,25221000.0,0.0,25221000.0,138619000.0,8231000.0,12141000.0,13919000.0,0.09803631548549775,1778000.0,0.012523066954035132,24000.0,-6345000.0,-0.04469002239783629,711000.0,-7056000.0,-0.04969784051050163,-0.24890644842669676,-0.2523424647736213,28348000,27962000.0,https://www.sec.gov/Archives/edgar/data/1579252/000157925219000085/0001579252-19-000085-index.html,https://www.sec.gov/Archives/edgar/data/1579252/000157925219000085/jasonindustriesq1201910q-a.htm,1620593866,16:57:46,20210509
4,2018-12-31,JASNW,USD,2019-03-05 00:00:00,2019-03-05 16:32:03,Q4,131975000.0,106966000.0,25009000.0,0.18949801098692934,3200000.0,0.0,25544000.0,0.0,28744000.0,135710000.0,8659000.0,11637000.0,11191000.0,0.08479636294752795,-446000.0,-0.0033794279219549156,48000.0,-8936000.0,-0.06770979352150028,-2694000.0,-8347000.0,-0.06324682705057776,-0.29444758007619587,-0.3024823337561152,28348000,27595000.0,https://www.sec.gov/Archives/edgar/data/1579252/000157925219000028/0001579252-19-000028-index.html,https://www.sec.gov/Archives/edgar/data/1579252/000157925219000028/jasonindustries1231201810k.htm,1620593866,16:57:46,20210509
5,2018-09-28,JASNW,USD,2018-11-01 00:00:00,2018-11-01 08:23:59,Q3,145295000.0,116818000.0,28477000.0,0.19599435630957707,0.0,0.0,24514000.0,0.0,24514000.0,141332000.0,8348000.0,10535000.0,13404000.0,0.09225369076706012,2869000.0,0.01974603393096803,51000.0,-4960000.0,-0.0341374445094463,552000.0,-5512000.0,-0.03793661172098145,-0.1944405249047552,-0.19996372211137312,28348000,27565000.0,https://www.sec.gov/Archives/edgar/data/1579252/000157925218000096/0001579252-18-000096-index.html,https://www.sec.gov/Archives/edgar/data/1579252/000157925218000096/jasonindustriesq3201810q.htm,1620593866,16:57:46,20210509
6,2018-06-29,JASNW,USD,2018-08-02 00:00:00,2018-08-02 16:38:03,Q2,168424000.0,131302000.0,37122000.0,0.22040801785968744,0.0,0.0,28888000.0,0.0,28888000.0,160190000.0,8403000.0,11803000.0,18562000.0,0.11020994632593929,6759000.0,0.04013086020994633,484000.0,-825000.0,-0.00489835177884387,-238000.0,-587000.0,-0.0034852515080986083,-0.020706928178354733,-0.021341574259225594,28348000,27505000.0,https://www.sec.gov/Archives/edgar/data/1579252/000157925218000087/0001579252-18-000087-index.html,https://www.sec.gov/Archives/edgar/data/1579252/000157925218000087/jasonindustriesq2201810q.htm,1620593866,16:57:46,20210509
7,2018-03-30,JASNW,USD,2018-05-03 00:00:00,2018-05-03 16:34:04,Q1,167254000.0,131582000.0,35672000.0,0.21328039987085512,0.0,0.0,27524000.0,0.0,27524000.0,159106000.0,8027000.0,11518000.0,18830000.0,0.11258325660372846,7312000.0,0.04371793798653545,71000.0,-544000.0,-0.00325253805589104,275000.0,-819000.0,-0.0048967438745859595,-0.028890927049527303,-0.029968165684803687,28348000,27329000.0,https://www.sec.gov/Archives/edgar/data/1579252/000157925218000044/0001579252-18-000044-index.html,https://www.sec.gov/Archives/edgar/data/1579252/000157925218000044/jasonindustriesq1201810q.htm,1620593866,16:57:46,20210509
8,2017-12-31,JASNW,USD,2018-03-01 00:00:00,2018-03-01 16:23:41,Q4,145516000.0,116890000.0,28626000.0,0.19672063553148794,3600000.0,0.0,25787000.0,0.0,29387000.0,146277000.0,8125000.0,10432000.0,11856000.0,0.08147557656889964,1424000.0,0.009785865471838148,58000.0,-6588000.0,-0.04527337200032986,-8946000.0,2358000.0,0.016204403639462326,0.08318047128545224,0.0904071773636991,28348000,26082000.0,https://www.sec.gov/Archives/edgar/data/1579252/000157925218000016/0001579252-18-000016-index.html,https://www.sec.gov/Archives/edgar/data/1579252/000157925218000016/jasonindustries1231201710k.htm,1620593866,16:57:46,20210509
9,2017-09-29,JASNW,USD,2017-11-08 00:00:00,2017-11-08 17:02:38,Q3,155430000.0,123687000.0,31743000.0,0.20422698320787494,0.0,0.0,26170000.0,0.0,26170000.0,149857000.0,8203000.0,10713000.0,15153000.0,0.09749083188573635,4440000.0,0.028565913916232387,58000.0,-4635000.0,-0.029820497973364217,-1666000.0,-2969000.0,-0.019101846490381522,-0.10473402003668689,-0.11409138070168696,28348000,26023000.0,https://www.sec.gov/Archives/edgar/data/1579252/000157925217000079/0001579252-17-000079-index.html,https://www.sec.gov/Archives/edgar/data/1579252/000157925217000079/jasonindustriesq3201710q.htm,1620593866,16:57:46,20210509
10,2017-06-30,JASNW,USD,2017-08-03 00:00:00,2017-08-03 16:12:26,Q2,172477000.0,136758000.0,35719000.0,0.20709427923723164,0.0,0.0,25242000.0,0.0,25242000.0,162000000.0,8395000.0,10158000.0,20027000.0,0.11611403259565044,9869000.0,0.05721922343268958,90000.0,-3281000.0,-0.019022826231903385,200000.0,-3481000.0,-0.020182401131745104,-0.12279525892479187,-0.13432893416685962,28348000,25914000.0,https://www.sec.gov/Archives/edgar/data/1579252/000157925217000058/0001579252-17-000058-index.html,https://www.sec.gov/Archives/edgar/data/1579252/000157925217000058/jasonindustriesq2201710q.htm,1620593866,16:57:46,20210509
11,2017-03-31,JASNW,USD,2017-05-04 00:00:00,2017-05-04 16:32:29,Q1,175193000.0,140429000.0,34764000.0,0.19843258577682898,0.0,0.0,26656000.0,0.0,26656000.0,167085000.0,8366000.0,10600000.0,18357000.0,0.10478158373907634,7757000.0,0.044276883208804005,113000.0,-353000.0,-0.00201492068747039,28000.0,-381000.0,-0.002174744424720166,-0.013440101594468746,-0.014776605646912815,28348000,25784000.0,https://www.sec.gov/Archives/edgar/data/1579252/000157925217000032/0001579252-17-000032-index.html,https://www.sec.gov/Archives/edgar/data/1579252/000157925217000032/jasonindustriesq1201710q.htm,1620593866,16:57:46,20210509
12,2016-12-31,JASNW,USD,2017-03-02 00:00:00,2017-03-02 16:55:56,Q4,158750000.0,133174000.0,25576000.0,0.16110866141732283,4200000.0,0.0,27282000.0,0.0,31482000.0,164656000.0,7950000.0,11703000.0,-55577000.0,-0.35009133858267716,-67280000.0,-0.42381102362204726,252000.0,-74754000.0,-0.4708913385826772,-4895000.0,-76016000.0,-0.4788409448818898,-2.6815295611683365,-3.377438130359444,28348000,22507000.0,https://www.sec.gov/Archives/edgar/data/1579252/000157925217000018/0001579252-17-000018-index.html,https://www.sec.gov/Archives/edgar/data/1579252/000157925217000018/jasonindustries1231201610k.htm,1620593866,16:57:46,20210509
13,2016-09-30,JASNW,USD,2016-11-04 00:00:00,2016-11-04 16:06:28,Q3,170108000.0,139129000.0,30979000.0,0.1821137159921932,0.0,0.0,25941000.0,0.0,25941000.0,165070000.0,7906000.0,11689000.0,16093000.0,0.09460460413384437,4404000.0,0.025889434947210008,247000.0,-3109000.0,-0.018276624262233403,-657000.0,-2452000.0,-0.014414372045994309,-0.08649640186256526,-0.10935200463809482,28348000,22423000.0,https://www.sec.gov/Archives/edgar/data/1579252/000157925216000224/0001579252-16-000224-index.html,https://www.sec.gov/Archives/edgar/data/1579252/000157925216000224/jasonindustriesq3201610q.htm,1620593866,16:57:46,20210509
14,2016-07-01,JASNW,USD,2016-08-04 00:00:00,2016-08-04 16:16:57,Q2,185687000.0,148531000.0,37156000.0,0.20010016856322738,0.0,0.0,28273000.0,0.0,28273000.0,176804000.0,7963000.0,12092000.0,19206000.0,0.10343211964219358,7114000.0,0.03831178273115512,283000.0,-424000.0,-0.0022834124090539455,1946000.0,-2370000.0,-0.012763413701551535,-0.0836037815718922,-0.10584137191854234,28348000,22392000.0,https://www.sec.gov/Archives/edgar/data/1579252/000157925216000208/0001579252-16-000208-index.html,https://www.sec.gov/Archives/edgar/data/1579252/000157925216000208/jasonindustriesq2201610q.htm,1620593866,16:57:46,20210509
15,2016-04-01,JASNW,USD,2016-05-10 00:00:00,2016-05-09 18:40:15,Q1,190974000.0,153083000.0,37891000.0,0.1984092075361044,0.0,0.0,32301000.0,0.0,32301000.0,185384000.0,8024000.0,11049000.0,13219000.0,0.0692188465445558,2170000.0,0.011362803313540063,118000.0,-5567000.0,-0.029150564998376743,-2551000.0,-3016000.0,-0.01579272571135338,-0.10639198532524341,-0.13471502590673576,28348000,22388000.0,https://www.sec.gov/Archives/edgar/data/1579252/000157925216000172/0001579252-16-000172-index.html,https://www.sec.gov/Archives/edgar/data/1579252/000157925216000172/jasonindustriesq1201610q.htm,1620593866,16:57:46,20210509
16,2015-12-31,JASNW,USD,2016-03-08 00:00:00,2016-03-08 17:27:07,Q4,173778000.0,142500000.0,31278000.0,0.17998826088457687,5000000.0,0.0,33653000.0,97000.0,38653000.0,181153000.0,8415000.0,12434000.0,-84325000.0,-0.48524554316426705,-96759000.0,-0.5567966025618893,-36000.0,-105004000.0,-0.6042421940636905,-20338000.0,-105004000.0,-0.6042421940636905,-3.7041061097784675,-4.7416572589749375,28348000,22145000.0,https://www.sec.gov/Archives/edgar/data/1579252/000157925216000155/0001579252-16-000155-index.html,https://www.sec.gov/Archives/edgar/data/1579252/000157925216000155/jasonindustries1231201510k.htm,1620593866,16:57:46,20210509
17,2015-09-25,JASNW,USD,2015-10-30 00:00:00,2015-10-30 16:18:50,Q3,171174000.0,135733000.0,35441000.0,0.2070466309135733,0.0,0.0,31704000.0,0.0,31704000.0,167437000.0,7996000.0,12443000.0,15265000.0,0.08917826305396848,2822000.0,0.016486148597333706,48000.0,-4990000.0,-0.029151623494222255,-1814000.0,-4990000.0,-0.029151623494222255,-0.17602652744461691,-0.22624229234675372,28348000,22056000.0,https://www.sec.gov/Archives/edgar/data/1579252/000157925215000114/0001579252-15-000114-index.html,https://www.sec.gov/Archives/edgar/data/1579252/000157925215000114/jasonindustriesq3201510q.htm,1620593866,16:57:46,20210509
18,2015-06-26,JASNW,USD,2015-08-03 00:00:00,2015-08-03 16:15:10,Q2,187578000.0,145954000.0,41624000.0,0.22190235528686733,0.0,0.0,32521000.0,0.0,32521000.0,178475000.0,7918000.0,12227000.0,19614000.0,0.10456450116751431,7387000.0,0.0393809508577765,50000.0,-221000.0,-0.0011781765452238534,644000.0,-221000.0,-0.0011781765452238534,-0.007795964441935939,-0.010044997954638426,28348000,22001000.0,https://www.sec.gov/Archives/edgar/data/1579252/000157925215000075/0001579252-15-000075-index.html,https://www.sec.gov/Archives/edgar/data/1579252/000157925215000075/jasonindustriesq2201510q.htm,1620593866,16:57:46,20210509
19,2015-03-27,JASNW,USD,2015-05-05 00:00:00,2015-05-05 16:40:59,Q1,175836000.0,136889000.0,38947000.0,0.22149616688277712,0.0,0.0,31493000.0,0.0,31493000.0,168382000.0,7506000.0,11164000.0,16712000.0,0.0950431083509634,5548000.0,0.031552128119383974,35000.0,-1641000.0,-0.00933255988534771,-747000.0,-1641000.0,-0.00933255988534771,-0.0578876816706646,-0.0746214360420172,28348000,21991000.0,https://www.sec.gov/Archives/edgar/data/1579252/000157925215000025/0001579252-15-000025-index.html,https://www.sec.gov/Archives/edgar/data/1579252/000157925215000025/jasonindustriesq1201510q.htm,1620593866,16:57:46,20210509
20,2014-12-31,JASNW,USD,2015-03-11,2015-03-11 16:37:16,Q4,325335000.0,270676000.0,54659000.0,0.1680083606129067,0.0,0.0,57183000.0,167000.0,57183000.0,327859000.0,0.0,6720000.0,475000.0,0.0014600335039267217,-6245000.0,-0.019195598383205004,167000.0,-21869000.0,-0.06721994252078627,0.0,-21869000.0,-0.06721994252078627,-0.7714477211796247,-0.9944522759310627,28348000,21991000.0,https://www.sec.gov/Archives/edgar/data/1579252/000157925215000010/0001579252-15-000010-index.htm,https://www.sec.gov/Archives/edgar/data/1579252/000157925215000010/jasonindustries1231201410k.htm,1620593866,16:57:46,20210509
21,2014-09-26,JASNW,USD,2014-11-07 00:00:00,2014-11-07 17:19:56,Q3,792520457.0,395592000.0,396928457.0,0.5008431687713519,0.0,-286437000.0,80081000.0,178000.0,-126275000.0,269317000.0,0.0,6460000.0,11648319.0,0.014697814923407082,5188319.0,0.006546605774240601,178000.0,5164776.0,0.006516899285541092,0.0,5164776.0,0.006516899285541092,0.1821919006631861,0.23485862398253832,28348000,21991000.0,https://www.sec.gov/Archives/edgar/data/1579252/000157925214000011/0001579252-14-000011-index.html,https://www.sec.gov/Archives/edgar/data/1579252/000157925214000011/jasonindustries09262014q3.htm,1620593866,16:57:46,20210509
22,2014-06-27,JASNW,USD,2014-08-11 00:00:00,2014-08-11 17:05:38,Q2,9177.0,0.0,9177.0,1.0,0.0,206356000.0,0.0,0.0,206356000.0,206356000.0,0.0,0.0,-5188319000.0,-178.974828375,-5188319000.0,-565361.1201917838,0.0,-1633275.0,-177.97482837528605,0.0,-1633275.0,-177.97482837528605,-0.05761517567376887,-0.19358374957301405,28348000,8437046.0,https://www.sec.gov/Archives/edgar/data/1579252/000121390014005623/0001213900-14-005623-index.html,https://www.sec.gov/Archives/edgar/data/1579252/000121390014005623/f10q0614_jasonindustries.htm,1620593866,16:57:46,20210509
23,2014-03-31,JASNW,USD,2014-05-15 00:00:00,2014-05-15 16:50:47,Q1,14366.0,0.0,14366.0,1.0,0.0,3545867.0,0.0,0.0,3545867.0,3545867.0,0.0,0.0,-3545867000.0,-246.823541696,-3545867000.0,-246823.54169567034,0.0,-3531501.0,-245.82354169567034,0.0,-3531501.0,-245.82354169567034,-0.12457672498941724,-0.42713526752642,28348000,8267875.0,https://www.sec.gov/Archives/edgar/data/1579252/000121390014003414/0001213900-14-003414-index.html,https://www.sec.gov/Archives/edgar/data/1579252/000121390014003414/f10q0314_quinpario.htm,1620593866,16:57:46,20210509
24,2013-12-31,JASNW,USD,2014-03-07,2014-03-07 16:34:15,Q4,-35097000.0,27311000.0,7786000.0,-0.22184232270564436,0.0,535627000.0,0.0,0.0,535627000.0,535627000.0,0.0,-303000.0,12128000.0,-0.34555660027922613,12431000.0,-0.3541898167934581,2730000.0,15161000.0,-0.431974242812776,3197000.0,11964000.0,-0.3408838362253184,0.4220403555806406,1.4470465506553982,28348000,8267875.0,https://www.sec.gov/Archives/edgar/data/1579252/000121390014001330/0001213900-14-001330-index.htm,https://www.sec.gov/Archives/edgar/data/1579252/000121390014001330/f10k2013_quinparioacq.htm,1620593866,16:57:46,20210509
25,2013-09-30,JASNW,USD,2013-11-12 00:00:00,2013-11-12 16:31:11,Q1,0.0,0.0,0.0,0.0,0.0,202840000.0,0.0,0.0,202840000.0,202840000.0,0.0,0.0,-202840000.0,0.0,-202840000.0,0.0,0.0,0.0,0.0,0.0,0.0,0.0,-0.03,-0.03,28348000,8267875.0,https://www.sec.gov/Archives/edgar/data/1579252/000121390013006257/0001213900-13-006257-index.html,https://www.sec.gov/Archives/edgar/data/1579252/000121390013006257/f10q0913_quinpario.htm,1620593866,16:57:46,20210509
