,date,symbol,reportedCurrency,fillingDate,acceptedDate,period,revenue,costOfRevenue,grossProfit,grossProfitRatio,researchAndDevelopmentExpenses,generalAndAdministrativeExpenses,sellingAndMarketingExpenses,otherExpenses,operatingExpenses,costAndExpenses,interestExpense,depreciationAndAmortization,ebitda,ebitdaratio,operatingIncome,operatingIncomeRatio,totalOtherIncomeExpensesNet,incomeBeforeTax,incomeBeforeTaxRatio,incomeTaxExpense,netIncome,netIncomeRatio,eps,epsdiluted,weightedAverageShsOut,weightedAverageShsOutDil,link,finalLink,timestamp,est_time,est_date
0,2021-03-31,PBF,USD,2021-04-29,2021-04-29,Q1,4924000000,8977000000,138000.0,2.8025995125913892e-05,0.0,47000000.0,0.0,434000.0,481000.0,4867000000,80000000.0,121000000,121057000,0.02458509341998375,57000.0,1.157595450852965e-05,0.0,-30000.0,-6.092607636068237e-06,0.0,-22000.0,-4.467912266450041e-06,-0.18365994346329176,-0.18218368444739125,119786599.0,120757246.0,https://www.sec.gov/Archives/edgar/data/1534504/000153450421000015/0001534504-21-000015-index.htm,https://www.sec.gov/Archives/edgar/data/1534504/000153450421000015/pbf-20210331.htm,1620596357,17:39:17,20210509
1,2020-12-31,PBF,USD,2021-02-18,2021-02-18 12:58:26,Q4,3655100000,3835600000,-180500000.0,-0.04938305381521709,0.0,61500000.0,0.0,1100000.0,-68500000.0,3767100000,73100000.0,189200000,77200000,0.021121173155317228,-112000000.0,-0.030642116494760747,-98100000.0,-283200000.0,-0.07748078027960931,2800000.0,-298400000.0,-0.0816393532324697,-2.4910966877021026,-2.471073247231889,119786599.0,120757246.0,https://www.sec.gov/Archives/edgar/data/1534504/000153450421000008/0001534504-21-000008-index.htm,https://www.sec.gov/Archives/edgar/data/1534504/000153450421000008/pbf-20201231.htm,1620596357,17:39:17,20210509
2,2020-09-30,PBF,USD,2020-10-29,2020-10-29 17:04:19,Q3,3667500000,3980800000,-313300000.0,-0.08542603953646899,0.0,46600000.0,0.0,1100000.0,-202900000.0,3777900000,70400000.0,137900000,27500000,0.007498295841854124,-110400000.0,-0.030102249488752557,18600000.0,-162200000.0,-0.044226312201772325,235600000.0,-417200000.0,-0.11375596455351057,-3.49,-3.49,119684030.0,119684030.0,https://www.sec.gov/Archives/edgar/data/1534504/000153450420000084/0001534504-20-000084-index.htm,https://www.sec.gov/Archives/edgar/data/1534504/000153450420000084/pbf-20200930.htm,1620596357,17:39:17,20210509
3,2020-06-30,PBF,USD,2020-07-31,2020-07-31 14:57:23,Q2,2515800000,2317500000,198300000.0,0.07882184593369902,0.0,57900000.0,0.0,1100000.0,60700000.0,2378200000,65500000.0,131000000,268600000,0.10676524366006837,137600000.0,0.0546943318228794,479200000.0,551300000.0,0.2191350663804754,138300000.0,389100000.0,0.15466253279274983,3.24,3.23,120010882.0,121428900.0,https://www.sec.gov/Archives/edgar/data/1534504/000153450420000067/0001534504-20-000067-index.htm,https://www.sec.gov/Archives/edgar/data/1534504/000153450420000067/pbf-20200630.htm,1620596357,17:39:17,20210509
4,2020-03-31,PBF,USD,2020-05-15 00:00:00,2020-05-15 16:03:56,Q1,5277500000,6611700000,-1334200000.0,-0.2528090952155377,0.0,82500000.0,0.0,1000000.0,97000000.0,6708700000,49200000.0,123000000,-1308200000,-0.24788252013263856,-1431200000.0,-0.27118900994789197,43300000.0,-1437100000.0,-0.27230696352439604,-374600000.0,-1065900000.0,-0.20197063003315965,-8.93,-8.93,119380210.0,119380210.0,https://www.sec.gov/Archives/edgar/data/1566011/000156601120000008/0001566011-20-000008-index.html,https://www.sec.gov/Archives/edgar/data/1566011/000156601120000008/pbf-20200331.htm,1620596357,17:39:17,20210509
5,2019-12-31,PBF,USD,2020-02-20 00:00:00,2020-02-20 17:03:09,Q4,6301500000,6058500000,243000000.0,0.03856224708402761,0.0,108100000.0,0.0,0.0,118900000.0,6177400000,38300000.0,116200000,240300000,0.03813377767198286,124100000.0,0.019693723716575417,-4400000.0,81400000.0,0.012917559311275093,12300000.0,53000000.0,0.008410695866063635,0.44218847117207327,0.4344691778547945,119858394.0,121987940.0,https://www.sec.gov/Archives/edgar/data/1534504/000153450420000030/0001534504-20-000030-index.html,https://www.sec.gov/Archives/edgar/data/1534504/000153450420000030/pbf-2019123110k.htm,1620596357,17:39:17,20210509
6,2019-09-30,PBF,USD,2019-10-31 00:00:00,2019-10-31 14:25:40,Q3,6430500000,6246500000,184000000.0,0.02861363813078299,0.0,64700000.0,0.0,-100000.0,64700000.0,6311200000,39700000.0,112900000,232200000,0.036109167249825054,119300000.0,0.018552212114143533,28700000.0,108300000.0,0.016841614182411944,22000000.0,69500000.0,0.010807868750485965,0.58,0.57,119921346.0,121589179.0,https://www.sec.gov/Archives/edgar/data/1534504/000153450419000052/0001534504-19-000052-index.html,https://www.sec.gov/Archives/edgar/data/1534504/000153450419000052/pbfenergy-09302019.htm,1620596357,17:39:17,20210509
7,2019-06-30,PBF,USD,2019-08-01 00:00:00,2019-08-01 16:35:16,Q2,6560000000,6493200000,66800000.0,0.010182926829268293,0.0,53600000.0,0.0,0.0,56500000.0,6549700000,42100000.0,109800000,120100000,0.01830792682926829,10300000.0,0.0015701219512195123,-300000.0,-32100000.0,-0.004893292682926829,-10500000.0,-32200000.0,-0.004908536585365854,-0.27,-0.27,119181845.0,119181845.0,https://www.sec.gov/Archives/edgar/data/1534504/000153450419000040/0001534504-19-000040-index.html,https://www.sec.gov/Archives/edgar/data/1534504/000153450419000040/pbfenergy-06302019.htm,1620596357,17:39:17,20210509
8,2019-03-31,PBF,USD,2019-05-01 00:00:00,2019-05-01 17:06:05,Q1,5216200000,4791200000,425000000.0,0.08147693723400176,0.0,57600000.0,0.0,-100000.0,60400000.0,4851600000,39500000.0,108600000,473200000,0.09071738046854032,364600000.0,0.06989762662474598,-3200000.0,321900000.0,0.06171159081323569,80500000.0,229200000.0,0.043940032974195777,1.91,1.89,119880915.0,122175744.0,https://www.sec.gov/Archives/edgar/data/1534504/000153450419000020/0001534504-19-000020-index.html,https://www.sec.gov/Archives/edgar/data/1534504/000153450419000020/pbfenergy-03312019.htm,1620596357,17:39:17,20210509
9,2018-12-31,PBF,USD,2019-02-21 00:00:00,2019-02-21 16:25:15,Q4,6292874000,6650832000,-357958000.0,-0.056883071232635515,0.0,85537000.0,0.0,276000.0,82170000.0,6733002000,40976000.0,100933000,-339195000,-0.05390144471349657,-440128000.0,-0.06994069800221647,102000.0,-481002000.0,-0.07643598139737105,-134329000.0,-353742000.0,-0.056213107079531546,-2.97,-2.97,119066695.0,119066695.0,https://www.sec.gov/Archives/edgar/data/1534504/000153450419000012/0001534504-19-000012-index.html,https://www.sec.gov/Archives/edgar/data/1534504/000153450419000012/pbf-2018123110k.htm,1620596357,17:39:17,20210509
10,2018-09-30,PBF,USD,2018-10-31 00:00:00,2018-10-31 15:07:38,Q3,7646360000,7331158000,315202000.0,0.04122249017833322,0.0,69920000.0,0.0,278000.0,64751000.0,7395909000,42289000.0,95380000,345831000,0.04522818700662799,250451000.0,0.032754277852468365,45653000.0,253815000.0,0.033194225749245396,61349000.0,179538000.0,0.02348019188215046,1.53,1.5,117029486.0,120405315.0,https://www.sec.gov/Archives/edgar/data/1534504/000153450418000058/0001534504-18-000058-index.html,https://www.sec.gov/Archives/edgar/data/1534504/000153450418000058/pbfenergy-09302018.htm,1620596357,17:39:17,20210509
11,2018-06-30,PBF,USD,2018-08-02 00:00:00,2018-08-02 17:19:55,Q2,7444083000,6959978000,484105000.0,0.06503218730903457,0.0,58685000.0,0.0,277000.0,61248000.0,7021226000,43448000.0,94290000,517147000,0.06947088042946324,422857000.0,0.056804444550121215,3823000.0,383232000.0,0.051481424911570706,95545000.0,272153000.0,0.03655964072404889,2.41,2.37,112875813.0,116409273.0,https://www.sec.gov/Archives/edgar/data/1534504/000153450418000048/0001534504-18-000048-index.html,https://www.sec.gov/Archives/edgar/data/1534504/000153450418000048/pbfenergy-06302018.htm,1620596357,17:39:17,20210509
12,2018-03-31,PBF,USD,2018-05-03 00:00:00,2018-05-03 17:25:08,Q1,5802776000,5641510000,161266000.0,0.027791181324248945,0.0,62813000.0,0.0,278000.0,65527000.0,5707037000,43198000.0,87993000,183732000,0.03166277657452226,95739000.0,0.016498827457754703,212000.0,52753000.0,0.009090993689916688,10942000.0,30366000.0,0.005233012613273371,0.2740109741007112,0.26360864434605946,110820379.0,115193491.0,https://www.sec.gov/Archives/edgar/data/1534504/000153450418000023/0001534504-18-000023-index.html,https://www.sec.gov/Archives/edgar/data/1534504/000153450418000023/pbfenergy-03312018.htm,1620596357,17:39:17,20210509
13,2017-12-31,PBF,USD,2018-02-23 00:00:00,2018-02-22 17:44:39,Q4,6535988000,6207767000,328221000.0,0.05021750345930868,0.0,71578000.0,0.0,250357000.0,-176170000.0,6031597000,39556000.0,84808000,589199000,0.09014689133456182,504391000.0,0.07717134731581514,-1754000.0,463081000.0,0.07085095627470553,202695000.0,241892000.0,0.0370092478749961,2.19,2.14,110208152.0,114773845.0,https://www.sec.gov/Archives/edgar/data/1534504/000153450418000016/0001534504-18-000016-index.html,https://www.sec.gov/Archives/edgar/data/1534504/000153450418000016/pbf-2017123110k.htm,1620596357,17:39:17,20210509
14,2017-09-30,PBF,USD,2017-11-02 00:00:00,2017-11-02 16:12:05,Q3,5478951000,4830919000,648032000.0,0.11827665551307176,0.0,58275000.0,0.0,565000.0,60282000.0,4891201000,36990000.0,80457000,668207000,0.12195892972943179,587750000.0,0.10727418441960879,445000.0,551205000.0,0.10060411199151079,203979000.0,314365000.0,0.05737685918344588,2.86,2.85,109724595.0,113882240.0,https://www.sec.gov/Archives/edgar/data/1534504/000153450417000070/0001534504-17-000070-index.html,https://www.sec.gov/Archives/edgar/data/1534504/000153450417000070/pbfenergy-09302017.htm,1620596357,17:39:17,20210509
15,2017-06-30,PBF,USD,2017-08-03 00:00:00,2017-08-03 14:51:19,Q2,5017225000,5081235000,-64010000.0,-0.01275804852283882,0.0,41090000.0,0.0,0.0,47110000.0,5128345000,40698000.0,71068000,-40052000,-0.007982898913243875,-111120000.0,-0.022147701169471172,-24376000.0,-176194000.0,-0.03511781911315518,-72043000.0,-109663000.0,-0.021857301596001775,-1.01,-1.01,108779992.0,108779992.0,https://www.sec.gov/Archives/edgar/data/1534504/000153450417000053/0001534504-17-000053-index.html,https://www.sec.gov/Archives/edgar/data/1534504/000153450417000053/pbfenergy-06302017.htm,1620596357,17:39:17,20210509
16,2017-03-31,PBF,USD,2017-05-04 00:00:00,2017-05-04 16:08:14,Q1,4754473000,4707303000,47170000.0,0.009921183693755333,0.0,43830000.0,0.0,0.0,45593000.0,4752896000,37183000.0,63527000,65104000,0.013693210582960509,1577000.0,0.0003316876549724859,-3471000.0,-39077000.0,-0.008218997142270026,-19047000.0,-31077000.0,-0.006536371118313218,-0.29,-0.29,108760374.0,108760374.0,https://www.sec.gov/Archives/edgar/data/1534504/000153450417000028/0001534504-17-000028-index.html,https://www.sec.gov/Archives/edgar/data/1534504/000153450417000028/pbfenergy-03312017.htm,1620596357,17:39:17,20210509
17,2016-12-31,PBF,USD,2017-02-24 00:00:00,2017-02-24 16:40:48,Q4,4748568000,4349512000,399056000.0,0.08403712445520418,0.0,41477000.0,0.0,16051000.0,243185000.0,4592697000,38051000.0,62037000,217908000,0.04588920280808867,155871000.0,0.03282484319483263,5985000.0,123805000.0,0.026072070569485368,52043000.0,54558000.0,0.011489358476071103,0.55,0.54,99854984.0,104815217.0,https://www.sec.gov/Archives/edgar/data/1534504/000153450417000017/0001534504-17-000017-index.html,https://www.sec.gov/Archives/edgar/data/1534504/000153450417000017/pbf-2016123110k.htm,1620596357,17:39:17,20210509
18,2016-09-30,PBF,USD,2016-11-04 00:00:00,2016-11-04 16:10:21,Q3,4513204000,4329973000,183231000.0,0.040598873882058066,0.0,44020000.0,0.0,-3143000.0,48505000.0,4378478000,38527000.0,58388000,193114000,0.04278867075363755,134726000.0,0.029851520117415476,-8082000.0,88117000.0,0.0195242670174005,31673000.0,42111000.0,0.009330621881926897,0.4304712120805243,0.40830633405962174,97825357.0,103135799.0,https://www.sec.gov/Archives/edgar/data/1534504/000153450416000165/0001534504-16-000165-index.html,https://www.sec.gov/Archives/edgar/data/1534504/000153450416000165/pbfenergy-09302016.htm,1620596357,17:39:17,20210509
19,2016-06-30,PBF,USD,2016-08-12 00:00:00,2016-08-12 16:17:25,Q2,3858467000,3526042000,332425000.0,0.08615468267578807,0.0,43373000.0,0.0,0.0,94433000.0,3620475000,35940000.0,53928000,291920000,0.07565699019843891,237992000.0,0.061680454957888715,-4970000.0,197082000.0,0.05107779851428041,76434000.0,103530000.0,0.02683189981928056,1.0581954771296391,1.002433979028109,97836366.0,103278622.0,https://www.sec.gov/Archives/edgar/data/1566011/000156601116000026/0001566011-16-000026-index.html,https://www.sec.gov/Archives/edgar/data/1566011/000156601116000026/pbfholding-201663010q.htm,1620596357,17:39:17,20210509
20,2016-03-31,PBF,USD,2016-05-05 00:00:00,2016-05-05 16:26:57,Q1,2800185000,2712094000,88091000.0,0.031458992887969904,0.0,37582000.0,0.0,0.0,93515000.0,2805609000,37527000.0,58595000,53171000,0.018988388267203775,-5424000.0,-0.0019370148758028488,-2885000.0,-45836000.0,-0.016368918482171712,-22500000.0,-29388000.0,-0.010495020864692868,-0.3,-0.3,97809384.0,97809384.0,https://www.sec.gov/Archives/edgar/data/1534504/000153450416000127/0001534504-16-000127-index.html,https://www.sec.gov/Archives/edgar/data/1534504/000153450416000127/pbfenergy-03312016.htm,1620596357,17:39:17,20210509
21,2015-12-31,PBF,USD,2016-02-29 00:00:00,2016-02-29 16:49:12,Q4,3360489000,3430787000,-70298000.0,-0.020918979350921844,0.0,52704000.0,0.0,20365000.0,87570000.0,3518357000,29093000.0,55495000,-102373000,-0.030463721202479758,-157868000.0,-0.046977686878308486,1073000.0,-185888000.0,-0.05531575910529688,-64347000.0,-119529000.0,-0.03556893059313689,-1.24,-1.24,96135314.0,96135314.0,https://www.sec.gov/Archives/edgar/data/1534504/000153450416000118/0001534504-16-000118-index.html,https://www.sec.gov/Archives/edgar/data/1534504/000153450416000118/pbf-2015123110k.htm,1620596357,17:39:17,20210509
22,2015-09-30,PBF,USD,2015-11-05 00:00:00,2015-11-05 16:19:38,Q3,3217640000,3026304000,191336000.0,0.05946470083663803,0.0,53293000.0,0.0,0.0,101426000.0,3127730000,28026000.0,50670000,140580000,0.0436904066334332,89910000.0,0.027942840093981923,5136000.0,67020000.0,0.020828930520505714,11525000.0,42799000.0,0.013301363732425008,0.5,0.49,85845583.0,91496283.0,https://www.sec.gov/Archives/edgar/data/1534504/000153450415000088/0001534504-15-000088-index.html,https://www.sec.gov/Archives/edgar/data/1534504/000153450415000088/pbfenergy-9302015.htm,1620596357,17:39:17,20210509
23,2015-06-30,PBF,USD,2015-08-06 00:00:00,2015-08-06 15:29:00,Q2,3550664000,3189715000,360949000.0,0.10165676053831058,0.0,39223000.0,0.0,0.0,87785000.0,3277500000,26876000.0,50947000,324111000,0.0912817996859179,273164000.0,0.07693321587173554,2581000.0,248869000.0,0.0700908337144827,90409000.0,135810000.0,0.03824918381463298,1.58,1.57,86036809.0,91659906.0,https://www.sec.gov/Archives/edgar/data/1534504/000153450415000064/0001534504-15-000064-index.html,https://www.sec.gov/Archives/edgar/data/1534504/000153450415000064/pbfenergy-6302015.htm,1620596357,17:39:17,20210509
24,2015-03-31,PBF,USD,2015-05-07 00:00:00,2015-05-07 15:01:22,Q1,2995136000,2739333000,255803000.0,0.08540613848586508,0.0,36046000.0,0.0,0.0,83752000.0,2823085000,22192000.0,49892000,221943000,0.07410114265262079,172051000.0,0.05744346834334067,2398000.0,152257000.0,0.050834753413534474,49138000.0,87321000.0,0.02915426878779461,1.04,1.0,84278071.0,91669101.0,https://www.sec.gov/Archives/edgar/data/1534504/000153450415000030/0001534504-15-000030-index.html,https://www.sec.gov/Archives/edgar/data/1534504/000153450415000030/pbfenergy-3312015.htm,1620596357,17:39:17,20210509
25,2014-12-31,PBF,USD,2015-02-26,2015-02-26 17:14:36,Q4,4520000000,4918049000,-398049000.0,-0.08806393805309734,0.0,39695000.0,0.0,0.0,84190000.0,5002239000,22933000.0,46662000,-435577000,-0.09636659292035399,-482239000.0,-0.10669004424778761,3498000.0,-501674000.0,-0.11098982300884956,-180825000.0,-277611000.0,-0.061418362831858406,-3.34,-3.34,83130507.0,83130507.0,https://www.sec.gov/Archives/edgar/data/1534504/000153450415000015/pbf-2014123110k.htm,https://www.sec.gov/Archives/edgar/data/1534504/000153450415000015/pbf-2014123110k.htm,1620596357,17:39:17,20210509
26,2014-09-30,PBF,USD,2014-11-07 00:00:00,2014-11-06 20:47:35,Q3,5260003000,4873533000,386470000.0,0.07347334212547027,0.0,34339000.0,0.0,0.0,102349000.0,4975882000,24374000.0,70110000,354231000,0.06734425816867405,284121000.0,0.05401536843229937,5525000.0,265272000.0,0.0504319104000511,95260000.0,140970000.0,0.026800364942757636,1.61,1.6,87656611.0,97344515.0,https://www.sec.gov/Archives/edgar/data/1534504/000153450414000093/0001534504-14-000093-index.html,https://www.sec.gov/Archives/edgar/data/1534504/000153450414000093/pbfenergy-201493010q.htm,1620596357,17:39:17,20210509
27,2014-06-30,PBF,USD,2014-08-07 00:00:00,2014-08-07 15:28:44,Q2,5301709000,5146178000,155531000.0,0.029336012217947082,0.0,33013000.0,0.0,0.0,67675000.0,5213853000,26202000.0,36589000,124445000,0.023472619866537377,87856000.0,0.016571260323793705,-2344000.0,59310000.0,0.011186958771218865,13474000.0,20959000.0,0.003953253564086599,0.2893300585203485,0.28708144719402573,72439760.0,73007156.0,https://www.sec.gov/Archives/edgar/data/1534504/000153450414000065/0001534504-14-000065-index.html,https://www.sec.gov/Archives/edgar/data/1534504/000153450414000065/pbfenergy-201463010q.htm,1620596357,17:39:17,20210509
28,2014-03-31,PBF,USD,2014-05-07 00:00:00,2014-05-07 17:01:16,Q1,4746443000,4416583000,329860000.0,0.0694962522461557,0.0,36624000.0,0.0,0.0,69839000.0,4486422000,25255000.0,34848000,294869000,0.062124205431309296,260021000.0,0.054782286440604046,-1815000.0,232951000.0,0.04907906826227556,49679000.0,77444000.0,0.01631621827124017,1.43,1.42,54167861.0,54691627.0,https://www.sec.gov/Archives/edgar/data/1534504/000153450414000037/0001534504-14-000037-index.html,https://www.sec.gov/Archives/edgar/data/1534504/000153450414000037/pbf-201433110q.htm,1620596357,17:39:17,20210509
29,2013-12-31,PBF,USD,2014-02-21,2014-02-21 16:04:25,Q4,4816435000,4619944000,196491000.0,0.04079594139648931,0.0,24351000.0,0.0,0.0,54300000.0,4674244000,24223000.0,31584000,173775000,0.036079589987200074,142191000.0,0.029522042755689634,1708000.0,119676000.0,0.0248474234573912,17579000.0,31156000.0,0.006468684826017584,0.79,0.76,39590592.0,97389299.0,https://www.sec.gov/Archives/edgar/data/1534504/000153450414000011/pbf-2013123110k.htm,https://www.sec.gov/Archives/edgar/data/1534504/000153450414000011/pbf-2013123110k.htm,1620596357,17:39:17,20210509
30,2013-09-30,PBF,USD,2013-11-07 00:00:00,2013-11-07 14:42:46,Q3,4858880000,4856344000,2536000.0,0.0005219309799789251,0.0,30748000.0,0.0,0.0,58183000.0,4914527000,26242000.0,29064000,-26583000,-0.005471013896206533,-55647000.0,-0.011452639291359326,-2315000.0,-84204000.0,-0.017329919652265543,-19311000.0,-19848000.0,-0.004084891991570074,-0.5,-0.5,39575429.0,39575429.0,https://www.sec.gov/Archives/edgar/data/1534504/000153450413000034/0001534504-13-000034-index.html,https://www.sec.gov/Archives/edgar/data/1534504/000153450413000034/pbf-201393010q.htm,1620596357,17:39:17,20210509
31,2013-06-30,PBF,USD,2013-08-08 00:00:00,2013-08-08 12:32:47,Q2,4678293000,4498562000,179731000.0,0.03841807257476178,0.0,19141000.0,0.0,0.0,46704000.0,4545266000,21708000.0,29211000,162238000,0.034678888218416415,133027000.0,0.028434944113162643,6820000.0,118139000.0,0.025252586787531263,10969000.0,16826000.0,0.003596610986101127,0.62,0.61,26944055.0,27706696.0,https://www.sec.gov/Archives/edgar/data/1534504/000153450413000018/0001534504-13-000018-index.html,https://www.sec.gov/Archives/edgar/data/1534504/000153450413000018/pbf-201363010q.htm,1620596357,17:39:17,20210509
32,2013-03-31,PBF,USD,2013-05-09 00:00:00,2013-05-09 14:05:17,Q1,4797847000,4641116000,156731000.0,0.03266694415224162,0.0,30094000.0,0.0,0.0,56626000.0,4697742000,21611000.0,28142000,128247000,0.02673011457013948,100105000.0,0.020864566960972285,-1339000.0,77155000.0,0.01608117140875897,7444000.0,11406000.0,0.002377316325426801,0.4835163773050486,0.11708599864974364,23589687.0,97415576.0,https://www.sec.gov/Archives/edgar/data/1534504/000153450413000006/0001534504-13-000006-index.html,https://www.sec.gov/Archives/edgar/data/1534504/000153450413000006/pbf-2013331x10q.htm,1620596357,17:39:17,20210509
33,2012-12-31,PBF,USD,2012-12-31,2012-12-31,Q4,4950360000,5136018000,-185658000.0,-0.037503939107458854,0.0,0.0,0.0,0.0,-470660000.0,4665358000,0.0,26506000,311508000,0.06292633263035416,285002000.0,0.05757197456346609,2412000.0,0.0,0.0,0.0,-537818000.0,-0.10864219975920943,-26.23497320005229,-26.23497320005229,20500040.0,20500040.0,,,1620596357,17:39:17,20210509
34,2012-09-30,PBF,USD,2012-09-30,2012-09-30,Q3,5395206000,5111680000,283526000.0,0.05255146884104147,0.0,38942000.0,0.0,0.0,63397000.0,5175077000,26901000.0,25664000,245793000,0.04555766730686465,220129000.0,0.04080085171910025,-6664000.0,186564000.0,0.034579587878572196,0.0,186564000.0,0.034579587878572196,9.100665,9.100665,20500040.0,20500040.0,,,1620596357,17:39:17,20210509
35,2012-06-30,PBF,USD,2012-06-30,2012-06-30,Q2,5077015000,4449748000,627267000.0,0.12355035389889532,0.0,25286000.0,0.0,0.0,47708000.0,4497456000,28443000.0,23728000,603287000,0.11882710608497316,579559000.0,0.11415349373598463,4626000.0,555742000.0,0.10946235140136477,0.0,555742000.0,0.10946235140136477,27.109313,27.109313,20500040.0,20500040.0,,,1620596357,17:39:17,20210509
36,2012-03-31,PBF,USD,2012-03-31,2012-03-31,Q1,4716106000,4848336000,-132230000.0,-0.028037961826981837,0.0,13814000.0,0.0,0.0,34356000.0,4882692000,31408000.0,21752000,-144834000,-0.030710505658693845,-166586000.0,-0.03532278536572333,-4537000.0,-202531000.0,-0.042944539414508494,0.0,-202531000.0,-0.042944539414508494,-9.879542,-9.879542,20500040.0,20500040.0,,,1620596357,17:39:17,20210509
37,2011-12-31,PBF,USD,2011-12-31,2011-12-31,Q4,4776441000,5366931000,-590490000.0,-0.12362551950291022,0.0,0.0,0.0,0.0,-424965000.0,4941966000,0.0,19097000,-146428000,-0.030656298277315683,-165525000.0,-0.03465446343836342,2038000.0,0.0,0.0,0.0,-184480000.0,-0.0386228993512115,-8.999006831206183,-8.999006831206183,20500040.0,20500040.0,,,1620596357,17:39:17,20210509
38,2011-09-30,PBF,USD,2011-09-30,2011-09-30,Q3,4744760000,4166227000,578533000.0,0.12193093012080695,0.0,0.0,0.0,0.0,246505000.0,4412732000,0.0,17779000,349807000,0.07372490916295028,332028000.0,0.06997782817255246,-30000.0,0.0,0.0,0.0,306397000.0,0.06457586895859854,0.0,0.0,0.0,0.0,,,1620596357,17:39:17,20210509
