,date,symbol,reportedCurrency,fillingDate,acceptedDate,period,revenue,costOfRevenue,grossProfit,grossProfitRatio,researchAndDevelopmentExpenses,generalAndAdministrativeExpenses,sellingAndMarketingExpenses,otherExpenses,operatingExpenses,costAndExpenses,interestExpense,depreciationAndAmortization,ebitda,ebitdaratio,operatingIncome,operatingIncomeRatio,totalOtherIncomeExpensesNet,incomeBeforeTax,incomeBeforeTaxRatio,incomeTaxExpense,netIncome,netIncomeRatio,eps,epsdiluted,weightedAverageShsOut,weightedAverageShsOutDil,link,finalLink,timestamp,est_time,est_date
0,2017-03-31,PRMB.ME,RUB,2017-03-31,2017-03-31,Q1,629867000,0.0,0.0,0.0,0.0,0.0,0.0,0.0,448366000,0.0,308462000,0.0,0.0,0.0,0.0,0.18689977407928976,0.0,117722000,0.18689977407928976,14472000.0,103250000.0,0.16392349496004713,413.0,413.0,250000.0,250000.0,http://www.cbr.ru/eng/search/?text=PRMB&category=Any&time=Any&dateFrom=&dateTo=,http://www.cbr.ru/eng/search/?text=PRMB&category=Any&time=Any&dateFrom=&dateTo=,1620596795,17:46:35,20210509
1,2016-12-31,PRMB.ME,RUB,2016-12-31,2016-12-31,Q4,383095000,0.0,0.0,0.0,0.0,0.0,0.0,0.0,275567000,0.0,314415000,0.0,0.0,0.0,0.0,-0.5997233062295253,0.0,-229751000,-0.5997233062295253,-10481000.0,-219270000.0,-0.5723645570941933,-877.08,-877.08,250000.0,250000.0,http://www.cbr.ru/eng/search/?text=PRMB&category=Any&time=Any&dateFrom=&dateTo=,http://www.cbr.ru/eng/search/?text=PRMB&category=Any&time=Any&dateFrom=&dateTo=,1620596795,17:46:35,20210509
2,2016-09-30,PRMB.ME,RUB,2016-09-30,2016-09-30,Q3,476202000,0.0,0.0,0.0,0.0,0.0,0.0,0.0,331235000,0.0,313660000,0.0,0.0,0.0,0.0,0.37874683432660927,0.0,180360000,0.37874683432660927,49780000.0,130780000.0,0.2746313539212351,523.12,523.12,250000.0,250000.0,http://www.cbr.ru/eng/search/?text=PRMB&category=Any&time=Any&dateFrom=&dateTo=,http://www.cbr.ru/eng/search/?text=PRMB&category=Any&time=Any&dateFrom=&dateTo=,1620596795,17:46:35,20210509
3,2016-06-30,PRMB.ME,RUB,2016-06-30,2016-06-30,Q2,670946000,0.0,0.0,0.0,0.0,0.0,0.0,0.0,260643000,0.0,322311000,0.0,0.0,0.0,0.0,0.17817082149681196,0.0,119543000,0.17817082149681196,-49999000.0,153084000.0,0.22816143176947176,612.336,612.336,250000.0,250000.0,http://www.cbr.ru/eng/search/?text=PRMB&category=Any&time=Any&dateFrom=&dateTo=,http://www.cbr.ru/eng/search/?text=PRMB&category=Any&time=Any&dateFrom=&dateTo=,1620596795,17:46:35,20210509
4,2016-03-31,PRMB.ME,RUB,2016-03-31,2016-03-31,Q1,670689000,0.0,0.0,0.0,0.0,0.0,0.0,0.0,299629000,0.0,396820000,0.0,0.0,0.0,0.0,-0.0856164332499862,0.0,-57422000,-0.0856164332499862,8129000.0,-49293000.0,-0.07349606151286214,-197.172,-197.172,250000.0,250000.0,http://www.cbr.ru/eng/search/?text=PRMB&category=Any&time=Any&dateFrom=&dateTo=,http://www.cbr.ru/eng/search/?text=PRMB&category=Any&time=Any&dateFrom=&dateTo=,1620596795,17:46:35,20210509
5,2015-09-30,PRMB.ME,RUB,2015-09-30,2015-09-30,Q3,563312000,0.0,0.0,0.0,0.0,0.0,0.0,0.0,325470000,0.0,490721000,0.0,0.0,0.0,0.0,-1.0547707132104411,0.0,-594165000,-1.0547707132104411,-36992000.0,-557173000.0,-0.9891019541568438,-2228.692,-2228.692,250000.0,250000.0,http://www.cbr.ru/eng/search/?text=PRMB&category=Any&time=Any&dateFrom=&dateTo=,http://www.cbr.ru/eng/search/?text=PRMB&category=Any&time=Any&dateFrom=&dateTo=,1620596795,17:46:35,20210509
6,2015-06-30,PRMB.ME,RUB,2015-06-30,2015-06-30,Q2,576831000,0.0,0.0,0.0,0.0,0.0,0.0,0.0,311019000,0.0,469742000,0.0,0.0,0.0,0.0,0.04944775852892788,0.0,28523000,0.04944775852892788,-31035000.0,59558000.0,0.10325034542179598,238.232,238.232,250000.0,250000.0,http://www.cbr.ru/eng/search/?text=PRMB&category=Any&time=Any&dateFrom=&dateTo=,http://www.cbr.ru/eng/search/?text=PRMB&category=Any&time=Any&dateFrom=&dateTo=,1620596795,17:46:35,20210509
7,2015-03-31,PRMB.ME,RUB,2015-03-31,2015-03-31,Q1,526757000,0.0,0.0,0.0,0.0,0.0,0.0,0.0,302858000,0.0,461983000,0.0,0.0,0.0,0.0,-0.5025922768942795,0.0,-264744000,-0.5025922768942795,5996000.0,-270740000.0,-0.5139751346446274,-1082.96,-1082.96,250000.0,250000.0,http://www.cbr.ru/eng/search/?text=PRMB&category=Any&time=Any&dateFrom=&dateTo=,http://www.cbr.ru/eng/search/?text=PRMB&category=Any&time=Any&dateFrom=&dateTo=,1620596795,17:46:35,20210509
8,2014-09-30,PRMB.ME,RUB,2014-09-30,2014-09-30,Q3,633249000,0.0,0.0,0.0,0.0,0.0,0.0,0.0,377233000,0.0,306038000,0.0,0.0,0.0,0.0,0.0911000254244381,0.0,57689000,0.0911000254244381,40704000.0,16985000.0,0.026821992612700532,67.94,67.94,250000.0,250000.0,http://www.cbr.ru/eng/search/?text=PRMB&category=Any&time=Any&dateFrom=&dateTo=,http://www.cbr.ru/eng/search/?text=PRMB&category=Any&time=Any&dateFrom=&dateTo=,1620596795,17:46:35,20210509
9,2014-06-30,PRMB.ME,RUB,2014-06-30,2014-06-30,Q2,830397000,0.0,0.0,0.0,0.0,0.0,0.0,0.0,370772000,0.0,260385000,0.0,0.0,0.0,0.0,0.510546160450965,0.0,423956000,0.510546160450965,-11029000.0,434985000.0,0.5238277594933508,1739.94,1739.94,250000.0,250000.0,http://www.cbr.ru/eng/search/?text=PRMB&category=Any&time=Any&dateFrom=&dateTo=,http://www.cbr.ru/eng/search/?text=PRMB&category=Any&time=Any&dateFrom=&dateTo=,1620596795,17:46:35,20210509
10,2014-03-31,PRMB.ME,RUB,2014-03-31,2014-03-31,Q1,353530000,0.0,0.0,0.0,0.0,0.0,0.0,0.0,237064000,0.0,298849000,0.0,0.0,0.0,0.0,0.15984499193844937,0.0,56510000,0.15984499193844937,46764000.0,9746000.0,0.027567674596215314,38.984,38.984,250000.0,250000.0,http://www.cbr.ru/eng/search/?text=PRMB&category=Any&time=Any&dateFrom=&dateTo=,http://www.cbr.ru/eng/search/?text=PRMB&category=Any&time=Any&dateFrom=&dateTo=,1620596795,17:46:35,20210509
11,2013-09-30,PRMB.ME,RUB,2013-09-30,2013-09-30,Q3,480416000,0.0,0.0,0.0,0.0,0.0,0.0,0.0,252442000,0.0,172071000,0.0,0.0,0.0,0.0,0.36627006594284955,0.0,175962000,0.36627006594284955,62579000.0,113383000.0,0.23601004129754213,453.532,453.532,250000.0,250000.0,http://www.cbr.ru/eng/search/?text=PRMB&category=Any&time=Any&dateFrom=&dateTo=,http://www.cbr.ru/eng/search/?text=PRMB&category=Any&time=Any&dateFrom=&dateTo=,1620596795,17:46:35,20210509
12,2013-06-30,PRMB.ME,RUB,2013-06-30,2013-06-30,Q2,621590000,0.0,0.0,0.0,0.0,0.0,0.0,0.0,314759000,0.0,306313000,0.0,0.0,0.0,0.0,0.2707379462346563,0.0,168288000,0.2707379462346563,22187000.0,146101000.0,0.2350440000643511,584.404,584.404,250000.0,250000.0,http://www.cbr.ru/eng/search/?text=PRMB&category=Any&time=Any&dateFrom=&dateTo=,http://www.cbr.ru/eng/search/?text=PRMB&category=Any&time=Any&dateFrom=&dateTo=,1620596795,17:46:35,20210509
13,2013-03-31,PRMB.ME,RUB,2013-03-31,2013-03-31,Q1,236612000,0.0,0.0,0.0,0.0,8557000.0,489000.0,0.0,196306000,0.0,298782000,16378000.0,0.0,0.0,0.0,0.2161724680066945,0.0,51149000,0.2161724680066945,41403000.0,9746000.0,0.04118979595286799,38.984,38.984,250000.0,250000.0,http://www.cbr.ru/eng/search/?text=PRMB&category=Any&time=Any&dateFrom=&dateTo=,http://www.cbr.ru/eng/search/?text=PRMB&category=Any&time=Any&dateFrom=&dateTo=,1620596795,17:46:35,20210509
14,2012-12-31,PRMB.ME,RUB,2012-12-31,2012-12-31,Q4,419968000,0.0,0.0,0.0,0.0,0.0,0.0,0.0,240529000,0.0,219563000,0.0,0.0,0.0,0.0,0.4861084654068881,0.0,204150000,0.4861084654068881,99166000.0,104984000.0,0.24998095092959463,419.936,419.936,250000.0,250000.0,http://www.cbr.ru/eng/search/?text=PRMB&category=Any&time=Any&dateFrom=&dateTo=,http://www.cbr.ru/eng/search/?text=PRMB&category=Any&time=Any&dateFrom=&dateTo=,1620596795,17:46:35,20210509
15,2012-09-30,PRMB.ME,RUB,2012-09-30,2012-09-30,Q3,7017091000,0.0,0.0,0.0,0.0,36632000.0,14904000.0,0.0,6590061000,0.0,777166000,40274000.0,0.0,0.0,0.0,0.05100047868839096,0.0,357875000,0.05100047868839096,88645000.0,269230000.0,0.03836775096688927,1076.92,1076.92,250000.0,250000.0,http://www.cbr.ru/eng/search/?text=PRMB&category=Any&time=Any&dateFrom=&dateTo=,http://www.cbr.ru/eng/search/?text=PRMB&category=Any&time=Any&dateFrom=&dateTo=,1620596795,17:46:35,20210509
