,date,symbol,reportedCurrency,fillingDate,acceptedDate,period,revenue,costOfRevenue,grossProfit,grossProfitRatio,researchAndDevelopmentExpenses,generalAndAdministrativeExpenses,sellingAndMarketingExpenses,otherExpenses,operatingExpenses,costAndExpenses,interestExpense,depreciationAndAmortization,ebitda,ebitdaratio,operatingIncome,operatingIncomeRatio,totalOtherIncomeExpensesNet,incomeBeforeTax,incomeBeforeTaxRatio,incomeTaxExpense,netIncome,netIncomeRatio,eps,epsdiluted,weightedAverageShsOut,weightedAverageShsOutDil,link,finalLink,timestamp,est_time,est_date
0,2021-03-31,ALLY,USD,2021-05-03,2021-05-03 16:02:55,Q1,1951000000,0.0,0.0,0.0,0.0,458000000.0,41000000.0,0.0,0.0,0.0,557000000.0,199000000.0,0.0,0.0,0.0,0.5161455663762173,0.0,1007000000,0.5161455663762173,211000000.0,796000000,0.4079958995386981,2.12,2.11,375229000,377529000,https://www.sec.gov/Archives/edgar/data/40729/000004072921000011/0000040729-21-000011-index.htm,https://www.sec.gov/Archives/edgar/data/40729/000004072921000008/ally-20201231.htm,1620586571,14:56:11,20210509
1,2020-12-31,ALLY,USD,2021-02-24,2021-02-24,Q4,4007000000,0.0,4007000000.0,1.0,0.0,-1649000000.0,-112000000.0,851000.0,-6570000000.0,851000.0,-5842000000.0,391000000.0,391328000.0,0.09766109308709758,328000.0,0.08185675068629898,0.0,856000000,0.21362615423009734,169000000.0,687000000,0.17144996256551034,1.8287910812494343,1.8222279986525591,375658000,377011000,https://www.sec.gov/Archives/edgar/data/40729/000004072921000008/0000040729-21-000008-index.htm,https://www.sec.gov/Archives/edgar/data/40729/000004072921000008/ally-20201231.htm,1620586571,14:56:11,20210509
2,2020-09-30,ALLY,USD,2020-11-03,2020-11-03,Q3,1658000000,0.0,0.0,0.0,0.0,522000000.0,36000000.0,0.0,1997000000.0,0.0,770000000.0,209000000.0,0.0,0.0,0.0,0.38118214716525933,0.0,632000000,0.38118214716525933,156000000.0,476000000,0.2870928829915561,1.27,1.26,375658000,377011000,https://www.sec.gov/Archives/edgar/data/40729/000004072920000031/0000040729-20-000031-index.htm,https://www.sec.gov/ix?doc=/Archives/edgar/data/40729/000004072920000031/ally-20200930.htm,1620586571,14:56:11,20210509
3,2020-06-30,ALLY,USD,2020-07-30,2020-07-30,Q2,1635000000,0.0,0.0,0.0,0.0,585000000.0,32000000.0,0.0,2396000000.0,0.0,872000000.0,286000000.0,0.0,0.0,0.0,0.20611620795107033,0.0,337000000,0.20611620795107033,95000000.0,241000000,0.1474006116207951,0.6425792758851463,0.6413634162049382,375051000,375762000,https://www.sec.gov/Archives/edgar/data/40729/000004072920000021/0000040729-20-000021-index.htm,https://www.sec.gov/ix?doc=/Archives/edgar/data/40729/000004072920000021/ally202063010-q.htm,1620586571,14:56:11,20210509
4,2020-03-31,ALLY,USD,2020-04-28 00:00:00,2020-04-28 09:39:39,Q1,1497000000,0.0,0.0,0.0,0.0,542000000.0,44000000.0,0.0,3028000000.0,0.0,957000000.0,282000000.0,0.0,0.0,0.0,-0.2745490981963928,0.0,-411000000,-0.2745490981963928,-92000000.0,-319000000,-0.21309285237140949,-0.85,-0.85,375723000,375723000,https://www.sec.gov/Archives/edgar/data/40729/000004072920000010/0000040729-20-000010-index.html,https://www.sec.gov/Archives/edgar/data/40729/000004072920000010/ally202033110-q.htm,1620586571,14:56:11,20210509
5,2019-12-31,ALLY,USD,2020-02-25 00:00:00,2020-02-25 16:15:17,Q4,1688000000,0.0,0.0,0.0,0.0,487000000.0,51000000.0,0.0,2442000000.0,0.0,1024000000.0,286000000.0,0.0,0.0,0.0,0.28850710900473936,0.0,487000000,0.28850710900473936,106000000.0,378000000,0.22393364928909953,0.9926653063475431,0.985938637057208,380793000,383391000,https://www.sec.gov/Archives/edgar/data/40729/000004072920000005/0000040729-20-000005-index.html,https://www.sec.gov/Archives/edgar/data/40729/000004072920000005/ally2019123110-k.htm,1620586571,14:56:11,20210509
6,2019-09-30,ALLY,USD,2019-11-05 00:00:00,2019-11-05 09:09:47,Q3,1668000000,0.0,0.0,0.0,0.0,476000000.0,46000000.0,0.0,2404000000.0,0.0,1069000000.0,259000000.0,0.0,0.0,0.0,0.2997601918465228,0.0,500000000,0.2997601918465228,119000000.0,381000000,0.22841726618705036,0.98,0.97,390205000,392604000,https://www.sec.gov/Archives/edgar/data/40729/000004072919000034/0000040729-19-000034-index.html,https://www.sec.gov/Archives/edgar/data/40729/000004072919000034/ally201993010-q.htm,1620586571,14:56:11,20210509
7,2019-06-30,ALLY,USD,2019-08-01,2019-08-01 16:14:31,Q2,1623000000,0.0,0.0,0.0,0.0,524000000.0,35000000.0,0.0,2392000000.0,0.0,1095000000.0,264000000.0,0.0,0.0,0.0,0.30437461491065926,0.0,494000000,0.30437461491065926,-90000000.0,582000000,0.3585951940850277,1.4619442351168048,1.4553056141789775,398100000,399916000,https://www.sec.gov/Archives/edgar/data/40729/000004072919000023/ally201963010-q.htm,https://www.sec.gov/Archives/edgar/data/40729/000004072919000023/ally201963010-q.htm,1620586571,14:56:11,20210509
8,2019-03-31,ALLY,USD,2019-05-06 00:00:00,2019-05-06 16:09:34,Q1,1687000000,0.0,0.0,0.0,0.0,482000000.0,48000000.0,0.0,2413000000.0,0.0,1055000000.0,268000000.0,0.0,0.0,0.0,0.2880853586247777,0.0,486000000,0.2880853586247777,111000000.0,374000000,0.22169531713100177,0.93,0.92,404129000,405959000,https://www.sec.gov/Archives/edgar/data/40729/000004072919000017/0000040729-19-000017-index.html,https://www.sec.gov/Archives/edgar/data/40729/000004072919000017/ally201933110-q.htm,1620586571,14:56:11,20210509
9,2018-12-31,ALLY,USD,2019-02-20,2019-02-20 09:24:54,Q4,1502000000,0.0,0.0,0.0,0.0,439000000.0,66000000.0,0.0,2338000000.0,0.0,1028000000.0,263000000.0,0.0,0.0,0.0,0.24500665778961384,0.0,368000000,0.24500665778961384,79000000.0,290000000,0.19307589880159787,0.7040013982924325,0.6992163954189271,411931000,414750000,https://www.sec.gov/Archives/edgar/data/40729/000004072919000010/ally2018123110-k.htm,https://www.sec.gov/Archives/edgar/data/40729/000004072919000010/ally2018123110-k.htm,1620586571,14:56:11,20210509
10,2018-09-30,ALLY,USD,2018-11-01 00:00:00,2018-11-01 16:06:51,Q3,1592000000,0.0,0.0,0.0,0.0,459000000.0,38000000.0,0.0,2229000000.0,0.0,942000000.0,269000000.0,0.0,0.0,0.0,0.29208542713567837,0.0,465000000,0.29208542713567837,91000000.0,374000000,0.23492462311557788,0.89,0.88,422187000,424784000,https://www.sec.gov/Archives/edgar/data/40729/000004072918000138/0000040729-18-000138-index.html,https://www.sec.gov/Archives/edgar/data/40729/000004072918000138/ally201893010-q.htm,1620586571,14:56:11,20210509
11,2018-06-30,ALLY,USD,2018-08-01 00:00:00,2018-08-01 16:13:21,Q2,1567000000,0.0,0.0,0.0,0.0,502000000.0,29000000.0,0.0,2135000000.0,0.0,873000000.0,287000000.0,0.0,0.0,0.0,0.29419272495213783,0.0,461000000,0.29419272495213783,113000000.0,349000000,0.2227185705169113,0.8104442813751079,0.8068356783199323,430628000,432554000,https://www.sec.gov/Archives/edgar/data/40729/000004072918000117/0000040729-18-000117-index.html,https://www.sec.gov/Archives/edgar/data/40729/000004072918000117/ally201863010-q.htm,1620586571,14:56:11,20210509
12,2018-03-31,ALLY,USD,2018-05-07 00:00:00,2018-05-07 16:02:05,Q1,1518000000,0.0,0.0,0.0,0.0,470000000.0,39000000.0,0.0,2142000000.0,0.0,794000000.0,293000000.0,0.0,0.0,0.0,0.2160737812911726,0.0,328000000,0.2160737812911726,76000000.0,250000000,0.16469038208168643,0.5731145105716703,0.569565603705366,436213000,438931000,https://www.sec.gov/Archives/edgar/data/40729/000004072918000061/0000040729-18-000061-index.html,https://www.sec.gov/Archives/edgar/data/40729/000004072918000061/ally201833110-q.htm,1620586571,14:56:11,20210509
13,2017-12-31,ALLY,USD,2018-02-21 00:00:00,2018-02-21 16:16:29,Q4,1585000000,0.0,0.0,0.0,0.0,438000000.0,37000000.0,0.0,2065000000.0,0.0,740000000.0,284000000.0,0.0,0.0,0.0,0.2586750788643533,0.0,410000000,0.2586750788643533,231000000.0,181000000,0.11419558359621451,0.4094022275100202,0.4067552838859737,442108000,444985000,https://www.sec.gov/Archives/edgar/data/40729/000004072918000035/0000040729-18-000035-index.html,https://www.sec.gov/Archives/edgar/data/40729/000004072918000035/ally2017123110-k.htm,1620586571,14:56:11,20210509
14,2017-09-30,ALLY,USD,2017-10-31 00:00:00,2017-10-31 16:53:03,Q3,1584000000,0.0,0.0,0.0,0.0,428000000.0,33000000.0,0.0,2074000000.0,0.0,735000000.0,294000000.0,0.0,0.0,0.0,0.24936868686868688,0.0,395000000,0.24936868686868688,115000000.0,282000000,0.17803030303030304,0.6278260521095623,0.6251690395009288,449169000,451078000,https://www.sec.gov/Archives/edgar/data/40729/000004072917000350/0000040729-17-000350-index.html,https://www.sec.gov/Archives/edgar/data/40729/000004072917000350/ally201793010-q.htm,1620586571,14:56:11,20210509
15,2017-06-30,ALLY,USD,2017-07-31 00:00:00,2017-07-31 16:15:11,Q2,1629000000,0.0,0.0,0.0,0.0,489000000.0,33000000.0,0.0,2100000000.0,0.0,700000000.0,344000000.0,0.0,0.0,0.0,0.23081645181092694,0.0,376000000,0.23081645181092694,122000000.0,252000000,0.15469613259668508,0.5503493189427178,0.5492361911777847,457891000,458819000,https://www.sec.gov/Archives/edgar/data/40729/000004072917000266/0000040729-17-000266-index.html,https://www.sec.gov/Archives/edgar/data/40729/000004072917000266/ally201763010-q.htm,1620586571,14:56:11,20210509
16,2017-03-31,ALLY,USD,2017-05-04 00:00:00,2017-05-04 08:57:57,Q1,1630000000,0.0,0.0,0.0,0.0,469000000.0,30000000.0,0.0,2120000000.0,0.0,682000000.0,411000000.0,0.0,0.0,0.0,0.2,0.0,326000000,0.2,113000000.0,214000000,0.1312883435582822,0.45926590422803626,0.45841196669444273,465961000,466829000,https://www.sec.gov/Archives/edgar/data/40729/000004072917000140/0000040729-17-000140-index.html,https://www.sec.gov/Archives/edgar/data/40729/000004072917000140/ally201733110-q.htm,1620586571,14:56:11,20210509
17,2016-12-31,ALLY,USD,2017-02-27 00:00:00,2017-02-27 08:36:54,Q4,1647000000,0.0,0.0,0.0,0.0,402000000.0,37000000.0,0.0,2079000000.0,0.0,674000000.0,440000000.0,0.0,0.0,0.0,0.230722525804493,0.0,380000000,0.230722525804493,134000000.0,248000000,0.15057680631451123,0.53,0.52,472502000,474505000,https://www.sec.gov/Archives/edgar/data/40729/000004072917000067/0000040729-17-000067-index.html,https://www.sec.gov/Archives/edgar/data/40729/000004072917000067/ally2016123110-k.htm,1620586571,14:56:11,20210509
18,2016-09-30,ALLY,USD,2016-11-02 00:00:00,2016-11-02 16:07:13,Q3,1656000000,0.0,0.0,0.0,0.0,413000000.0,27000000.0,0.0,2057000000.0,0.0,656000000.0,427000000.0,0.0,0.0,0.0,0.2361111111111111,0.0,391000000,0.2361111111111111,130000000.0,209000000,0.12620772946859904,0.43325670148613266,0.4321976942563201,482393000,483575000,https://www.sec.gov/Archives/edgar/data/40729/000004072916000780/0000040729-16-000780-index.html,https://www.sec.gov/Archives/edgar/data/40729/000004072916000780/ally201693010-q.htm,1620586571,14:56:11,20210509
19,2016-06-30,ALLY,USD,2016-08-04,2016-08-04 10:08:12,Q2,1656000000,0.0,0.0,0.0,0.0,475000000.0,21000000.0,0.0,2030000000.0,0.0,651000000.0,455000000.0,0.0,0.0,0.0,0.24939613526570048,0.0,413000000,0.24939613526570048,56000000.0,360000000,0.21739130434782608,0.7417022065640645,0.7406279702267556,485370000,486074000,https://www.sec.gov/Archives/edgar/data/40729/000004072916000701/ally201663010-q.htm,https://www.sec.gov/Archives/edgar/data/40729/000004072916000701/ally201663010-q.htm,1620586571,14:56:11,20210509
20,2016-03-31,ALLY,USD,2016-05-05 00:00:00,2016-05-05 09:13:41,Q1,1709000000,0.0,0.0,0.0,0.0,412000000.0,27000000.0,0.0,2088000000.0,0.0,648000000.0,531000000.0,0.0,0.0,0.0,0.23229959040374487,0.0,397000000,0.23229959040374487,150000000.0,250000000,0.14628437682855472,0.5162803856820993,0.5158319130761326,484233000,484654000,https://www.sec.gov/Archives/edgar/data/40729/000004072916000556/0000040729-16-000556-index.html,https://www.sec.gov/Archives/edgar/data/40729/000004072916000556/ally201633110-q.htm,1620586571,14:56:11,20210509
21,2015-12-31,ALLY,USD,2016-02-24 00:00:00,2016-02-24 17:07:05,Q4,1745000000,0.0,0.0,0.0,0.0,380000000.0,27000000.0,0.0,2049000000.0,0.0,605000000.0,556000000.0,0.0,0.0,0.0,0.24699140401146133,0.0,431000000,0.24699140401146133,155000000.0,263000000,0.1507163323782235,0.5441754603765777,0.5424413987975538,483300000,484845000,https://www.sec.gov/Archives/edgar/data/40729/000004072916000473/0000040729-16-000473-index.html,https://www.sec.gov/Archives/edgar/data/40729/000004072916000473/ally2015123110k.htm,1620586571,14:56:11,20210509
22,2015-09-30,ALLY,USD,2015-10-29 00:00:00,2015-10-29 16:35:43,Q3,1693000000,0.0,0.0,0.0,0.0,379000000.0,26000000.0,0.0,2017000000.0,0.0,604000000.0,548000000.0,0.0,0.0,0.0,0.24630832841110456,0.0,417000000,0.24630832841110456,144000000.0,268000000,0.15829887773183698,0.48,0.47,483073329,484399091,https://www.sec.gov/Archives/edgar/data/40729/000004072915000355/0000040729-15-000355-index.html,https://www.sec.gov/Archives/edgar/data/40729/000004072915000355/ally201593010q.htm,1620586571,14:56:11,20210509
23,2015-06-30,ALLY,USD,2015-07-30 00:00:00,2015-07-30 16:35:27,Q2,1715000000,0.0,0.0,0.0,0.0,442000000.0,23000000.0,0.0,2035000000.0,0.0,608000000.0,585000000.0,0.0,0.0,0.0,0.15335276967930028,0.0,263000000,0.15335276967930028,94000000.0,182000000,0.10612244897959183,0.3769309947043266,0.376276393618187,482847000,483687000,https://www.sec.gov/Archives/edgar/data/40729/000004072915000288/0000040729-15-000288-index.html,https://www.sec.gov/Archives/edgar/data/40729/000004072915000288/ally201563010q.htm,1620586571,14:56:11,20210509
24,2015-03-31,ALLY,USD,2015-05-01 00:00:00,2015-05-01 16:36:34,Q1,1758000000,0.0,0.0,0.0,0.0,401000000.0,31000000.0,0.0,2045000000.0,0.0,612000000.0,642000000.0,0.0,0.0,0.0,0.16040955631399317,0.0,282000000,0.16040955631399317,103000000.0,576000000,0.32764505119453924,1.1944061976410478,1.1930850777369495,482248000,482782000,https://www.sec.gov/Archives/edgar/data/40729/000004072915000191/0000040729-15-000191-index.html,https://www.sec.gov/Archives/edgar/data/40729/000004072915000191/ally201533110q.htm,1620586571,14:56:11,20210509
25,2014-12-31,ALLY,USD,2015-02-27,2015-02-27 16:05:15,Q4,1678000000,0.0,0.0,0.0,0.0,391000000.0,30000000.0,0.0,2132000000.0,0.0,672000000.0,653000000.0,0.0,0.0,0.0,0.11144219308700834,0.0,187000000,0.11144219308700834,36000000.0,177000000,0.10548271752085817,0.36732584708038213,0.36639059721667344,481861000,483091000,https://www.sec.gov/Archives/edgar/data/40729/000004072915000092/ally2014123110k.htm,https://www.sec.gov/Archives/edgar/data/40729/000004072915000092/ally2014123110k.htm,1620586571,14:56:11,20210509
26,2014-09-30,ALLY,USD,2014-10-31 00:00:00,2014-10-31 08:45:40,Q3,1686000000,0.0,0.0,0.0,0.0,438000000.0,27000000.0,0.0,2064000000.0,0.0,671000000.0,572000000.0,0.0,0.0,0.0,0.2491103202846975,0.0,420000000,0.2491103202846975,127000000.0,423000000,0.2508896797153025,0.8783021982471331,0.8766730361902235,481611000,482506000,https://www.sec.gov/Archives/edgar/data/40729/000004072914000356/0000040729-14-000356-index.html,https://www.sec.gov/Archives/edgar/data/40729/000004072914000356/ally201493010q.htm,1620586571,14:56:11,20210509
27,2014-06-30,ALLY,USD,2014-08-01 00:00:00,2014-08-01 13:52:28,Q2,1622000000,0.0,0.0,0.0,0.0,515000000.0,25000000.0,0.0,2121000000.0,0.0,728000000.0,528000000.0,0.0,0.0,0.0,0.21393341553637485,0.0,347000000,0.21393341553637485,64000000.0,323000000,0.19913686806411837,0.6710293964890413,0.6696479476223351,481350000,482343000,https://www.sec.gov/Archives/edgar/data/40729/000004072914000237/0000040729-14-000237-index.html,https://www.sec.gov/Archives/edgar/data/40729/000004072914000237/ally201463010q.htm,1620586571,14:56:11,20210509
28,2014-03-31,ALLY,USD,2014-05-01 00:00:00,2014-05-01 16:29:43,Q1,1605000000,0.0,0.0,0.0,0.0,434000000.0,29000000.0,0.0,2104000000.0,0.0,712000000.0,561000000.0,0.0,0.0,0.0,0.18193146417445483,0.0,292000000,0.18193146417445483,94000000.0,227000000,0.14143302180685358,0.33,0.33,479767999,479767999,https://www.sec.gov/Archives/edgar/data/40729/000004072914000112/0000040729-14-000112-index.html,https://www.sec.gov/Archives/edgar/data/40729/000004072914000112/ally201433110q.htm,1620586571,14:56:11,20210509
29,2013-12-31,ALLY,USD,2014-03-03,2014-03-03 16:23:08,Q4,1538000000,0.0,0.0,0.0,0.0,421000000.0,40000000.0,0.0,2340000000.0,0.0,770000000.0,566000000.0,0.0,0.0,0.0,0.04876462938881664,0.0,75000000,0.04876462938881664,-4000000.0,104000000,0.06762028608582575,0.216772,0.216772,479767470,479767470,https://www.sec.gov/Archives/edgar/data/40729/000004072914000007/gjm2013123110k.htm,https://www.sec.gov/Archives/edgar/data/40729/000004072914000007/gjm2013123110k.htm,1620586571,14:56:11,20210509
30,2013-09-30,ALLY,USD,2013-11-05 00:00:00,2013-11-05 11:19:01,Q3,1543000000,0.0,0.0,0.0,0.0,442000000.0,33000000.0,0.0,2205000000.0,0.0,787000000.0,535000000.0,0.0,0.0,0.0,0.13285806869734285,0.0,205000000,0.13285806869734285,28000000.0,91000000,0.05897602073882048,-0.264516,-0.264516,412600700,412600700,https://www.sec.gov/Archives/edgar/data/40729/000004072913000042/0000040729-13-000042-index.html,https://www.sec.gov/Archives/edgar/data/40729/000004072913000042/gjm201393010q.htm,1620586571,14:56:11,20210509
31,2013-06-30,ALLY,USD,2013-08-02 00:00:00,2013-08-02 12:59:06,Q2,1405000000,0.0,0.0,0.0,0.0,519000000.0,28000000.0,0.0,2270000000.0,0.0,881000000.0,520000000.0,0.0,0.0,0.0,0.099644128113879,0.0,140000000,0.099644128113879,40000000.0,-927000000,-0.6597864768683274,-2.732258,-2.732258,412600700,412600700,https://www.sec.gov/Archives/edgar/data/40729/000004072913000020/0000040729-13-000020-index.html,https://www.sec.gov/Archives/edgar/data/40729/000004072913000020/gjm201363010q.htm,1620586571,14:56:11,20210509
32,2013-03-31,ALLY,USD,2013-05-01 00:00:00,2013-05-01 17:01:26,Q1,1288000000,0.0,0.0,0.0,0.0,504000000.0,35000000.0,0.0,2405000000.0,0.0,881000000.0,455000000.0,0.0,0.0,0.0,-0.04891304347826087,0.0,-63000000,-0.04891304347826087,-123000000.0,1093000000,0.8486024844720497,2.164516,2.164516,412600700,412600700,https://www.sec.gov/Archives/edgar/data/40729/000004072913000009/0000040729-13-000009-index.html,https://www.sec.gov/Archives/edgar/data/40729/000004072913000009/gjm201333110q.htm,1620586571,14:56:11,20210509
33,2012-12-31,ALLY,USD,2013-03-01 00:00:00,2013-03-01 16:34:46,Q4,469000000,0.0,0.0,0.0,0.0,716000000.0,0.0,0.0,0.0,0.0,-791000000.0,393000000.0,0.0,0.0,0.0,-1.6098081023454158,0.0,-755000000,-1.6098081023454158,-1456000000.0,1400000000,2.985074626865672,3.504599,3.504599,412600700,412600700,https://www.sec.gov/Archives/edgar/data/40729/000004072913000005/0000040729-13-000005-index.html,https://www.sec.gov/Archives/edgar/data/40729/000004072913000005/gjm2012123110k.htm,1620586571,14:56:11,20210509
34,2012-09-30,ALLY,USD,2012-11-02 00:00:00,2012-11-02 16:43:05,Q3,1713000000,0.0,0.0,0.0,0.0,495000000.0,0.0,0.0,2345000000.0,0.0,1630000000.0,607000000.0,0.0,0.0,0.0,0.2819614711033275,0.0,483000000,0.2819614711033275,93000000.0,384000000,0.22416812609457093,0.441935,0.441935,412600700,412600700,https://www.sec.gov/Archives/edgar/data/40729/000004072912000026/0000040729-12-000026-index.html,https://www.sec.gov/Archives/edgar/data/40729/000004072912000026/gjm2012093010q.htm,1620586571,14:56:11,20210509
35,2012-06-30,ALLY,USD,2012-08-03 00:00:00,2012-08-03 15:44:41,Q2,1710000000,0.0,0.0,0.0,0.0,597000000.0,0.0,0.0,2355000000.0,0.0,1630000000.0,583000000.0,0.0,0.0,0.0,-0.4964912280701754,0.0,-849000000,-0.4964912280701754,15000000.0,-898000000,-0.5251461988304094,-2.66129,-2.66129,412600700,412600700,https://www.sec.gov/Archives/edgar/data/40729/000004072912000020/0000040729-12-000020-index.html,https://www.sec.gov/Archives/edgar/data/40729/000004072912000020/gjm2012063010q.htm,1620586571,14:56:11,20210509
36,2012-03-31,ALLY,USD,2012-04-27,2012-04-27 16:54:42,Q1,2149000000,0.0,0.0,0.0,0.0,634000000.0,0.0,0.0,0.0,0.0,1438000000.0,293000000.0,0.0,0.0,0.0,0.1703117729176361,0.0,366000000,0.1703117729176361,64000000.0,310000000,0.14425314099581202,0.264516,0.264516,412600700,412600700,https://www.sec.gov/Archives/edgar/data/40729/000004072912000016/gjm201233110q.htm,https://www.sec.gov/Archives/edgar/data/40729/000004072912000016/gjm201233110q.htm,1620586571,14:56:11,20210509
37,2011-12-31,ALLY,USD,2012-02-28 00:00:00,2012-02-28 17:01:42,Q4,673000000,0.0,0.0,0.0,0.0,2446000000.0,0.0,0.0,0.0,0.0,2357000000.0,-676000000.0,0.0,0.0,0.0,-0.15453194650817237,0.0,-104000000,-0.15453194650817237,78000000.0,-206000000,-0.3060921248142645,-0.49927205649432976,-0.49927205649432976,412600700,412600700,https://www.sec.gov/Archives/edgar/data/40729/000004072912000011/0000040729-12-000011-index.html,https://www.sec.gov/Archives/edgar/data/40729/000004072912000011/gjm2011123110k.htm,1620586571,14:56:11,20210509
38,2011-09-30,ALLY,USD,2011-11-04 00:00:00,2011-11-04 16:27:54,Q3,1487000000,0.0,0.0,0.0,0.0,493000000.0,0.0,0.0,0.0,0.0,1579000000.0,296000000.0,0.0,0.0,0.0,-0.08271687962340282,0.0,-123000000,-0.08271687962340282,87000000.0,-210000000,-0.14122394082044384,-0.993548,-0.993548,412600700,412600700,https://www.sec.gov/Archives/edgar/data/40729/000119312511297453/0001193125-11-297453-index.html,https://www.sec.gov/Archives/edgar/data/40729/000119312511297453/d250617d10q.htm,1620586571,14:56:11,20210509
39,2011-06-30,ALLY,USD,2011-08-09 00:00:00,2011-08-09 16:22:32,Q2,2044000000,0.0,0.0,0.0,0.0,668000000.0,0.0,25000000.0,0.0,0.0,1617000000.0,192000000.0,0.0,0.0,0.0,0.09393346379647749,0.0,192000000,0.09393346379647749,82000000.0,113000000,0.055283757338551856,-0.190323,-0.190323,412600700,412600700,https://www.sec.gov/Archives/edgar/data/40729/000119312511216534/0001193125-11-216534-index.html,https://www.sec.gov/Archives/edgar/data/40729/000119312511216534/d10q.htm,1620586571,14:56:11,20210509
40,2011-03-31,ALLY,USD,2011-05-06 00:00:00,2011-05-06 14:43:14,Q1,1931000000,0.0,0.0,0.0,0.0,620000000.0,0.0,39000000.0,0.0,0.0,1708000000.0,285000000.0,0.0,0.0,0.0,0.05282237182806836,0.0,102000000,0.05282237182806836,-68000000.0,146000000,0.07560849300880373,-0.06129,-0.06129,412600700,412600700,https://www.sec.gov/Archives/edgar/data/40729/000119312511130483/0001193125-11-130483-index.html,https://www.sec.gov/Archives/edgar/data/40729/000119312511130483/d10q.htm,1620586571,14:56:11,20210509
41,2010-12-31,ALLY,USD,2011-02-25,2011-02-25 17:39:55,Q4,12000000,0.0,0.0,0.0,0.0,2895000000.0,0.0,0.0,0.0,0.0,3471000000.0,-1546000000.0,0.0,0.0,0.0,16.0,0.0,192000000,16.0,36000000.0,79000000,6.583333333333333,0.19146841001481577,0.19146841001481577,412600700,412600700,https://www.sec.gov/Archives/edgar/data/40729/000119312511047688/d10k.htm,https://www.sec.gov/Archives/edgar/data/40729/000119312511047688/d10k.htm,1620586571,14:56:11,20210509
42,2010-09-30,ALLY,USD,2010-11-09 00:00:00,2010-11-08 18:00:51,Q3,2503000000,0.0,0.0,0.0,0.0,621000000.0,0.0,2000000.0,0.0,0.0,1733000000.0,454000000.0,0.0,0.0,0.0,0.12984418697562924,0.0,325000000,0.12984418697562924,48000000.0,269000000,0.10747103475829005,-0.235484,-0.235484,247727200,247727200,https://www.sec.gov/Archives/edgar/data/40729/000119312510252419/0001193125-10-252419-index.html,https://www.sec.gov/Archives/edgar/data/40729/000119312510252419/d10q.htm,1620586571,14:56:11,20210509
43,2010-06-30,ALLY,USD,2010-08-06 00:00:00,2010-08-06 16:25:50,Q2,2626000000,0.0,0.0,0.0,0.0,612000000.0,0.0,3000000.0,0.0,0.0,1663000000.0,526000000.0,0.0,0.0,0.0,0.16565118050266564,0.0,435000000,0.16565118050266564,33000000.0,565000000,0.21515613099771516,2.180645,0.974194,247727200,554069200,https://www.sec.gov/Archives/edgar/data/40729/000119312510181437/0001193125-10-181437-index.html,https://www.sec.gov/Archives/edgar/data/40729/000119312510181437/d10q.htm,1620586571,14:56:11,20210509
44,2010-03-31,ALLY,USD,2010-05-07 00:00:00,2010-05-07 15:51:42,Q1,2624000000,0.0,0.0,0.0,0.0,637000000.0,0.0,118000000.0,0.0,0.0,1702000000.0,656000000.0,0.0,0.0,0.0,0.07126524390243902,0.0,187000000,0.07126524390243902,36000000.0,162000000,0.06173780487804878,-1.374194,-1.374194,247727200,247727200,https://www.sec.gov/Archives/edgar/data/40729/000119312510112826/0001193125-10-112826-index.html,https://www.sec.gov/Archives/edgar/data/40729/000119312510112826/d10q.htm,1620586571,14:56:11,20210509
45,2009-12-31,ALLY,USD,2010-03-01 00:00:00,2010-02-26 18:18:23,Q4,2266000000,1590000000.0,2266000000.0,1.0,0.0,6105000000.0,0.0,1676000000.0,7695000000.0,1676000000.0,1590000000.0,1212000000.0,-2627000000.0,-1.1593115622241836,-3839000000.0,-1.6941747572815533,0.0,-3839000000,-1.6941747572815533,-607000000.0,-4953000000,-2.185789938217123,-19.99376733761977,-19.99376733761977,247727200,247727200,https://www.sec.gov/Archives/edgar/data/40729/000119312510043252/0001193125-10-043252-index.html,https://www.sec.gov/Archives/edgar/data/40729/000119312510043252/d10k.htm,1620586571,14:56:11,20210509
46,2009-09-30,ALLY,USD,2009-11-10 00:00:00,2009-11-10 15:38:50,Q3,2880000000,1748000000.0,2880000000.0,1.0,0.0,3740000000.0,0.0,1421000000.0,5488000000.0,1421000000.0,1748000000.0,1444000000.0,584000000.0,0.20277777777777778,-860000000.0,-0.2986111111111111,0.0,-860000000,-0.2986111111111111,-291000000.0,-767000000,-0.26631944444444444,-3.0961476979516176,-3.0961476979516176,247727200,247727200,https://www.sec.gov/Archives/edgar/data/40729/000119312509230634/0001193125-09-230634-index.html,https://www.sec.gov/Archives/edgar/data/40729/000119312509230634/d10q.htm,1620586571,14:56:11,20210509
47,2009-06-30,ALLY,USD,2009-08-07 00:00:00,2009-08-07 17:04:48,Q2,2316000000,1940000000.0,2316000000.0,1.0,0.0,3899000000.0,0.0,1227000000.0,5839000000.0,1227000000.0,1940000000.0,3302000000.0,1719000000.0,0.7422279792746114,-1583000000.0,-0.6835060449050087,0.0,-1583000000,-0.6835060449050087,1096000000.0,-3903000000,-1.6852331606217616,-15.755233983187958,-15.755233983187958,247727200,247727200,https://www.sec.gov/Archives/edgar/data/40729/000119312509169238/0001193125-09-169238-index.html,https://www.sec.gov/Archives/edgar/data/40729/000119312509169238/d10q.htm,1620586571,14:56:11,20210509
48,2009-03-31,ALLY,USD,2009-05-11 00:00:00,2009-05-08 19:42:29,Q1,2781000000,1996000000.0,2781000000.0,1.0,0.0,3458000000.0,0.0,1182000000.0,5454000000.0,1182000000.0,1996000000.0,0.0,1197000000.0,-0.20933892969569778,-677000000.0,-0.2434376123696512,0.0,-677000000,-0.2434376123696512,-124000000.0,-675000000,-0.24271844660194175,-2.724771442134735,-2.724771442134735,247727200,247727200,https://www.sec.gov/Archives/edgar/data/40729/000119312509105735/0001193125-09-105735-index.html,https://www.sec.gov/Archives/edgar/data/40729/000119312509105735/d10q.htm,1620586571,14:56:11,20210509
49,2008-12-31,ALLY,USD,2009-02-27 00:00:00,2009-02-26 21:45:25,Q4,13066000000,2417000000.0,13066000000.0,1.0,0.0,4121000000.0,0.0,3956000000.0,6538000000.0,3956000000.0,2417000000.0,6722000000.0,15667000000.0,1.1990662788917803,8945000000.0,0.68460125516608,0.0,8945000000,0.68460125516608,-132000000.0,7462000000,0.5711005663554263,30.1218437054954,30.1218437054954,247727200,247727200,https://www.sec.gov/Archives/edgar/data/40729/000119312509039567/0001193125-09-039567-index.html,https://www.sec.gov/Archives/edgar/data/40729/000119312509039567/d10k.htm,1620586571,14:56:11,20210509
50,2008-09-30,ALLY,USD,2008-11-10 00:00:00,2008-11-10 10:28:33,Q3,2765000000,2880000000.0,2765000000.0,1.0,0.0,5404000000.0,0.0,1967000000.0,8284000000.0,1967000000.0,2880000000.0,0.0,256000000.0,-0.5647489765136824,-2639000000.0,-0.9544303797468354,0.0,-2639000000,-0.9544303797468354,-101000000.0,-2523000000,-0.9124773960216999,-10.184590145934722,-10.184590145934722,247727200,247727200,https://www.sec.gov/Archives/edgar/data/40729/000095015208009024/0000950152-08-009024-index.html,https://www.sec.gov/Archives/edgar/data/40729/000095015208009024/g46784e10vq.htm,1620586571,14:56:11,20210509
51,2008-06-30,ALLY,USD,2008-08-08 00:00:00,2008-08-07 19:07:12,Q2,2495000000,2821000000.0,2495000000.0,1.0,0.0,4855000000.0,0.0,1414000000.0,7676000000.0,1414000000.0,2821000000.0,0.0,493000000.0,-0.4786395686437163,-2360000000.0,-0.9458917835671342,0.0,-2360000000,-0.9458917835671342,154000000.0,-2482000000,-0.9947895791583167,-10.01908551019024,-10.01908551019024,247727200,247727200,https://www.sec.gov/Archives/edgar/data/40729/000095013708010406/0000950137-08-010406-index.html,https://www.sec.gov/Archives/edgar/data/40729/000095013708010406/k34241e10vq.htm,1620586571,14:56:11,20210509
52,2008-03-31,ALLY,USD,2008-05-08 00:00:00,2008-05-07 17:32:41,Q1,3805000000,3179000000.0,3805000000.0,1.0,0.0,4375000000.0,0.0,1397000000.0,7554000000.0,1397000000.0,3179000000.0,0.0,2609000000.0,-0.11577453365774534,-570000000.0,-0.1498028909329829,0.0,-570000000,-0.1498028909329829,19000000.0,-589000000,-0.15479632063074902,-2.3776153769146062,-2.3776153769146062,247727200,247727200,https://www.sec.gov/Archives/edgar/data/40729/000095012408002283/0000950124-08-002283-index.html,https://www.sec.gov/Archives/edgar/data/40729/000095012408002283/k26359e10vq.htm,1620586571,14:56:11,20210509
53,2007-12-31,ALLY,USD,2008-02-27,2008-02-27 17:03:37,Q4,4676000000,3653000000.0,4676000000.0,1.0,0.0,5251000000.0,0.0,4099000000.0,8904000000.0,4099000000.0,3653000000.0,0.0,3078000000.0,1.0325438089736183,-575000000.0,-0.12296834901625321,0.0,-575000000,-0.12296834901625321,149000000.0,-724000000,-0.15483319076133448,-2.922569665341553,-2.922569665341553,247727200,247727200,https://www.sec.gov/Archives/edgar/data/40729/000095012408000900/k23730e10vk.htm,https://www.sec.gov/Archives/edgar/data/40729/000095012408000900/k23730e10vk.htm,1620586571,14:56:11,20210509
54,2007-09-30,ALLY,USD,2007-11-07 00:00:00,2007-11-07 17:31:25,Q3,3529000000,3715000000.0,3529000000.0,1.0,0.0,5193000000.0,0.0,1211000000.0,8908000000.0,1211000000.0,3715000000.0,0.0,2051000000.0,-0.30923620144954467,-1664000000.0,-0.47152167752904506,0.0,-1664000000,-0.47152167752904506,-68000000.0,-1596000000,-0.4522527628223293,-6.442570698736352,-6.442570698736352,247727200,247727200,https://www.sec.gov/Archives/edgar/data/40729/000095012407005648/0000950124-07-005648-index.html,https://www.sec.gov/Archives/edgar/data/40729/000095012407005648/k21139e10vq.htm,1620586571,14:56:11,20210509
55,2007-06-30,ALLY,USD,2007-08-07 00:00:00,2007-08-06 21:51:49,Q2,4448000000,3735000000.0,4448000000.0,1.0,0.0,3996000000.0,0.0,1183000000.0,7731000000.0,1183000000.0,3735000000.0,0.0,4187000000.0,0.0850423330197554,452000000.0,0.10161870503597123,0.0,452000000,0.10161870503597123,159000000.0,293000000,0.06587230215827339,1.1827526408081148,1.1827526408081148,247727200,247727200,https://www.sec.gov/Archives/edgar/data/40729/000095013407017059/0000950134-07-017059-index.html,https://www.sec.gov/Archives/edgar/data/40729/000095013407017059/k17109e10vq.htm,1620586571,14:56:11,20210509
56,2007-03-31,ALLY,USD,2007-05-08 00:00:00,2007-05-08 11:56:27,Q1,4061000000,3673000000.0,4061000000.0,1.0,0.0,4216000000.0,0.0,1246000000.0,7889000000.0,1246000000.0,3673000000.0,0.0,3518000000.0,-0.029256323140807852,-155000000.0,-0.03816793893129771,0.0,-155000000,-0.03816793893129771,150000000.0,-305000000,-0.07510465402610195,-1.2311930220016212,-1.2311930220016212,247727200,247727200,https://www.sec.gov/Archives/edgar/data/40729/000095012407002750/0000950124-07-002750-index.html,https://www.sec.gov/Archives/edgar/data/40729/000095012407002750/k14656e10vq.htm,1620586571,14:56:11,20210509
57,2006-12-31,ALLY,USD,2007-03-13,2007-03-13 17:25:16,Q4,5060000000,3824000000.0,5060000000.0,1.0,0.0,4706000000.0,0.0,1156000000.0,8530000000.0,1156000000.0,3824000000.0,0.0,4178000000.0,1.0700069832402235,354000000.0,0.0699604743083004,0.0,354000000,0.0699604743083004,-662000000.0,1016000000,0.2007905138339921,4.101285607716876,4.101285607716876,247727200,247727200,https://www.sec.gov/Archives/edgar/data/40729/000095012407001471/k12221e10vk.htm,https://www.sec.gov/Archives/edgar/data/40729/000095012407001471/k12221e10vk.htm,1620586571,14:56:11,20210509
58,2006-09-30,ALLY,USD,2006-11-07,2006-11-07 06:05:29,Q3,5048000000,3899000000.0,5048000000.0,1.0,0.0,5038000000.0,0.0,1399000000.0,8937000000.0,1399000000.0,3899000000.0,0.0,3909000000.0,-0.042871553463349026,10000000.0,0.0019809825673534074,0.0,10000000,0.0019809825673534074,183000000.0,-173000000,-0.034270998415213944,-0.6983488288730507,-0.6983488288730507,247727200,247727200,https://www.sec.gov/Archives/edgar/data/40729/000095012406006513/k09277e10vq.htm,https://www.sec.gov/Archives/edgar/data/40729/000095012406006513/k09277e10vq.htm,1620586571,14:56:11,20210509
59,2006-06-30,ALLY,USD,2006-08-08,2006-08-07 18:44:04,Q2,5265000000,4023000000.0,5265000000.0,1.0,0.0,4118000000.0,0.0,1346000000.0,8141000000.0,1346000000.0,4023000000.0,0.0,5170000000.0,0.23231441048034934,1147000000.0,0.21785375118708453,0.0,1147000000,0.21785375118708453,360000000.0,787000000,0.14947768281101614,3.176881666607462,3.176881666607462,247727200,247727200,https://www.sec.gov/Archives/edgar/data/40729/000095012406004258/k07021e10vq.htm,https://www.sec.gov/Archives/edgar/data/40729/000095012406004258/k07021e10vq.htm,1620586571,14:56:11,20210509
60,2006-03-31,ALLY,USD,2006-05-08,2006-05-08 17:07:03,Q1,4790000000,3814000000.0,4790000000.0,1.0,0.0,4073000000.0,0.0,1440000000.0,7887000000.0,1440000000.0,3814000000.0,0.0,4531000000.0,0.17327253595229744,717000000.0,0.14968684759916492,0.0,717000000,0.14968684759916492,222000000.0,495000000,0.10334029227557412,1.9981657242321391,1.9981657242321391,247727200,247727200,https://www.sec.gov/Archives/edgar/data/40729/000095012406002569/k04676e10vq.htm,https://www.sec.gov/Archives/edgar/data/40729/000095012406002569/k04676e10vq.htm,1620586571,14:56:11,20210509
61,2005-12-31,ALLY,USD,2006-03-28,2006-03-28 16:24:36,Q4,4790000000,3735000000.0,4790000000.0,1.0,0.0,4677000000.0,0.0,1356000000.0,8412000000.0,1356000000.0,3735000000.0,0.0,3848000000.0,1.1296026248632884,113000000.0,0.02359081419624217,0.0,113000000,0.02359081419624217,50000000.0,63000000,0.01315240083507307,0.25431200126590864,0.25431200126590864,247727200,247727200,https://www.sec.gov/Archives/edgar/data/40729/000095012406001524/k01870e10vk.htm,https://www.sec.gov/Archives/edgar/data/40729/000095012406001524/k01870e10vk.htm,1620586571,14:56:11,20210509
62,2005-09-30,ALLY,USD,2005-11-09,2005-11-09 17:23:08,Q3,5292000000,3320000000.0,5292000000.0,1.0,0.0,4241000000.0,0.0,1328000000.0,7561000000.0,1328000000.0,3320000000.0,0.0,4371000000.0,0.1974450497839564,1051000000.0,0.19860166288737718,0.0,1051000000,0.19860166288737718,376000000.0,675000000,0.12755102040816327,2.724771442134735,2.724771442134735,247727200,247727200,https://www.sec.gov/Archives/edgar/data/40729/000095012405006307/k99217e10vq.htm,https://www.sec.gov/Archives/edgar/data/40729/000095012405006307/k99217e10vq.htm,1620586571,14:56:11,20210509
63,2005-06-30,ALLY,USD,2005-08-08,2005-08-08 16:10:29,Q2,5051000000,3050000000.0,5051000000.0,1.0,0.0,3839000000.0,0.0,1290000000.0,6889000000.0,1290000000.0,3050000000.0,0.0,4262000000.0,0.2279480910287756,1212000000.0,0.23995248465650365,0.0,1212000000,0.23995248465650365,396000000.0,816000000,0.16155216788754703,3.2939459211584357,3.2939459211584357,247727200,247727200,https://www.sec.gov/Archives/edgar/data/40729/000095012405004777/k97056e10vq.htm,https://www.sec.gov/Archives/edgar/data/40729/000095012405004777/k97056e10vq.htm,1620586571,14:56:11,20210509
64,2005-03-31,ALLY,USD,2005-05-10,2005-05-10 09:45:35,Q1,5028000000,3001000000.0,5028000000.0,1.0,0.0,3925000000.0,0.0,1270000000.0,6926000000.0,1270000000.0,3001000000.0,0.0,4104000000.0,0.21260601387818043,1103000000.0,0.21937151949085124,0.0,1103000000,0.21937151949085124,375000000.0,728000000,0.14478918058870327,2.938716459072722,2.938716459072722,247727200,247727200,https://www.sec.gov/Archives/edgar/data/40729/000095012405003153/k94792e10vq.htm,https://www.sec.gov/Archives/edgar/data/40729/000095012405003153/k94792e10vq.htm,1620586571,14:56:11,20210509
65,2004-12-31,ALLY,USD,2005-03-16,2005-03-16 11:25:31,Q4,5196000000,2734000000.0,5196000000.0,1.0,0.0,4410000000.0,0.0,1267000000.0,7144000000.0,1267000000.0,2734000000.0,0.0,3520000000.0,1.1118804664723032,786000000.0,0.151270207852194,0.0,786000000,0.151270207852194,175000000.0,611000000,0.11759045419553503,2.4664227424360345,2.4664227424360345,247727200,247727200,https://www.sec.gov/Archives/edgar/data/40729/000095012405001563/k91417e10vk.htm,https://www.sec.gov/Archives/edgar/data/40729/000095012405001563/k91417e10vk.htm,1620586571,14:56:11,20210509
66,2004-09-30,ALLY,USD,2004-11-10,2004-11-10 17:02:15,Q3,5131000000,2398000000.0,5131000000.0,1.0,0.0,4197000000.0,0.0,1387000000.0,6595000000.0,1387000000.0,2398000000.0,0.0,3332000000.0,0.19441093687173303,934000000.0,0.18203079321769636,0.0,934000000,0.18203079321769636,314000000.0,620000000,0.12083414539076204,2.5027530283311643,2.5027530283311643,247727200,247727200,https://www.sec.gov/Archives/edgar/data/40729/000095012404005519/k88703e10vq.htm,https://www.sec.gov/Archives/edgar/data/40729/000095012404005519/k88703e10vq.htm,1620586571,14:56:11,20210509
67,2004-06-30,ALLY,USD,2004-08-05,2004-08-04 19:32:41,Q2,5204000000,2253000000.0,5204000000.0,1.0,0.0,3858000000.0,0.0,1365000000.0,6111000000.0,1365000000.0,2253000000.0,0.0,3599000000.0,0.21999028025271342,1346000000.0,0.25864719446579554,0.0,1346000000,0.25864719446579554,500000000.0,846000000,0.16256725595695617,3.4150468741422015,3.4150468741422015,247727200,247727200,https://www.sec.gov/Archives/edgar/data/40729/000095012404003567/k86722e10vq.htm,https://www.sec.gov/Archives/edgar/data/40729/000095012404003567/k86722e10vq.htm,1620586571,14:56:11,20210509
68,2004-03-31,ALLY,USD,2004-05-05,2004-05-05 17:12:06,Q1,5137000000,2223000000.0,5137000000.0,1.0,0.0,3927000000.0,0.0,975000000.0,6150000000.0,975000000.0,2223000000.0,0.0,3433000000.0,0.3344155844155844,1210000000.0,0.23554603854389722,0.0,1210000000,0.23554603854389722,446000000.0,764000000,0.14872493673350204,3.084037602653241,3.084037602653241,247727200,247727200,https://www.sec.gov/Archives/edgar/data/40729/000095012404002058/k85109e10vq.htm,https://www.sec.gov/Archives/edgar/data/40729/000095012404002058/k85109e10vq.htm,1620586571,14:56:11,20210509
69,2003-12-31,ALLY,USD,2004-03-09,2004-03-09 16:55:31,Q4,5104000000,1956000000.0,5104000000.0,1.0,0.0,4191000000.0,0.0,634000000.0,6147000000.0,634000000.0,1956000000.0,0.0,2869000000.0,2.3045281714483234,913000000.0,0.1788793103448276,0.0,913000000,0.1788793103448276,283000000.0,630000000,0.12343260188087775,2.5431200126590863,2.5431200126590863,247727200,247727200,https://www.sec.gov/Archives/edgar/data/40729/000095012404000762/k82520e10vk.htm,https://www.sec.gov/Archives/edgar/data/40729/000095012404000762/k82520e10vk.htm,1620586571,14:56:11,20210509
70,2003-09-30,ALLY,USD,2003-11-12,2003-11-12 17:21:40,Q3,4938000000,1959000000.0,4938000000.0,1.0,0.0,3934000000.0,0.0,1128000000.0,5893000000.0,1128000000.0,1959000000.0,0.0,2963000000.0,0.2939970717423133,1004000000.0,0.2033211826650466,0.0,1004000000,0.2033211826650466,374000000.0,630000000,0.1275820170109356,2.5431200126590863,2.5431200126590863,247727200,247727200,https://www.sec.gov/Archives/edgar/data/40729/000095012403003604/k80613e10vq.htm,https://www.sec.gov/Archives/edgar/data/40729/000095012403003604/k80613e10vq.htm,1620586571,14:56:11,20210509
71,2003-06-30,ALLY,USD,2003-08-08,2003-08-08 08:37:35,Q2,6599000000,1855000000.0,6599000000.0,1.0,0.0,5269000000.0,0.0,1076000000.0,7124000000.0,1076000000.0,1855000000.0,0.0,3185000000.0,0.35907127429805613,1330000000.0,0.2015456887407183,0.0,1330000000,0.2015456887407183,496000000.0,834000000,0.12638278527049554,3.366606492948695,3.366606492948695,247727200,247727200,https://www.sec.gov/Archives/edgar/data/40729/000095012403002590/k78589e10vq.htm,https://www.sec.gov/Archives/edgar/data/40729/000095012403002590/k78589e10vq.htm,1620586571,14:56:11,20210509
72,2003-03-31,ALLY,USD,2003-05-08,2003-05-07 21:55:37,Q1,3656000000,1794000000.0,3656000000.0,1.0,0.0,2519000000.0,0.0,1094000000.0,4313000000.0,1094000000.0,1794000000.0,0.0,2931000000.0,0.33013937282229966,1137000000.0,0.31099562363238514,0.0,1137000000,0.31099562363238514,438000000.0,699000000,0.1911925601750547,2.8216522045217483,2.8216522045217483,247727200,247727200,https://www.sec.gov/Archives/edgar/data/40729/000095013703002705/k76776e10vq.htm,https://www.sec.gov/Archives/edgar/data/40729/000095013703002705/k76776e10vq.htm,1620586571,14:56:11,20210509
73,2002-12-31,ALLY,USD,2003-03-13,2003-03-13 15:17:50,Q4,896000000,0.0,896000000.0,1.0,0.0,0.0,0.0,1448000000.0,1448000000.0,1448000000.0,6733000000.0,1354000000.0,2120000000.0,2.3660714285714284,766000000.0,0.8549107142857143,1558000000.0,766000000,0.8549107142857143,1071000000.0,524000000,0.5848214285714286,2.115229978783113,2.115229978783113,247727200,247727200,https://www.sec.gov/Archives/edgar/data/40729/000095012403000626/0000950124-03-000626-index.htm,https://www.sec.gov/Archives/edgar/data/40729/000095012403000626/k74335e10vk.htm,1620586571,14:56:11,20210509
74,2002-09-30,ALLY,USD,2002-11-14 00:00:00,2002-11-14 11:04:40,Q3,3706000000,0.0,3706000000.0,1.0,0.0,0.0,0.0,975000000.0,975000000.0,975000000.0,0.0,328000000.0,1094000000.0,0.2951969778737183,766000000.0,0.20669185105234755,705000000.0,766000000,0.20669185105234755,0.0,476000000,0.12844036697247707,1.9214684540090874,1.9214684540090874,247727200,247727200,https://www.sec.gov/Archives/edgar/data/40729/000095013702006254/0000950137-02-006254-index.html,https://www.sec.gov/Archives/edgar/data/40729/000095013702006254/k72456e10vq.htm,1620586571,14:56:11,20210509
