,date,symbol,reportedCurrency,fillingDate,acceptedDate,period,revenue,costOfRevenue,grossProfit,grossProfitRatio,researchAndDevelopmentExpenses,generalAndAdministrativeExpenses,sellingAndMarketingExpenses,otherExpenses,operatingExpenses,costAndExpenses,interestExpense,depreciationAndAmortization,ebitda,ebitdaratio,operatingIncome,operatingIncomeRatio,totalOtherIncomeExpensesNet,incomeBeforeTax,incomeBeforeTaxRatio,incomeTaxExpense,netIncome,netIncomeRatio,eps,epsdiluted,weightedAverageShsOut,weightedAverageShsOutDil,link,finalLink,timestamp,est_time,est_date
0,2019-06-30,DOM.L,GBP,2019-06-30,2019-06-30,Q2,127075000.0,68375000.0,58700000.0,0.4619319299626205,0.0,25875000.0,7725000.0,0.0,0.0,104000000.0,1675000.0,2025000.0,25100000.0,0.19752114892779854,23075000.0,0.1815856777493606,0.0,18775000.0,0.14774739327168995,3950000.0,3275000.0,0.02577218178241196,0.0071140628763902685,0.007066752777620625,460355785,463437749,https://find-and-update.company-information.service.gov.uk/search/companies?q=Domino's+Pizza+Group+PLC,https://find-and-update.company-information.service.gov.uk/search/companies?q=Domino's+Pizza+Group+PLC,1620591222,16:13:42,20210509
1,2019-03-31,DOM.L,GBP,2019-03-31,2019-03-31,Q1,127075000.0,68375000.0,58700000.0,0.4619319299626205,0.0,25875000.0,7725000.0,0.0,0.0,104000000.0,1675000.0,2025000.0,25100000.0,0.19752114892779854,23075000.0,0.1815856777493606,0.0,18775000.0,0.14774739327168995,3950000.0,3275000.0,0.02577218178241196,0.0071140628763902685,0.007066752777620625,460355785,463437749,https://find-and-update.company-information.service.gov.uk/search/companies?q=Domino's+Pizza+Group+PLC,https://find-and-update.company-information.service.gov.uk/search/companies?q=Domino's+Pizza+Group+PLC,1620591222,16:13:42,20210509
2,2019-01-31,DOM.L,GBP,2019-01-31,2019-01-31,Q1,127075000.0,68375000.0,58700000.0,0.4619319299626205,0.0,25875000.0,7725000.0,0.0,0.0,104000000.0,1675000.0,2025000.0,25100000.0,0.19752114892779854,23075000.0,0.1815856777493606,0.0,18775000.0,0.14774739327168995,3950000.0,3275000.0,0.02577218178241196,0.0071140628763902685,0.007066752777620625,460355785,463437749,https://find-and-update.company-information.service.gov.uk/search/companies?q=Domino's+Pizza+Group+PLC,https://find-and-update.company-information.service.gov.uk/search/companies?q=Domino's+Pizza+Group+PLC,1620591222,16:13:42,20210509
3,2018-06-30,DOM.L,GBP,2018-06-30,2018-06-30,Q2,133575000.0,77775000.0,55800000.0,0.41774284110050536,0.0,29400000.0,7900000.0,0.0,0.0,115075000.0,1100000.0,4200000.0,22700000.0,0.16994198016095827,18500000.0,0.13849897061575894,0.0,15475000.0,0.11585251731237133,4500000.0,12250000.0,0.0917087778401647,0.02575,0.0255,474381014,479311518,https://find-and-update.company-information.service.gov.uk/search/companies?q=Domino's+Pizza+Group+PLC,https://find-and-update.company-information.service.gov.uk/search/companies?q=Domino's+Pizza+Group+PLC,1620591222,16:13:42,20210509
4,2018-03-31,DOM.L,GBP,2018-03-31,2018-03-31,Q1,133575000.0,77775000.0,55800000.0,0.41774284110050536,0.0,29400000.0,7900000.0,0.0,0.0,115075000.0,1100000.0,4200000.0,22700000.0,0.16994198016095827,18500000.0,0.13849897061575894,0.0,15475000.0,0.11585251731237133,4500000.0,12250000.0,0.0917087778401647,0.02575,0.0255,474381014,479311518,https://find-and-update.company-information.service.gov.uk/search/companies?q=Domino's+Pizza+Group+PLC,https://find-and-update.company-information.service.gov.uk/search/companies?q=Domino's+Pizza+Group+PLC,1620591222,16:13:42,20210509
5,2018-01-31,DOM.L,GBP,2018-01-31,2018-01-31,Q1,133575000.0,77775000.0,55800000.0,0.41774284110050536,0.0,29400000.0,7900000.0,0.0,0.0,115075000.0,1100000.0,4200000.0,22700000.0,0.16994198016095827,18500000.0,0.13849897061575894,0.0,15475000.0,0.11585251731237133,4500000.0,12250000.0,0.0917087778401647,0.02575,0.0255,474381014,479311518,https://find-and-update.company-information.service.gov.uk/search/companies?q=Domino's+Pizza+Group+PLC,https://find-and-update.company-information.service.gov.uk/search/companies?q=Domino's+Pizza+Group+PLC,1620591222,16:13:42,20210509
6,2017-06-30,DOM.L,GBP,2017-06-30,2017-06-30,Q2,112600000.0,70175000.0,42425000.0,0.37677619893428066,0.0,23300000.0,7100000.0,6050000.0,0.0,100575000.0,475000.0,3600000.0,15625000.0,0.13876554174067496,12025000.0,0.10679396092362345,0.0,20300000.0,0.1802841918294849,3600000.0,16875000.0,0.14986678507992895,0.0345,0.034,489375873,496066731,https://find-and-update.company-information.service.gov.uk/search/companies?q=Domino's+Pizza+Group+PLC,https://find-and-update.company-information.service.gov.uk/search/companies?q=Domino's+Pizza+Group+PLC,1620591222,16:13:42,20210509
7,2017-03-31,DOM.L,GBP,2017-03-31,2017-03-31,Q1,112600000.0,70175000.0,42425000.0,0.37677619893428066,0.0,23300000.0,7100000.0,6050000.0,0.0,100575000.0,475000.0,3600000.0,15625000.0,0.13876554174067496,12025000.0,0.10679396092362345,0.0,20300000.0,0.1802841918294849,3600000.0,16875000.0,0.14986678507992895,0.0345,0.034,489375873,496066731,https://find-and-update.company-information.service.gov.uk/search/companies?q=Domino's+Pizza+Group+PLC,https://find-and-update.company-information.service.gov.uk/search/companies?q=Domino's+Pizza+Group+PLC,1620591222,16:13:42,20210509
8,2017-01-31,DOM.L,GBP,2017-01-31,2017-01-31,Q1,112600000.0,70175000.0,42425000.0,0.37677619893428066,0.0,23300000.0,7100000.0,6050000.0,0.0,100575000.0,475000.0,3600000.0,15625000.0,0.13876554174067496,12025000.0,0.10679396092362345,0.0,20300000.0,0.1802841918294849,3600000.0,16875000.0,0.14986678507992895,0.0345,0.034,489375873,496066731,https://find-and-update.company-information.service.gov.uk/search/companies?q=Domino's+Pizza+Group+PLC,https://find-and-update.company-information.service.gov.uk/search/companies?q=Domino's+Pizza+Group+PLC,1620591222,16:13:42,20210509
9,2016-06-30,DOM.L,GBP,2016-06-30,2016-06-30,Q2,85521500.0,53929750.0,31591750.0,0.36940126167104176,0.0,9456500.0,5975000.0,4622750.0,0.0,69361250.0,307750.0,1859750.0,18020000.0,0.21070724905433136,16160250.0,0.18896125535684008,0.0,20630750.0,0.2412346602901025,4342250.0,17954000.0,0.2099355132919792,0.03625,0.03575,496496866,503950153,https://find-and-update.company-information.service.gov.uk/search/companies?q=Domino's+Pizza+Group+PLC,https://find-and-update.company-information.service.gov.uk/search/companies?q=Domino's+Pizza+Group+PLC,1620591222,16:13:42,20210509
10,2016-03-31,DOM.L,GBP,2016-03-31,2016-03-31,Q1,85521500.0,53929750.0,31591750.0,0.36940126167104176,0.0,9456500.0,5975000.0,4622750.0,0.0,69361250.0,307750.0,1859750.0,18020000.0,0.21070724905433136,16160250.0,0.18896125535684008,0.0,20630750.0,0.2412346602901025,4342250.0,17954000.0,0.2099355132919792,0.03625,0.03575,496496866,503950153,https://find-and-update.company-information.service.gov.uk/search/companies?q=Domino's+Pizza+Group+PLC,https://find-and-update.company-information.service.gov.uk/search/companies?q=Domino's+Pizza+Group+PLC,1620591222,16:13:42,20210509
11,2016-01-31,DOM.L,GBP,2016-01-31,2016-01-31,Q1,85521500.0,53929750.0,31591750.0,0.36940126167104176,0.0,9456500.0,5975000.0,4622750.0,0.0,69361250.0,307750.0,1859750.0,18020000.0,0.21070724905433136,16160250.0,0.18896125535684008,0.0,20630750.0,0.2412346602901025,4342250.0,17954000.0,0.2099355132919792,0.03625,0.03575,496496866,503950153,https://find-and-update.company-information.service.gov.uk/search/companies?q=Domino's+Pizza+Group+PLC,https://find-and-update.company-information.service.gov.uk/search/companies?q=Domino's+Pizza+Group+PLC,1620591222,16:13:42,20210509
12,2015-09-30,DOM.L,GBP,2015-09-30,2015-09-30,Q3,75074250.0,48292750.0,26781500.0,0.35673350050117053,0.0,8302750.0,4737250.0,4122750.0,0.0,61332750.0,64000.0,1694750.0,15436250.0,0.20561310968807547,13741500.0,0.18303879159631964,0.0,18290750.0,0.24363546755378843,3468500.0,12415750.0,0.16537960752188666,0.02491675,0.02458325,498204717,504604596,https://find-and-update.company-information.service.gov.uk/search/companies?q=Domino's+Pizza+Group+PLC,https://find-and-update.company-information.service.gov.uk/search/companies?q=Domino's+Pizza+Group+PLC,1620591222,16:13:42,20210509
13,2015-06-30,DOM.L,GBP,2015-06-30,2015-06-30,Q2,75074250.0,48292750.0,26781500.0,0.35673350050117053,0.0,8302750.0,4737250.0,4122750.0,0.0,61332750.0,64000.0,1694750.0,15436250.0,0.20561310968807547,13741500.0,0.18303879159631964,0.0,18290750.0,0.24363546755378843,3468500.0,12415750.0,0.16537960752188666,0.02491675,0.02458325,498204717,504604596,https://find-and-update.company-information.service.gov.uk/search/companies?q=Domino's+Pizza+Group+PLC,https://find-and-update.company-information.service.gov.uk/search/companies?q=Domino's+Pizza+Group+PLC,1620591222,16:13:42,20210509
14,2015-03-31,DOM.L,GBP,2015-03-31,2015-03-31,Q1,75074250.0,48292750.0,26781500.0,0.35673350050117053,0.0,8302750.0,4737250.0,4122750.0,0.0,61332750.0,64000.0,1694750.0,15436250.0,0.20561310968807547,13741500.0,0.18303879159631964,0.0,18290750.0,0.24363546755378843,3468500.0,12415750.0,0.16537960752188666,0.02491675,0.02458325,498204717,504604596,https://find-and-update.company-information.service.gov.uk/search/companies?q=Domino's+Pizza+Group+PLC,https://find-and-update.company-information.service.gov.uk/search/companies?q=Domino's+Pizza+Group+PLC,1620591222,16:13:42,20210509
15,2015-01-31,DOM.L,GBP,2015-01-31,2015-01-31,Q1,75074250.0,48292750.0,26781500.0,0.35673350050117053,0.0,8302750.0,4737250.0,4122750.0,0.0,61332750.0,64000.0,1694750.0,15436250.0,0.20561310968807547,13741500.0,0.18303879159631964,0.0,18290750.0,0.24363546755378843,3468500.0,12415750.0,0.16537960752188666,0.02491675,0.02458325,498204717,504604596,https://find-and-update.company-information.service.gov.uk/search/companies?q=Domino's+Pizza+Group+PLC,https://find-and-update.company-information.service.gov.uk/search/companies?q=Domino's+Pizza+Group+PLC,1620591222,16:13:42,20210509
16,2014-09-30,DOM.L,GBP,2014-09-30,2014-09-30,Q3,69358250.0,46161250.0,23197000.0,0.33445192172524535,0.0,10072250.0,4116250.0,4236250.0,0.0,60349750.0,235500.0,1456000.0,10464500.0,0.15087606737482565,9008500.0,0.12988361153864175,0.0,13449250.0,0.19390988094422798,2764750.0,10734500.0,0.15476889915763445,0.02158325,0.0215,496413237,499805718,https://find-and-update.company-information.service.gov.uk/search/companies?q=Domino's+Pizza+Group+PLC,https://find-and-update.company-information.service.gov.uk/search/companies?q=Domino's+Pizza+Group+PLC,1620591222,16:13:42,20210509
17,2014-06-30,DOM.L,GBP,2014-06-30,2014-06-30,Q2,69358250.0,46161250.0,23197000.0,0.33445192172524535,0.0,10072250.0,4116250.0,4236250.0,0.0,60349750.0,235500.0,1456000.0,10464500.0,0.15087606737482565,9008500.0,0.12988361153864175,0.0,13449250.0,0.19390988094422798,2764750.0,10734500.0,0.15476889915763445,0.02158325,0.0215,496413237,499805718,https://find-and-update.company-information.service.gov.uk/search/companies?q=Domino's+Pizza+Group+PLC,https://find-and-update.company-information.service.gov.uk/search/companies?q=Domino's+Pizza+Group+PLC,1620591222,16:13:42,20210509
18,2014-03-31,DOM.L,GBP,2014-03-31,2014-03-31,Q1,69358250.0,46161250.0,23197000.0,0.33445192172524535,0.0,10072250.0,4116250.0,4236250.0,0.0,60349750.0,235500.0,1456000.0,10464500.0,0.15087606737482565,9008500.0,0.12988361153864175,0.0,13449250.0,0.19390988094422798,2764750.0,10734500.0,0.15476889915763445,0.02158325,0.0215,496413237,499805718,https://find-and-update.company-information.service.gov.uk/search/companies?q=Domino's+Pizza+Group+PLC,https://find-and-update.company-information.service.gov.uk/search/companies?q=Domino's+Pizza+Group+PLC,1620591222,16:13:42,20210509
19,2014-01-31,DOM.L,GBP,2014-01-31,2014-01-31,Q1,69358250.0,46161250.0,23197000.0,0.33445192172524535,0.0,10072250.0,4116250.0,4236250.0,0.0,60349750.0,235500.0,1456000.0,10464500.0,0.15087606737482565,9008500.0,0.12988361153864175,0.0,13449250.0,0.19390988094422798,2764750.0,10734500.0,0.15476889915763445,0.02158325,0.0215,496413237,499805718,https://find-and-update.company-information.service.gov.uk/search/companies?q=Domino's+Pizza+Group+PLC,https://find-and-update.company-information.service.gov.uk/search/companies?q=Domino's+Pizza+Group+PLC,1620591222,16:13:42,20210509
20,2013-09-30,DOM.L,GBP,2013-09-30,2013-09-30,Q3,63461250.0,42988500.0,20472750.0,0.32260237546534304,0.0,8492500.0,3926000.0,3764250.0,1592000.0,56999000.0,269250.0,1449500.0,7911750.0,0.12467056668439402,6462250.0,0.10182985680237941,0.0,5397500.0,0.08505190175106857,2366750.0,4392000.0,0.06920758730721503,0.008941131535007538,0.008893084189206125,491212995,493866909,https://find-and-update.company-information.service.gov.uk/search/companies?q=Domino's+Pizza+Group+PLC,https://find-and-update.company-information.service.gov.uk/search/companies?q=Domino's+Pizza+Group+PLC,1620591222,16:13:42,20210509
21,2013-06-30,DOM.L,GBP,2013-06-30,2013-06-30,Q2,63461250.0,42988500.0,20472750.0,0.32260237546534304,0.0,8492500.0,3926000.0,3764250.0,1592000.0,56999000.0,269250.0,1449500.0,7911750.0,0.12467056668439402,6462250.0,0.10182985680237941,0.0,5397500.0,0.08505190175106857,2366750.0,4392000.0,0.06920758730721503,0.008941131535007538,0.008893084189206125,491212995,493866909,https://find-and-update.company-information.service.gov.uk/search/companies?q=Domino's+Pizza+Group+PLC,https://find-and-update.company-information.service.gov.uk/search/companies?q=Domino's+Pizza+Group+PLC,1620591222,16:13:42,20210509
22,2013-03-31,DOM.L,GBP,2013-03-31,2013-03-31,Q1,63461250.0,42988500.0,20472750.0,0.32260237546534304,0.0,8492500.0,3926000.0,3764250.0,1592000.0,56999000.0,269250.0,1449500.0,7911750.0,0.12467056668439402,6462250.0,0.10182985680237941,0.0,5397500.0,0.08505190175106857,2366750.0,4392000.0,0.06920758730721503,0.008941131535007538,0.008893084189206125,491212995,493866909,https://find-and-update.company-information.service.gov.uk/search/companies?q=Domino's+Pizza+Group+PLC,https://find-and-update.company-information.service.gov.uk/search/companies?q=Domino's+Pizza+Group+PLC,1620591222,16:13:42,20210509
23,2013-01-31,DOM.L,GBP,2013-01-31,2013-01-31,Q1,63461250.0,42988500.0,20472750.0,0.32260237546534304,0.0,8492500.0,3926000.0,3764250.0,1592000.0,56999000.0,269250.0,1449500.0,7911750.0,0.12467056668439402,6462250.0,0.10182985680237941,0.0,5397500.0,0.08505190175106857,2366750.0,4392000.0,0.06920758730721503,0.008941131535007538,0.008893084189206125,491212995,493866909,https://find-and-update.company-information.service.gov.uk/search/companies?q=Domino's+Pizza+Group+PLC,https://find-and-update.company-information.service.gov.uk/search/companies?q=Domino's+Pizza+Group+PLC,1620591222,16:13:42,20210509
24,2012-09-30,DOM.L,GBP,2012-09-30,2012-09-30,Q3,56600750.0,38127250.0,18473500.0,0.32638260093726673,0.0,6606750.0,3698000.0,3530250.0,131250.0,48563250.0,195250.0,1179500.0,9217000.0,0.1628423651630058,8037500.0,0.14200341868261462,0.0,10592250.0,0.18713974638145253,3015500.0,7727500.0,0.13652645945504255,0.01586675,0.01570825,487013271,491887635,https://find-and-update.company-information.service.gov.uk/search/companies?q=Domino's+Pizza+Group+PLC,https://find-and-update.company-information.service.gov.uk/search/companies?q=Domino's+Pizza+Group+PLC,1620591222,16:13:42,20210509
25,2012-06-30,DOM.L,GBP,2012-06-30,2012-06-30,Q2,56600750.0,38127250.0,18473500.0,0.32638260093726673,0.0,6606750.0,3698000.0,3530250.0,131250.0,48563250.0,195250.0,1179500.0,9217000.0,0.1628423651630058,8037500.0,0.14200341868261462,0.0,10592250.0,0.18713974638145253,3015500.0,7727500.0,0.13652645945504255,0.01586675,0.01570825,487013271,491887635,https://find-and-update.company-information.service.gov.uk/search/companies?q=Domino's+Pizza+Group+PLC,https://find-and-update.company-information.service.gov.uk/search/companies?q=Domino's+Pizza+Group+PLC,1620591222,16:13:42,20210509
26,2012-03-31,DOM.L,GBP,2012-03-31,2012-03-31,Q1,56600750.0,38127250.0,18473500.0,0.32638260093726673,0.0,6606750.0,3698000.0,3530250.0,131250.0,48563250.0,195250.0,1179500.0,9217000.0,0.1628423651630058,8037500.0,0.14200341868261462,0.0,10592250.0,0.18713974638145253,3015500.0,7727500.0,0.13652645945504255,0.01586675,0.01570825,487013271,491887635,https://find-and-update.company-information.service.gov.uk/search/companies?q=Domino's+Pizza+Group+PLC,https://find-and-update.company-information.service.gov.uk/search/companies?q=Domino's+Pizza+Group+PLC,1620591222,16:13:42,20210509
27,2012-01-31,DOM.L,GBP,2012-01-31,2012-01-31,Q1,56600750.0,38127250.0,18473500.0,0.32638260093726673,0.0,6606750.0,3698000.0,3530250.0,131250.0,48563250.0,195250.0,1179500.0,9217000.0,0.1628423651630058,8037500.0,0.14200341868261462,0.0,10592250.0,0.18713974638145253,3015500.0,7727500.0,0.13652645945504255,0.01586675,0.01570825,487013271,491887635,https://find-and-update.company-information.service.gov.uk/search/companies?q=Domino's+Pizza+Group+PLC,https://find-and-update.company-information.service.gov.uk/search/companies?q=Domino's+Pizza+Group+PLC,1620591222,16:13:42,20210509
28,2011-09-30,DOM.L,GBP,2011-09-30,2011-09-30,Q3,52465750.0,33234750.0,19231000.0,0.3665438881556063,0.0,0.0,3256500.0,83750.0,449250.0,41799500.0,137750.0,820000.0,11486250.0,0.21892853909455215,10666250.0,0.2032992952545232,0.0,9697250.0,0.18483010344844017,3080750.0,6686500.0,0.1274450474833582,0.013875,0.01370825,482033574,487874664,https://find-and-update.company-information.service.gov.uk/search/companies?q=Domino's+Pizza+Group+PLC,https://find-and-update.company-information.service.gov.uk/search/companies?q=Domino's+Pizza+Group+PLC,1620591222,16:13:42,20210509
29,2011-06-30,DOM.L,GBP,2011-06-30,2011-06-30,Q2,52465750.0,33234750.0,19231000.0,0.3665438881556063,0.0,0.0,3256500.0,83750.0,449250.0,41799500.0,137750.0,820000.0,11486250.0,0.21892853909455215,10666250.0,0.2032992952545232,0.0,9697250.0,0.18483010344844017,3080750.0,6686500.0,0.1274450474833582,0.013875,0.01370825,482033574,487874664,https://find-and-update.company-information.service.gov.uk/search/companies?q=Domino's+Pizza+Group+PLC,https://find-and-update.company-information.service.gov.uk/search/companies?q=Domino's+Pizza+Group+PLC,1620591222,16:13:42,20210509
30,2011-03-31,DOM.L,GBP,2011-03-31,2011-03-31,Q1,52465750.0,33234750.0,19231000.0,0.3665438881556063,0.0,0.0,3256500.0,83750.0,449250.0,41799500.0,137750.0,820000.0,11486250.0,0.21892853909455215,10666250.0,0.2032992952545232,0.0,9697250.0,0.18483010344844017,3080750.0,6686500.0,0.1274450474833582,0.013875,0.01370825,482033574,487874664,https://find-and-update.company-information.service.gov.uk/search/companies?q=Domino's+Pizza+Group+PLC,https://find-and-update.company-information.service.gov.uk/search/companies?q=Domino's+Pizza+Group+PLC,1620591222,16:13:42,20210509
31,2011-01-31,DOM.L,GBP,2011-01-31,2011-01-31,Q1,52465750.0,33234750.0,19231000.0,0.3665438881556063,0.0,0.0,3256500.0,83750.0,449250.0,41799500.0,137750.0,820000.0,11486250.0,0.21892853909455215,10666250.0,0.2032992952545232,0.0,9697250.0,0.18483010344844017,3080750.0,6686500.0,0.1274450474833582,0.013875,0.01370825,482033574,487874664,https://find-and-update.company-information.service.gov.uk/search/companies?q=Domino's+Pizza+Group+PLC,https://find-and-update.company-information.service.gov.uk/search/companies?q=Domino's+Pizza+Group+PLC,1620591222,16:13:42,20210509
32,2010-09-30,DOM.L,GBP,2010-09-30,2010-09-30,Q3,47037250.0,29373750.0,17663500.0,0.3755215281505615,0.0,0.0,2884750.0,54750.0,993750.0,37628000.0,56000.0,703750.0,10113000.0,0.21499981397722018,9409250.0,0.20003826754327686,0.0,8801000.0,0.18710702687763422,2784750.0,6009000.0,0.12774981530595433,0.01283325,0.012375,468249021,485445039,https://find-and-update.company-information.service.gov.uk/search/companies?q=Domino's+Pizza+Group+PLC,https://find-and-update.company-information.service.gov.uk/search/companies?q=Domino's+Pizza+Group+PLC,1620591222,16:13:42,20210509
33,2010-06-30,DOM.L,GBP,2010-06-30,2010-06-30,Q2,47037250.0,29373750.0,17663500.0,0.3755215281505615,0.0,0.0,2884750.0,54750.0,993750.0,37628000.0,56000.0,703750.0,10113000.0,0.21499981397722018,9409250.0,0.20003826754327686,0.0,8801000.0,0.18710702687763422,2784750.0,6009000.0,0.12774981530595433,0.01283325,0.012375,468249021,485445039,https://find-and-update.company-information.service.gov.uk/search/companies?q=Domino's+Pizza+Group+PLC,https://find-and-update.company-information.service.gov.uk/search/companies?q=Domino's+Pizza+Group+PLC,1620591222,16:13:42,20210509
34,2010-03-31,DOM.L,GBP,2010-03-31,2010-03-31,Q1,47037250.0,29373750.0,17663500.0,0.3755215281505615,0.0,0.0,2884750.0,54750.0,993750.0,37628000.0,56000.0,703750.0,10113000.0,0.21499981397722018,9409250.0,0.20003826754327686,0.0,8801000.0,0.18710702687763422,2784750.0,6009000.0,0.12774981530595433,0.01283325,0.012375,468249021,485445039,https://find-and-update.company-information.service.gov.uk/search/companies?q=Domino's+Pizza+Group+PLC,https://find-and-update.company-information.service.gov.uk/search/companies?q=Domino's+Pizza+Group+PLC,1620591222,16:13:42,20210509
35,2010-01-31,DOM.L,GBP,2010-01-31,2010-01-31,Q1,47037250.0,29373750.0,17663500.0,0.3755215281505615,0.0,0.0,2884750.0,54750.0,993750.0,37628000.0,56000.0,703750.0,10113000.0,0.21499981397722018,9409250.0,0.20003826754327686,0.0,8801000.0,0.18710702687763422,2784750.0,6009000.0,0.12774981530595433,0.01283325,0.012375,468249021,485445039,https://find-and-update.company-information.service.gov.uk/search/companies?q=Domino's+Pizza+Group+PLC,https://find-and-update.company-information.service.gov.uk/search/companies?q=Domino's+Pizza+Group+PLC,1620591222,16:13:42,20210509
36,2009-09-30,DOM.L,GBP,2009-09-30,2009-09-30,Q3,38761000.0,23899250.0,14861750.0,0.3834201903975646,0.0,0.0,2498250.0,138250.0,5133000.0,35341000.0,77000.0,503500.0,3923500.0,0.10122287866670107,3420000.0,0.08823301772400093,0.0,10242000.0,0.26423466886819225,1868750.0,8371000.0,0.2159645003998865,0.017875,0.01745825,468359088,479505141,https://find-and-update.company-information.service.gov.uk/search/companies?q=Domino's+Pizza+Group+PLC,https://find-and-update.company-information.service.gov.uk/search/companies?q=Domino's+Pizza+Group+PLC,1620591222,16:13:42,20210509
37,2009-06-30,DOM.L,GBP,2009-06-30,2009-06-30,Q2,38761000.0,23899250.0,14861750.0,0.3834201903975646,0.0,0.0,2498250.0,138250.0,5133000.0,35341000.0,77000.0,503500.0,3923500.0,0.10122287866670107,3420000.0,0.08823301772400093,0.0,10242000.0,0.26423466886819225,1868750.0,8371000.0,0.2159645003998865,0.017875,0.01745825,468359088,479505141,https://find-and-update.company-information.service.gov.uk/search/companies?q=Domino's+Pizza+Group+PLC,https://find-and-update.company-information.service.gov.uk/search/companies?q=Domino's+Pizza+Group+PLC,1620591222,16:13:42,20210509
38,2009-03-31,DOM.L,GBP,2009-03-31,2009-03-31,Q1,38761000.0,23899250.0,14861750.0,0.3834201903975646,0.0,0.0,2498250.0,138250.0,5133000.0,35341000.0,77000.0,503500.0,3923500.0,0.10122287866670107,3420000.0,0.08823301772400093,0.0,10242000.0,0.26423466886819225,1868750.0,8371000.0,0.2159645003998865,0.017875,0.01745825,468359088,479505141,https://find-and-update.company-information.service.gov.uk/search/companies?q=Domino's+Pizza+Group+PLC,https://find-and-update.company-information.service.gov.uk/search/companies?q=Domino's+Pizza+Group+PLC,1620591222,16:13:42,20210509
39,2009-01-31,DOM.L,GBP,2009-01-31,2009-01-31,Q1,38761000.0,23899250.0,14861750.0,0.3834201903975646,0.0,0.0,2498250.0,138250.0,5133000.0,35341000.0,77000.0,503500.0,3923500.0,0.10122287866670107,3420000.0,0.08823301772400093,0.0,10242000.0,0.26423466886819225,1868750.0,8371000.0,0.2159645003998865,0.017875,0.01745825,468359088,479505141,https://find-and-update.company-information.service.gov.uk/search/companies?q=Domino's+Pizza+Group+PLC,https://find-and-update.company-information.service.gov.uk/search/companies?q=Domino's+Pizza+Group+PLC,1620591222,16:13:42,20210509
40,2008-09-30,DOM.L,GBP,2008-09-30,2008-09-30,Q3,33994250.0,21288250.0,12706000.0,0.3737690933025438,0.0,0.0,2296250.0,46750.0,668750.0,27685500.0,240500.0,488000.0,6796750.0,0.1999382248468491,6308750.0,0.18558285592416365,0.0,5537250.0,0.16288784132610662,1621250.0,3913000.0,0.11510770203784464,0.00843325,0.00830825,463954065,470831721,https://find-and-update.company-information.service.gov.uk/search/companies?q=Domino's+Pizza+Group+PLC,https://find-and-update.company-information.service.gov.uk/search/companies?q=Domino's+Pizza+Group+PLC,1620591222,16:13:42,20210509
41,2008-06-30,DOM.L,GBP,2008-06-30,2008-06-30,Q2,33994250.0,21288250.0,12706000.0,0.3737690933025438,0.0,0.0,2296250.0,46750.0,668750.0,27685500.0,240500.0,488000.0,6796750.0,0.1999382248468491,6308750.0,0.18558285592416365,0.0,5537250.0,0.16288784132610662,1621250.0,3913000.0,0.11510770203784464,0.00843325,0.00830825,463954065,470831721,https://find-and-update.company-information.service.gov.uk/search/companies?q=Domino's+Pizza+Group+PLC,https://find-and-update.company-information.service.gov.uk/search/companies?q=Domino's+Pizza+Group+PLC,1620591222,16:13:42,20210509
42,2008-03-31,DOM.L,GBP,2008-03-31,2008-03-31,Q1,33994250.0,21288250.0,12706000.0,0.3737690933025438,0.0,0.0,2296250.0,46750.0,668750.0,27685500.0,240500.0,488000.0,6796750.0,0.1999382248468491,6308750.0,0.18558285592416365,0.0,5537250.0,0.16288784132610662,1621250.0,3913000.0,0.11510770203784464,0.00843325,0.00830825,463954065,470831721,https://find-and-update.company-information.service.gov.uk/search/companies?q=Domino's+Pizza+Group+PLC,https://find-and-update.company-information.service.gov.uk/search/companies?q=Domino's+Pizza+Group+PLC,1620591222,16:13:42,20210509
43,2008-01-31,DOM.L,GBP,2008-01-31,2008-01-31,Q1,33994250.0,21288250.0,12706000.0,0.3737690933025438,0.0,0.0,2296250.0,46750.0,668750.0,27685500.0,240500.0,488000.0,6796750.0,0.1999382248468491,6308750.0,0.18558285592416365,0.0,5537250.0,0.16288784132610662,1621250.0,3913000.0,0.11510770203784464,0.00843325,0.00830825,463954065,470831721,https://find-and-update.company-information.service.gov.uk/search/companies?q=Domino's+Pizza+Group+PLC,https://find-and-update.company-information.service.gov.uk/search/companies?q=Domino's+Pizza+Group+PLC,1620591222,16:13:42,20210509
44,2007-09-30,DOM.L,GBP,2007-09-30,2007-09-30,Q3,28722750.0,17684000.0,11038750.0,0.38432079101061006,0.0,0.0,2311500.0,39500.0,1230500.0,24120750.0,154750.0,386250.0,4988250.0,0.17366895579288194,4602000.0,0.16022142726584326,0.0,4644000.0,0.161683682794997,1334250.0,3311250.0,0.11528318145024415,0.00698325,0.00686675,473926716,482473110,https://find-and-update.company-information.service.gov.uk/search/companies?q=Domino's+Pizza+Group+PLC,https://find-and-update.company-information.service.gov.uk/search/companies?q=Domino's+Pizza+Group+PLC,1620591222,16:13:42,20210509
45,2007-06-30,DOM.L,GBP,2007-06-30,2007-06-30,Q2,28722750.0,17684000.0,11038750.0,0.38432079101061006,0.0,0.0,2311500.0,39500.0,1230500.0,24120750.0,154750.0,386250.0,4988250.0,0.17366895579288194,4602000.0,0.16022142726584326,0.0,4644000.0,0.161683682794997,1334250.0,3311250.0,0.11528318145024415,0.00698325,0.00686675,473926716,482473110,https://find-and-update.company-information.service.gov.uk/search/companies?q=Domino's+Pizza+Group+PLC,https://find-and-update.company-information.service.gov.uk/search/companies?q=Domino's+Pizza+Group+PLC,1620591222,16:13:42,20210509
46,2007-03-31,DOM.L,GBP,2007-03-31,2007-03-31,Q1,28722750.0,17684000.0,11038750.0,0.38432079101061006,0.0,0.0,2311500.0,39500.0,1230500.0,24120750.0,154750.0,386250.0,4988250.0,0.17366895579288194,4602000.0,0.16022142726584326,0.0,4644000.0,0.161683682794997,1334250.0,3311250.0,0.11528318145024415,0.00698325,0.00686675,473926716,482473110,https://find-and-update.company-information.service.gov.uk/search/companies?q=Domino's+Pizza+Group+PLC,https://find-and-update.company-information.service.gov.uk/search/companies?q=Domino's+Pizza+Group+PLC,1620591222,16:13:42,20210509
47,2007-01-31,DOM.L,GBP,2007-01-31,2007-01-31,Q1,28722750.0,17684000.0,11038750.0,0.38432079101061006,0.0,0.0,2311500.0,39500.0,1230500.0,24120750.0,154750.0,386250.0,4988250.0,0.17366895579288194,4602000.0,0.16022142726584326,0.0,4644000.0,0.161683682794997,1334250.0,3311250.0,0.11528318145024415,0.00698325,0.00686675,473926716,482473110,https://find-and-update.company-information.service.gov.uk/search/companies?q=Domino's+Pizza+Group+PLC,https://find-and-update.company-information.service.gov.uk/search/companies?q=Domino's+Pizza+Group+PLC,1620591222,16:13:42,20210509
48,2006-09-30,DOM.L,GBP,2006-09-30,2006-09-30,Q3,23741250.0,14452750.0,9288500.0,0.39123887748117725,0.0,0.0,2044250.0,42750.0,1253000.0,20378000.0,126750.0,453750.0,3817000.0,0.16077502237666508,3363250.0,0.141662717843416,0.0,3547250.0,0.14941294161006688,1048250.0,2521000.0,0.10618648975938504,0.0016225,0.00159375,485901216,494946451,https://find-and-update.company-information.service.gov.uk/search/companies?q=Domino's+Pizza+Group+PLC,https://find-and-update.company-information.service.gov.uk/search/companies?q=Domino's+Pizza+Group+PLC,1620591222,16:13:42,20210509
49,2006-06-30,DOM.L,GBP,2006-06-30,2006-06-30,Q2,23741250.0,14452750.0,9288500.0,0.39123887748117725,0.0,0.0,2044250.0,42750.0,1253000.0,20378000.0,126750.0,453750.0,3817000.0,0.16077502237666508,3363250.0,0.141662717843416,0.0,3547250.0,0.14941294161006688,1048250.0,2521000.0,0.10618648975938504,0.0016225,0.00159375,485901216,494946451,https://find-and-update.company-information.service.gov.uk/search/companies?q=Domino's+Pizza+Group+PLC,https://find-and-update.company-information.service.gov.uk/search/companies?q=Domino's+Pizza+Group+PLC,1620591222,16:13:42,20210509
50,2006-03-31,DOM.L,GBP,2006-03-31,2006-03-31,Q1,23741250.0,14452750.0,9288500.0,0.39123887748117725,0.0,0.0,2044250.0,42750.0,1253000.0,20378000.0,126750.0,453750.0,3817000.0,0.16077502237666508,3363250.0,0.141662717843416,0.0,3547250.0,0.14941294161006688,1048250.0,2521000.0,0.10618648975938504,0.0016225,0.00159375,485901216,494946451,https://find-and-update.company-information.service.gov.uk/search/companies?q=Domino's+Pizza+Group+PLC,https://find-and-update.company-information.service.gov.uk/search/companies?q=Domino's+Pizza+Group+PLC,1620591222,16:13:42,20210509
51,2006-01-31,DOM.L,GBP,2006-01-31,2006-01-31,Q1,23741250.0,14452750.0,9288500.0,0.39123887748117725,0.0,0.0,2044250.0,42750.0,1253000.0,20378000.0,126750.0,453750.0,3817000.0,0.16077502237666508,3363250.0,0.141662717843416,0.0,3547250.0,0.14941294161006688,1048250.0,2521000.0,0.10618648975938504,0.0016225,0.00159375,485901216,494946451,https://find-and-update.company-information.service.gov.uk/search/companies?q=Domino's+Pizza+Group+PLC,https://find-and-update.company-information.service.gov.uk/search/companies?q=Domino's+Pizza+Group+PLC,1620591222,16:13:42,20210509
52,2005-09-30,DOM.L,GBP,2005-09-30,2005-09-30,Q3,20415000.0,12194500.0,8220500.0,0.4026696056820965,0.0,1398000.0,2134500.0,41000.0,3540750.0,18075500.0,89500.0,404750.0,2744250.0,0.13442321822189565,2339500.0,0.11459710996816067,0.0,2792250.0,0.13677443056576047,730500.0,2063750.0,0.10108988488856233,0.00423175,0.00402875,487783536,512340268,https://find-and-update.company-information.service.gov.uk/search/companies?q=Domino's+Pizza+Group+PLC,https://find-and-update.company-information.service.gov.uk/search/companies?q=Domino's+Pizza+Group+PLC,1620591222,16:13:42,20210509
53,2005-06-30,DOM.L,GBP,2005-06-30,2005-06-30,Q2,20415000.0,12194500.0,8220500.0,0.4026696056820965,0.0,1398000.0,2134500.0,41000.0,3540750.0,18075500.0,89500.0,404750.0,2744250.0,0.13442321822189565,2339500.0,0.11459710996816067,0.0,2792250.0,0.13677443056576047,730500.0,2063750.0,0.10108988488856233,0.00423175,0.00402875,487783536,512340268,https://find-and-update.company-information.service.gov.uk/search/companies?q=Domino's+Pizza+Group+PLC,https://find-and-update.company-information.service.gov.uk/search/companies?q=Domino's+Pizza+Group+PLC,1620591222,16:13:42,20210509
54,2005-03-31,DOM.L,GBP,2005-03-31,2005-03-31,Q1,20415000.0,12194500.0,8220500.0,0.4026696056820965,0.0,1398000.0,2134500.0,41000.0,3540750.0,18075500.0,89500.0,404750.0,2744250.0,0.13442321822189565,2339500.0,0.11459710996816067,0.0,2792250.0,0.13677443056576047,730500.0,2063750.0,0.10108988488856233,0.00423175,0.00402875,487783536,512340268,https://find-and-update.company-information.service.gov.uk/search/companies?q=Domino's+Pizza+Group+PLC,https://find-and-update.company-information.service.gov.uk/search/companies?q=Domino's+Pizza+Group+PLC,1620591222,16:13:42,20210509
55,2005-01-31,DOM.L,GBP,2005-01-31,2005-01-31,Q1,20415000.0,12194500.0,8220500.0,0.4026696056820965,0.0,1398000.0,2134500.0,41000.0,3540750.0,18075500.0,89500.0,404750.0,2744250.0,0.13442321822189565,2339500.0,0.11459710996816067,0.0,2792250.0,0.13677443056576047,730500.0,2063750.0,0.10108988488856233,0.00423175,0.00402875,487783536,512340268,https://find-and-update.company-information.service.gov.uk/search/companies?q=Domino's+Pizza+Group+PLC,https://find-and-update.company-information.service.gov.uk/search/companies?q=Domino's+Pizza+Group+PLC,1620591222,16:13:42,20210509
56,2004-09-30,DOM.L,GBP,2004-09-30,2004-09-30,Q3,18553750.0,10953750.0,7600000.0,0.40962069662467154,0.0,1139750.0,2101000.0,-60000.0,3234000.0,16273500.0,92500.0,369500.0,2649750.0,0.14281479485279255,2280250.0,0.12289968335242202,0.0,2205250.0,0.1188573738462575,514500.0,1682750.0,0.09069595095331133,0.00344525,0.0032995,488477712,509845363,https://find-and-update.company-information.service.gov.uk/search/companies?q=Domino's+Pizza+Group+PLC,https://find-and-update.company-information.service.gov.uk/search/companies?q=Domino's+Pizza+Group+PLC,1620591222,16:13:42,20210509
57,2004-06-30,DOM.L,GBP,2004-06-30,2004-06-30,Q2,18553750.0,10953750.0,7600000.0,0.40962069662467154,0.0,1139750.0,2101000.0,-60000.0,3234000.0,16273500.0,92500.0,369500.0,2649750.0,0.14281479485279255,2280250.0,0.12289968335242202,0.0,2205250.0,0.1188573738462575,514500.0,1682750.0,0.09069595095331133,0.00344525,0.0032995,488477712,509845363,https://find-and-update.company-information.service.gov.uk/search/companies?q=Domino's+Pizza+Group+PLC,https://find-and-update.company-information.service.gov.uk/search/companies?q=Domino's+Pizza+Group+PLC,1620591222,16:13:42,20210509
58,2004-03-31,DOM.L,GBP,2004-03-31,2004-03-31,Q1,18553750.0,10953750.0,7600000.0,0.40962069662467154,0.0,1139750.0,2101000.0,-60000.0,3234000.0,16273500.0,92500.0,369500.0,2649750.0,0.14281479485279255,2280250.0,0.12289968335242202,0.0,2205250.0,0.1188573738462575,514500.0,1682750.0,0.09069595095331133,0.00344525,0.0032995,488477712,509845363,https://find-and-update.company-information.service.gov.uk/search/companies?q=Domino's+Pizza+Group+PLC,https://find-and-update.company-information.service.gov.uk/search/companies?q=Domino's+Pizza+Group+PLC,1620591222,16:13:42,20210509
59,2004-01-31,DOM.L,GBP,2004-01-31,2004-01-31,Q1,18553750.0,10953750.0,7600000.0,0.40962069662467154,0.0,1139750.0,2101000.0,-60000.0,3234000.0,16273500.0,92500.0,369500.0,2649750.0,0.14281479485279255,2280250.0,0.12289968335242202,0.0,2205250.0,0.1188573738462575,514500.0,1682750.0,0.09069595095331133,0.00344525,0.0032995,488477712,509845363,https://find-and-update.company-information.service.gov.uk/search/companies?q=Domino's+Pizza+Group+PLC,https://find-and-update.company-information.service.gov.uk/search/companies?q=Domino's+Pizza+Group+PLC,1620591222,16:13:42,20210509
60,2003-09-30,DOM.L,GBP,2003-09-30,2003-09-30,Q3,15389250.0,8525250.0,6864000.0,0.44602563477752327,0.0,3313250.0,0.0,-52500.0,3682750.0,13958750.0,71250.0,322750.0,1753250.0,0.11392692951248437,1430500.0,0.09295449745764088,0.0,1634250.0,0.10619425897948243,489500.0,1139750.0,0.0740614389915038,0.0023477895440422764,0.0023477895440422764,485456630,485456630,https://find-and-update.company-information.service.gov.uk/search/companies?q=Domino's+Pizza+Group+PLC,https://find-and-update.company-information.service.gov.uk/search/companies?q=Domino's+Pizza+Group+PLC,1620591222,16:13:42,20210509
61,2003-06-30,DOM.L,GBP,2003-06-30,2003-06-30,Q2,15389250.0,8525250.0,6864000.0,0.44602563477752327,0.0,3313250.0,0.0,-52500.0,3682750.0,13958750.0,71250.0,322750.0,1753250.0,0.11392692951248437,1430500.0,0.09295449745764088,0.0,1634250.0,0.10619425897948243,489500.0,1139750.0,0.0740614389915038,0.0023477895440422764,0.0023477895440422764,485456630,485456630,https://find-and-update.company-information.service.gov.uk/search/companies?q=Domino's+Pizza+Group+PLC,https://find-and-update.company-information.service.gov.uk/search/companies?q=Domino's+Pizza+Group+PLC,1620591222,16:13:42,20210509
62,2003-03-31,DOM.L,GBP,2003-03-31,2003-03-31,Q1,15389250.0,8525250.0,6864000.0,0.44602563477752327,0.0,3313250.0,0.0,-52500.0,3682750.0,13958750.0,71250.0,322750.0,1753250.0,0.11392692951248437,1430500.0,0.09295449745764088,0.0,1634250.0,0.10619425897948243,489500.0,1139750.0,0.0740614389915038,0.0023477895440422764,0.0023477895440422764,485456630,485456630,https://find-and-update.company-information.service.gov.uk/search/companies?q=Domino's+Pizza+Group+PLC,https://find-and-update.company-information.service.gov.uk/search/companies?q=Domino's+Pizza+Group+PLC,1620591222,16:13:42,20210509
63,2003-01-31,DOM.L,GBP,2003-01-31,2003-01-31,Q1,15389250.0,8525250.0,6864000.0,0.44602563477752327,0.0,3313250.0,0.0,-52500.0,3682750.0,13958750.0,71250.0,322750.0,1753250.0,0.11392692951248437,1430500.0,0.09295449745764088,0.0,1634250.0,0.10619425897948243,489500.0,1139750.0,0.0740614389915038,0.0023477895440422764,0.0023477895440422764,485456630,485456630,https://find-and-update.company-information.service.gov.uk/search/companies?q=Domino's+Pizza+Group+PLC,https://find-and-update.company-information.service.gov.uk/search/companies?q=Domino's+Pizza+Group+PLC,1620591222,16:13:42,20210509
64,2002-09-30,DOM.L,GBP,2002-09-30,2002-09-30,Q3,13277250.0,7013500.0,6263750.0,0.47176561411436857,0.0,787500.0,2165750.0,-32000.0,3649000.0,12112250.0,89250.0,299750.0,1464750.0,0.1103202846975089,1165000.0,0.08774407350919806,0.0,1059750.0,0.07981698017285206,351000.0,708750.0,0.05338078291814947,0.0014584575873177014,0.001377966721766347,485958595,514344787,https://find-and-update.company-information.service.gov.uk/search/companies?q=Domino's+Pizza+Group+PLC,https://find-and-update.company-information.service.gov.uk/search/companies?q=Domino's+Pizza+Group+PLC,1620591222,16:13:42,20210509
65,2002-06-30,DOM.L,GBP,2002-06-30,2002-06-30,Q2,13277250.0,7013500.0,6263750.0,0.47176561411436857,0.0,787500.0,2165750.0,-32000.0,3649000.0,12112250.0,89250.0,299750.0,1464750.0,0.1103202846975089,1165000.0,0.08774407350919806,0.0,1059750.0,0.07981698017285206,351000.0,708750.0,0.05338078291814947,0.0014584575873177014,0.001377966721766347,485958595,514344787,https://find-and-update.company-information.service.gov.uk/search/companies?q=Domino's+Pizza+Group+PLC,https://find-and-update.company-information.service.gov.uk/search/companies?q=Domino's+Pizza+Group+PLC,1620591222,16:13:42,20210509
66,2002-03-31,DOM.L,GBP,2002-03-31,2002-03-31,Q1,13277250.0,7013500.0,6263750.0,0.47176561411436857,0.0,787500.0,2165750.0,-32000.0,3649000.0,12112250.0,89250.0,299750.0,1464750.0,0.1103202846975089,1165000.0,0.08774407350919806,0.0,1059750.0,0.07981698017285206,351000.0,708750.0,0.05338078291814947,0.0014584575873177014,0.001377966721766347,485958595,514344787,https://find-and-update.company-information.service.gov.uk/search/companies?q=Domino's+Pizza+Group+PLC,https://find-and-update.company-information.service.gov.uk/search/companies?q=Domino's+Pizza+Group+PLC,1620591222,16:13:42,20210509
67,2002-01-31,DOM.L,GBP,2002-01-31,2002-01-31,Q1,13277250.0,7013500.0,6263750.0,0.47176561411436857,0.0,787500.0,2165750.0,-32000.0,3649000.0,12112250.0,89250.0,299750.0,1464750.0,0.1103202846975089,1165000.0,0.08774407350919806,0.0,1059750.0,0.07981698017285206,351000.0,708750.0,0.05338078291814947,0.0014584575873177014,0.001377966721766347,485958595,514344787,https://find-and-update.company-information.service.gov.uk/search/companies?q=Domino's+Pizza+Group+PLC,https://find-and-update.company-information.service.gov.uk/search/companies?q=Domino's+Pizza+Group+PLC,1620591222,16:13:42,20210509
68,2001-09-30,DOM.L,GBP,2001-09-30,2001-09-30,Q3,10956250.0,5783000.0,5173250.0,0.47217341699942955,0.0,0.0,0.0,-1250.0,3102250.0,10147250.0,101250.0,274500.0,1083500.0,0.09889332572732458,809000.0,0.07383913291500285,0.0,715500.0,0.06530519110096977,214500.0,501000.0,0.04572732458642328,0.00104175,0.00101575,480412800,494995200,https://find-and-update.company-information.service.gov.uk/search/companies?q=Domino's+Pizza+Group+PLC,https://find-and-update.company-information.service.gov.uk/search/companies?q=Domino's+Pizza+Group+PLC,1620591222,16:13:42,20210509
69,2001-06-30,DOM.L,GBP,2001-06-30,2001-06-30,Q2,10956250.0,5783000.0,5173250.0,0.47217341699942955,0.0,0.0,0.0,-1250.0,3102250.0,10147250.0,101250.0,274500.0,1083500.0,0.09889332572732458,809000.0,0.07383913291500285,0.0,715500.0,0.06530519110096977,214500.0,501000.0,0.04572732458642328,0.00104175,0.00101575,480412800,494995200,https://find-and-update.company-information.service.gov.uk/search/companies?q=Domino's+Pizza+Group+PLC,https://find-and-update.company-information.service.gov.uk/search/companies?q=Domino's+Pizza+Group+PLC,1620591222,16:13:42,20210509
70,2001-03-31,DOM.L,GBP,2001-03-31,2001-03-31,Q1,10956250.0,5783000.0,5173250.0,0.47217341699942955,0.0,0.0,0.0,-1250.0,3102250.0,10147250.0,101250.0,274500.0,1083500.0,0.09889332572732458,809000.0,0.07383913291500285,0.0,715500.0,0.06530519110096977,214500.0,501000.0,0.04572732458642328,0.00104175,0.00101575,480412800,494995200,https://find-and-update.company-information.service.gov.uk/search/companies?q=Domino's+Pizza+Group+PLC,https://find-and-update.company-information.service.gov.uk/search/companies?q=Domino's+Pizza+Group+PLC,1620591222,16:13:42,20210509
71,2001-01-31,DOM.L,GBP,2001-01-31,2001-01-31,Q1,10956250.0,5783000.0,5173250.0,0.47217341699942955,0.0,0.0,0.0,-1250.0,3102250.0,10147250.0,101250.0,274500.0,1083500.0,0.09889332572732458,809000.0,0.07383913291500285,0.0,715500.0,0.06530519110096977,214500.0,501000.0,0.04572732458642328,0.00104175,0.00101575,480412800,494995200,https://find-and-update.company-information.service.gov.uk/search/companies?q=Domino's+Pizza+Group+PLC,https://find-and-update.company-information.service.gov.uk/search/companies?q=Domino's+Pizza+Group+PLC,1620591222,16:13:42,20210509
72,2000-09-30,DOM.L,GBP,2000-09-30,2000-09-30,Q3,8132750.0,4267750.0,3865000.0,0.4752390027973318,0.0,0.0,0.0,-1250.0,2409000.0,7526000.0,75500.0,205250.0,812000.0,0.0998432264609142,606750.0,0.07460576065906366,0.0,547250.0,0.06728966216839323,220500.0,326750.0,0.04017706187943807,0.000677,0.000651,480000000,495792000,https://find-and-update.company-information.service.gov.uk/search/companies?q=Domino's+Pizza+Group+PLC,https://find-and-update.company-information.service.gov.uk/search/companies?q=Domino's+Pizza+Group+PLC,1620591222,16:13:42,20210509
73,2000-06-30,DOM.L,GBP,2000-06-30,2000-06-30,Q2,8132750.0,4267750.0,3865000.0,0.4752390027973318,0.0,0.0,0.0,-1250.0,2409000.0,7526000.0,75500.0,205250.0,812000.0,0.0998432264609142,606750.0,0.07460576065906366,0.0,547250.0,0.06728966216839323,220500.0,326750.0,0.04017706187943807,0.000677,0.000651,480000000,495792000,https://find-and-update.company-information.service.gov.uk/search/companies?q=Domino's+Pizza+Group+PLC,https://find-and-update.company-information.service.gov.uk/search/companies?q=Domino's+Pizza+Group+PLC,1620591222,16:13:42,20210509
74,2000-03-31,DOM.L,GBP,2000-03-31,2000-03-31,Q1,8132750.0,4267750.0,3865000.0,0.4752390027973318,0.0,0.0,0.0,-1250.0,2409000.0,7526000.0,75500.0,205250.0,812000.0,0.0998432264609142,606750.0,0.07460576065906366,0.0,547250.0,0.06728966216839323,220500.0,326750.0,0.04017706187943807,0.000677,0.000651,480000000,495792000,https://find-and-update.company-information.service.gov.uk/search/companies?q=Domino's+Pizza+Group+PLC,https://find-and-update.company-information.service.gov.uk/search/companies?q=Domino's+Pizza+Group+PLC,1620591222,16:13:42,20210509
75,2000-01-31,DOM.L,GBP,2000-01-31,2000-01-31,Q1,8132750.0,4267750.0,3865000.0,0.4752390027973318,0.0,0.0,0.0,-1250.0,2409000.0,7526000.0,75500.0,205250.0,812000.0,0.0998432264609142,606750.0,0.07460576065906366,0.0,547250.0,0.06728966216839323,220500.0,326750.0,0.04017706187943807,0.000677,0.000651,480000000,495792000,https://find-and-update.company-information.service.gov.uk/search/companies?q=Domino's+Pizza+Group+PLC,https://find-and-update.company-information.service.gov.uk/search/companies?q=Domino's+Pizza+Group+PLC,1620591222,16:13:42,20210509
76,1999-09-30,DOM.L,GBP,1999-09-30,1999-09-30,Q3,6402500.0,3756000.0,2646500.0,0.4133541585318235,0.0,0.0,0.0,0.0,1242000.0,5891000.0,58500.0,160000.0,671500.0,0.10488090589613432,511500.0,0.07989066770792659,0.0,338250.0,0.05283092541975791,131500.0,206750.0,0.03229207340882468,0.0004980103672871623,0.0004901221713964937,415152000,421833600,https://find-and-update.company-information.service.gov.uk/search/companies?q=Domino's+Pizza+Group+PLC,https://find-and-update.company-information.service.gov.uk/search/companies?q=Domino's+Pizza+Group+PLC,1620591222,16:13:42,20210509
77,1999-06-30,DOM.L,GBP,1999-06-30,1999-06-30,Q2,6402500.0,3756000.0,2646500.0,0.4133541585318235,0.0,0.0,0.0,0.0,1242000.0,5891000.0,58500.0,160000.0,671500.0,0.10488090589613432,511500.0,0.07989066770792659,0.0,338250.0,0.05283092541975791,131500.0,206750.0,0.03229207340882468,0.0004980103672871623,0.0004901221713964937,415152000,421833600,https://find-and-update.company-information.service.gov.uk/search/companies?q=Domino's+Pizza+Group+PLC,https://find-and-update.company-information.service.gov.uk/search/companies?q=Domino's+Pizza+Group+PLC,1620591222,16:13:42,20210509
78,1999-03-31,DOM.L,GBP,1999-03-31,1999-03-31,Q1,6402500.0,3756000.0,2646500.0,0.4133541585318235,0.0,0.0,0.0,0.0,1242000.0,5891000.0,58500.0,160000.0,671500.0,0.10488090589613432,511500.0,0.07989066770792659,0.0,338250.0,0.05283092541975791,131500.0,206750.0,0.03229207340882468,0.0004980103672871623,0.0004901221713964937,415152000,421833600,https://find-and-update.company-information.service.gov.uk/search/companies?q=Domino's+Pizza+Group+PLC,https://find-and-update.company-information.service.gov.uk/search/companies?q=Domino's+Pizza+Group+PLC,1620591222,16:13:42,20210509
79,1999-01-31,DOM.L,GBP,1999-01-31,1999-01-31,Q1,6402500.0,3756000.0,2646500.0,0.4133541585318235,0.0,0.0,0.0,0.0,1242000.0,5891000.0,58500.0,160000.0,671500.0,0.10488090589613432,511500.0,0.07989066770792659,0.0,338250.0,0.05283092541975791,131500.0,206750.0,0.03229207340882468,0.0004980103672871623,0.0004901221713964937,415152000,421833600,https://find-and-update.company-information.service.gov.uk/search/companies?q=Domino's+Pizza+Group+PLC,https://find-and-update.company-information.service.gov.uk/search/companies?q=Domino's+Pizza+Group+PLC,1620591222,16:13:42,20210509
80,1998-09-30,DOM.L,GBP,1998-09-30,1998-09-30,Q3,5177750.0,3203250.0,1974500.0,0.3813432475496113,0.0,0.0,0.0,-18750.0,863250.0,4764000.0,25500.0,129750.0,543500.0,0.10496837429385351,413750.0,0.07990922698083144,0.0,368250.0,0.0711216261889817,103750.0,264500.0,0.05108396504273092,0.000651,0.000651,480000000,480000000,https://find-and-update.company-information.service.gov.uk/search/companies?q=Domino's+Pizza+Group+PLC,https://find-and-update.company-information.service.gov.uk/search/companies?q=Domino's+Pizza+Group+PLC,1620591222,16:13:42,20210509
81,1998-06-30,DOM.L,GBP,1998-06-30,1998-06-30,Q2,5177750.0,3203250.0,1974500.0,0.3813432475496113,0.0,0.0,0.0,-18750.0,863250.0,4764000.0,25500.0,129750.0,543500.0,0.10496837429385351,413750.0,0.07990922698083144,0.0,368250.0,0.0711216261889817,103750.0,264500.0,0.05108396504273092,0.000651,0.000651,480000000,480000000,https://find-and-update.company-information.service.gov.uk/search/companies?q=Domino's+Pizza+Group+PLC,https://find-and-update.company-information.service.gov.uk/search/companies?q=Domino's+Pizza+Group+PLC,1620591222,16:13:42,20210509
82,1998-03-31,DOM.L,GBP,1998-03-31,1998-03-31,Q1,5177750.0,3203250.0,1974500.0,0.3813432475496113,0.0,0.0,0.0,-18750.0,863250.0,4764000.0,25500.0,129750.0,543500.0,0.10496837429385351,413750.0,0.07990922698083144,0.0,368250.0,0.0711216261889817,103750.0,264500.0,0.05108396504273092,0.000651,0.000651,480000000,480000000,https://find-and-update.company-information.service.gov.uk/search/companies?q=Domino's+Pizza+Group+PLC,https://find-and-update.company-information.service.gov.uk/search/companies?q=Domino's+Pizza+Group+PLC,1620591222,16:13:42,20210509
83,1998-01-31,DOM.L,GBP,1998-01-31,1998-01-31,Q1,5177750.0,3203250.0,1974500.0,0.3813432475496113,0.0,0.0,0.0,-18750.0,863250.0,4764000.0,25500.0,129750.0,543500.0,0.10496837429385351,413750.0,0.07990922698083144,0.0,368250.0,0.0711216261889817,103750.0,264500.0,0.05108396504273092,0.000651,0.000651,480000000,480000000,https://find-and-update.company-information.service.gov.uk/search/companies?q=Domino's+Pizza+Group+PLC,https://find-and-update.company-information.service.gov.uk/search/companies?q=Domino's+Pizza+Group+PLC,1620591222,16:13:42,20210509
84,1997-09-30,DOM.L,GBP,1997-09-30,1997-09-30,Q3,4436250.0,0.0,0.0,0.0,0.0,0.0,0.0,0.0,3570500.0,4173500.0,18000.0,148000.0,410750.0,0.09258946182023105,262750.0,0.05922795153564384,0.0,230500.0,0.051958298112144266,64750.0,165750.0,0.03736263736263736,0.0003385,0.0003385,480000000,480000000,https://find-and-update.company-information.service.gov.uk/search/companies?q=Domino's+Pizza+Group+PLC,https://find-and-update.company-information.service.gov.uk/search/companies?q=Domino's+Pizza+Group+PLC,1620591222,16:13:42,20210509
85,1997-06-30,DOM.L,GBP,1997-06-30,1997-06-30,Q2,4436250.0,0.0,0.0,0.0,0.0,0.0,0.0,0.0,3570500.0,4173500.0,18000.0,148000.0,410750.0,0.09258946182023105,262750.0,0.05922795153564384,0.0,230500.0,0.051958298112144266,64750.0,165750.0,0.03736263736263736,0.0003385,0.0003385,480000000,480000000,https://find-and-update.company-information.service.gov.uk/search/companies?q=Domino's+Pizza+Group+PLC,https://find-and-update.company-information.service.gov.uk/search/companies?q=Domino's+Pizza+Group+PLC,1620591222,16:13:42,20210509
86,1997-03-31,DOM.L,GBP,1997-03-31,1997-03-31,Q1,4436250.0,0.0,0.0,0.0,0.0,0.0,0.0,0.0,3570500.0,4173500.0,18000.0,148000.0,410750.0,0.09258946182023105,262750.0,0.05922795153564384,0.0,230500.0,0.051958298112144266,64750.0,165750.0,0.03736263736263736,0.0003385,0.0003385,480000000,480000000,https://find-and-update.company-information.service.gov.uk/search/companies?q=Domino's+Pizza+Group+PLC,https://find-and-update.company-information.service.gov.uk/search/companies?q=Domino's+Pizza+Group+PLC,1620591222,16:13:42,20210509
87,1997-01-31,DOM.L,GBP,1997-01-31,1997-01-31,Q1,4436250.0,0.0,0.0,0.0,0.0,0.0,0.0,0.0,3570500.0,4173500.0,18000.0,148000.0,410750.0,0.09258946182023105,262750.0,0.05922795153564384,0.0,230500.0,0.051958298112144266,64750.0,165750.0,0.03736263736263736,0.0003385,0.0003385,480000000,480000000,https://find-and-update.company-information.service.gov.uk/search/companies?q=Domino's+Pizza+Group+PLC,https://find-and-update.company-information.service.gov.uk/search/companies?q=Domino's+Pizza+Group+PLC,1620591222,16:13:42,20210509
88,1996-09-30,DOM.L,GBP,1996-09-30,1996-09-30,Q3,3638750.0,0.0,3638750.0,1.0,0.0,0.0,0.0,-52500.0,3044750.0,3543250.0,12750.0,129000.0,224500.0,0.061697011336310545,95500.0,0.026245276537272415,0.0,92750.0,0.02548952250085881,0.0,92750.0,0.02548952250085881,0.00018225,0.00018225,480000000,480000000,https://find-and-update.company-information.service.gov.uk/search/companies?q=Domino's+Pizza+Group+PLC,https://find-and-update.company-information.service.gov.uk/search/companies?q=Domino's+Pizza+Group+PLC,1620591222,16:13:42,20210509
89,1996-06-30,DOM.L,GBP,1996-06-30,1996-06-30,Q2,3638750.0,0.0,3638750.0,1.0,0.0,0.0,0.0,-52500.0,3044750.0,3543250.0,12750.0,129000.0,224500.0,0.061697011336310545,95500.0,0.026245276537272415,0.0,92750.0,0.02548952250085881,0.0,92750.0,0.02548952250085881,0.00018225,0.00018225,480000000,480000000,https://find-and-update.company-information.service.gov.uk/search/companies?q=Domino's+Pizza+Group+PLC,https://find-and-update.company-information.service.gov.uk/search/companies?q=Domino's+Pizza+Group+PLC,1620591222,16:13:42,20210509
90,1996-03-31,DOM.L,GBP,1996-03-31,1996-03-31,Q1,3638750.0,0.0,3638750.0,1.0,0.0,0.0,0.0,-52500.0,3044750.0,3543250.0,12750.0,129000.0,224500.0,0.061697011336310545,95500.0,0.026245276537272415,0.0,92750.0,0.02548952250085881,0.0,92750.0,0.02548952250085881,0.00018225,0.00018225,480000000,480000000,https://find-and-update.company-information.service.gov.uk/search/companies?q=Domino's+Pizza+Group+PLC,https://find-and-update.company-information.service.gov.uk/search/companies?q=Domino's+Pizza+Group+PLC,1620591222,16:13:42,20210509
91,1996-01-31,DOM.L,GBP,1996-01-31,1996-01-31,Q1,3638750.0,0.0,3638750.0,1.0,0.0,0.0,0.0,-52500.0,3044750.0,3543250.0,12750.0,129000.0,224500.0,0.061697011336310545,95500.0,0.026245276537272415,0.0,92750.0,0.02548952250085881,0.0,92750.0,0.02548952250085881,0.00018225,0.00018225,480000000,480000000,https://find-and-update.company-information.service.gov.uk/search/companies?q=Domino's+Pizza+Group+PLC,https://find-and-update.company-information.service.gov.uk/search/companies?q=Domino's+Pizza+Group+PLC,1620591222,16:13:42,20210509
