,date,symbol,reportedCurrency,fillingDate,acceptedDate,period,revenue,costOfRevenue,grossProfit,grossProfitRatio,researchAndDevelopmentExpenses,generalAndAdministrativeExpenses,sellingAndMarketingExpenses,otherExpenses,operatingExpenses,costAndExpenses,interestExpense,depreciationAndAmortization,ebitda,ebitdaratio,operatingIncome,operatingIncomeRatio,totalOtherIncomeExpensesNet,incomeBeforeTax,incomeBeforeTaxRatio,incomeTaxExpense,netIncome,netIncomeRatio,eps,epsdiluted,weightedAverageShsOut,weightedAverageShsOutDil,link,finalLink,timestamp,est_time,est_date
0,2021-01-31,TOL,USD,2021-03-08,2021-03-08 16:09:30,Q1,1563376000,1233527000,329849000.0,0.21098507332848912,0.0,210739000,0.0,5646000.0,210739000,1444266000,0.0,16876000.0,135986000.0,0.08698227425776013,119110000.0,0.07618768613564492,6840000.0,127405000.0,0.08149351147772513,30906000.0,96499000.0,0.06172475463356224,0.77,0.76,126060000,127562000,https://www.sec.gov/Archives/edgar/data/794170/000079417021000025/0000794170-21-000025-index.htm,https://www.sec.gov/Archives/edgar/data/794170/000079417021000025/tol-20210131.htm,1620598937,18:22:17,20210509
1,2020-10-31,TOL,USD,2020-12-22,2020-12-22 16:06:10,Q4,2545667000,1949473000,596194000.0,0.23419952413257508,0.0,335623000,0.0,8434000.0,335623000,2285096000,0.0,22173000.0,282744000.0,0.11106872972780807,260571000.0,0.10235863528104815,4078000.0,266991000.0,0.10488056764690747,67674000.0,199317000.0,0.07829657217538664,1.5728681681160335,1.5728681681160335,126722000,126722000,https://www.sec.gov/Archives/edgar/data/794170/000079417020000066/0000794170-20-000066-index.htm,https://www.sec.gov/Archives/edgar/data/794170/000079417020000066/tol-20201031.htm,1620598937,18:22:17,20210509
2,2020-07-31,TOL,USD,2020-09-04,2020-09-04 16:09:56,Q3,1651489000,1341195000,310294000.0,0.18788741553834146,0.0,160649000,0.0,3917000.0,160649000,1501844000,0.0,16415000.0,166060000.0,0.10055168396519747,149645000.0,0.09061216877617713,1351000.0,151865000.0,0.09195641024554205,37104000.0,114761000.0,0.06948941228188622,0.91,0.9,126722000,127399000,https://www.sec.gov/Archives/edgar/data/794170/000079417020000048/0000794170-20-000048-index.htm,https://www.sec.gov/Archives/edgar/data/794170/000079417020000048/tol-20200731.htm,1620598937,18:22:17,20210509
3,2020-04-30,TOL,USD,2020-06-08 00:00:00,2020-06-08 07:53:32,Q2,1549072000,1277107000,271965000.0,0.17556640362746212,0.0,179417000,0.0,14380000.0,179417000,1456524000,2440000.0,15618000.0,108166000.0,0.06982632182364668,92548000.0,0.05974415650144086,10109000.0,102113000.0,0.06591882107481124,26443000.0,75670000.0,0.04884860096883812,0.5902265902265902,0.5874589508497077,128205000,128809000,https://www.sec.gov/Archives/edgar/data/794170/000079417020000039/0000794170-20-000039-index.htm,https://www.sec.gov/Archives/edgar/data/794170/000079417020000039/tol-20200430.htm,1620598937,18:22:17,20210509
4,2020-01-31,TOL,USD,2020-03-10 00:00:00,2020-03-09 20:18:19,Q1,1331431000,1092182000,239249000.0,0.17969312716918864,0.0,191753000,0.0,1393000.0,191753000,1283935000,0.0,14667000.0,62163000.0,0.0466888633357643,47496000.0,0.03567289630480288,13534000.0,65932000.0,0.049519652163724594,9056000.0,56876000.0,0.042717947832069406,0.4117123312461544,0.4065795023196963,138145000,139889000,https://www.sec.gov/Archives/edgar/data/794170/000079417020000017/0000794170-20-000017-index.html,https://www.sec.gov/Archives/edgar/data/794170/000079417020000017/tol-2020131x10q.htm,1620598937,18:22:17,20210509
5,2019-10-31,TOL,USD,2019-12-26 00:00:00,2019-12-26 08:55:14,Q4,2379000000,1946865000,432135000.0,0.18164564943253467,0.0,207230000,0.0,35598000.0,207230000,2154095000,0.0,20726000.0,245631000.0,0.10324968474148802,224905000.0,0.09453762084909625,42707000.0,272649000.0,0.11460655737704918,70334000.0,202315000.0,0.08504203446826397,1.43,1.41,141909000,143567000,https://www.sec.gov/Archives/edgar/data/794170/000079417019000067/0000794170-19-000067-index.html,https://www.sec.gov/Archives/edgar/data/794170/000079417019000067/tol-20191031x10k.htm,1620598937,18:22:17,20210509
6,2019-07-31,TOL,USD,2019-09-05 00:00:00,2019-09-05 17:20:03,Q3,1765691000,1407987000,357704000.0,0.2025858431628184,0.0,186709000,0.0,4951000.0,186709000,1594696000,0.0,18109000.0,189104000.0,0.10709914701949548,170995000.0,0.09684310561700774,12151000.0,186916000.0,0.10585997210157383,40598000.0,146318000.0,0.08286727405871129,1.01,1.0,144750000,146275000,https://www.sec.gov/Archives/edgar/data/794170/000079417019000048/0000794170-19-000048-index.html,https://www.sec.gov/Archives/edgar/data/794170/000079417019000048/tol-2019731x10q.htm,1620598937,18:22:17,20210509
7,2019-04-30,TOL,USD,2019-06-06 00:00:00,2019-06-06 16:26:14,Q2,1716094000,1377268000,338826000.0,0.19744023346040485,0.0,178371000,0.0,6947000.0,178371000,1555639000,0.0,17645000.0,178100000.0,0.10378219374929346,160455000.0,0.09350012295363774,11366000.0,176159000.0,0.10265113682583821,46835000.0,129324000.0,0.07535950827868404,0.88,0.87,146622000,148129000,https://www.sec.gov/Archives/edgar/data/794170/000079417019000034/0000794170-19-000034-index.html,https://www.sec.gov/Archives/edgar/data/794170/000079417019000034/tol-2019430x10q.htm,1620598937,18:22:17,20210509
8,2019-01-31,TOL,USD,2019-03-08 00:00:00,2019-03-08 16:10:46,Q1,1363181000,1076498000,286683000.0,0.21030442765854276,0.0,162238000,0.0,14989000.0,162238000,1238736000,0.0,15669000.0,140114000.0,0.10278458986737637,124445000.0,0.09129015149125465,21129000.0,151446000.0,0.1110974991582189,39396000.0,112050000.0,0.0821974484679584,0.7635382382402846,0.75693093385214,146751000,148032000,https://www.sec.gov/Archives/edgar/data/794170/000079417019000017/0000794170-19-000017-index.html,https://www.sec.gov/Archives/edgar/data/794170/000079417019000017/tol-2019131x10q.htm,1620598937,18:22:17,20210509
9,2018-10-31,TOL,USD,2018-12-20 00:00:00,2018-12-20 17:01:28,Q4,2455238000,1930751000,524487000.0,0.21361961650968256,0.0,186045000,0.0,17251000.0,182059000,2112810000,0.0,6535000.0,348963000.0,0.14213000939216483,342428000.0,0.139468352966189,50734000.0,396473000.0,0.1614804756198788,85497000.0,310976000.0,0.12665818955229594,2.1,2.08,148066000,149603000,https://www.sec.gov/Archives/edgar/data/794170/000079417018000055/0000794170-18-000055-index.html,https://www.sec.gov/Archives/edgar/data/794170/000079417018000055/tol-20181031x10k.htm,1620598937,18:22:17,20210509
10,2018-07-31,TOL,USD,2018-09-05 00:00:00,2018-09-05 17:03:56,Q3,1913353000,1509619000,403734000.0,0.21100863248966606,0.0,174071000,0.0,7314000.0,173275000,1682894000,0.0,6204000.0,236663000.0,0.12369019203461148,230459000.0,0.1204477166523898,20671000.0,253097000.0,0.13227930235560295,59839000.0,193258000.0,0.1010048851414245,1.28,1.26,151257000,153173000,https://www.sec.gov/Archives/edgar/data/794170/000079417018000047/0000794170-18-000047-index.html,https://www.sec.gov/Archives/edgar/data/794170/000079417018000047/tol-20180731x10q.htm,1620598937,18:22:17,20210509
11,2018-04-30,TOL,USD,2018-06-05 00:00:00,2018-06-04 18:28:51,Q2,1599199000,1298157000,301042000.0,0.1882454903986308,0.0,166652000,0.0,8924000.0,163581000,1461738000,0.0,6349000.0,143810000.0,0.08992626933858763,137461000.0,0.0859561568009985,14075000.0,152748000.0,0.09551531735575122,40938000.0,111810000.0,0.06991625182356917,0.73,0.72,152731000,155129000,https://www.sec.gov/Archives/edgar/data/794170/000079417018000040/0000794170-18-000040-index.html,https://www.sec.gov/Archives/edgar/data/794170/000079417018000040/tol-20180430x10q.htm,1620598937,18:22:17,20210509
12,2018-01-31,TOL,USD,2018-03-08 00:00:00,2018-03-08 17:00:46,Q1,1175468000,934480000,240988000.0,0.20501451336829246,0.0,157267000,0.0,5133000.0,156183000,1090663000,0.0,6171000.0,90976000.0,0.07739555649324355,84805000.0,0.07214573259331603,44713000.0,131598000.0,0.111953706949062,-509000.0,132107000.0,0.11238672596786982,0.85,0.83,155882000,158897000,https://www.sec.gov/Archives/edgar/data/794170/000079417018000028/0000794170-18-000028-index.html,https://www.sec.gov/Archives/edgar/data/794170/000079417018000028/tol-20180131x10q.htm,1620598937,18:22:17,20210509
13,2017-10-31,TOL,USD,2017-12-21 00:00:00,2017-12-21 17:13:50,Q4,2027907000,1575832000,452075000.0,0.22292688964533383,0.0,167636000,0.0,8904000.0,166296000,1742128000,0.0,6938000.0,292717000.0,0.14434439054650927,285779000.0,0.140923129117854,13814000.0,301747000.0,0.14879725746792136,109869000.0,191878000.0,0.09461873744703282,1.2,1.17,159332000,164565000,https://www.sec.gov/Archives/edgar/data/794170/000079417017000065/0000794170-17-000065-index.html,https://www.sec.gov/Archives/edgar/data/794170/000079417017000065/tol-20171031x10k.htm,1620598937,18:22:17,20210509
14,2017-07-31,TOL,USD,2017-09-06 00:00:00,2017-09-06 16:12:08,Q3,1502909000,1176028000,326881000.0,0.21749886387000145,0.0,155212000,0.0,6252000.0,153805000,1329833000,0.0,6300000.0,179376000.0,0.11935253564919765,173076000.0,0.1151606650835147,28594000.0,203574000.0,0.13545331087910178,55011000.0,148563000.0,0.09885029632532642,0.91,0.87,163478000,171562000,https://www.sec.gov/Archives/edgar/data/794170/000079417017000055/0000794170-17-000055-index.html,https://www.sec.gov/Archives/edgar/data/794170/000079417017000055/tol-20170731x10q.htm,1620598937,18:22:17,20210509
15,2017-04-30,TOL,USD,2017-06-05 00:00:00,2017-06-05 15:13:12,Q2,1363512000,1077441000,286071000.0,0.20980453417351663,0.0,147876000,0.0,11286000.0,146568000,1224009000,0.0,6093000.0,145596000.0,0.1067801383486174,139503000.0,0.10231153081161001,58717000.0,199209000.0,0.14609992431309735,74571000.0,124638000.0,0.09140953654973334,0.76,0.73,163492000,171403000,https://www.sec.gov/Archives/edgar/data/794170/000079417017000037/0000794170-17-000037-index.html,https://www.sec.gov/Archives/edgar/data/794170/000079417017000037/tol-20170430x10q.htm,1620598937,18:22:17,20210509
16,2017-01-31,TOL,USD,2017-03-07 00:00:00,2017-03-07 08:20:22,Q1,920730000,733002000,187728000.0,0.20389039131993092,0.0,137095000,0.0,6457000.0,135349000,868351000,0.0,6030000.0,58409000.0,0.06343770703680775,52379000.0,0.05688855581983861,56461000.0,109781000.0,0.1192325654643598,39365000.0,70416000.0,0.07647844645009938,0.43,0.42,162588000,170417000,https://www.sec.gov/Archives/edgar/data/794170/000079417017000018/0000794170-17-000018-index.html,https://www.sec.gov/Archives/edgar/data/794170/000079417017000018/tol-20170131x10q.htm,1620598937,18:22:17,20210509
17,2016-10-31,TOL,USD,2016-12-23 00:00:00,2016-12-23 14:25:04,Q4,1855451000,1569767000,285684000.0,0.15397011292672239,0.0,150262000,0.0,10187000.0,148845000,1718612000,0.0,6283000.0,143122000.0,0.0771359631701403,136839000.0,0.073749724460522,30490000.0,168160000.0,0.0906302564713377,53782000.0,114378000.0,0.0616443118142166,0.7,0.67,163970000,171683000,https://www.sec.gov/Archives/edgar/data/794170/000079417016000131/0000794170-16-000131-index.html,https://www.sec.gov/Archives/edgar/data/794170/000079417016000131/tol-20161031x10k.htm,1620598937,18:22:17,20210509
18,2016-07-31,TOL,USD,2016-09-07 00:00:00,2016-09-07 14:09:51,Q3,1269934000,991416000,278518000.0,0.21931690938269233,0.0,134984000,0.0,7138000.0,134204000,1125620000,0.0,5809000.0,150123000.0,0.1182132299788808,144314000.0,0.11363897651374008,18663000.0,163653000.0,0.1288673269634485,58170000.0,105483000.0,0.08306179691228048,0.64,0.61,165919000,173405000,https://www.sec.gov/Archives/edgar/data/794170/000079417016000121/0000794170-16-000121-index.html,https://www.sec.gov/Archives/edgar/data/794170/000079417016000121/tol-20160731x10q.htm,1620598937,18:22:17,20210509
19,2016-04-30,TOL,USD,2016-06-03 00:00:00,2016-06-03 14:59:59,Q2,1115557000,870571000,244986000.0,0.21960867978955803,0.0,128340000,0.0,12052000.0,126784000,997355000,0.0,5496000.0,123698000.0,0.11088451777901084,118202000.0,0.10595783093109541,21663000.0,140397000.0,0.12585372150414545,51343000.0,89054000.0,0.07982917950405044,0.53,0.51,168952000,176414000,https://www.sec.gov/Archives/edgar/data/794170/000079417016000105/0000794170-16-000105-index.html,https://www.sec.gov/Archives/edgar/data/794170/000079417016000105/tol-20160430x10q.htm,1620598937,18:22:17,20210509
20,2016-01-31,TOL,USD,2016-03-03 00:00:00,2016-03-03 16:35:28,Q1,928566000,712311000,216255000.0,0.23289136151872888,0.0,121796000,0.0,7205000.0,119683000,831994000,0.0,5533000.0,102105000.0,0.10995987361156881,96572000.0,0.10400122339176752,19841000.0,116817000.0,0.12580365854446535,43637000.0,73180000.0,0.07880969150281186,0.42,0.4,174205000,182391000,https://www.sec.gov/Archives/edgar/data/794170/000079417016000088/0000794170-16-000088-index.html,https://www.sec.gov/Archives/edgar/data/794170/000079417016000088/tol-20160131x10q.htm,1620598937,18:22:17,20210509
21,2015-10-31,TOL,USD,2015-12-21 00:00:00,2015-12-21 13:33:36,Q4,1437202000,1116332000,320870000.0,0.22326019585277504,0.0,124934000,0.0,13046000.0,123445000,1239777000,0.0,5890000.0,203315000.0,0.14146584822453628,197425000.0,0.13736760733703404,19933000.0,217543000.0,0.1513656396247709,70380000.0,147163000.0,0.10239548789940454,0.83,0.8,176370000,184736000,https://www.sec.gov/Archives/edgar/data/794170/000079417015000059/0000794170-15-000059-index.html,https://www.sec.gov/Archives/edgar/data/794170/000079417015000059/tol-20151031x10k.htm,1620598937,18:22:17,20210509
22,2015-07-31,TOL,USD,2015-09-03 00:00:00,2015-09-03 11:43:20,Q3,1028011000,824394000,203617000.0,0.19806889225893498,0.0,116175000,0.0,9127000.0,114752000,939146000,0.0,5895000.0,94760000.0,0.09217800198636007,88865000.0,0.08644362754873246,18031000.0,107464000.0,0.10453584640631278,40715000.0,66749000.0,0.06493023907331731,0.38,0.36,176797000,185133000,https://www.sec.gov/Archives/edgar/data/794170/000079417015000038/0000794170-15-000038-index.html,https://www.sec.gov/Archives/edgar/data/794170/000079417015000038/tol-20150731x10q.htm,1620598937,18:22:17,20210509
23,2015-04-30,TOL,USD,2015-06-04 00:00:00,2015-06-04 15:06:02,Q2,852583000,678512000,174071000.0,0.20416897826956437,0.0,107685000,0.0,9716000.0,106713000,785225000,0.0,5963000.0,73321000.0,0.0859986652325932,67358000.0,0.07900462476967052,18476000.0,86532000.0,0.10149393079618055,18602000.0,67930000.0,0.07967552719207396,0.38,0.37,176458000,184838000,https://www.sec.gov/Archives/edgar/data/794170/000079417015000031/0000794170-15-000031-index.html,https://www.sec.gov/Archives/edgar/data/794170/000079417015000031/tol-20150430x10q.htm,1620598937,18:22:17,20210509
24,2015-01-31,TOL,USD,2015-03-05,2015-03-05 10:32:38,Q1,853452000,650032000,203420000.0,0.23834966699943289,0.0,106314000,0.0,15371000.0,104974000,755006000,0.0,5809000.0,104255000.0,0.12215684068934164,98446000.0,0.11535036533981993,25089000.0,124023000.0,0.14531924466753843,42698000.0,81325000.0,0.09528948318124511,0.46,0.44,176076000,184107000,https://www.sec.gov/Archives/edgar/data/794170/000079417014000044/tol-20141031x10k.htm,https://www.sec.gov/Archives/edgar/data/794170/000079417014000044/tol-20141031x10k.htm,1620598937,18:22:17,20210509
25,2014-10-31,TOL,USD,2014-12-23 00:00:00,2014-12-23 16:55:57,Q4,1350690000,1062575000,288115000.0,0.21330949366620025,0.0,120345000,0.0,12520000.0,119875000,1182450000,0.0,6309000.0,174549000.0,0.1292295049197077,168240000.0,0.12455855895875441,19916000.0,188538000.0,0.13958643360060413,57014000.0,131524000.0,0.09737541552835959,0.74,0.71,177540000,185669000,https://www.sec.gov/Archives/edgar/data/794170/000079417014000044/0000794170-14-000044-index.html,https://www.sec.gov/Archives/edgar/data/794170/000079417014000044/tol-20141031x10k.htm,1620598937,18:22:17,20210509
26,2014-07-31,TOL,USD,2014-09-05 00:00:00,2014-09-05 12:14:01,Q3,1056857000,817232000,239625000.0,0.22673360729029565,0.0,109981000,0.0,9367000.0,108694000,925926000,0.0,5595000.0,136526000.0,0.1291811474967758,130931000.0,0.12388714840323714,20172000.0,151325000.0,0.1431839879945915,53618000.0,97707000.0,0.09245053966619893,0.55,0.53,178217000,186501000,https://www.sec.gov/Archives/edgar/data/794170/000079417014000033/0000794170-14-000033-index.html,https://www.sec.gov/Archives/edgar/data/794170/000079417014000033/tol-20140731x10q.htm,1620598937,18:22:17,20210509
27,2014-04-30,TOL,USD,2014-06-06 00:00:00,2014-06-06 12:19:49,Q2,860374000,687998000,172376000.0,0.20035008031391,0.0,104320000,0.0,5581000.0,103898000,791896000,656000.0,5806000.0,74284000.0,0.0863391966749344,68478000.0,0.07959096857878085,24837000.0,93484000.0,0.1086550732588386,28262000.0,65222000.0,0.0758065678414271,0.37,0.35,178082000,186442000,https://www.sec.gov/Archives/edgar/data/794170/000079417014000026/0000794170-14-000026-index.html,https://www.sec.gov/Archives/edgar/data/794170/000079417014000026/tol-2014430x10q.htm,1620598937,18:22:17,20210509
28,2014-01-31,TOL,USD,2014-03-10,2014-03-10 13:58:33,Q1,643681000,514032000,129649000.0,0.20141809374519365,0.0,97870000,0.0,8331000.0,96982000,611014000,0.0,5289000.0,37956000.0,0.05896709705583977,32667000.0,0.050750294012096055,37504000.0,71235000.0,0.1106681725885959,25655000.0,45580000.0,0.07081147338510846,0.26,0.25,176474000,184888000,https://www.sec.gov/Archives/edgar/data/794170/000079417013000059/tol-20131031x10k.htm,https://www.sec.gov/Archives/edgar/data/794170/000079417013000059/tol-20131031x10k.htm,1620598937,18:22:17,20210509
29,2013-10-31,TOL,USD,2013-12-23 00:00:00,2013-12-23 14:15:51,Q4,1044534000,822261000,222273000.0,0.21279632831482748,0.0,93465000,0.0,12928000.0,92810000,915071000,0.0,6073000.0,135536000.0,0.12975738463276446,129463000.0,0.12394330869076545,19943000.0,150150000.0,0.14374831264468174,55245000.0,94905000.0,0.09085869871157856,0.56,0.54,169440000,177952000,https://www.sec.gov/Archives/edgar/data/794170/000079417013000059/0000794170-13-000059-index.html,https://www.sec.gov/Archives/edgar/data/794170/000079417013000059/tol-20131031x10k.htm,1620598937,18:22:17,20210509
30,2013-07-31,TOL,USD,2013-09-05 00:00:00,2013-09-05 15:42:28,Q3,689160000,545089000,144071000.0,0.20905305008996458,0.0,88870000,0.0,7779000.0,88114000,633203000,0.0,6369000.0,62326000.0,0.09043763422137094,55957000.0,0.08119594869116026,11260000.0,68253000.0,0.0990379592547449,21658000.0,46595000.0,0.0676112949097452,0.28,0.26,169268000,178001000,https://www.sec.gov/Archives/edgar/data/794170/000079417013000047/0000794170-13-000047-index.html,https://www.sec.gov/Archives/edgar/data/794170/000079417013000047/tol-2013731x10q.htm,1620598937,18:22:17,20210509
31,2013-04-30,TOL,USD,2013-06-10 00:00:00,2013-06-10 15:43:21,Q2,516004000,420013000,95991000.0,0.1860276276928086,0.0,79550000,0.0,4548000.0,79105000,499118000,0.0,6243000.0,23129000.0,0.044823295943442296,16886000.0,0.03272455252284866,22880000.0,40968000.0,0.07939473337415989,16294000.0,24674000.0,0.04781745877938931,0.15,0.14,169380000,178136000,https://www.sec.gov/Archives/edgar/data/794170/000079417013000026/0000794170-13-000026-index.html,https://www.sec.gov/Archives/edgar/data/794170/000079417013000026/tol-2013430x10q.htm,1620598937,18:22:17,20210509
32,2013-01-31,TOL,USD,2013-03-07 00:00:00,2013-03-07 12:14:41,Q1,424601000,345937000,78664000.0,0.18526569650095032,0.0,78047000,0.0,2328000.0,77369000,423306000,0.0,6525000.0,7820000.0,0.018417290585749917,1295000.0,0.0030499221622181764,5556000.0,8326000.0,0.01960899762365138,3894000.0,4432000.0,0.010438034766757497,0.026214924525623434,0.02493235299081351,169064000,177761000,https://www.sec.gov/Archives/edgar/data/794170/000079417013000010/0000794170-13-000010-index.html,https://www.sec.gov/Archives/edgar/data/794170/000079417013000010/tol-2013131x10q.htm,1620598937,18:22:17,20210509
33,2012-10-31,TOL,USD,2012-12-28 00:00:00,2012-12-28 16:27:12,Q4,632826000,505738000,127088000.0,0.20082613546219655,0.0,74472000,0.0,0.0,74472000,580210000,0.0,6063000.0,58679000.0,0.09272533050159128,52616000.0,0.08314449785565069,11434000.0,60749000.0,0.09599637183048737,-350668000.0,411417000.0,0.6501265750775095,2.44,2.35,168416000,174775000,https://www.sec.gov/Archives/edgar/data/794170/000079417012000030/0000794170-12-000030-index.html,https://www.sec.gov/Archives/edgar/data/794170/000079417012000030/tol-20121031x10k.htm,1620598937,18:22:17,20210509
34,2012-07-31,TOL,USD,2012-08-31 00:00:00,2012-08-31 12:32:41,Q3,554319000,447928000,106391000.0,0.19193100001984417,0.0,74892000,0.0,0.0,74892000,522820000,0.0,5825000.0,37324000.0,0.06733306994708822,31499000.0,0.056824680373575506,10336000.0,42952000.0,0.07748606849124783,-18691000.0,61643000.0,0.11120491991073732,0.37,0.36,167664000,170229000,https://www.sec.gov/Archives/edgar/data/794170/000079417012000014/0000794170-12-000014-index.html,https://www.sec.gov/Archives/edgar/data/794170/000079417012000014/tol-2012731x10q.htm,1620598937,18:22:17,20210509
35,2012-04-30,TOL,USD,2012-06-07,2012-06-07 10:08:16,Q2,373681000,306821000,66860000.0,0.17892266398345114,0.0,68256000,0.0,0.0,68256000,375077000,0.0,5469000.0,4073000.0,0.01089967110985038,-1396000.0,-0.0037358067442551266,17045000.0,15649000.0,0.04187796543040722,-1223000.0,16872000.0,0.045150810450624995,0.10103357006838569,0.10010976948408343,166994000,168535000,https://www.sec.gov/Archives/edgar/data/794170/000079417012000008/tol-2012430x10q.htm,https://www.sec.gov/Archives/edgar/data/794170/000079417012000008/tol-2012430x10q.htm,1620598937,18:22:17,20210509
36,2012-01-31,TOL,USD,2012-03-08 00:00:00,2012-03-08 15:04:11,Q1,321955000,271608000,50347000.0,0.1563789970648072,0.0,69637000,0.0,0.0,69637000,341245000,0.0,5229000.0,-14061000.0,-0.04367380534546753,-19290000.0,-0.05991520554114706,6687000.0,-6408000.0,-0.019903402649438587,-3622000.0,-2786000.0,-0.00865338323678775,-0.02,-0.02,166311000,166311000,https://www.sec.gov/Archives/edgar/data/794170/000119312512103495/0001193125-12-103495-index.html,https://www.sec.gov/Archives/edgar/data/794170/000119312512103495/d274920d10q.htm,1620598937,18:22:17,20210509
37,2011-10-31,TOL,USD,2011-12-22 00:00:00,2011-12-22 16:41:07,Q4,427785000,362504000,65281000.0,0.15260235866147714,0.0,68449000,0.0,0.0,68449000,430953000,0.0,6019000.0,2851000.0,0.006664562806082495,-3168000.0,-0.0074055892562852835,8623000.0,15277000.0,0.03571186460488329,234000.0,15043000.0,0.03516486085299859,0.09045102248197653,0.09045102248197653,166311000,166311000,https://www.sec.gov/Archives/edgar/data/794170/000095012311103874/0000950123-11-103874-index.html,https://www.sec.gov/Archives/edgar/data/794170/000095012311103874/c22643e10vk.htm,1620598937,18:22:17,20210509
38,2011-07-31,TOL,USD,2011-09-07 00:00:00,2011-09-07 13:02:48,Q3,394305000,339947000,54358000.0,0.13785774971151774,0.0,64605000,0.0,0.0,64605000,404552000,0.0,6786000.0,-3461000.0,-0.008777469217991149,-10247000.0,-0.025987496988371946,12055000.0,3888000.0,0.009860387263666451,-38220000.0,42108000.0,0.10679042872902955,0.2505310129406515,0.248662438436736,168075000,169338000,https://www.sec.gov/Archives/edgar/data/794170/000095012311082949/0000950123-11-082949-index.html,https://www.sec.gov/Archives/edgar/data/794170/000095012311082949/c18586e10vq.htm,1620598937,18:22:17,20210509
39,2011-04-30,TOL,USD,2011-06-07 00:00:00,2011-06-07 09:28:05,Q2,319675000,276354000,43321000.0,0.13551575819191367,0.0,67050000,0.0,0.0,67050000,343404000,392000.0,5950000.0,-17779000.0,-0.05561585985766795,-23729000.0,-0.07422851333385469,-10870000.0,-31484000.0,-0.0984875263939939,-10711000.0,-20773000.0,-0.06498162195980292,-0.12,-0.12,166910000,166910000,https://www.sec.gov/Archives/edgar/data/794170/000095012311057118/0000950123-11-057118-index.html,https://www.sec.gov/Archives/edgar/data/794170/000095012311057118/c16889e10vq.htm,1620598937,18:22:17,20210509
40,2011-01-31,TOL,USD,2011-03-08,2011-03-08 11:34:45,Q1,334116000,281965000,52151000.0,0.15608650887715644,0.0,61251000,0.0,0.0,61251000,343216000,1112000.0,4387000.0,-4713000.0,-0.014105879395180118,-9100000.0,-0.027236049755174848,-11002000.0,-17047000.0,-0.05102120221719403,-20464000.0,3417000.0,0.010226987034443127,0.0205007289548048,0.020324647129151028,166677000,168121000,https://www.sec.gov/Archives/edgar/data/794170/000095012310115566/c06107e10vk.htm,https://www.sec.gov/Archives/edgar/data/794170/000095012310115566/c06107e10vk.htm,1620598937,18:22:17,20210509
41,2010-10-31,TOL,USD,2010-12-22 00:00:00,2010-12-22 06:01:36,Q4,402600000,367152000,35448000.0,0.08804769001490313,0.0,69237000,0.0,0.0,69237000,436389000,4163000.0,6089000.0,-27700000.0,-0.06880278191753601,-33789000.0,-0.08392697466467958,18653000.0,-9467000.0,-0.023514654744162942,-59946000.0,50479000.0,0.12538251366120218,0.30285522297617545,0.30285522297617545,166677000,166677000,https://www.sec.gov/Archives/edgar/data/794170/000095012310115566/0000950123-10-115566-index.html,https://www.sec.gov/Archives/edgar/data/794170/000095012310115566/c06107e10vk.htm,1620598937,18:22:17,20210509
42,2010-07-31,TOL,USD,2010-09-08 00:00:00,2010-09-08 06:01:22,Q3,454202000,392416000,61786000.0,0.13603198576844663,0.0,67165000,0.0,0.0,67165000,459581000,5124000.0,4930000.0,-449000.0,-0.0009885469460724525,-5379000.0,-0.011842748380676438,3171000.0,823000.0,0.0018119691238699962,-26479000.0,27302000.0,0.0601098189792207,0.16471596119503837,0.1628434074127092,165752000,167658000,https://www.sec.gov/Archives/edgar/data/794170/000095012310084336/0000950123-10-084336-index.html,https://www.sec.gov/Archives/edgar/data/794170/000095012310084336/c05472e10vq.htm,1620598937,18:22:17,20210509
43,2010-04-30,TOL,USD,2010-06-08 00:00:00,2010-06-08 06:01:47,Q2,311271000,305739000,5532000.0,0.017772294881309214,0.0,59549000,0.0,0.0,59549000,365288000,6207000.0,4539000.0,-49478000.0,-0.1589547371904225,-54017000.0,-0.17353688586472882,1280000.0,-51789000.0,-0.16637913586553196,-11388000.0,-40401000.0,-0.1297936524764594,-0.24,-0.24,165407000,165407000,https://www.sec.gov/Archives/edgar/data/794170/000095012310056464/0000950123-10-056464-index.html,https://www.sec.gov/Archives/edgar/data/794170/000095012310056464/c02096e10vq.htm,1620598937,18:22:17,20210509
44,2010-01-31,TOL,USD,2010-03-10 00:00:00,2010-03-10 17:00:52,Q1,326698000,317768000,8930000.0,0.027334112850400064,0.0,67273000,0.0,0.0,67273000,385041000,7257000.0,4486000.0,-53857000.0,-0.16485255495901413,-58343000.0,-0.17858389093291052,366000.0,-56754000.0,-0.17372007174822007,-16000000.0,-40754000.0,-0.12474517750338233,-0.25,-0.25,165237000,165237000,https://www.sec.gov/Archives/edgar/data/794170/000095012310023127/0000950123-10-023127-index.html,https://www.sec.gov/Archives/edgar/data/794170/000095012310023127/w77605e10vq.htm,1620598937,18:22:17,20210509
45,2009-10-31,TOL,USD,2009-12-21 00:00:00,2009-12-21 17:02:19,Q4,486585000,506024000,-19439000.0,-0.03994985459888817,0.0,85432000,0.0,0.0,85432000,591456000,11626000.0,5572000.0,-99299000.0,-0.2040732862706413,-104871000.0,-0.21552452295076913,837000.0,-106736000.0,-0.21935735791280045,4698000.0,-111434000.0,-0.22901240276621762,-0.674388908053281,-0.674388908053281,165237000,165237000,https://www.sec.gov/Archives/edgar/data/794170/000095012309072352/0000950123-09-072352-index.html,https://www.sec.gov/Archives/edgar/data/794170/000095012309072352/w76594e10vk.htm,1620598937,18:22:17,20210509
46,2009-07-31,TOL,USD,2009-09-03 00:00:00,2009-09-03 17:08:55,Q3,461375000,511548000,-50173000.0,-0.10874668111622866,0.0,68617000,0.0,0.0,68617000,580165000,0.0,6269000.0,-112521000.0,-0.2438818748306692,-118790000.0,-0.2574695204551612,-3739000.0,-111264000.0,-0.24115740991601192,361067000.0,-472331000.0,-1.0237464101869411,-2.93,-2.93,161245000,161245000,https://www.sec.gov/Archives/edgar/data/794170/000095012309040931/0000950123-09-040931-index.html,https://www.sec.gov/Archives/edgar/data/794170/000095012309040931/w75550e10vq.htm,1620598937,18:22:17,20210509
47,2009-04-30,TOL,USD,2009-06-08 00:00:00,2009-06-08 15:02:28,Q2,398327000,447760000,-49433000.0,-0.12410155475275339,0.0,81346000,0.0,0.0,81346000,529106000,2067000.0,6230000.0,-124549000.0,-0.312680285293239,-130779000.0,-0.32832070133332664,481000.0,-121904000.0,-0.30604001235166084,-38739000.0,-83165000.0,-0.20878574638425212,-0.52,-0.52,161134000,161134000,https://www.sec.gov/Archives/edgar/data/794170/000095012309012192/0000950123-09-012192-index.html,https://www.sec.gov/Archives/edgar/data/794170/000095012309012192/w74362e10vq.htm,1620598937,18:22:17,20210509
48,2009-01-31,TOL,USD,2009-03-11 00:00:00,2009-03-11 06:05:51,Q1,409023000,485980000,-76957000.0,-0.18814834373617131,0.0,84951000,0.0,0.0,84951000,570931000,812000.0,5854000.0,-156054000.0,-0.3815286670920706,-161908000.0,-0.3958408206873452,-5097000.0,-156561000.0,-0.382768206188894,-67666000.0,-88895000.0,-0.2173349664933268,-0.55,-0.55,160700000,160700000,https://www.sec.gov/Archives/edgar/data/794170/000095013309000692/0000950133-09-000692-index.html,https://www.sec.gov/Archives/edgar/data/794170/000095013309000692/w73103e10vq.htm,1620598937,18:22:17,20210509
49,2008-10-31,TOL,USD,2008-12-19 00:00:00,2008-12-19 14:43:40,Q4,698901000,652612000,46289000.0,0.06623112572453037,0.0,96767000,0.0,0.0,121567000,774179000,0.0,7271000.0,-68007000.0,-0.09730562697721136,-75278000.0,-0.1077091032921687,-53870000.0,-106026000.0,-0.1517038893920598,-27205000.0,-78821000.0,-0.1127784908019877,-0.49048537647790913,-0.49048537647790913,160700000,160700000,https://www.sec.gov/Archives/edgar/data/794170/000089322008003218/0000893220-08-003218-index.html,https://www.sec.gov/Archives/edgar/data/794170/000089322008003218/w71937e10vk.htm,1620598937,18:22:17,20210509
50,2008-07-31,TOL,USD,2008-09-09 00:00:00,2008-09-09 06:05:11,Q3,797670000,716660000,81010000.0,0.10155828851530081,0.0,103104000,0.0,0.0,126274000,842934000,0.0,6980000.0,-38284000.0,-0.047994784810761346,-45264000.0,-0.05674527060062432,-30113000.0,-54795000.0,-0.06869382075294295,-25500000.0,-29295000.0,-0.03672571364097935,-0.18,-0.18,158761000,158761000,https://www.sec.gov/Archives/edgar/data/794170/000089322008002535/0000893220-08-002535-index.html,https://www.sec.gov/Archives/edgar/data/794170/000089322008002535/w67025e10vq.htm,1620598937,18:22:17,20210509
51,2008-04-30,TOL,USD,2008-06-06 00:00:00,2008-06-06 11:57:20,Q2,818790000,819967000,-1177000.0,-0.001437487023534728,0.0,108705000,0.0,0.0,131862000,951829000,0.0,7121000.0,-125918000.0,-0.15378546391626668,-133039000.0,-0.16248244360580857,-81557000.0,-154011000.0,-0.18809584875242735,-60274000.0,-93737000.0,-0.11448234590065828,-0.59,-0.59,158621000,158621000,https://www.sec.gov/Archives/edgar/data/794170/000089322008001748/0000893220-08-001748-index.html,https://www.sec.gov/Archives/edgar/data/794170/000089322008001748/w59883e10vq.htm,1620598937,18:22:17,20210509
52,2008-01-31,TOL,USD,2008-03-10,2008-03-10 09:44:10,Q1,842852000,847518000,-4666000.0,-0.005535965982165315,0.0,121318000,0.0,0.0,142285000,989803000,0.0,6961000.0,-139990000.0,-0.16609084394413254,-146951000.0,-0.17434970789652277,-24086000.0,-151955000.0,-0.18028669327473862,-55998000.0,-95957000.0,-0.113847982801251,-0.61,-0.61,157813000,157813000,https://www.sec.gov/Archives/edgar/data/794170/000089322007004038/w44632e10vk.htm,https://www.sec.gov/Archives/edgar/data/794170/000089322007004038/w44632e10vk.htm,1620598937,18:22:17,20210509
53,2007-10-31,TOL,USD,2007-12-21 00:00:00,2007-12-21 11:06:19,Q4,1169340000,1041292000,128048000.0,0.10950450681581063,0.0,120465000,0.0,0.0,222913000,1264205000,0.0,7319000.0,-87546000.0,-0.07486787418543794,-94865000.0,-0.08112696050763679,-55728000.0,-121059000.0,-0.10352763097131715,-39218000.0,-81841000.0,-0.0699890536541981,-0.5185947925709542,-0.5185947925709542,157813000,157813000,https://www.sec.gov/Archives/edgar/data/794170/000089322007004038/0000893220-07-004038-index.html,https://www.sec.gov/Archives/edgar/data/794170/000089322007004038/w44632e10vk.htm,1620598937,18:22:17,20210509
54,2007-07-31,TOL,USD,2007-09-06 00:00:00,2007-09-06 17:00:16,Q3,1212351000,1078308000,134043000.0,0.11056451473211966,0.0,131686000,0.0,0.0,131686000,1209994000,0.0,7264000.0,9621000.0,0.007935820566816045,2357000.0,0.0019441564365435423,3848000.0,45046000.0,0.037155906169087996,18560000.0,26486000.0,0.02184680839129922,0.17,0.16,155556000,164375000,https://www.sec.gov/Archives/edgar/data/794170/000089322007003043/0000893220-07-003043-index.html,https://www.sec.gov/Archives/edgar/data/794170/000089322007003043/w39248e10vq.htm,1620598937,18:22:17,20210509
55,2007-04-30,TOL,USD,2007-06-08 00:00:00,2007-06-08 13:30:15,Q2,1174677000,1007350000,167327000.0,0.1424451146996153,0.0,130367000,0.0,0.0,130367000,1137717000,0.0,8366000.0,45326000.0,0.03858592617374819,36960000.0,0.03146396839301357,4735000.0,59493000.0,0.05064626275989059,22803000.0,36690000.0,0.031234117974558114,0.24,0.22,154716000,164294000,https://www.sec.gov/Archives/edgar/data/794170/000089322007002116/0000893220-07-002116-index.html,https://www.sec.gov/Archives/edgar/data/794170/000089322007002116/w35823e10vq.htm,1620598937,18:22:17,20210509
56,2007-01-31,TOL,USD,2007-03-09,2007-03-09 13:54:36,Q1,1090611000,873337000,217274000.0,0.1992222708188346,0.0,134210000,0.0,0.0,165826000,1039163000,0.0,8291000.0,59739000.0,0.05477571746479726,51448000.0,0.04717355684107349,-2181000.0,87200000.0,0.07995518108656524,32884000.0,54316000.0,0.049803275411672905,0.35,0.33,154212000,164048000,https://www.sec.gov/Archives/edgar/data/794170/000112528207000094/b416604_10k.htm,https://www.sec.gov/Archives/edgar/data/794170/000112528207000094/b416604_10k.htm,1620598937,18:22:17,20210509
57,2006-10-31,TOL,USD,2007-01-05,2007-01-05 16:13:34,Q4,1808751000,1283909000,524842000.0,0.2901681878821352,0.0,144063000,0.0,0.0,266056000,1549965000,0.0,8904000.0,267690000.0,0.14799715383709533,258786000.0,0.14307441986210373,11699000.0,291157000.0,0.16097130008497576,117363000.0,173794000.0,0.09608508855005471,1.1269810390890462,1.1269810390890462,154212000,154212000,https://www.sec.gov/Archives/edgar/data/794170/000112528207000094/b416604_10k.htm,https://www.sec.gov/Archives/edgar/data/794170/000112528207000094/b416604_10k.htm,1620598937,18:22:17,20210509
58,2006-07-31,TOL,USD,2006-09-01,2006-09-01 13:18:30,Q3,1531213000,1114830000,416383000.0,0.2719301625573973,0.0,148117000,0.0,0.0,148117000,1262947000,0.0,8231000.0,276497000.0,0.18057383264118054,268266000.0,0.17519835581333232,7269000.0,285234000.0,0.18627976643353994,110602000.0,174632000.0,0.11404814353065185,1.14,1.07,153723000,163514000,https://www.sec.gov/Archives/edgar/data/794170/000112528206005557/p414774_10q.htm,https://www.sec.gov/Archives/edgar/data/794170/000112528206005557/p414774_10q.htm,1620598937,18:22:17,20210509
59,2006-04-30,TOL,USD,2006-06-06,2006-06-06 14:23:20,Q2,1442533000,1009824000,432709000.0,0.299964714845345,0.0,142046000,0.0,0.0,171921000,1181745000,0.0,7822000.0,268610000.0,0.18620717862260344,260788000.0,0.18078477234142998,12824000.0,284578000.0,0.1972765960986681,109641000.0,174937000.0,0.12127070923160857,1.13,1.06,154763000,165727000,https://www.sec.gov/Archives/edgar/data/794170/000112528206003278/p413541-10q.htm,https://www.sec.gov/Archives/edgar/data/794170/000112528206003278/p413541-10q.htm,1620598937,18:22:17,20210509
60,2006-01-31,TOL,USD,2006-03-10 00:00:00,2006-03-10 12:51:32,Q1,1340956000,935273000,405683000.0,0.30253267072148526,0.0,139178000,0.0,0.0,167932000,1103205000,0.0,7357000.0,245108000.0,0.18278601236729616,237751000.0,0.1772996280265721,16569000.0,265647000.0,0.19810269688192603,101797000.0,163850000.0,0.12218894579687924,1.06,0.98,155076000,167027000,https://www.sec.gov/Archives/edgar/data/794170/000095011606000763/0000950116-06-000763-index.html,https://www.sec.gov/Archives/edgar/data/794170/000095011606000763/ten-q.htm,1620598937,18:22:17,20210509
61,2005-10-31,TOL,USD,2006-01-13,2006-01-13 10:18:26,Q4,1984109000,1371521000,612588000.0,0.308747150484172,0.0,133080000,0.0,0.0,258363000,1629884000,0.0,7141000.0,361366000.0,0.1821301148273608,354225000.0,0.17853101820514902,18205000.0,508698000.0,0.2563861158837544,198446000.0,310252000.0,0.15636842532340714,2.000644845108205,2.000644845108205,155076000,155076000,https://www.sec.gov/Archives/edgar/data/794170/000095011606000078/ten-k.htm,https://www.sec.gov/Archives/edgar/data/794170/000095011606000078/ten-k.htm,1620598937,18:22:17,20210509
62,2005-07-31,TOL,USD,2005-09-08,2005-09-08,Q3,1561896000,1033355000,528541000.0,0.33839705076394333,0.0,126283000,0.0,0.0,126283000,1159638000,0.0,6327000.0,408585000.0,0.26159552236512545,402258000.0,0.2575446764701363,175000.0,362608000.0,0.23215886333020894,147076000.0,215532000.0,0.1379938228921772,1.39,1.27,155274000,169843000,https://www.sec.gov/Archives/edgar/data/794170/000095011605002987/0000950116-05-002987-index.htm,https://www.sec.gov/Archives/edgar/data/794170/000095011605002987/ten-q.txt,1620598937,18:22:17,20210509
63,2005-04-30,TOL,USD,2005-04-30,2005-04-30,Q2,1248280000,835965000,412315000.0,0.330306501746403,0.0,116358000,0.0,0.0,116358000,952323000,0.0,5678000.0,301635000.0,0.24164049732431825,295957000.0,0.23709183836959657,3373000.0,267831000.0,0.21456003460762008,97698000.0,170133000.0,0.13629394046207582,1.1,1.005,154626000,169352000,,,1620598937,18:22:17,20210509
64,2005-01-31,TOL,USD,2005-01-31,2005-01-31,Q1,999140000,686272000,312868000.0,0.31313729807634566,0.0,107065000,0.0,0.0,107065000,793337000,0.0,5201000.0,211004000.0,0.2111856196328843,205803000.0,0.2059801429229137,1935000.0,183991000.0,0.1841493684568729,73798000.0,110193000.0,0.11028784754889205,0.725,0.665,151652000,166084000,,,1620598937,18:22:17,20210509
65,2004-10-31,TOL,USD,2004-10-31,2004-10-31,Q4,1462577000,1032199000,430378000.0,0.2942600628889966,0.0,110925000,0.0,0.0,110925000,1143124000,0.0,10536000.0,329989000.0,0.22562162539134692,319453000.0,0.21841790210019713,8786000.0,286120000.0,0.19562730714348714,105546000.0,180574000.0,0.1234629014404028,1.1907129480653074,1.1907129480653074,151652000,151652000,,,1620598937,18:22:17,20210509
66,2004-07-31,TOL,USD,2004-09-09,2004-09-09 16:30:22,Q3,1013119000,716993000,296126000.0,0.29229142874627756,0.0,103608000,0.0,0.0,103608000,820601000,0.0,3895000.0,196413000.0,0.1938696243975288,192518000.0,0.1900250612218308,5070000.0,167821000.0,0.1656478656505307,61806000.0,106015000.0,0.10464219899143141,0.715,0.655,148704000,161840000,https://www.sec.gov/Archives/edgar/data/794170/000095011604002748/tenq.htm,https://www.sec.gov/Archives/edgar/data/794170/000095011604002748/tenq.htm,1620598937,18:22:17,20210509
67,2004-04-30,TOL,USD,2004-06-09,2004-06-08 18:36:38,Q2,819485000,586126000,233359000.0,0.28476299139093453,0.0,89894000,0.0,0.0,89894000,676020000,0.0,3773000.0,147238000.0,0.17967137897582017,143465000.0,0.17506726785725182,-7019000.0,114521000.0,0.13974752435981133,42083000.0,72438000.0,0.08839454047359012,0.485,0.445,148812000,162852000,https://www.sec.gov/Archives/edgar/data/794170/000095011604001829/ten_q.htm,https://www.sec.gov/Archives/edgar/data/794170/000095011604001829/ten_q.htm,1620598937,18:22:17,20210509
68,2004-01-31,TOL,USD,2004-03-15 00:00:00,2004-03-15 14:52:31,Q1,597912000,427731000,170181000.0,0.2846254967286156,0.0,76653000,0.0,0.0,76653000,504384000,0.0,3563000.0,97091000.0,0.1623834276615957,93528000.0,0.15642435676153013,665000.0,78970000.0,0.13207629216339528,28886000.0,50084000.0,0.08376483495899062,0.34,0.31,147678000,161638000,https://www.sec.gov/Archives/edgar/data/794170/000095011604000836/0000950116-04-000836-index.html,https://www.sec.gov/Archives/edgar/data/794170/000095011604000836/ten-q.htm,1620598937,18:22:17,20210509
69,2003-10-31,TOL,USD,2003-10-31,2003-10-31,Q4,903364000,647207000,256157000.0,0.28355900832886854,0.0,81983000,0.0,0.0,81983000,729190000,0.0,3234000.0,177408000.0,0.19638595294919878,174174000.0,0.19280600068189566,-3021000.0,147762000.0,0.16356861685876348,54380000.0,93382000.0,0.10337139846174964,0.6323352158073646,0.6323352158073646,147678000,147678000,,,1620598937,18:22:17,20210509
70,2003-07-31,TOL,USD,2003-07-31,2003-07-31,Q3,693685000,494984000,198701000.0,0.286442693729863,0.0,73216000,0.0,0.0,73216000,568200000,0.0,2913000.0,128398000.0,0.18509554048307228,125485000.0,0.18089622811506664,555000.0,107855000.0,0.15548123427780622,39696000.0,68159000.0,0.09825641321349027,0.49,0.45,139696000,151068000,,,1620598937,18:22:17,20210509
71,2003-04-30,TOL,USD,2003-04-30,2003-04-30,Q2,607932000,440337000,167595000.0,0.2756805037405499,0.0,67515000,0.0,0.0,67515000,507852000,0.0,2883000.0,102963000.0,0.1693659817216399,100080000.0,0.16462367501628472,-108000.0,83616000.0,0.13754169874262254,30751000.0,52865000.0,0.08695873880631387,0.38,0.36,139718000,147202000,,,1620598937,18:22:17,20210509
72,2003-01-31,TOL,USD,2003-03-14,2003-03-14,Q1,567320000,412786000,154534000.0,0.27239300571106256,0.0,65623000,0.0,0.0,65623000,478409000,0.0,3045000.0,91956000.0,0.16208841570894733,88911000.0,0.1567210745258408,-3637000.0,71920000.0,0.12677148699146865,26506000.0,45414000.0,0.0800500599309032,0.325,0.305,140814000,148616000,https://www.sec.gov/Archives/edgar/data/794170/000095011603001932/0000950116-03-001932-index.htm,https://www.sec.gov/Archives/edgar/data/794170/000095011603001932/tenq.txt,1620598937,18:22:17,20210509
73,2002-10-31,TOL,USD,2003-01-13,2003-01-13,Q4,705590000,513157000,192433000.0,0.27272637083858897,0.0,63257000,0.0,0.0,63257000,576414000,0.0,2391000.0,131567000.0,0.18646381042815233,129176000.0,0.18307515696084128,127000.0,109905000.0,0.15576326195099136,40522000.0,69383000.0,0.09833330971243924,0.49272799579587256,0.49272799579587256,140814000,140814000,https://www.sec.gov/Archives/edgar/data/794170/000095011603000080/0000950116-03-000080-index.htm,https://www.sec.gov/Archives/edgar/data/794170/000095011603000080/ten-k.txt,1620598937,18:22:17,20210509
74,2002-07-31,TOL,USD,2002-09-10 00:00:00,2002-09-10 17:00:19,Q3,580707000,418604000,162103000.0,0.27914765966313476,0.0,61874000,0.0,0.0,61874000,480478000,0.0,2741000.0,102970000.0,0.17731833781924447,100229000.0,0.17259822939968006,246000.0,84603000.0,0.1456896507188651,31103000.0,53500000.0,0.09212907714217325,0.38,0.35,141670000,153370000,https://www.sec.gov/Archives/edgar/data/794170/000095011602002092/0000950116-02-002092-index.html,https://www.sec.gov/Archives/edgar/data/794170/000095011602002092/tenq.txt,1620598937,18:22:17,20210509
75,2002-04-30,TOL,USD,2002-04-30,2002-04-30,Q2,550496000,393599000,156897000.0,0.2850102453060513,0.0,58594000,0.0,0.0,58594000,452193000,0.0,2460000.0,100763000.0,0.18304038539789572,98303000.0,0.17857168807766088,1497000.0,82826000.0,0.1504570423763297,30316000.0,52510000.0,0.09538670580712666,0.37,0.345,141698000,152474000,,,1620598937,18:22:17,20210509
76,2002-01-31,TOL,USD,2002-01-31,2002-01-31,Q1,492179000,355642000,136537000.0,0.2774132988201447,0.0,52398000,0.0,0.0,52398000,408040000,0.0,2903000.0,87042000.0,0.17685029227171414,84139000.0,0.17095203167953124,0.0,69984000.0,0.14219216992191866,25490000.0,44494000.0,0.0904020691658929,0.3175,0.3,140004000,148488000,,,1620598937,18:22:17,20210509
77,2001-10-31,TOL,USD,2001-09-11,2001-09-11,Q4,675045000,472993000,202052000.0,0.29931634187350475,0.0,56835000,0.0,0.0,115082000,588075000,0.0,2123000.0,89093000.0,0.13198083090756912,86970000.0,0.12883585538741862,-819000.0,108183000.0,0.16026042708263893,39657000.0,68526000.0,0.10151323245116992,0.4894574440730265,0.4894574440730265,140004000,140004000,https://www.sec.gov/Archives/edgar/data/794170/000079417001500015/0000794170-01-500015-index.htm,https://www.sec.gov/Archives/edgar/data/794170/000079417001500015/jul10qa.txt,1620598937,18:22:17,20210509
78,2001-07-31,TOL,USD,2001-09-06 00:00:00,2001-09-06 00:00:00,Q3,576228000,419829000,156399000.0,0.27141860513546723,0.0,54555000,0.0,0.0,54555000,474384000,0.0,2360000.0,104204000.0,0.1808381404582908,101844000.0,0.17674253941148296,2314000.0,94160000.0,0.16340754007094413,34716000.0,59444000.0,0.10316055450273155,0.415,0.385,143352000,154824000,https://www.sec.gov/Archives/edgar/data/794170/000079417001500013/0000794170-01-500013-index.html,https://www.sec.gov/Archives/edgar/data/794170/000079417001500013/corrjul10q.txt,1620598937,18:22:17,20210509
79,2001-04-30,TOL,USD,2001-06-14 00:00:00,2001-06-14 00:00:00,Q2,509056000,377565000,131491000.0,0.25830360510435,0.0,51390000,0.0,0.0,51390000,428955000,0.0,2608000.0,82709000.0,0.16247524830274077,80101000.0,0.15735203985416144,2875000.0,72351000.0,0.14212778161931103,26573000.0,45778000.0,0.0899272378677395,0.315,0.2925,145712000,157128000,https://www.sec.gov/Archives/edgar/data/794170/000079417001500005/0000794170-01-500005-index.html,https://www.sec.gov/Archives/edgar/data/794170/000079417001500005/aprqb.txt,1620598937,18:22:17,20210509
80,2001-01-31,TOL,USD,2001-04-19,2001-04-19,Q1,469276000,353353000,115923000.0,0.2470252047835389,0.0,46949000,0.0,0.0,46949000,400302000,0.0,2265000.0,71239000.0,0.151806186551198,68974000.0,0.1469796026219112,2386000.0,63195000.0,0.13466488804030038,23270000.0,39925000.0,0.08507786462550823,0.275,0.2525,144652000,157660000,https://www.sec.gov/Archives/edgar/data/794170/000079417001000008/0000794170-01-000008-index.htm,https://www.sec.gov/Archives/edgar/data/794170/000079417001000008/0000794170-01-000008-0001.txt,1620598937,18:22:17,20210509
81,2000-10-31,TOL,USD,2000-10-31,2000-10-31,Q4,614470000,453887000,160583000.0,0.26133578531091833,0.0,51051000,0.0,0.0,53464000,507351000,0.0,2413000.0,109532000.0,0.17825443064754992,107119000.0,0.17432746920110012,0.0,92484000.0,0.15051019577847577,34118000.0,58366000.0,0.09498592282780283,0.40349251997898405,0.40349251997898405,144652000,144652000,,,1620598937,18:22:17,20210509
82,2000-07-31,TOL,USD,2000-09-12 00:00:00,2000-09-12 00:00:00,Q3,461718000,347499000,114219000.0,0.24737826985302716,0.0,44177000,0.0,0.0,46326000,393825000,0.0,2149000.0,70042000.0,0.15169865588952564,67893000.0,0.14704429976739047,0.0,58791000.0,0.12733096825334944,21557000.0,37234000.0,0.08064229681320632,0.2575,0.25,144584000,148876000,https://www.sec.gov/Archives/edgar/data/794170/000079417000000016/0000794170-00-000016-index.html,https://www.sec.gov/Archives/edgar/data/794170/000079417000000016/0000794170-00-000016-0001.txt,1620598937,18:22:17,20210509
83,2000-04-30,TOL,USD,2000-06-07 00:00:00,2000-06-07 00:00:00,Q2,385477000,294222000,91255000.0,0.2367326714693743,0.0,39673000,0.0,0.0,41539000,335761000,0.0,1866000.0,51582000.0,0.13381343115153432,49716000.0,0.12897267541254082,3069000.0,44363000.0,0.11508598437779687,16413000.0,27950000.0,0.07250756854494561,0.1925,0.1875,145584000,148144000,https://www.sec.gov/Archives/edgar/data/794170/000079417000000014/0000794170-00-000014-index.html,https://www.sec.gov/Archives/edgar/data/794170/000079417000000014/0000794170-00-000014-0001.txt,1620598937,18:22:17,20210509
84,2000-01-31,TOL,USD,2000-01-31,2000-01-31,Q1,343200000,262700000,80500000.0,0.23455710955710957,0.0,35500000,0.0,0.0,37600000,300300000,0.0,2100000.0,45000000.0,0.13111888111888112,42900000.0,0.125,1300000.0,35300000.0,0.10285547785547786,12900000.0,22400000.0,0.06526806526806526,0.15354665350552493,0.15172451163672818,145884000,147636000,,,1620598937,18:22:17,20210509
85,1999-10-31,TOL,USD,1999-10-31,1999-10-31,Q4,441600000,339200000,102400000.0,0.2318840579710145,0.0,37300000,0.0,0.0,39000000,378200000,0.0,1700000.0,65100000.0,0.14741847826086957,63400000.0,0.14356884057971014,0.0,52900000.0,0.11979166666666667,19500000.0,33400000.0,0.0756340579710145,0.2289490279948452,0.2289490279948452,145884000,145884000,,,1620598937,18:22:17,20210509
86,1999-07-31,TOL,USD,1999-07-31,1999-07-31,Q3,403200000,311200000,92000000.0,0.22817460317460317,0.0,34100000,0.0,0.0,36100000,347300000,0.0,2000000.0,57900000.0,0.14360119047619047,55900000.0,0.13864087301587302,0.0,47600000.0,0.11805555555555555,17500000.0,30100000.0,0.07465277777777778,0.205,0.2,146829268,150500000,,,1620598937,18:22:17,20210509
87,1999-04-30,TOL,USD,1999-04-30,1999-04-30,Q2,340000000,264500000,75500000.0,0.22205882352941175,0.0,32200000,0.0,0.0,34000000,298500000,0.0,1700000.0,43200000.0,0.12705882352941175,41500000.0,0.12205882352941176,2700000.0,34700000.0,0.10205882352941177,12600000.0,22100000.0,0.065,0.15,0.1475,147333333,149830508,,,1620598937,18:22:17,20210509
88,1999-01-31,TOL,USD,1999-01-31,1999-01-31,Q1,270700000,209800000,60900000.0,0.22497229405245658,0.0,26600000,0.0,0.0,27800000,237600000,0.0,1200000.0,34300000.0,0.12670853343184338,33100000.0,0.12227558182489841,2200000.0,27500000.0,0.10158847432582194,10100000.0,15900000.0,0.05873660879202069,0.1075,0.105,147906977,151428571,,,1620598937,18:22:17,20210509
89,1998-10-31,TOL,USD,1999-01-19,1999-01-19,Q4,373700000,288900000,84800000.0,0.22691998929622692,0.0,29700000,0.0,0.0,31000000,319900000,0.0,1300000.0,55100000.0,0.14744447417714746,53800000.0,0.14396574792614397,700000.0,43500000.0,0.1164035322451164,15700000.0,27800000.0,0.07439122290607439,0.1879559745176862,0.1879559745176862,147906977,147906977,https://www.sec.gov/Archives/edgar/data/794170/0000794170-99-000002-index.html,https://www.sec.gov/Archives/edgar/data/794170/,1620598937,18:22:17,20210509
90,1998-07-31,TOL,USD,1998-07-31,1998-07-31,Q3,341200000,261300000,79900000.0,0.23417350527549824,0.0,28500000,0.0,0.0,29800000,291100000,0.0,1300000.0,51400000.0,0.15064478311840562,50100000.0,0.14683470105509966,1000000.0,40700000.0,0.11928487690504103,15000000.0,25700000.0,0.07532239155920281,0.175,0.1675,146857143,153432836,,,1620598937,18:22:17,20210509
91,1998-04-30,TOL,USD,1998-04-30,1998-04-30,Q2,248200000,190900000,57300000.0,0.23086220789685738,0.0,25000000,0.0,0.0,26400000,217300000,0.0,1400000.0,32300000.0,0.13013698630136986,30900000.0,0.12449637389202256,1400000.0,24700000.0,0.09951651893634166,9000000.0,14600000.0,0.058823529411764705,0.0975,0.095,149743590,153684211,,,1620598937,18:22:17,20210509
92,1998-01-31,TOL,USD,1998-01-31,1998-01-31,Q1,243200000,187300000,55900000.0,0.22985197368421054,0.0,23500000,0.0,0.0,25100000,212400000,0.0,1600000.0,32400000.0,0.13322368421052633,30800000.0,0.12664473684210525,1500000.0,25400000.0,0.10444078947368421,8800000.0,16600000.0,0.06825657894736842,0.1175,0.11,141276596,150909091,,,1620598937,18:22:17,20210509
93,1997-10-31,TOL,USD,1997-10-31,1997-10-31,Q4,320600000,242900000,77700000.0,0.2423580786026201,0.0,25500000,0.0,0.0,26600000,269500000,0.0,1100000.0,52200000.0,0.16281971303805365,51100000.0,0.15938864628820962,0.0,39000000.0,0.12164691203992514,14500000.0,24500000.0,0.07641921397379912,0.17341867438538794,0.17341867438538794,141276596,141276596,,,1620598937,18:22:17,20210509
94,1997-07-31,TOL,USD,1997-09-10 00:00:00,1997-09-10 00:00:00,Q3,241200000,185200000,56000000.0,0.23217247097844113,0.0,21900000,0.0,0.0,23000000,208200000,0.0,1100000.0,34100000.0,0.1413764510779436,33000000.0,0.13681592039800994,600000.0,26500000.0,0.10986733001658375,9900000.0,16600000.0,0.06882255389718077,0.12,0.115,138333333,144347826,https://www.sec.gov/Archives/edgar/data/794170/000079417097000014/0000794170-97-000014-index.html,https://www.sec.gov/Archives/edgar/data/794170/0000794170-97-000014.txt,1620598937,18:22:17,20210509
95,1997-04-30,TOL,USD,1997-06-06 00:00:00,1997-06-06 00:00:00,Q2,208500000,161600000,46900000.0,0.2249400479616307,0.0,20100000,0.0,0.0,21100000,182700000,0.0,1000000.0,26800000.0,0.12853717026378897,25800000.0,0.1237410071942446,700000.0,19900000.0,0.09544364508393285,7300000.0,12600000.0,0.060431654676258995,0.0925,0.0875,136216216,144000000,https://www.sec.gov/Archives/edgar/data/794170/000079417097000008/0000794170-97-000008-index.html,https://www.sec.gov/Archives/edgar/data/794170/0000794170-97-000008.txt,1620598937,18:22:17,20210509
96,1997-01-31,TOL,USD,1997-01-31,1997-01-31,Q1,201400000,154500000,46900000.0,0.23286991062562065,0.0,18800000,0.0,0.0,19700000,174200000,0.0,900000.0,28100000.0,0.13952333664349553,27200000.0,0.13505461767626614,1100000.0,22200000.0,0.11022840119165839,8100000.0,14100000.0,0.07000993048659385,0.0825,0.08,170909091,176250000,,,1620598937,18:22:17,20210509
97,1996-10-31,TOL,USD,1996-10-31,1996-10-31,Q4,261500000,196800000,64700000.0,0.2474187380497132,0.0,19400000,0.0,0.0,20300000,217100000,0.0,900000.0,45300000.0,0.17323135755258126,44400000.0,0.16978967495219885,0.0,35100000.0,0.13422562141491395,13100000.0,22000000.0,0.0841300191204589,0.12872340418684924,0.12872340418684924,170909091,170909091,,,1620598937,18:22:17,20210509
98,1996-07-31,TOL,USD,1996-09-10 00:00:00,1996-09-10 00:00:00,Q3,212600000,162600000,50000000.0,0.23518344308560676,0.0,17800000,0.0,0.0,18600000,181200000,0.0,800000.0,32200000.0,0.15145813734713076,31400000.0,0.14769520225776106,200000.0,24600000.0,0.11571025399811853,9200000.0,15400000.0,0.07243650047036689,0.1125,0.1075,136888889,143255814,https://www.sec.gov/Archives/edgar/data/794170/000079417096000004/0000794170-96-000004-index.html,https://www.sec.gov/Archives/edgar/data/794170/0000794170-96-000004.txt,1620598937,18:22:17,20210509
99,1996-04-30,TOL,USD,1996-06-12 00:00:00,1996-06-12 00:00:00,Q2,145200000,109900000,35300000.0,0.24311294765840222,0.0,17200000,0.0,0.0,18000000,127900000,0.0,800000.0,18100000.0,0.1246556473829201,17300000.0,0.11914600550964187,300000.0,12800000.0,0.0881542699724518,4800000.0,8000000.0,0.05509641873278237,0.0575,0.0575,139130435,139130435,https://www.sec.gov/Archives/edgar/data/794170/000079417096000003/0000794170-96-000003-index.html,https://www.sec.gov/Archives/edgar/data/794170/0000794170-96-000003.txt,1620598937,18:22:17,20210509
100,1996-01-31,TOL,USD,1996-03-07 00:00:00,1996-03-07 00:00:00,Q1,141400000,108400000,33000000.0,0.2333804809052334,0.0,15200000,0.0,0.0,16000000,124400000,0.0,800000.0,17800000.0,0.12588401697312587,17000000.0,0.12022630834512023,700000.0,13200000.0,0.09335219236209336,4900000.0,8300000.0,0.0586987270155587,0.06,0.0575,138333333,144347826,https://www.sec.gov/Archives/edgar/data/794170/000079417096000002/0000794170-96-000002-index.html,https://www.sec.gov/Archives/edgar/data/794170/0000794170-96-000002.txt,1620598937,18:22:17,20210509
101,1995-10-31,TOL,USD,1996-01-18 00:00:00,1996-01-18 00:00:00,Q4,201300000,148300000,53000000.0,0.26328862394436164,0.0,16300000,0.0,0.0,17400000,165700000,0.0,1100000.0,36700000.0,0.18231495280675608,35600000.0,0.17685047193243913,0.0,27200000.0,0.1351217088922007,10200000.0,17000000.0,0.08445106805762544,0.1228915665611845,0.1228915665611845,138333333,138333333,https://www.sec.gov/Archives/edgar/data/794170/000079417096000001/0000794170-96-000001-index.html,https://www.sec.gov/Archives/edgar/data/794170/0000794170-96-000001.txt,1620598937,18:22:17,20210509
102,1995-07-31,TOL,USD,1995-09-12 00:00:00,1995-09-12 00:00:00,Q3,186600000,139900000,46700000.0,0.2502679528403001,0.0,16200000,0.0,0.0,16600000,156500000,0.0,400000.0,30500000.0,0.16345123258306538,30100000.0,0.16130760986066453,300000.0,24300000.0,0.1302250803858521,9100000.0,15200000.0,0.08145766345123258,0.1125,0.1075,135111111,141395349,https://www.sec.gov/Archives/edgar/data/794170/000079417095000009/0000794170-95-000009-index.html,https://www.sec.gov/Archives/edgar/data/794170/0000794170-95-000009.txt,1620598937,18:22:17,20210509
103,1995-04-30,TOL,USD,1995-06-12 00:00:00,1995-06-12 00:00:00,Q2,137100000,102400000,34700000.0,0.25309992706053974,0.0,13900000,0.0,0.0,14600000,117000000,0.0,700000.0,20800000.0,0.15171407731582787,20100000.0,0.14660831509846828,400000.0,15000000.0,0.10940919037199125,5600000.0,9400000.0,0.06856309263311451,0.07,0.0675,134285714,139259259,https://www.sec.gov/Archives/edgar/data/794170/000079417095000006/0000794170-95-000006-index.html,https://www.sec.gov/Archives/edgar/data/794170/0000794170-95-000006.txt,1620598937,18:22:17,20210509
104,1995-01-31,TOL,USD,1995-03-13 00:00:00,1995-03-13 00:00:00,Q1,121300000,91400000,29900000.0,0.24649629018961253,0.0,13200000,0.0,0.0,13900000,105300000,0.0,700000.0,16700000.0,0.13767518549051938,16000000.0,0.13190436933223412,1000000.0,12900000.0,0.10634789777411377,4600000.0,8300000.0,0.06842539159109645,0.0625,0.06,132800000,138333333,https://www.sec.gov/Archives/edgar/data/794170/000079417095000005/0000794170-95-000005-index.html,https://www.sec.gov/Archives/edgar/data/794170/0000794170-95-000005.txt,1620598937,18:22:17,20210509
105,1994-10-31,TOL,USD,1995-01-24 00:00:00,1995-01-24 00:00:00,Q4,174100000,130700000,43400000.0,0.24928202182653647,0.0,13400000,0.0,0.0,14100000,144800000,0.0,700000.0,30000000.0,0.1723147616312464,29300000.0,0.16829408385985067,300000.0,23500000.0,0.134979896611143,8100000.0,15400000.0,0.08845491097070649,0.11596385542168675,0.11596385542168675,132800000,132800000,https://www.sec.gov/Archives/edgar/data/794170/000079417095000004/0000794170-95-000004-index.html,https://www.sec.gov/Archives/edgar/data/794170/0000794170-95-000004.txt,1620598937,18:22:17,20210509
106,1994-07-31,TOL,USD,1994-09-12 00:00:00,1994-09-12 00:00:00,Q3,119000000,89800000,29200000.0,0.2453781512605042,0.0,12700000,0.0,0.0,13400000,103200000,0.0,700000.0,16500000.0,0.13865546218487396,15800000.0,0.13277310924369748,1000000.0,12900000.0,0.10840336134453782,4900000.0,8000000.0,0.06722689075630252,0.06,0.06,133333333,133333333,https://www.sec.gov/Archives/edgar/data/794170/000079417094000005/0000794170-94-000005-index.html,https://www.sec.gov/Archives/edgar/data/794170/0000794170-94-000005.txt,1620598937,18:22:17,20210509
107,1994-04-30,TOL,USD,1994-06-14 00:00:00,1994-06-14 00:00:00,Q2,91000000,67900000,23100000.0,0.25384615384615383,0.0,12400000,0.0,0.0,13000000,80900000,0.0,600000.0,10700000.0,0.11758241758241758,10100000.0,0.11098901098901098,500000.0,7000000.0,0.07692307692307693,2600000.0,4400000.0,0.04835164835164835,0.0325,0.0325,135384615,135384615,https://www.sec.gov/Archives/edgar/data/794170/000095015994000021/0000950159-94-000021-index.html,https://www.sec.gov/Archives/edgar/data/794170/0000950159-94-000021.txt,1620598937,18:22:17,20210509
