,date,symbol,reportedCurrency,fillingDate,acceptedDate,period,revenue,costOfRevenue,grossProfit,grossProfitRatio,researchAndDevelopmentExpenses,generalAndAdministrativeExpenses,sellingAndMarketingExpenses,otherExpenses,operatingExpenses,costAndExpenses,interestExpense,depreciationAndAmortization,ebitda,ebitdaratio,operatingIncome,operatingIncomeRatio,totalOtherIncomeExpensesNet,incomeBeforeTax,incomeBeforeTaxRatio,incomeTaxExpense,netIncome,netIncomeRatio,eps,epsdiluted,weightedAverageShsOut,weightedAverageShsOutDil,link,finalLink,timestamp,est_time,est_date
0,2021-03-31,FRBK,USD,2021-03-31,2021-03-31,Q1,41707000.0,0.0,0.0,0.0,0.0,15448000.0,0.0,0.0,0.0,0.0,4988000.0,0.0,0.0,0.0,0.0,0.22442275876951112,0.0,9360000.0,0.22442275876951112,2292000.0,7068000.0,0.1694679550195411,0.11,0.09,58873000.0,75831000.0,,,1620592233,16:30:33,20210509
1,2020-12-31,FRBK,USD,2021-03-11,2021-03-11 17:30:34,Q4,36956000.0,0.0,0.0,0.0,0.0,18750000.0,185000.0,0.0,0.0,0.0,5527000.0,2096000.0,0.0,0.0,0.0,0.15285745210520618,0.0,5649000.0,0.15285745210520618,1548000.0,4101000.0,0.11096980192661543,0.05,0.05,58859000.0,58917000.0,https://www.sec.gov/Archives/edgar/data/834285/000143774921005735/0001437749-21-005735-index.htm,https://www.sec.gov/Archives/edgar/data/834285/000143774921005735/frbk20201231_10k.htm,1620592233,16:30:33,20210509
2,2020-09-30,FRBK,USD,2020-11-09,2020-11-09 11:36:55,Q3,32961000.0,0.0,32961000.0,1.0,0.0,18021000.0,386000.0,2696.0,2696.0,2696.0,5630000.0,1964000.0,495000.0,0.01501774824792937,-1469000.0,-0.044567822578198475,1090.0,-1469000.0,-0.044567822578198475,-503000.0,-966000.0,-0.029307363247474287,-0.016413776697874364,-0.014992550285572387,58853000.0,64432000.0,https://www.sec.gov/Archives/edgar/data/834285/000143774920023151/0001437749-20-023151-index.htm,https://www.sec.gov/Archives/edgar/data/834285/000143774920023151/frbk20200930_10q.htm,1620592233,16:30:33,20210509
3,2020-06-30,FRBK,USD,2020-08-10,2020-08-10 14:05:48,Q2,30851000.0,0.0,0.0,0.0,0.0,16599000.0,288000.0,0.0,33000000.0,0.0,5432000.0,2242000.0,0.0,0.0,0.0,0.10330297235097728,0.0,3187000.0,0.10330297235097728,675000.0,2512000.0,0.08142361673851739,0.04268406654092539,0.042660869860570966,58851000.0,58883000.0,https://www.sec.gov/Archives/edgar/data/834285/000143774920017278/0001437749-20-017278-index.htm,https://www.sec.gov/Archives/edgar/data/834285/000143774920017278/frbk20200630_10q.htm,1620592233,16:30:33,20210509
4,2020-03-31,FRBK,USD,2020-05-11,2020-05-11 17:32:01,Q1,27299000.0,0.0,0.0,0.0,0.0,16686000.0,381000.0,0.0,35000000.0,0.0,6529000.0,1875000.0,0.0,0.0,0.0,-0.03381076229898531,0.0,-923000.0,-0.03381076229898531,-330000.0,-593000.0,-0.021722407414190997,-0.01,-0.01,58848000.0,58848000.0,https://www.sec.gov/Archives/edgar/data/834285/000143774920010338/0001437749-20-010338-index.htm,https://www.sec.gov/Archives/edgar/data/834285/000143774920005285/frbk20191231b_10k.htm,1620592233,16:30:33,20210509
5,2019-12-31,FRBK,USD,2020-03-16,2020-03-16 14:43:35,Q4,26816000.0,0.0,0.0,0.0,0.0,18059000.0,463000.0,0.0,36000000.0,0.0,6978000.0,1782000.0,0.0,0.0,0.0,-0.13111575178997614,0.0,-3516000.0,-0.13111575178997614,-1031000.0,-2485000.0,-0.09266855608591885,-0.04,-0.04,58843000.0,58843000.0,https://www.sec.gov/Archives/edgar/data/834285/000143774920005285/0001437749-20-005285-index.htm,https://www.sec.gov/Archives/edgar/data/834285/000143774920005285/frbk20191231b_10k.htm,1620592233,16:30:33,20210509
6,2019-09-30,FRBK,USD,2019-11-12,2019-11-12 11:47:33,Q3,25410000.0,0.0,0.0,0.0,0.0,16111000.0,698000.0,0.0,35000000.0,0.0,6826000.0,1740000.0,0.0,0.0,0.0,-0.09201101928374655,0.0,-2338000.0,-0.09201101928374655,-516000.0,-1822000.0,-0.07170405352223534,-0.030963750998419522,-0.030773388281791006,58843000.0,59207000.0,https://www.sec.gov/Archives/edgar/data/834285/000143774919022386/0001437749-19-022386-index.htm,https://www.sec.gov/Archives/edgar/data/834285/000143774919022386/frbk20190930_10q.htm,1620592233,16:30:33,20210509
7,2019-06-30,FRBK,USD,2019-08-07,2019-08-07 13:55:31,Q2,25790000.0,0.0,0.0,0.0,0.0,15526000.0,454000.0,0.0,33000000.0,0.0,6874000.0,1539000.0,0.0,0.0,0.0,0.018844513377278015,0.0,486000.0,0.018844513377278015,105000.0,381000.0,0.014773167894532764,0.006475076902160058,0.006414033433780576,58841000.0,59401000.0,https://www.sec.gov/Archives/edgar/data/834285/000143774919015761/0001437749-19-015761-index.htm,https://www.sec.gov/Archives/edgar/data/834285/000143774919015761/frbk20190630_10q.htm,1620592233,16:30:33,20210509
8,2019-03-31,FRBK,USD,2019-05-08,2019-05-08 17:10:40,Q1,23529000.0,0.0,0.0,0.0,0.0,14177000.0,315000.0,0.0,30000000.0,0.0,6379000.0,1421000.0,0.0,0.0,0.0,0.02201538526924221,0.0,518000.0,0.02201538526924221,92000.0,426000.0,0.018105316843044752,0.007244281948813876,0.007149210398241227,58805000.0,59587000.0,https://www.sec.gov/Archives/edgar/data/834285/000095015919000078/0000950159-19-000078-index.htm,https://www.sec.gov/Archives/edgar/data/834285/000095015919000038/form10k.htm,1620592233,16:30:33,20210509
9,2018-12-31,FRBK,USD,2019-03-14,2019-03-14 17:18:29,Q4,23000000.0,0.0,0.0,0.0,0.0,13156000.0,295000.0,0.0,28000000.0,0.0,5313000.0,1340000.0,0.0,0.0,0.0,0.0961304347826087,0.0,2211000.0,0.0961304347826087,54000.0,2157000.0,0.09378260869565218,0.03669053734542176,0.036147606917817404,58789000.0,59672000.0,https://www.sec.gov/Archives/edgar/data/834285/000095015919000038/0000950159-19-000038-index.htm,https://www.sec.gov/Archives/edgar/data/834285/000095015919000038/form10k.htm,1620592233,16:30:33,20210509
10,2018-09-30,FRBK,USD,2018-11-07,2018-11-07 17:11:21,Q3,24277000.0,0.0,0.0,0.0,0.0,12789000.0,290000.0,0.0,26000000.0,0.0,4412000.0,1285000.0,0.0,0.0,0.0,0.12126704288009227,0.0,2944000.0,0.12126704288009227,622000.0,2322000.0,0.09564608477159452,0.039507265117228706,0.03884632114297186,58774000.0,59774000.0,https://www.sec.gov/Archives/edgar/data/834285/000095015918000478/0000950159-18-000478-index.htm,https://www.sec.gov/Archives/edgar/data/834285/000095015918000478/rfb10q.htm,1620592233,16:30:33,20210509
11,2018-06-30,FRBK,USD,2018-08-07,2018-08-07 16:51:25,Q2,24430000.0,0.0,0.0,0.0,0.0,12435000.0,297000.0,0.0,25000000.0,0.0,3662000.0,1465000.0,0.0,0.0,0.0,0.11874744167007777,0.0,2901000.0,0.11874744167007777,530000.0,2371000.0,0.09705280392959476,0.04036019473666292,0.03957537013236301,58746000.0,59911000.0,https://www.sec.gov/Archives/edgar/data/834285/000095015918000336/0000950159-18-000336-index.htm,https://www.sec.gov/Archives/edgar/data/834285/000095015918000336/rfb10q.htm,1620592233,16:30:33,20210509
12,2018-03-31,FRBK,USD,2018-05-09,2018-05-09 16:32:42,Q1,22651000.0,0.0,0.0,0.0,0.0,12228000.0,329000.0,0.0,23000000.0,0.0,2783000.0,1357000.0,0.0,0.0,0.0,0.09487439848130326,0.0,2149000.0,0.09487439848130326,372000.0,1777000.0,0.0784512825040837,0.031120840630472855,0.030443721089600823,57100000.0,58370000.0,https://www.sec.gov/Archives/edgar/data/834285/000095015918000208/0000950159-18-000208-index.htm,https://www.sec.gov/Archives/edgar/data/834285/000095015918000099/rfb10k.htm,1620592233,16:30:33,20210509
13,2017-12-31,FRBK,USD,2018-03-14,2018-03-13 18:05:52,Q4,21879000.0,0.0,0.0,0.0,0.0,11549000.0,418000.0,0.0,25000000.0,0.0,2542000.0,1030000.0,0.0,0.0,0.0,-0.006535947712418301,0.0,-143000.0,-0.006535947712418301,-2881000.0,2738000.0,0.12514283102518398,0.04804520249877167,0.04691569568197396,56988000.0,58360000.0,https://www.sec.gov/Archives/edgar/data/834285/000095015918000099/0000950159-18-000099-index.htm,https://www.sec.gov/Archives/edgar/data/834285/000095015918000099/rfb10k.htm,1620592233,16:30:33,20210509
14,2017-09-30,FRBK,USD,2017-11-03,2017-11-03 16:14:34,Q3,21490000.0,0.0,0.0,0.0,0.0,11246000.0,394000.0,0.0,21000000.0,0.0,2210000.0,1301000.0,0.0,0.0,0.0,0.108189855746859,0.0,2325000.0,0.108189855746859,4000.0,2321000.0,0.10800372266170312,0.04073788043669042,0.039801762869979766,56974000.0,58314000.0,https://www.sec.gov/Archives/edgar/data/834285/000095015917000254/0000950159-17-000254-index.htm,https://www.sec.gov/Archives/edgar/data/834285/000095015917000254/rfb10q.htm,1620592233,16:30:33,20210509
15,2017-06-30,FRBK,USD,2017-08-07,2017-08-07 17:21:59,Q2,20236000.0,0.0,0.0,0.0,0.0,10678000.0,222000.0,0.0,20000000.0,0.0,2064000.0,1147000.0,0.0,0.0,0.0,0.10135402253409764,0.0,2051000.0,0.10135402253409764,-8000.0,2059000.0,0.10174935758054951,0.03615769602247783,0.03531671840963277,56945000.0,58301000.0,https://www.sec.gov/Archives/edgar/data/834285/000095015917000207/0000950159-17-000207-index.htm,https://www.sec.gov/Archives/edgar/data/834285/000095015917000207/rfb10q.htm,1620592233,16:30:33,20210509
16,2017-03-31,FRBK,USD,2017-05-05,2017-05-05 15:05:44,Q1,18557000.0,0.0,0.0,0.0,0.0,9969000.0,245000.0,0.0,19000000.0,0.0,1968000.0,1201000.0,0.0,0.0,0.0,0.09446570027482891,0.0,1753000.0,0.09446570027482891,-34000.0,1787000.0,0.0962978929783909,0.03144797972687597,0.030784337370152803,56824000.0,58049000.0,https://www.sec.gov/Archives/edgar/data/834285/000095015917000125/0000950159-17-000125-index.htm,https://www.sec.gov/Archives/edgar/data/834285/000095015917000077/rfb10k.htm,1620592233,16:30:33,20210509
17,2016-12-31,FRBK,USD,2017-03-10,2017-03-10 16:13:44,Q4,17148000.0,0.0,0.0,0.0,0.0,9673000.0,274000.0,0.0,18000000.0,0.0,1946000.0,728000.0,0.0,0.0,0.0,0.08438301842780499,0.0,1447000.0,0.08438301842780499,-50000.0,1497000.0,0.08729881035689294,0.034448637702503684,0.03377936232145678,43456000.0,44317000.0,https://www.sec.gov/Archives/edgar/data/834285/000095015917000077/0000950159-17-000077-index.htm,https://www.sec.gov/Archives/edgar/data/834285/000095015917000077/rfb10k.htm,1620592233,16:30:33,20210509
18,2016-11-04,FRBK,USD,2016-11-07,2016-11-07 17:13:26,Q3,-22888000.0,0.0,22888000.0,-1.0,0.0,-12603000.0,0.0,5556000.0,5556000.0,5556000.0,-3083000.0,-1128000.0,-1096000.0,0.04788535477105907,32000.0,-0.0013981125480601187,32000.0,32000.0,-0.0013981125480601187,37000.0,3448000.0,-0.1506466270534778,0.05859162588363241,0.0877778060640004,58848000.0,39281000.0,https://www.sec.gov/Archives/edgar/data/834285/000095015916000792/0000950159-16-000792-index.htm,https://www.sec.gov/Archives/edgar/data/834285/000095015916000792/rfb10q.htm,1620592233,16:30:33,20210509
19,2016-09-30,FRBK,USD,2016-11-07 00:00:00,2016-11-07 17:13:26,Q3,17197000.0,0.0,0.0,0.0,0.0,8958000.0,218000.0,0.0,17000000.0,0.0,1834000.0,1068000.0,0.0,0.0,0.0,0.07605977786823283,0.0,1308000.0,0.07605977786823283,-32000.0,1340000.0,0.07792056754085015,0.04,0.03,37916000.0,38375000.0,https://www.sec.gov/Archives/edgar/data/834285/000095015916000792/0000950159-16-000792-index.html,https://www.sec.gov/Archives/edgar/data/834285/000095015916000792/rfb10q.htm,1620592233,16:30:33,20210509
20,2016-06-30,FRBK,USD,2016-08-08,2016-08-08 13:03:52,Q2,14628000.0,0.0,0.0,0.0,0.0,7687000.0,190000.0,0.0,15000000.0,0.0,1612000.0,796000.0,0.0,0.0,0.0,0.06911402789171452,0.0,1011000.0,0.06911402789171452,-12000.0,1023000.0,0.0699343724364233,0.027004909983633387,0.02662537088126594,37882000.0,38422000.0,https://www.sec.gov/Archives/edgar/data/834285/000095015916000677/0000950159-16-000677-index.htm,https://www.sec.gov/Archives/edgar/data/834285/000095015916000677/rfb10q.htm,1620592233,16:30:33,20210509
21,2016-03-31,FRBK,USD,2016-05-06,2016-05-06 14:05:03,Q1,13703000.0,0.0,0.0,0.0,0.0,7067000.0,129000.0,0.0,14000000.0,0.0,1471000.0,969000.0,0.0,0.0,0.0,0.07735532365175508,0.0,1060000.0,0.07735532365175508,-25000.0,1085000.0,0.0791797416624097,0.02867563496048841,0.028351929760380465,37837000.0,38269000.0,https://www.sec.gov/Archives/edgar/data/834285/000095015916000591/0000950159-16-000591-index.htm,https://www.sec.gov/Archives/edgar/data/834285/000095015916000475/rfb10k.htm,1620592233,16:30:33,20210509
22,2015-12-31,FRBK,USD,2016-03-14,2016-03-11 18:47:08,Q4,15727000.0,0.0,0.0,0.0,0.0,6806000.0,152000.0,0.0,16000000.0,0.0,1419000.0,954000.0,0.0,0.0,0.0,0.04965982069053221,0.0,781000.0,0.04965982069053221,-9000.0,790000.0,0.05023208494944999,0.02088510548300111,0.02065575485018041,37826000.0,38246000.0,https://www.sec.gov/Archives/edgar/data/834285/000095015916000475/0000950159-16-000475-index.htm,https://www.sec.gov/Archives/edgar/data/834285/000095015916000475/rfb10k.htm,1620592233,16:30:33,20210509
23,2015-09-30,FRBK,USD,2015-11-06,2015-11-06 14:28:34,Q3,11596000.0,0.0,0.0,0.0,0.0,6618000.0,233000.0,0.0,12000000.0,0.0,1378000.0,671000.0,0.0,0.0,0.0,0.04932735426008968,0.0,572000.0,0.04932735426008968,-10000.0,582000.0,0.050189720593308035,0.015390310979479585,0.015290037831021437,37816000.0,38064000.0,https://www.sec.gov/Archives/edgar/data/834285/000095015915000334/0000950159-15-000334-index.htm,https://www.sec.gov/Archives/edgar/data/834285/000095015915000334/rfb10q.htm,1620592233,16:30:33,20210509
24,2015-06-30,FRBK,USD,2015-08-06,2015-08-06 15:51:16,Q2,11631000.0,0.0,0.0,0.0,0.0,6579000.0,91000.0,0.0,12000000.0,0.0,1290000.0,732000.0,0.0,0.0,0.0,0.04539592468403405,0.0,528000.0,0.04539592468403405,-5000.0,533000.0,0.04582581033445104,0.014094563147873915,0.014008252516491891,37816000.0,38049000.0,https://www.sec.gov/Archives/edgar/data/834285/000095015915000252/0000950159-15-000252-index.htm,https://www.sec.gov/Archives/edgar/data/834285/000095015915000252/rfb10q.htm,1620592233,16:30:33,20210509
25,2015-03-31,FRBK,USD,2015-05-08,2015-05-08 15:17:43,Q1,11044000.0,0.0,0.0,0.0,0.0,6046000.0,151000.0,0.0,12000000.0,0.0,1294000.0,723000.0,0.0,0.0,0.0,0.04762767113364723,0.0,526000.0,0.04762767113364723,-2000.0,528000.0,0.04780876494023904,0.01396234398138354,0.013877572476147923,37816000.0,38047000.0,https://www.sec.gov/Archives/edgar/data/834285/000095015915000133/0000950159-15-000133-index.htm,https://www.sec.gov/Archives/edgar/data/834285/000095015915000069/rfb10k.htm,1620592233,16:30:33,20210509
26,2014-12-31,FRBK,USD,2015-03-13,2015-03-13 15:02:56,Q4,11967000.0,0.0,0.0,0.0,0.0,5935000.0,144000.0,0.0,12000000.0,0.0,1246000.0,603000.0,0.0,0.0,0.0,0.07311774045291218,0.0,875000.0,0.07311774045291218,22000.0,853000.0,0.0712793515500961,0.02255718630173212,0.022376118150100995,37815000.0,38121000.0,https://www.sec.gov/Archives/edgar/data/834285/000095015915000069/0000950159-15-000069-index.htm,https://www.sec.gov/Archives/edgar/data/834285/000095015915000069/rfb10k.htm,1620592233,16:30:33,20210509
27,2014-09-30,FRBK,USD,2014-11-07,2014-11-07 16:28:12,Q3,10577000.0,0.0,0.0,0.0,0.0,5816000.0,91000.0,0.0,11000000.0,0.0,1195000.0,710000.0,0.0,0.0,0.0,0.0275125271816205,0.0,291000.0,0.0275125271816205,-6000.0,297000.0,0.028079795783303396,0.007854026180087266,0.007764096933573837,37815000.0,38253000.0,https://www.sec.gov/Archives/edgar/data/834285/000095015914000481/0000950159-14-000481-index.htm,https://www.sec.gov/Archives/edgar/data/834285/000095015914000481/republicfirst10q.htm,1620592233,16:30:33,20210509
28,2014-06-30,FRBK,USD,2014-08-06,2014-08-06 16:11:08,Q2,10773000.0,0.0,0.0,0.0,0.0,5500000.0,214000.0,0.0,11000000.0,0.0,1147000.0,571000.0,0.0,0.0,0.0,0.047897521581732105,0.0,516000.0,0.047897521581732105,-21000.0,537000.0,0.04984683932052353,0.015274340814062634,0.015080457187789604,35157000.0,35609000.0,https://www.sec.gov/Archives/edgar/data/834285/000095015914000390/0000950159-14-000390-index.htm,https://www.sec.gov/Archives/edgar/data/834285/000095015914000390/rfb10q.htm,1620592233,16:30:33,20210509
29,2014-03-31,FRBK,USD,2014-05-09,2014-05-09 13:56:45,Q1,10529000.0,0.0,0.0,0.0,0.0,5834000.0,148000.0,0.0,11000000.0,0.0,1056000.0,498000.0,0.0,0.0,0.0,0.06781270775952132,0.0,714000.0,0.06781270775952132,-41000.0,755000.0,0.07170671478772912,0.029068648211604358,0.02880360140393713,25973000.0,26212000.0,https://www.sec.gov/Archives/edgar/data/834285/000095015914000247/0000950159-14-000247-index.htm,https://www.sec.gov/Archives/edgar/data/834285/000095015914000140/rfb10k.htm,1620592233,16:30:33,20210509
30,2013-12-31,FRBK,USD,2014-03-24,2014-03-24 17:27:30,Q4,10649000.0,0.0,0.0,0.0,0.0,4577000.0,126000.0,0.0,14000000.0,0.0,1106000.0,479000.0,0.0,0.0,0.0,-0.3031270541834914,0.0,-3228000.0,-0.3031270541834914,33000.0,-3261000.0,-0.30622593670767206,-0.13,-0.13,25973000.0,25973000.0,https://www.sec.gov/Archives/edgar/data/834285/000095015914000140/0000950159-14-000140-index.htm,https://www.sec.gov/Archives/edgar/data/834285/000095015914000140/rfb10k.htm,1620592233,16:30:33,20210509
31,2013-09-30,FRBK,USD,2013-11-12,2013-11-12 13:24:12,Q3,10118000.0,0.0,0.0,0.0,0.0,5267000.0,103000.0,0.0,13000000.0,0.0,1113000.0,671000.0,0.0,0.0,0.0,-0.22138762601304607,0.0,-2240000.0,-0.22138762601304607,-18000.0,-2222000.0,-0.21960861830401265,-0.09,-0.09,25973000.0,25973000.0,https://www.sec.gov/Archives/edgar/data/834285/000095015913000608/0000950159-13-000608-index.htm,https://www.sec.gov/Archives/edgar/data/834285/000095015913000608/republicfirst10q.htm,1620592233,16:30:33,20210509
32,2013-06-30,FRBK,USD,2013-08-12,2013-08-12 14:20:02,Q2,10968000.0,0.0,0.0,0.0,0.0,5204000.0,117000.0,0.0,11000000.0,0.0,1117000.0,472000.0,0.0,0.0,0.0,0.0899890590809628,0.0,987000.0,0.0899890590809628,-24000.0,1011000.0,0.09217724288840262,0.03892503753898279,0.03873118032410068,25973000.0,26103000.0,https://www.sec.gov/Archives/edgar/data/834285/000095015913000506/0000950159-13-000506-index.htm,https://www.sec.gov/Archives/edgar/data/834285/000095015913000506/republicfirst10q.htm,1620592233,16:30:33,20210509
33,2013-03-31,FRBK,USD,2013-05-10,2013-05-10 17:26:37,Q1,10096000.0,0.0,0.0,0.0,0.0,4897000.0,101000.0,0.0,10000000.0,0.0,1254000.0,483000.0,0.0,0.0,0.0,0.09568145800316957,0.0,966000.0,0.09568145800316957,-26000.0,992000.0,0.098256735340729,0.04,0.04,25973000.0,25973000.0,https://www.sec.gov/Archives/edgar/data/834285/000095015913000312/0000950159-13-000312-index.htm,https://www.sec.gov/Archives/edgar/data/834285/000095015913000169/rfb10k.htm,1620592233,16:30:33,20210509
34,2012-12-31,FRBK,USD,2013-03-15,2013-03-15 15:41:30,Q4,10838000.0,0.0,0.0,0.0,0.0,5227000.0,100000.0,0.0,11000000.0,0.0,1406000.0,490000.0,0.0,0.0,0.0,0.07842775419819155,0.0,850000.0,0.07842775419819155,-54000.0,904000.0,0.0834102232884296,0.03,0.03,25973000.0,25973000.0,https://www.sec.gov/Archives/edgar/data/834285/000095015913000169/0000950159-13-000169-index.htm,https://www.sec.gov/Archives/edgar/data/834285/000095015913000169/rfb10k.htm,1620592233,16:30:33,20210509
35,2012-09-30,FRBK,USD,2012-11-07,2012-11-07 16:03:03,Q3,10007000.0,0.0,0.0,0.0,0.0,4822000.0,57000.0,0.0,11000000.0,0.0,1436000.0,492000.0,0.0,0.0,0.0,0.03697411811731788,0.0,370000.0,0.03697411811731788,-28000.0,398000.0,0.03977215948835815,0.02,0.02,25973000.0,25973000.0,https://www.sec.gov/Archives/edgar/data/834285/000095015912000601/0000950159-12-000601-index.htm,https://www.sec.gov/Archives/edgar/data/834285/000095015912000601/rfb10q9-30.htm,1620592233,16:30:33,20210509
36,2012-06-30,FRBK,USD,2012-08-13,2012-08-13 14:47:22,Q2,10538000.0,0.0,0.0,0.0,0.0,4801000.0,100000.0,14000.0,11000000.0,0.0,1624000.0,506000.0,0.0,0.0,0.0,0.09622319225659517,0.0,1014000.0,0.09622319225659517,7000.0,1007000.0,0.09555892958815715,0.04,0.04,25973000.0,25973000.0,https://www.sec.gov/Archives/edgar/data/834285/000095015912000469/0000950159-12-000469-index.htm,https://www.sec.gov/Archives/edgar/data/834285/000095015912000469/rfb10q2012q2.htm,1620592233,16:30:33,20210509
37,2012-03-31,FRBK,USD,2012-05-14,2012-05-14 16:55:46,Q1,9339000.0,0.0,0.0,0.0,0.0,4870000.0,50000.0,17000.0,10000000.0,0.0,1900000.0,518000.0,0.0,0.0,0.0,0.13234821715387085,0.0,1236000.0,0.13234821715387085,-69000.0,1305000.0,0.1397365884998394,0.05,0.05,25973000.0,25973000.0,https://www.sec.gov/Archives/edgar/data/834285/000095015912000333/0000950159-12-000333-index.htm,https://www.sec.gov/Archives/edgar/data/834285/000095015912000160/rfbk10-k.htm,1620592233,16:30:33,20210509
38,2011-12-31,FRBK,USD,2012-03-16,2012-03-16 17:15:57,Q4,10912000.0,0.0,0.0,0.0,0.0,4407000.0,74000.0,0.0,26000000.0,0.0,2067000.0,519000.0,0.0,0.0,0.0,-1.2353372434017595,0.0,-13480000.0,-1.2353372434017595,9598000.0,-23078000.0,-2.1149193548387095,-0.8885380972548416,-0.8885380972548416,25973000.0,25973000.0,https://www.sec.gov/Archives/edgar/data/834285/000095015912000160/0000950159-12-000160-index.htm,https://www.sec.gov/Archives/edgar/data/834285/000095015912000160/rfbk10-k.htm,1620592233,16:30:33,20210509
39,2011-09-30,FRBK,USD,2011-11-14,2011-11-14 13:36:42,Q3,11634000.0,0.0,0.0,0.0,0.0,4682000.0,70000.0,40000.0,12000000.0,0.0,2087000.0,527000.0,0.0,0.0,0.0,0.16099363933298952,0.0,1873000.0,0.16099363933298952,509000.0,1364000.0,0.1172425648959945,0.05,0.05,25973000.0,25973000.0,https://www.sec.gov/Archives/edgar/data/834285/000095015911000734/0000950159-11-000734-index.htm,https://www.sec.gov/Archives/edgar/data/834285/000095015911000734/rfb10q.htm,1620592233,16:30:33,20210509
40,2011-06-30,FRBK,USD,2011-08-09,2011-08-09 16:35:32,Q2,9604000.0,0.0,0.0,0.0,0.0,4298000.0,85000.0,2000.0,13000000.0,0.0,2131000.0,533000.0,0.0,0.0,0.0,-0.09464806330695544,0.0,-909000.0,-0.09464806330695544,-429000.0,-480000.0,-0.04997917534360683,-0.02,-0.02,25973000.0,25973000.0,https://www.sec.gov/Archives/edgar/data/834285/000095015911000500/0000950159-11-000500-index.htm,https://www.sec.gov/Archives/edgar/data/834285/000095015911000500/rfb10q.htm,1620592233,16:30:33,20210509
41,2011-03-31,FRBK,USD,2011-05-10,2011-05-10 17:00:19,Q1,8547000.0,0.0,0.0,0.0,0.0,3802000.0,105000.0,0.0,14000000.0,0.0,1914000.0,528000.0,0.0,0.0,0.0,-0.4674154674154674,0.0,-3995000.0,-0.4674154674154674,-1487000.0,-2508000.0,-0.29343629343629346,-0.1,-0.1,25973000.0,25973000.0,https://www.sec.gov/Archives/edgar/data/834285/000095015911000330/0000950159-11-000330-index.htm,https://www.sec.gov/Archives/edgar/data/834285/000095015911000185/rfb10k.htm,1620592233,16:30:33,20210509
42,2010-12-31,FRBK,USD,2011-03-16,2011-03-16 17:28:44,Q4,8812000.0,0.0,0.0,0.0,0.0,4334000.0,180000.0,0.0,11000000.0,0.0,2146000.0,532000.0,0.0,0.0,0.0,0.019405356332274172,0.0,171000.0,0.019405356332274172,12000.0,159000.0,0.018043576940535634,0.006121741808801448,0.006121741808801448,25973000.0,25973000.0,https://www.sec.gov/Archives/edgar/data/834285/000095015911000185/0000950159-11-000185-index.htm,https://www.sec.gov/Archives/edgar/data/834285/000095015911000185/rfb10k.htm,1620592233,16:30:33,20210509
43,2010-09-30,FRBK,USD,2010-11-08,2010-11-08 16:39:59,Q3,8442000.0,0.0,0.0,0.0,0.0,4073000.0,104000.0,0.0,11000000.0,0.0,2350000.0,529000.0,0.0,0.0,0.0,0.0028429282160625444,0.0,24000.0,0.0028429282160625444,-44000.0,68000.0,0.008054963278843875,0.002628425650342082,0.002628425650342082,25871000.0,25871000.0,https://www.sec.gov/Archives/edgar/data/834285/000095015910000922/0000950159-10-000922-index.htm,https://www.sec.gov/Archives/edgar/data/834285/000095015910000922/repfirst10q9-30.htm,1620592233,16:30:33,20210509
44,2010-06-30,FRBK,USD,2010-08-06,2010-08-06 16:49:41,Q2,7988000.0,0.0,0.0,0.0,0.0,4014000.0,30000.0,223000.0,21000000.0,0.0,2723000.0,486000.0,0.0,0.0,0.0,-1.3693039559339009,0.0,-10938000.0,-1.3693039559339009,-3883000.0,-7055000.0,-0.8831997996995493,-0.6,-0.6,11707000.0,11707000.0,https://www.sec.gov/Archives/edgar/data/834285/000095015910000721/0000950159-10-000721-index.htm,https://www.sec.gov/Archives/edgar/data/834285/000095015910000721/rfb10q.htm,1620592233,16:30:33,20210509
45,2010-03-31,FRBK,USD,2010-05-10,2010-05-10 17:28:41,Q1,7884000.0,0.0,0.0,0.0,0.0,3845000.0,65000.0,0.0,17000000.0,0.0,3026000.0,482000.0,0.0,0.0,0.0,-0.7636986301369864,0.0,-6021000.0,-0.7636986301369864,-2159000.0,-3862000.0,-0.48985286656519533,-0.37,-0.37,10577582.0,10577582.0,https://www.sec.gov/Archives/edgar/data/834285/000095015910000395/0000950159-10-000395-index.htm,https://www.sec.gov/Archives/edgar/data/834285/000095015910000212/rfb200910k.htm,1620592233,16:30:33,20210509
46,2009-12-31,FRBK,USD,2010-03-16,2010-03-16 17:24:49,Q4,5314000.0,0.0,0.0,0.0,0.0,3861000.0,162000.0,0.0,12000000.0,0.0,3734000.0,690000.0,0.0,0.0,0.0,-0.7150922092585623,0.0,-3800000.0,-0.7150922092585623,-1368000.0,-2432000.0,-0.45765901392547986,-0.22992022184276142,-0.22992022184276142,10577582.0,10577582.0,https://www.sec.gov/Archives/edgar/data/834285/000095015910000212/0000950159-10-000212-index.htm,https://www.sec.gov/Archives/edgar/data/834285/000095015910000212/rfb200910k.htm,1620592233,16:30:33,20210509
47,2009-09-30,FRBK,USD,2009-11-09,2009-11-09 17:23:55,Q3,7297000.0,0.0,0.0,0.0,0.0,3478000.0,68000.0,242000.0,11000000.0,0.0,3908000.0,460000.0,0.0,0.0,0.0,0.028093737152254352,0.0,205000.0,0.028093737152254352,20000.0,185000.0,0.025352884747156367,0.02,0.02,10665635.0,10665635.0,https://www.sec.gov/Archives/edgar/data/834285/000095015909002024/0000950159-09-002024-index.htm,https://www.sec.gov/Archives/edgar/data/834285/000095015909002024/republicfirst10q.htm,1620592233,16:30:33,20210509
48,2009-06-30,FRBK,USD,2009-08-07,2009-08-07 17:18:23,Q2,7350000.0,0.0,0.0,0.0,0.0,3773000.0,34000.0,176000.0,20000000.0,0.0,4143000.0,373000.0,0.0,0.0,0.0,-1.1285714285714286,0.0,-8295000.0,-1.1285714285714286,-2860000.0,-5435000.0,-0.7394557823129252,-0.51,-0.51,10655871.0,10655871.0,https://www.sec.gov/Archives/edgar/data/834285/000095015909001774/0000950159-09-001774-index.htm,https://www.sec.gov/Archives/edgar/data/834285/000095015909001774/republicfirst10q.htm,1620592233,16:30:33,20210509
49,2009-03-31,FRBK,USD,2009-05-08,2009-05-08 17:23:14,Q1,7533000.0,0.0,0.0,0.0,0.0,4350000.0,24000.0,23000.0,18000000.0,0.0,4270000.0,335000.0,0.0,0.0,0.0,-0.7666268418956591,0.0,-5775000.0,-0.7666268418956591,-2015000.0,-3760000.0,-0.4991371299615027,-0.35,-0.35,10631480.0,10631480.0,https://www.sec.gov/Archives/edgar/data/834285/000095015909001256/0000950159-09-001256-index.htm,https://www.sec.gov/Archives/edgar/data/834285/000095015909000805/republicfirst10k.htm,1620592233,16:30:33,20210509
50,2008-12-31,FRBK,USD,2009-03-16,2009-03-16 13:52:37,Q4,6120000.0,0.0,0.0,0.0,0.0,1877000.0,111000.0,0.0,11000000.0,0.0,5264000.0,115000.0,0.0,0.0,0.0,-0.13905228758169935,0.0,-851000.0,-0.13905228758169935,-435000.0,-416000.0,-0.06797385620915032,-0.03912907704289525,-0.03912907704289525,10631480.0,10631480.0,https://www.sec.gov/Archives/edgar/data/834285/000095015909000805/0000950159-09-000805-index.htm,https://www.sec.gov/Archives/edgar/data/834285/000095015909000805/republicfirst10k.htm,1620592233,16:30:33,20210509
51,2008-09-30,FRBK,USD,2008-11-07,2008-11-07 15:55:51,Q3,8290000.0,0.0,0.0,0.0,0.0,2319000.0,75000.0,0.0,12000000.0,0.0,5914000.0,450000.0,0.0,0.0,0.0,0.2700844390832328,0.0,2239000.0,0.2700844390832328,706000.0,1533000.0,0.18492159227985525,0.1448763801885094,0.12452924816745829,10581435.0,12310361.0,https://www.sec.gov/Archives/edgar/data/834285/000095015908001596/0000950159-08-001596-index.htm,https://www.sec.gov/Archives/edgar/data/834285/000095015908001596/republicfirst10q.htm,1620592233,16:30:33,20210509
52,2008-06-30,FRBK,USD,2008-08-11,2008-08-11 09:20:15,Q2,7840000.0,0.0,0.0,0.0,0.0,2703000.0,149000.0,0.0,12000000.0,0.0,6324000.0,281000.0,0.0,0.0,0.0,0.22142857142857142,0.0,1736000.0,0.22142857142857142,547000.0,1189000.0,0.15165816326530612,0.11383239792589521,0.10946288706385277,10445181.0,10862129.0,https://www.sec.gov/Archives/edgar/data/834285/000095015908001156/0000950159-08-001156-index.htm,https://www.sec.gov/Archives/edgar/data/834285/000095015908001156/rfb10qq208.htm,1620592233,16:30:33,20210509
53,2008-03-31,FRBK,USD,2008-05-01,2008-05-01 11:56:10,Q1,7887000.0,0.0,0.0,0.0,0.0,2730000.0,129000.0,0.0,20000000.0,0.0,7579000.0,276000.0,0.0,0.0,0.0,-0.5544567009002156,0.0,-4373000.0,-0.5544567009002156,-1595000.0,-2778000.0,-0.35222518067706354,-0.27,-0.27,10288889.0,10288889.0,https://www.sec.gov/Archives/edgar/data/834285/000095015908000755/0000950159-08-000755-index.htm,https://www.sec.gov/Archives/edgar/data/834285/000095015908000449/rfb10k2007.htm,1620592233,16:30:33,20210509
54,2007-12-31,FRBK,USD,2008-03-10,2008-03-10 16:44:54,Q4,8078000.0,0.0,0.0,0.0,0.0,2738000.0,118000.0,0.0,15000000.0,0.0,9245000.0,257000.0,0.0,0.0,0.0,0.28658083684080216,0.0,2315000.0,0.28658083684080216,738000.0,1577000.0,0.19522158950235208,0.15327213657373503,0.15327213657373503,10288889.0,10288889.0,https://www.sec.gov/Archives/edgar/data/834285/000095015908000449/0000950159-08-000449-index.htm,https://www.sec.gov/Archives/edgar/data/834285/000095015908000449/rfb10k2007.htm,1620592233,16:30:33,20210509
55,2007-09-30,FRBK,USD,2007-11-09,2007-11-09 15:34:16,Q3,8564000.0,0.0,0.0,0.0,0.0,2713000.0,141000.0,0.0,17000000.0,0.0,9873000.0,292000.0,0.0,0.0,0.0,0.20948155067725363,0.0,1794000.0,0.20948155067725363,558000.0,1236000.0,0.14432508173750583,0.12,0.12,10300000.0,10300000.0,https://www.sec.gov/Archives/edgar/data/834285/000095015907001359/0000950159-07-001359-index.htm,https://www.sec.gov/Archives/edgar/data/834285/000095015907001359/rfb10q.htm,1620592233,16:30:33,20210509
56,2007-06-30,FRBK,USD,2007-08-09,2007-08-09 16:39:39,Q2,8265000.0,0.0,0.0,0.0,0.0,2545000.0,159000.0,0.0,15000000.0,0.0,9677000.0,322000.0,0.0,0.0,0.0,0.3531760435571688,0.0,2919000.0,0.3531760435571688,951000.0,1968000.0,0.2381125226860254,0.19,0.18,10357895.0,10933333.0,https://www.sec.gov/Archives/edgar/data/834285/000095015907000977/0000950159-07-000977-index.htm,https://www.sec.gov/Archives/edgar/data/834285/000095015907000977/repfirst10q.htm,1620592233,16:30:33,20210509
57,2007-03-31,FRBK,USD,2007-05-10,2007-05-10 15:29:11,Q1,8205000.0,0.0,0.0,0.0,0.0,2616000.0,85000.0,0.0,15000000.0,0.0,9512000.0,295000.0,0.0,0.0,0.0,0.3814747105423522,0.0,3130000.0,0.3814747105423522,1026000.0,2104000.0,0.2564290067032297,0.181818,0.181818,11572000.0,11572000.0,https://www.sec.gov/Archives/edgar/data/834285/000095015907000653/0000950159-07-000653-index.htm,https://www.sec.gov/Archives/edgar/data/834285/000095015907000346/repfirst10k.htm,1620592233,16:30:33,20210509
58,2006-12-31,FRBK,USD,2007-03-14,2007-03-14 11:06:46,Q4,9051000.0,0.0,0.0,0.0,0.0,2691000.0,133000.0,0.0,14000000.0,0.0,8837000.0,324000.0,0.0,0.0,0.0,0.4098994586233565,0.0,3710000.0,0.4098994586233565,1225000.0,2485000.0,0.2745552977571539,0.21474248185274802,0.21474248185274802,11572000.0,11572000.0,https://www.sec.gov/Archives/edgar/data/834285/000095015907000346/0000950159-07-000346-index.htm,https://www.sec.gov/Archives/edgar/data/834285/000095015907000346/repfirst10k.htm,1620592233,16:30:33,20210509
59,2006-09-30,FRBK,USD,2006-11-09,2006-11-09 12:39:24,Q3,9201000.0,0.0,0.0,0.0,0.0,3083000.0,173000.0,0.0,13000000.0,0.0,7704000.0,263000.0,0.0,0.0,0.0,0.40191283556135204,0.0,3698000.0,0.40191283556135204,1263000.0,2435000.0,0.26464514726660143,0.236364,0.227273,10301923.0,10714000.0,https://www.sec.gov/Archives/edgar/data/834285/000095015906001511/0000950159-06-001511-index.htm,https://www.sec.gov/Archives/edgar/data/834285/000095015906001511/repfirst10q.htm,1620592233,16:30:33,20210509
60,2006-06-30,FRBK,USD,2006-08-09,2006-08-09 12:32:01,Q2,9030000.0,0.0,0.0,0.0,0.0,2931000.0,139000.0,0.0,12000000.0,0.0,6384000.0,264000.0,0.0,0.0,0.0,0.42602436323366555,0.0,3847000.0,0.42602436323366555,1320000.0,2527000.0,0.27984496124031005,0.245455,0.236364,10295185.0,10691154.0,https://www.sec.gov/Archives/edgar/data/834285/000095015906001092/0000950159-06-001092-index.htm,https://www.sec.gov/Archives/edgar/data/834285/000095015906001092/repfirst10q.htm,1620592233,16:30:33,20210509
61,2006-03-31,FRBK,USD,2006-05-10,2006-05-10 14:51:37,Q1,10424000.0,0.0,0.0,0.0,0.0,2924000.0,49000.0,0.0,12000000.0,0.0,5754000.0,250000.0,0.0,0.0,0.0,0.3904451266308519,0.0,4070000.0,0.3904451266308519,1399000.0,2671000.0,0.25623561013046814,0.231405,0.231405,11542536.0,11542536.0,https://www.sec.gov/Archives/edgar/data/834285/000095015906000710/0000950159-06-000710-index.htm,https://www.sec.gov/Archives/edgar/data/834285/000095015906000417/repfirst10k.htm,1620592233,16:30:33,20210509
62,2005-12-31,FRBK,USD,2006-03-16,2006-03-16 16:32:26,Q4,8580000.0,0.0,0.0,0.0,0.0,2472000.0,66000.0,0.0,9000000.0,0.0,5049000.0,163000.0,0.0,0.0,0.0,0.45897435897435895,0.0,3938000.0,0.45897435897435895,1342000.0,2596000.0,0.30256410256410254,0.22490724741945792,0.22490724741945792,11542536.0,11542536.0,https://www.sec.gov/Archives/edgar/data/834285/000095015906000417/0000950159-06-000417-index.htm,https://www.sec.gov/Archives/edgar/data/834285/000095015906000417/repfirst10k.htm,1620592233,16:30:33,20210509
63,2005-09-30,FRBK,USD,2005-11-10,2005-11-10 15:59:35,Q3,8161000.0,0.0,0.0,0.0,0.0,2447000.0,37000.0,0.0,9000000.0,0.0,3976000.0,358000.0,0.0,0.0,0.0,0.3973777723318221,0.0,3243000.0,0.3973777723318221,1102000.0,2141000.0,0.26234530082097784,0.206612,0.198347,10362440.0,10794208.0,https://www.sec.gov/Archives/edgar/data/834285/000095015905001294/0000950159-05-001294-index.htm,https://www.sec.gov/Archives/edgar/data/834285/000095015905001294/rfb10q.htm,1620592233,16:30:33,20210509
64,2005-06-30,FRBK,USD,2005-06-30,2005-06-30,Q2,7690000.0,0.0,0.0,0.0,0.0,2425000.0,44000.0,0.0,8000000.0,0.0,3564000.0,301000.0,0.0,0.0,0.0,0.3942782834850455,0.0,3032000.0,0.3942782834850455,997000.0,2035000.0,0.264629388816645,0.198347,0.190083,10259792.0,10705870.0,,,1620592233,16:30:33,20210509
65,2005-03-31,FRBK,USD,2005-03-31,2005-03-31,Q1,8341000.0,0.0,0.0,0.0,0.0,2225000.0,45000.0,0.0,9000000.0,0.0,3634000.0,358000.0,0.0,0.0,0.0,0.37969068457019545,0.0,3167000.0,0.37969068457019545,1045000.0,2122000.0,0.2544059465291931,0.213991,0.206612,9916326.0,10270480.0,,,1620592233,16:30:33,20210509
66,2004-12-31,FRBK,USD,2004-12-31,2004-12-31,Q4,4916000.0,0.0,0.0,0.0,0.0,2480000.0,40000.0,0.0,0.0,0.0,3364000.0,364000.0,0.0,0.0,0.0,-0.22701383238405207,0.0,-1116000.0,-0.22701383238405207,1237000.0,-2353000.0,-0.47864117168429615,-0.23728546237790085,-0.23728546237790085,9916326.0,9916326.0,,,1620592233,16:30:33,20210509
67,2004-09-30,FRBK,USD,2004-09-30,2004-09-30,Q3,8019000.0,0.0,0.0,0.0,0.0,2467000.0,31000.0,0.0,0.0,0.0,3863000.0,343000.0,0.0,0.0,0.0,0.5762563910712059,0.0,4621000.0,0.5762563910712059,1538000.0,3083000.0,0.3844619029804215,0.317296,0.302538,9716469.0,10190443.0,,,1620592233,16:30:33,20210509
68,2004-06-30,FRBK,USD,2004-06-30,2004-06-30,Q2,7437000.0,0.0,0.0,0.0,0.0,2593000.0,39000.0,0.0,0.0,0.0,3929000.0,361000.0,0.0,0.0,0.0,0.34261126798440233,0.0,2548000.0,0.34261126798440233,865000.0,1683000.0,0.2263009277934651,0.174412,0.160996,9649545.0,10453674.0,,,1620592233,16:30:33,20210509
69,2004-03-31,FRBK,USD,2004-03-31,2004-03-31,Q1,8071000.0,0.0,0.0,0.0,0.0,2551000.0,69000.0,0.0,0.0,0.0,3973000.0,522000.0,0.0,0.0,0.0,0.2818733738074588,0.0,2275000.0,0.2818733738074588,764000.0,1511000.0,0.18721348036178911,0.154288,0.14758,9793382.0,10238536.0,,,1620592233,16:30:33,20210509
70,2003-12-31,FRBK,USD,2003-12-31,2003-12-31,Q4,7195000.0,0.0,0.0,0.0,0.0,2596000.0,50000.0,0.0,0.0,0.0,3846000.0,380000.0,0.0,0.0,0.0,0.2568450312717165,0.0,1848000.0,0.2568450312717165,611000.0,1237000.0,0.17192494788047255,0.1263097875687888,0.1263097875687888,9793382.0,9793382.0,,,1620592233,16:30:33,20210509
71,2003-09-30,FRBK,USD,2003-09-30,2003-09-30,Q3,6907000.0,0.0,0.0,0.0,0.0,2311000.0,21000.0,0.0,0.0,0.0,4087000.0,378000.0,0.0,0.0,0.0,0.26625162878239467,0.0,1839000.0,0.26625162878239467,606000.0,1233000.0,0.17851455045605907,0.127455,0.120747,9673988.0,10211432.0,,,1620592233,16:30:33,20210509
72,2003-06-30,FRBK,USD,2003-06-30,2003-06-30,Q2,8790000.0,0.0,0.0,0.0,0.0,2414000.0,46000.0,0.0,0.0,0.0,4260000.0,448000.0,0.0,0.0,0.0,0.19726962457337885,0.0,1734000.0,0.19726962457337885,583000.0,1151000.0,0.13094425483503982,0.120747,0.114039,9532326.0,10093051.0,,,1620592233,16:30:33,20210509
73,2003-03-31,FRBK,USD,2003-03-31,2003-03-31,Q1,9994000.0,0.0,0.0,0.0,0.0,2478000.0,73000.0,0.0,0.0,0.0,4460000.0,402000.0,0.0,0.0,0.0,0.19781869121472884,0.0,1977000.0,0.19781869121472884,684000.0,1293000.0,0.12937762657594556,0.140872,0.134163,9178576.0,9637505.0,,,1620592233,16:30:33,20210509
74,2002-12-31,FRBK,USD,2002-12-31,2002-12-31,Q4,6365000.0,0.0,0.0,0.0,0.0,1831000.0,54000.0,0.0,0.0,0.0,4694000.0,268000.0,0.0,0.0,0.0,0.06001571091908876,0.0,382000.0,0.06001571091908876,57000.0,325000.0,0.05106048703849175,0.03540854267590093,0.03540854267590093,9178576.0,9178576.0,,,1620592233,16:30:33,20210509
75,2002-09-30,FRBK,USD,2002-11-14,2002-11-14,Q3,6732000.0,0.0,0.0,0.0,0.0,2170000.0,100000.0,0.0,0.0,0.0,4926000.0,403000.0,0.0,0.0,0.0,0.016042780748663103,0.0,108000.0,0.016042780748663103,42000.0,66000.0,0.00980392156862745,0.006708,0.006708,9838752.0,9838752.0,https://www.sec.gov/Archives/edgar/data/834285/000095015902000693/0000950159-02-000693-index.htm,https://www.sec.gov/Archives/edgar/data/834285/000095015902000693/rfb9-02q.txt,1620592233,16:30:33,20210509
76,2002-06-30,FRBK,USD,2002-08-14,2002-08-14,Q2,7211000.0,0.0,0.0,0.0,0.0,2242000.0,98000.0,0.0,0.0,0.0,5094000.0,247000.0,0.0,0.0,0.0,0.2034391901261961,0.0,1467000.0,0.2034391901261961,546000.0,921000.0,0.1277215365413951,0.100623,0.093914,9153021.0,9806808.0,https://www.sec.gov/Archives/edgar/data/834285/000095015902000510/0000950159-02-000510-index.htm,https://www.sec.gov/Archives/edgar/data/834285/000095015902000510/repfirst6-02q.txt,1620592233,16:30:33,20210509
77,2002-03-31,FRBK,USD,2002-03-31,2002-03-31,Q1,6933000.0,0.0,0.0,0.0,0.0,2240000.0,0.0,0.0,0.0,0.0,5449000.0,444000.0,0.0,0.0,0.0,0.20135583441511612,0.0,1396000.0,0.20135583441511612,508000.0,888000.0,0.1280830809173518,0.093914,0.093914,9455424.0,9455424.0,,,1620592233,16:30:33,20210509
78,2001-12-31,FRBK,USD,2002-02-28,2002-02-28,Q4,7172000.0,0.0,0.0,0.0,0.0,2837000.0,0.0,0.0,0.0,0.0,6231000.0,353000.0,0.0,0.0,0.0,0.012548800892359175,0.0,90000.0,0.012548800892359175,30000.0,60000.0,0.008365867261572783,0.006345564196803866,0.006345564196803866,9455424.0,9455424.0,https://www.sec.gov/Archives/edgar/data/834285/000095015902000128/0000950159-02-000128-index.htm,https://www.sec.gov/Archives/edgar/data/834285/000095015902000128/rfb12-01k.txt,1620592233,16:30:33,20210509
79,2001-09-30,FRBK,USD,2001-11-14 00:00:00,2001-11-14 00:00:00,Q3,5639000.0,0.0,0.0,0.0,0.0,2081000.0,0.0,0.0,0.0,0.0,6950000.0,325000.0,0.0,0.0,0.0,0.17308033339244547,0.0,976000.0,0.17308033339244547,322000.0,654000.0,0.11597801028551162,0.07379,0.067082,8863008.0,9749309.0,https://www.sec.gov/Archives/edgar/data/834285/000095015901500350/0000950159-01-500350-index.html,https://www.sec.gov/Archives/edgar/data/834285/000095015901500350/frb10q.txt,1620592233,16:30:33,20210509
80,2001-06-30,FRBK,USD,2001-08-14 00:00:00,2001-08-14 00:00:00,Q2,5317000.0,0.0,0.0,0.0,0.0,2023000.0,0.0,0.0,0.0,0.0,7450000.0,310000.0,0.0,0.0,0.0,0.17923641151025013,0.0,953000.0,0.17923641151025013,314000.0,639000.0,0.12018055294338913,0.067082,0.067082,9525701.0,9525701.0,https://www.sec.gov/Archives/edgar/data/834285/000095015901500210/0000950159-01-500210-index.html,https://www.sec.gov/Archives/edgar/data/834285/000095015901500210/frb6-01q.txt,1620592233,16:30:33,20210509
81,2001-03-31,FRBK,USD,2001-05-15 00:00:00,2001-05-15 00:00:00,Q1,5132000.0,0.0,0.0,0.0,0.0,2016000.0,0.0,0.0,0.0,0.0,8028000.0,314000.0,0.0,0.0,0.0,0.22135619641465315,0.0,1136000.0,0.22135619641465315,375000.0,761000.0,0.14828526890101326,0.080498,0.080498,9453649.0,9453649.0,https://www.sec.gov/Archives/edgar/data/834285/000095015901500098/0000950159-01-500098-index.html,https://www.sec.gov/Archives/edgar/data/834285/000095015901500098/frb3-01q.txt,1620592233,16:30:33,20210509
82,2000-12-31,FRBK,USD,2000-12-31,2000-12-31,Q4,4835000.0,0.0,0.0,0.0,0.0,1833000.0,0.0,0.0,0.0,0.0,8203000.0,343000.0,0.0,0.0,0.0,0.22543950361944157,0.0,1090000.0,0.22543950361944157,360000.0,730000.0,0.15098241985522234,0.07721886014596058,0.07721886014596058,9453649.0,9453649.0,,,1620592233,16:30:33,20210509
83,2000-09-30,FRBK,USD,2000-11-14 00:00:00,2000-11-14 00:00:00,Q3,4975000.0,0.0,0.0,0.0,0.0,1855000.0,0.0,0.0,0.0,0.0,7762000.0,175000.0,0.0,0.0,0.0,0.2241206030150754,0.0,1115000.0,0.2241206030150754,368000.0,747000.0,0.1501507537688442,0.080498,0.080498,9279732.0,9279732.0,https://www.sec.gov/Archives/edgar/data/834285/000095015900000437/0000950159-00-000437-index.html,https://www.sec.gov/Archives/edgar/data/834285/000095015900000437/0000950159-00-000437-0001.txt,1620592233,16:30:33,20210509
84,2000-06-30,FRBK,USD,2000-08-11 00:00:00,2000-08-11 00:00:00,Q2,4486000.0,0.0,0.0,0.0,0.0,1636000.0,0.0,0.0,0.0,0.0,7122000.0,165000.0,0.0,0.0,0.0,0.29380294248773964,0.0,1318000.0,0.29380294248773964,435000.0,883000.0,0.19683459652251448,0.093914,0.093914,9402184.0,9402184.0,https://www.sec.gov/Archives/edgar/data/834285/000095015900000318/0000950159-00-000318-index.html,https://www.sec.gov/Archives/edgar/data/834285/000095015900000318/0000950159-00-000318-0001.txt,1620592233,16:30:33,20210509
85,2000-03-31,FRBK,USD,2000-05-15 00:00:00,2000-05-15 00:00:00,Q1,4523000.0,0.0,0.0,0.0,0.0,1543000.0,0.0,0.0,0.0,0.0,6704000.0,116000.0,0.0,0.0,0.0,0.33119610877736017,0.0,1498000.0,0.33119610877736017,494000.0,1004000.0,0.22197656422728276,0.107331,0.107331,9354268.0,9354268.0,https://www.sec.gov/Archives/edgar/data/834285/000095015900000209/0000950159-00-000209-index.html,https://www.sec.gov/Archives/edgar/data/834285/0000950159-00-000209.txt,1620592233,16:30:33,20210509
86,1999-12-31,FRBK,USD,1999-12-31,1999-12-31,Q4,4200000.0,0.0,0.0,0.0,0.0,1400000.0,0.0,0.0,0.0,0.0,6600000.0,0.0,0.0,0.0,0.0,0.35714285714285715,0.0,1500000.0,0.35714285714285715,500000.0,1000000.0,0.23809523809523808,0.10690307354888699,0.10690307354888699,9354268.0,9354268.0,,,1620592233,16:30:33,20210509
87,1999-09-30,FRBK,USD,1999-09-30,1999-09-30,Q3,4300000.0,0.0,0.0,0.0,0.0,1400000.0,0.0,0.0,0.0,0.0,6300000.0,200000.0,0.0,0.0,0.0,0.27906976744186046,0.0,1200000.0,0.27906976744186046,400000.0,800000.0,0.18604651162790697,0.058491,0.058491,12964917.0,12964917.0,,,1620592233,16:30:33,20210509
88,1999-06-30,FRBK,USD,1999-06-30,1999-06-30,Q2,3900000.0,0.0,0.0,0.0,0.0,1300000.0,0.0,0.0,0.0,0.0,6100000.0,200000.0,0.0,0.0,0.0,0.3076923076923077,0.0,1200000.0,0.3076923076923077,400000.0,800000.0,0.20512820512820512,0.058491,0.058491,13677271.0,13677271.0,,,1620592233,16:30:33,20210509
89,1999-03-31,FRBK,USD,1999-03-31,1999-03-31,Q1,6400000.0,0.0,0.0,0.0,0.0,1400000.0,0.0,0.0,0.0,0.0,5700000.0,300000.0,0.0,0.0,0.0,0.515625,0.0,3300000.0,0.515625,1100000.0,2100000.0,0.328125,0.161976,0.161976,9657554.0,9657554.0,,,1620592233,16:30:33,20210509
90,1998-12-31,FRBK,USD,1998-12-31,1998-12-31,Q4,3600000.0,0.0,0.0,0.0,0.0,1200000.0,0.0,0.0,0.0,0.0,5500000.0,100000.0,0.0,0.0,0.0,0.19444444444444445,0.0,700000.0,0.19444444444444445,200000.0,500000.0,0.1388888888888889,0.051772943749524986,0.051772943749524986,9657554.0,9657554.0,,,1620592233,16:30:33,20210509
91,1998-09-30,FRBK,USD,1998-09-30,1998-09-30,Q3,3600000.0,0.0,0.0,0.0,0.0,1400000.0,0.0,0.0,0.0,0.0,5400000.0,200000.0,0.0,0.0,0.0,-0.08333333333333333,0.0,-300000.0,-0.08333333333333333,-100000.0,200000.0,0.05555555555555555,0.008181,0.008181,9096155.0,9096155.0,,,1620592233,16:30:33,20210509
92,1998-06-30,FRBK,USD,1998-06-30,1998-06-30,Q2,3800000.0,0.0,0.0,0.0,0.0,1200000.0,0.0,0.0,0.0,0.0,5400000.0,200000.0,0.0,0.0,0.0,0.3157894736842105,0.0,1200000.0,0.3157894736842105,400000.0,800000.0,0.21052631578947367,0.057264,0.053174,9096155.0,9096155.0,,,1620592233,16:30:33,20210509
93,1998-03-31,FRBK,USD,1998-05-15,1998-05-15,Q1,5800000.0,0.0,0.0,0.0,0.0,1200000.0,0.0,0.0,0.0,0.0,4600000.0,100000.0,0.0,0.0,0.0,0.6206896551724138,0.0,3600000.0,0.6206896551724138,1200000.0,2400000.0,0.41379310344827586,0.159521,0.14725,9046955.0,9046955.0,https://www.sec.gov/Archives/edgar/data/834285/0000950159-98-000137-index.html,https://www.sec.gov/Archives/edgar/data/834285/,1620592233,16:30:33,20210509
94,1997-12-31,FRBK,USD,1997-12-31,1997-12-31,Q4,2900000.0,0.0,0.0,0.0,0.0,1000000.0,0.0,0.0,0.0,0.0,3800000.0,100000.0,0.0,0.0,0.0,0.3103448275862069,0.0,900000.0,0.3103448275862069,300000.0,600000.0,0.20689655172413793,0.0663206570608564,0.0663206570608564,9046955.0,9046955.0,,,1620592233,16:30:33,20210509
95,1997-09-30,FRBK,USD,1997-09-30,1997-09-30,Q3,2800000.0,0.0,0.0,0.0,0.0,1100000.0,0.0,0.0,0.0,0.0,3300000.0,100000.0,0.0,0.0,0.0,0.2857142857142857,0.0,800000.0,0.2857142857142857,300000.0,500000.0,0.17857142857142858,0.040903,0.037495,6785216.0,6785216.0,,,1620592233,16:30:33,20210509
96,1997-06-30,FRBK,USD,1997-06-30,1997-06-30,Q2,2800000.0,0.0,0.0,0.0,0.0,1100000.0,0.0,0.0,0.0,0.0,2900000.0,0.0,0.0,0.0,0.0,0.25,0.0,700000.0,0.25,200000.0,500000.0,0.17857142857142858,0.037495,0.034086,6785216.0,6785216.0,,,1620592233,16:30:33,20210509
97,1997-03-31,FRBK,USD,1997-03-31,1997-03-31,Q1,4700000.0,0.0,0.0,0.0,0.0,900000.0,0.0,0.0,0.0,0.0,2800000.0,0.0,0.0,0.0,0.0,0.6170212765957447,0.0,2900000.0,0.6170212765957447,900000.0,2000000.0,0.425531914893617,0.153386,0.139751,6730052.0,6730052.0,,,1620592233,16:30:33,20210509
98,1996-12-31,FRBK,USD,1996-12-31,1996-12-31,Q4,2500000.0,0.0,0.0,0.0,0.0,900000.0,0.0,0.0,0.0,0.0,2800000.0,0.0,0.0,0.0,0.0,0.2,0.0,500000.0,0.2,200000.0,300000.0,0.12,0.04457617860902115,0.04457617860902115,6730052.0,6730052.0,,,1620592233,16:30:33,20210509
99,1996-09-30,FRBK,USD,1996-09-30,1996-09-30,Q3,2500000.0,0.0,0.0,0.0,0.0,800000.0,0.0,0.0,0.0,0.0,2700000.0,100000.0,0.0,0.0,0.0,0.28,0.0,700000.0,0.28,200000.0,500000.0,0.2,0.031245,0.031245,6731545.0,6731545.0,,,1620592233,16:30:33,20210509
100,1996-06-30,FRBK,USD,1996-06-30,1996-06-30,Q2,1700000.0,0.0,0.0,0.0,0.0,600000.0,0.0,0.0,0.0,0.0,2100000.0,0.0,0.0,0.0,0.0,0.35294117647058826,0.0,600000.0,0.35294117647058826,200000.0,400000.0,0.23529411764705882,0.034085,0.031245,6731545.0,6731545.0,,,1620592233,16:30:33,20210509
101,1996-03-31,FRBK,USD,1996-03-31,1996-03-31,Q1,1500000.0,0.0,0.0,0.0,0.0,600000.0,0.0,0.0,0.0,0.0,1200000.0,0.0,0.0,0.0,0.0,0.0,0.0,0.0,0.0,0.0,200000.0,0.13333333333333333,0.170429,0.159067,2907311.0,2907311.0,,,1620592233,16:30:33,20210509
102,1995-12-31,FRBK,USD,1995-12-31,1995-12-31,Q4,1500000.0,0.0,0.0,0.0,0.0,600000.0,0.0,0.0,0.0,0.0,1300000.0,0.0,0.0,0.0,0.0,0.0,0.0,0.0,0.0,0.0,400000.0,0.26666666666666666,0.13758418002064451,0.13758418002064451,2907311.0,2907311.0,,,1620592233,16:30:33,20210509
103,1995-09-30,FRBK,USD,1995-09-30,1995-09-30,Q3,1300000.0,0.0,0.0,0.0,0.0,500000.0,0.0,0.0,0.0,0.0,1200000.0,0.0,0.0,0.0,0.0,0.0,0.0,0.0,0.0,0.0,100000.0,0.07692307692307693,0.011362,0.011362,2898366.0,2898366.0,,,1620592233,16:30:33,20210509
104,1995-03-31,FRBK,USD,1995-03-31,1995-03-31,Q1,0.0,0.0,0.0,0.0,0.0,0.0,0.0,0.0,0.0,0.0,0.0,0.0,0.0,0.0,0.0,0.0,0.0,0.0,0.0,0.0,0.0,0.0,0.005681,0.005681,2898366.0,2898366.0,,,1620592233,16:30:33,20210509
105,1994-12-31,FRBK,USD,1994-12-31,1994-12-31,Q4,1400000.0,0.0,0.0,0.0,0.0,400000.0,0.0,0.0,0.0,0.0,800000.0,0.0,0.0,0.0,0.0,0.0,0.0,0.0,0.0,0.0,-300000.0,-0.21428571428571427,-0.10350659647539338,-0.10350659647539338,2898366.0,2898366.0,,,1620592233,16:30:33,20210509
106,1994-09-30,FRBK,USD,1994-09-30,1994-09-30,Q3,1300000.0,0.0,0.0,0.0,0.0,500000.0,0.0,0.0,0.0,0.0,800000.0,0.0,0.0,0.0,0.0,0.0,0.0,0.0,0.0,0.0,-900000.0,-0.6923076923076923,-0.124981,-0.124981,2898366.0,2898366.0,,,1620592233,16:30:33,20210509
107,1994-06-30,FRBK,USD,1994-06-30,1994-06-30,Q2,1200000.0,0.0,0.0,0.0,0.0,300000.0,0.0,0.0,0.0,0.0,700000.0,0.0,0.0,0.0,0.0,0.0,0.0,0.0,0.0,0.0,200000.0,0.16666666666666666,0.028405,0.028405,2898366.0,2898366.0,,,1620592233,16:30:33,20210509
108,1994-03-31,FRBK,USD,1994-03-31,1994-03-31,Q1,0.0,0.0,0.0,0.0,0.0,0.0,0.0,0.0,0.0,0.0,0.0,0.0,0.0,0.0,0.0,0.0,0.0,0.0,0.0,0.0,100000.0,0.0,0.019884,0.019884,2898366.0,2898366.0,,,1620592233,16:30:33,20210509
109,1993-12-31,FRBK,USD,1993-12-31,1993-12-31,Q4,1200000.0,0.0,0.0,0.0,0.0,300000.0,0.0,0.0,0.0,0.0,800000.0,0.0,0.0,0.0,0.0,0.0,0.0,0.0,0.0,0.0,-100000.0,-0.08333333333333333,-0.03450219882513113,-0.03450219882513113,2898366.0,2898366.0,,,1620592233,16:30:33,20210509
110,1993-09-30,FRBK,USD,1993-09-30,1993-09-30,Q3,1100000.0,0.0,0.0,0.0,0.0,300000.0,0.0,0.0,0.0,0.0,700000.0,0.0,0.0,0.0,0.0,0.0,0.0,0.0,0.0,0.0,100000.0,0.09090909090909091,0.017043,0.017043,2898366.0,2898366.0,,,1620592233,16:30:33,20210509
111,1993-06-30,FRBK,USD,1993-06-30,1993-06-30,Q2,0.0,0.0,0.0,0.0,0.0,0.0,0.0,0.0,0.0,0.0,0.0,0.0,0.0,0.0,0.0,0.0,0.0,0.0,0.0,0.0,200000.0,0.0,0.019884,0.019884,2898366.0,2898366.0,,,1620592233,16:30:33,20210509
112,1993-03-31,FRBK,USD,1993-03-31,1993-03-31,Q1,0.0,0.0,0.0,0.0,0.0,0.0,0.0,0.0,0.0,0.0,0.0,0.0,0.0,0.0,0.0,0.0,0.0,0.0,0.0,0.0,200000.0,0.0,0.036926,0.036926,2898366.0,2898366.0,,,1620592233,16:30:33,20210509
113,1992-12-31,FRBK,USD,1992-12-31,1992-12-31,Q4,900000.0,0.0,0.0,0.0,0.0,100000.0,0.0,0.0,0.0,0.0,900000.0,0.0,0.0,0.0,0.0,0.0,0.0,0.0,0.0,0.0,-1300000.0,-1.4444444444444444,-0.44852858472670465,-0.44852858472670465,2898366.0,2898366.0,,,1620592233,16:30:33,20210509
114,1992-09-30,FRBK,USD,1992-09-30,1992-09-30,Q3,900000.0,0.0,0.0,0.0,0.0,200000.0,0.0,0.0,0.0,0.0,800000.0,0.0,0.0,0.0,0.0,0.0,0.0,0.0,0.0,0.0,100000.0,0.1111111111111111,0.005681,0.005681,2898366.0,2898366.0,,,1620592233,16:30:33,20210509
115,1992-06-30,FRBK,USD,1992-06-30,1992-06-30,Q2,1200000.0,0.0,0.0,0.0,0.0,200000.0,0.0,0.0,0.0,0.0,1100000.0,0.0,0.0,0.0,0.0,0.0,0.0,0.0,0.0,0.0,100000.0,0.08333333333333333,0.017043,0.017043,2898366.0,2898366.0,,,1620592233,16:30:33,20210509
116,1992-03-31,FRBK,USD,1992-03-31,1992-03-31,Q1,0.0,0.0,0.0,0.0,0.0,0.0,0.0,0.0,0.0,0.0,0.0,0.0,0.0,0.0,0.0,0.0,0.0,0.0,0.0,0.0,100000.0,0.0,0.014203,0.014203,2898366.0,2898366.0,,,1620592233,16:30:33,20210509
117,1991-03-31,FRBK,USD,1991-03-31,1991-03-31,Q1,0.0,0.0,0.0,0.0,0.0,0.0,0.0,0.0,0.0,0.0,0.0,0.0,0.0,0.0,0.0,0.0,0.0,0.0,0.0,0.0,0.0,0.0,0.005681,0.005681,2898366.0,2898366.0,,,1620592233,16:30:33,20210509
118,1990-03-31,FRBK,USD,1990-03-31,1990-03-31,Q1,0.0,0.0,0.0,0.0,0.0,0.0,0.0,0.0,0.0,0.0,0.0,0.0,0.0,0.0,0.0,0.0,0.0,0.0,0.0,0.0,0.0,0.0,0.005681,0.005681,2898366.0,2898366.0,,,1620592233,16:30:33,20210509
119,1989-03-31,FRBK,USD,1989-03-31,1989-03-31,Q1,0.0,0.0,0.0,0.0,0.0,0.0,0.0,0.0,0.0,0.0,0.0,0.0,0.0,0.0,0.0,0.0,0.0,0.0,0.0,0.0,0.0,0.0,-0.014203,-0.014203,2898366.0,2898366.0,,,1620592233,16:30:33,20210509
120,1988-03-31,FRBK,USD,1988-03-31,1988-03-31,Q1,0.0,0.0,0.0,0.0,0.0,0.0,0.0,0.0,0.0,0.0,0.0,0.0,0.0,0.0,0.0,0.0,0.0,0.0,0.0,0.0,0.0,0.0,-0.187472,-0.187472,2898366.0,2898366.0,,,1620592233,16:30:33,20210509
