,date,symbol,reportedCurrency,fillingDate,acceptedDate,period,revenue,costOfRevenue,grossProfit,grossProfitRatio,researchAndDevelopmentExpenses,generalAndAdministrativeExpenses,sellingAndMarketingExpenses,otherExpenses,operatingExpenses,costAndExpenses,interestExpense,depreciationAndAmortization,ebitda,ebitdaratio,operatingIncome,operatingIncomeRatio,totalOtherIncomeExpensesNet,incomeBeforeTax,incomeBeforeTaxRatio,incomeTaxExpense,netIncome,netIncomeRatio,eps,epsdiluted,weightedAverageShsOut,weightedAverageShsOutDil,link,finalLink,timestamp,est_time,est_date
0,2020-12-31,TERASOFT.NS,INR,2020-12-31,2020-12-31,Q4,400274000,38479000.0,361795000,0.9038683501801266,0.0,0.0,0.0,7489000.0,346328000,384807000,20156000.0,1449000.0,16916000.0,0.04226105117994174,15467000.0,0.03864103089383772,0.0,2800000.0,0.006995208282326607,431000.0,2369000.0,0.005918445864582761,0.19,0.19,12468421,12468421,https://www.nseindia.com/companies-listing/corporate-filings-annual-reports,https://www.nseindia.com/companies-listing/corporate-filings-annual-reports,1620598712,18:18:32,20210509
1,2020-09-30,TERASOFT.NS,INR,2020-09-30,2020-09-30,Q3,551524000,79384000.0,472140000,0.8560642873202254,0.0,0.0,0.0,10543000.0,456464000,535848000,24708000.0,1530000.0,17206000.0,0.031197191781318672,15676000.0,0.028423060465183746,0.0,1511000.0,0.002739681319398612,320000.0,1191000.0,0.0021594708480501303,0.1,0.1,11910000,11910000,,,1620598712,18:18:32,20210509
2,2020-06-30,TERASOFT.NS,INR,2020-06-30,2020-06-30,Q2,158536000,78540000.0,79996000,0.5045920169551396,0.0,0.0,0.0,7464000.0,82866000,161406000,20387000.0,1648000.0,-1222000.0,-0.007708028460412777,-2870000.0,-0.018103143765453904,0.0,-15793000.0,-0.09961775243477822,-3418000.0,-12375000.0,-0.07805798052177423,-0.99,-0.99,12500000,12500000,https://www.nseindia.com/companies-listing/corporate-filings-annual-reports,https://www.nseindia.com/companies-listing/corporate-filings-annual-reports,1620598712,18:18:32,20210509
3,2020-03-31,TERASOFT.NS,INR,2020-03-31,2020-03-31,Q1,922506000,-732326000.0,1654832000,1.793844159279181,0.0,0.0,0.0,-2770000.0,1511690000,779364000,2145000.0,1655000.0,144797000.0,0.1569604967338966,143142000.0,0.15516647046198073,0.0,32279000.0,0.03499055832699191,10560000.0,21719000.0,0.023543478308000163,1.73752,1.73752,12500000,12500000,https://www.nseindia.com/companies-listing/corporate-filings-annual-reports,https://www.nseindia.com/companies-listing/corporate-filings-annual-reports,1620598712,18:18:32,20210509
4,2019-12-31,TERASOFT.NS,INR,2019-12-31,2019-12-31,Q4,708724000,595890000.0,112834000,0.15920725134184815,0.0,0.0,0.0,7604000.0,80734000,676624000,21917000.0,1627000.0,33727000.0,0.0475883418650984,32100000.0,0.045292666820934524,0.0,17787000.0,0.0250972169702169,4250000.0,13537000.0,0.01910052432258538,1.08,1.08,12534259,12534259,https://www.nseindia.com/companies-listing/corporate-filings-annual-reports,https://www.nseindia.com/companies-listing/corporate-filings-annual-reports,1620598712,18:18:32,20210509
5,2019-09-30,TERASOFT.NS,INR,2019-09-30,2019-09-30,Q3,696789000,487937000.0,208852000,0.29973492692909903,0.0,0.0,0.0,7498000.0,172137000,660074000,23334000.0,1814000.0,38529000.0,0.05529507497965668,36715000.0,0.0526917043753561,0.0,20879000.0,0.029964594733843386,6963000.0,13916000.0,0.01997161264026843,1.11,1.11,12536937,12536937,https://www.nseindia.com/companies-listing/corporate-filings-annual-reports,https://www.nseindia.com/companies-listing/corporate-filings-annual-reports,1620598712,18:18:32,20210509
6,2019-06-30,TERASOFT.NS,INR,2019-06-30,2019-06-30,Q2,361717000,186799000.0,174918000,0.48357693998346774,0.0,0.0,0.0,7060000.0,131003000,317802000,23262000.0,2964000.0,46879000.0,0.12960131815756518,43915000.0,0.1214070668506042,0.0,27713000.0,0.07661514388320151,11630000.0,16083000.0,0.04446293649455237,1.29,1.29,12467442,12467442,https://www.nseindia.com/companies-listing/corporate-filings-annual-reports,https://www.nseindia.com/companies-listing/corporate-filings-annual-reports,1620598712,18:18:32,20210509
7,2019-03-31,TERASOFT.NS,INR,2019-03-31,2019-03-31,Q1,1077318000,715629000.0,361689000,0.33573095409154957,0.0,0.0,0.0,671000.0,302291000,1017920000,8882000.0,6400000.0,65798000.0,0.061075745508754144,59398000.0,0.055135066897610545,0.0,38081000.0,0.03534796596733741,14166000.0,23915000.0,0.022198645153984245,1.9132,1.9132,12500000,12500000,https://www.nseindia.com/companies-listing/corporate-filings-annual-reports,https://www.nseindia.com/companies-listing/corporate-filings-annual-reports,1620598712,18:18:32,20210509
8,2018-12-31,TERASOFT.NS,INR,2018-12-31,2018-12-31,Q4,199670000,133534000.0,66136000,0.33122652376421097,0.0,0.0,0.0,6217000.0,49252000,182786000,17918000.0,6269000.0,23153000.0,0.11595632794110282,16884000.0,0.08455952321330194,0.0,5183000.0,0.02595783042019332,1421000.0,3762000.0,0.018841087794861523,0.3,0.3,12540000,12540000,https://www.nseindia.com/companies-listing/corporate-filings-annual-reports,https://www.nseindia.com/companies-listing/corporate-filings-annual-reports,1620598712,18:18:32,20210509
9,2018-09-30,TERASOFT.NS,INR,2018-09-30,2018-09-30,Q3,247118000,162958000.0,84160000,0.3405660453710373,0.0,0.0,0.0,6252000.0,64548000,227506000,16062000.0,6410000.0,26022000.0,0.10530192053998495,19612000.0,0.07936289545884961,0.0,9802000.0,0.039665261130310214,2843000.0,6959000.0,0.02816063580961322,0.56,0.56,12426786,12426786,https://www.nseindia.com/companies-listing/corporate-filings-annual-reports,https://www.nseindia.com/companies-listing/corporate-filings-annual-reports,1620598712,18:18:32,20210509
10,2018-06-30,TERASOFT.NS,INR,2018-06-30,2018-06-30,Q2,240384000,185532000.0,54852000,0.22818490415335463,0.0,0.0,0.0,6091000.0,38044000,223576000,16355000.0,6389000.0,23197000.0,0.09649976703940362,16808000.0,0.06992145899893504,0.0,6544000.0,0.027223109691160808,4432000.0,2112000.0,0.00878594249201278,0.17,0.17,12423529,12423529,https://www.nseindia.com/companies-listing/corporate-filings-annual-reports,https://www.nseindia.com/companies-listing/corporate-filings-annual-reports,1620598712,18:18:32,20210509
11,2018-03-31,TERASOFT.NS,INR,2018-03-31,2018-03-31,Q1,668745000,451021000.0,217724000,0.3255710323067836,0.0,0.0,0.0,7086000.0,191400000,642421000,15242000.0,6345000.0,32669000.0,0.04885120636415973,26324000.0,0.039363284959139884,0.0,18168000.0,0.02716730592378261,6683000.0,11485000.0,0.017173960179141527,0.92,0.92,12483696,12483696,https://www.nseindia.com/companies-listing/corporate-filings-annual-reports,https://www.nseindia.com/companies-listing/corporate-filings-annual-reports,1620598712,18:18:32,20210509
12,2017-12-31,TERASOFT.NS,INR,2017-12-31,2017-12-31,Q4,351012000,206992000.0,144020000,0.4102993629847413,0.0,0.0,0.0,0.0,124217000,331209000,17758000.0,6351000.0,26154000.0,0.0745102731530546,19803000.0,0.05641687463676456,0.0,2045000.0,0.005826011646325482,-452000.0,2497000.0,0.007113716909963192,0.2,0.2,12485000,12485000,https://www.nseindia.com/companies-listing/corporate-filings-annual-reports,https://www.nseindia.com/companies-listing/corporate-filings-annual-reports,1620598712,18:18:32,20210509
13,2017-09-30,TERASOFT.NS,INR,2017-09-30,2017-09-30,Q3,263623000,114343000.0,149280000,0.5662631864442784,0.0,0.0,0.0,0.0,132022000,246365000,15588000.0,6254000.0,23512000.0,0.08918796918326549,17258000.0,0.06546469769329687,0.0,1670000.0,0.006334803867644325,646000.0,1024000.0,0.0038843348266274186,0.08,0.08,12800000,12800000,https://www.nseindia.com/companies-listing/corporate-filings-annual-reports,https://www.nseindia.com/companies-listing/corporate-filings-annual-reports,1620598712,18:18:32,20210509
14,2017-06-30,TERASOFT.NS,INR,2017-06-30,2017-06-30,Q2,340177000,104761000.0,235416000,0.6920397322570309,0.0,0.0,0.0,0.0,218590000,323351000,0.0,6468000.0,23294000.0,0.0684761168450542,16826000.0,0.04946248570597071,0.0,1171000.0,0.003442325612842726,391000.0,780000.0,0.002292923977811551,0.06,0.06,13000000,13000000,https://www.nseindia.com/companies-listing/corporate-filings-annual-reports,https://www.nseindia.com/companies-listing/corporate-filings-annual-reports,1620598712,18:18:32,20210509
15,2017-03-31,TERASOFT.NS,INR,2017-03-31,2017-03-31,Q1,311290000,229087000.0,82203000,0.2640720871213338,0.0,46509000.0,0.0,5948000.0,68328000,297415000,18271000.0,6146000.0,20021000.0,0.06431623245205435,13875000.0,0.044572585049310935,0.0,1552000.0,0.004985704648398599,403000.0,1149000.0,0.003691091907867262,0.09,0.09,12766667,12766667,https://www.nseindia.com/companies-listing/corporate-filings-annual-reports,https://www.nseindia.com/companies-listing/corporate-filings-annual-reports,1620598712,18:18:32,20210509
16,2016-12-31,TERASOFT.NS,INR,2016-12-31,2016-12-31,Q4,453245000,291348000.0,161897000,0.3571953358558837,0.0,89517000.0,0.0,5656000.0,123005000,414353000,13711000.0,6157000.0,45049000.0,0.09939216097254244,38892000.0,0.0858078963915763,0.0,30837000.0,0.06803605114231817,11455000.0,19382000.0,0.04276274421118821,1.55,1.55,12504516,12504516,https://www.nseindia.com/companies-listing/corporate-filings-annual-reports,https://www.nseindia.com/companies-listing/corporate-filings-annual-reports,1620598712,18:18:32,20210509
17,2016-09-30,TERASOFT.NS,INR,2016-09-30,2016-09-30,Q3,694454000,543825000.0,150629000,0.21690277541781025,0.0,70554000.0,0.0,7236000.0,90153000,633978000,13993000.0,5847000.0,66323000.0,0.09550380586763126,60476000.0,0.08708424172083393,0.0,53719000.0,0.07735429560489247,18334000.0,35385000.0,0.05095369887710345,2.79,2.79,12682796,12682796,https://www.nseindia.com/companies-listing/corporate-filings-annual-reports,https://www.nseindia.com/companies-listing/corporate-filings-annual-reports,1620598712,18:18:32,20210509
18,2016-06-30,TERASOFT.NS,INR,2016-06-30,2016-06-30,Q2,1022284000,840164000.0,182120000,0.17815010310246468,0.0,73575000.0,0.0,5433000.0,93180000,933344000,12402000.0,5463000.0,94403000.0,0.09234518000868643,88940000.0,0.08700126383666379,0.0,81971000.0,0.08018417582589574,27411000.0,54560000.0,0.05337068759757563,4.36,4.36,12513761,12513761,https://www.nseindia.com/companies-listing/corporate-filings-annual-reports,https://www.nseindia.com/companies-listing/corporate-filings-annual-reports,1620598712,18:18:32,20210509
19,2016-03-31,TERASOFT.NS,INR,2016-03-31,2016-03-31,Q1,1060051000,917679000.0,142372000,0.13430674561884287,0.0,83082000.0,0.0,13620000.0,92904000,1010583000,19841000.0,6463000.0,55931000.0,0.052762555763826456,49468000.0,0.046665679292788746,0.0,43247000.0,0.04079709372473588,12697000.0,30550000.0,0.028819368124741167,2.44,2.44,12520492,12520492,https://www.nseindia.com/companies-listing/corporate-filings-annual-reports,https://www.nseindia.com/companies-listing/corporate-filings-annual-reports,1620598712,18:18:32,20210509
20,2015-12-31,TERASOFT.NS,INR,2015-12-31,2015-12-31,Q4,282823000,90735000.0,192088000,0.6791809718445813,0.0,45242000.0,0.0,0.0,134937000,225672000,16377000.0,6807000.0,63958000.0,0.22614143828472225,57151000.0,0.2020733815849489,0.0,40773000.0,0.1441643713559364,14091000.0,26682000.0,0.09434169073943774,2.13,2.13,12526761,12526761,https://www.nseindia.com/companies-listing/corporate-filings-annual-reports,https://www.nseindia.com/companies-listing/corporate-filings-annual-reports,1620598712,18:18:32,20210509
21,2015-09-30,TERASOFT.NS,INR,2015-09-30,2015-09-30,Q3,137352000,0.0,137352000,1.0,0.0,25127000.0,0.0,0.0,103863000,103863000,15963000.0,6838000.0,40327000.0,0.29360329663929174,33489000.0,0.24381880132797484,0.0,17526000.0,0.12759916127904944,7681000.0,9845000.0,0.07167715067854855,0.79,0.79,12462025,12462025,https://www.nseindia.com/companies-listing/corporate-filings-annual-reports,https://www.nseindia.com/companies-listing/corporate-filings-annual-reports,1620598712,18:18:32,20210509
22,2015-06-30,TERASOFT.NS,INR,2015-06-30,2015-06-30,Q2,183682000,25616000.0,158066000,0.8605415881795713,0.0,43877000.0,0.0,0.0,124161000,149777000,17601000.0,6878000.0,40783000.0,0.2220304656961488,33905000.0,0.1845853159264381,0.0,16304000.0,0.0887620997158132,5940000.0,10364000.0,0.056423601659389595,0.83,0.83,12486747,12486747,https://www.nseindia.com/companies-listing/corporate-filings-annual-reports,https://www.nseindia.com/companies-listing/corporate-filings-annual-reports,1620598712,18:18:32,20210509
23,2015-03-31,TERASOFT.NS,INR,2015-03-31,2015-03-31,Q1,359752000,165094000.0,194658000,0.5410894171540395,0.0,0.0,0.0,0.0,160187000,325281000,0.0,2483000.0,36954000.0,0.10272076319242145,34471000.0,0.09581878627498944,0.0,32102000.0,0.08923369432275567,9368000.0,22734000.0,0.06319353332295581,1.81872,1.81872,12500000,12500000,https://www.nseindia.com/companies-listing/corporate-filings-annual-reports,https://www.nseindia.com/companies-listing/corporate-filings-annual-reports,1620598712,18:18:32,20210509
24,2014-12-31,TERASOFT.NS,INR,2014-12-31,2014-12-31,Q4,294250000,145030000.0,149220000,0.5071197960917587,0.0,42275000.0,0.0,0.0,105410000,250440000,0.0,5820000.0,49630000.0,0.1686661002548853,43810000.0,0.14888700084961767,0.0,27828000.0,0.09457264231096006,9518000.0,18310000.0,0.062225998300764654,1.46,1.46,12541096,12541096,https://www.nseindia.com/companies-listing/corporate-filings-annual-reports,https://www.nseindia.com/companies-listing/corporate-filings-annual-reports,1620598712,18:18:32,20210509
25,2014-09-30,TERASOFT.NS,INR,2014-09-30,2014-09-30,Q3,158087000,26361000.0,131726000,0.8332500458608235,0.0,0.0,0.0,0.0,105564000,131925000,0.0,27331000.0,53493000.0,0.33837696964329766,26162000.0,0.1654911536052933,0.0,7029000.0,0.04446285905861962,3083000.0,3945000.0,0.024954613598841144,0.32,0.32,12328125,12328125,https://www.nseindia.com/companies-listing/corporate-filings-annual-reports,https://www.nseindia.com/companies-listing/corporate-filings-annual-reports,1620598712,18:18:32,20210509
26,2014-06-30,TERASOFT.NS,INR,2014-06-30,2014-06-30,Q2,101407000,1608000.0,99799000,0.9841431064916623,0.0,25224000.0,0.0,0.0,96345000,97953000,0.0,27440000.0,30894000.0,0.3046535249045924,3454000.0,0.03406076503594426,0.0,-12030000.0,-0.11863086374707861,-4125000.0,-7905000.0,-0.07795319849714517,-0.63,-0.63,12547619,12547619,https://www.nseindia.com/companies-listing/corporate-filings-annual-reports,https://www.nseindia.com/companies-listing/corporate-filings-annual-reports,1620598712,18:18:32,20210509
27,2014-03-31,TERASOFT.NS,INR,2014-03-31,2014-03-31,Q1,320901000,114360000.0,206541000,0.6436284087615807,0.0,0.0,0.0,0.0,178113000,292473000,0.0,20556000.0,48984000.0,0.15264520833528097,28428000.0,0.08858806921760917,0.0,17282000.0,0.053854615597957005,7398000.0,9884000.0,0.030800776563488428,0.79072,0.79072,12500000,12500000,https://www.nseindia.com/companies-listing/corporate-filings-annual-reports,https://www.nseindia.com/companies-listing/corporate-filings-annual-reports,1620598712,18:18:32,20210509
28,2013-12-31,TERASOFT.NS,INR,2013-12-31,2013-12-31,Q4,247824000,49187000.0,198637000,0.8015244689779844,0.0,54906000.0,0.0,0.0,161029000,210216000,0.0,24041000.0,61649000.0,0.24876121763832398,37608000.0,0.15175285686616308,0.0,14020000.0,0.05657240622377171,12616000.0,1404000.0,0.005665310865775712,0.11,0.11,12763636,12763636,https://www.nseindia.com/companies-listing/corporate-filings-annual-reports,https://www.nseindia.com/companies-listing/corporate-filings-annual-reports,1620598712,18:18:32,20210509
29,2013-09-30,TERASOFT.NS,INR,2013-09-30,2013-09-30,Q3,191303000,1132000.0,190171000,0.9940826855825575,0.0,0.0,0.0,0.0,163292000,164424000,0.0,27931000.0,54810000.0,0.2865088367668045,26879000.0,0.1405048535569228,0.0,1279000.0,0.006685728922181043,-269000.0,1548000.0,0.00809187519275704,0.12,0.12,12511875,12511875,https://www.nseindia.com/companies-listing/corporate-filings-annual-reports,https://www.nseindia.com/companies-listing/corporate-filings-annual-reports,1620598712,18:18:32,20210509
30,2013-06-30,TERASOFT.NS,INR,2013-06-30,2013-06-30,Q2,255138000,564000.0,254574000,0.9977894316017214,0.0,108862000.0,0.0,0.0,221128000,221692000,0.0,27719000.0,61165000.0,0.2397330072353001,33446000.0,0.13108984157593145,0.0,10064000.0,0.03944531978772272,2667000.0,7397000.0,0.028992153266075613,0.59,0.59,12511875,12511875,https://www.nseindia.com/companies-listing/corporate-filings-annual-reports,https://www.nseindia.com/companies-listing/corporate-filings-annual-reports,1620598712,18:18:32,20210509
31,2013-03-31,TERASOFT.NS,INR,2013-03-31,2013-03-31,Q1,346817000,22656000.0,324161000,0.9346744825080662,0.0,0.0,0.0,0.0,289163000,311819000,0.0,25418000.0,60416000.0,0.17420137997849008,34998000.0,0.10091200835022504,0.0,12939000.0,0.03730785976465975,20252000.0,-7313000.0,-0.02108604826176341,-0.58504,-0.58504,12500000,12500000,https://www.nseindia.com/companies-listing/corporate-filings-annual-reports,https://www.nseindia.com/companies-listing/corporate-filings-annual-reports,1620598712,18:18:32,20210509
32,2012-12-31,TERASOFT.NS,INR,2012-12-31,2012-12-31,Q4,366055000,117437000.0,248618000,0.679182090123069,0.0,108613000.0,0.0,0.0,202824000,320261000,28697000.0,34346000.0,80140000.0,0.21892884948983077,45794000.0,0.1251014191856415,0.0,17097000.0,0.04670609607845815,3152000.0,13945000.0,0.038095368182376965,1.11,1.11,12511916,12511916,https://www.nseindia.com/companies-listing/corporate-filings-annual-reports,https://www.nseindia.com/companies-listing/corporate-filings-annual-reports,1620598712,18:18:32,20210509
33,2012-09-30,TERASOFT.NS,INR,2012-09-30,2012-09-30,Q3,453689000,201977000.0,251712000,0.5548117763489968,0.0,119194000.0,0.0,0.0,209290000,411267000,26259000.0,27854000.0,70276000.0,0.1548990608103789,42422000.0,0.09350458133214604,0.0,16163000.0,0.03562572599291585,-547000.0,16710000.0,0.03683139771958324,1.34,1.34,12511875,12511875,https://www.nseindia.com/companies-listing/corporate-filings-annual-reports,https://www.nseindia.com/companies-listing/corporate-filings-annual-reports,1620598712,18:18:32,20210509
34,2012-06-30,TERASOFT.NS,INR,2012-06-30,2012-06-30,Q2,267174000,58624000.0,208550000,0.7805774513987139,0.0,95243000.0,0.0,0.0,172432000,231056000,26836000.0,22313000.0,58431000.0,0.21870017292101776,36118000.0,0.13518530994782427,0.0,9282000.0,0.034741404477980645,3180000.0,6102000.0,0.02283904870982955,0.49,0.49,12511900,12511900,https://www.nseindia.com/companies-listing/corporate-filings-annual-reports,https://www.nseindia.com/companies-listing/corporate-filings-annual-reports,1620598712,18:18:32,20210509
