,date,symbol,reportedCurrency,fillingDate,acceptedDate,period,revenue,costOfRevenue,grossProfit,grossProfitRatio,researchAndDevelopmentExpenses,generalAndAdministrativeExpenses,sellingAndMarketingExpenses,otherExpenses,operatingExpenses,costAndExpenses,interestExpense,depreciationAndAmortization,ebitda,ebitdaratio,operatingIncome,operatingIncomeRatio,totalOtherIncomeExpensesNet,incomeBeforeTax,incomeBeforeTaxRatio,incomeTaxExpense,netIncome,netIncomeRatio,eps,epsdiluted,weightedAverageShsOut,weightedAverageShsOutDil,link,finalLink,timestamp,est_time,est_date
0,2019-06-30,LKO.AX,AUD,2019-06-30,2019-06-30,Q2,0.0,0.0,0.0,0.0,320079.5,264502.0,17900.0,213074.0,438648.5,0.0,9436.5,4662.25,-1041130.0,0.0,-1045792.25,0.0,213074.0,-837337.0,0.0,0.0,-840882.5,0.0,-3.168336259180947e-05,-3.168336259180947e-05,26540191167,26540191167,,,1620594472,17:07:52,20210509
1,2019-03-31,LKO.AX,AUD,2019-03-31,2019-03-31,Q1,0.0,0.0,0.0,0.0,320079.5,264502.0,17900.0,213074.0,438648.5,0.0,9436.5,4662.25,-1041130.0,0.0,-1045792.25,0.0,213074.0,-837337.0,0.0,0.0,-840882.5,0.0,-3.168336259180947e-05,-3.168336259180947e-05,26540191167,26540191167,,,1620594472,17:07:52,20210509
2,2019-01-31,LKO.AX,AUD,2019-01-31,2019-01-31,Q1,0.0,0.0,0.0,0.0,320079.5,264502.0,17900.0,213074.0,438648.5,0.0,9436.5,4662.25,-1041130.0,0.0,-1045792.25,0.0,213074.0,-837337.0,0.0,0.0,-840882.5,0.0,-3.168336259180947e-05,-3.168336259180947e-05,26540191167,26540191167,,,1620594472,17:07:52,20210509
3,2018-06-30,LKO.AX,AUD,2018-06-30,2018-06-30,Q2,0.0,0.0,0.0,0.0,0.0,202022.5,5475.0,-2846.25,277358.0,0.0,20214.25,5200.75,-484855.5,0.0,-490056.25,0.0,-2846.25,-510032.5,0.0,0.0,-510032.5,0.0,-2.5e-05,-2.5e-05,26540191167,26540191167,,,1620594472,17:07:52,20210509
4,2018-03-31,LKO.AX,AUD,2018-03-31,2018-03-31,Q1,0.0,0.0,0.0,0.0,0.0,202022.5,5475.0,-2846.25,277358.0,0.0,20214.25,5200.75,-484855.5,0.0,-490056.25,0.0,-2846.25,-510032.5,0.0,0.0,-510032.5,0.0,-2.5e-05,-2.5e-05,26540191167,26540191167,,,1620594472,17:07:52,20210509
5,2018-01-31,LKO.AX,AUD,2018-01-31,2018-01-31,Q1,0.0,0.0,0.0,0.0,0.0,202022.5,5475.0,-2846.25,277358.0,0.0,20214.25,5200.75,-484855.5,0.0,-490056.25,0.0,-2846.25,-510032.5,0.0,0.0,-510032.5,0.0,-2.5e-05,-2.5e-05,26540191167,26540191167,,,1620594472,17:07:52,20210509
6,2017-06-30,LKO.AX,AUD,2017-06-30,2017-06-30,Q2,0.0,0.0,0.0,0.0,0.0,354265.0,6901.75,-34525.75,1408650.5,0.0,74256.5,6703.0,-1769817.25,0.0,-1776520.25,0.0,-53878.0,-1901574.75,0.0,0.0,-1901574.75,0.0,-0.000125,-0.000125,16880066236,16880066236,,,1620594472,17:07:52,20210509
7,2017-03-31,LKO.AX,AUD,2017-03-31,2017-03-31,Q1,0.0,0.0,0.0,0.0,0.0,354265.0,6901.75,-34525.75,1408650.5,0.0,74256.5,6703.0,-1769817.25,0.0,-1776520.25,0.0,-53878.0,-1901574.75,0.0,0.0,-1901574.75,0.0,-0.000125,-0.000125,16880066236,16880066236,,,1620594472,17:07:52,20210509
8,2017-01-31,LKO.AX,AUD,2017-01-31,2017-01-31,Q1,0.0,0.0,0.0,0.0,0.0,354265.0,6901.75,-34525.75,1408650.5,0.0,74256.5,6703.0,-1769817.25,0.0,-1776520.25,0.0,-53878.0,-1901574.75,0.0,0.0,-1901574.75,0.0,-0.000125,-0.000125,16880066236,16880066236,,,1620594472,17:07:52,20210509
9,2016-06-30,LKO.AX,AUD,2016-06-30,2016-06-30,Q2,0.0,0.0,0.0,0.0,0.0,643975.0,34901.0,249283.5,11949118.5,0.0,15624.0,9911.75,-12627994.5,0.0,-12637906.25,0.0,249283.5,-12397151.25,0.0,0.0,-12397151.25,0.0,-0.00105,-0.00105,11865239705,11865239705,,,1620594472,17:07:52,20210509
10,2016-03-31,LKO.AX,AUD,2016-03-31,2016-03-31,Q1,0.0,0.0,0.0,0.0,0.0,643975.0,34901.0,249283.5,11949118.5,0.0,15624.0,9911.75,-12627994.5,0.0,-12637906.25,0.0,249283.5,-12397151.25,0.0,0.0,-12397151.25,0.0,-0.00105,-0.00105,11865239705,11865239705,,,1620594472,17:07:52,20210509
11,2016-01-31,LKO.AX,AUD,2016-01-31,2016-01-31,Q1,0.0,0.0,0.0,0.0,0.0,643975.0,34901.0,249283.5,11949118.5,0.0,15624.0,9911.75,-12627994.5,0.0,-12637906.25,0.0,249283.5,-12397151.25,0.0,0.0,-12397151.25,0.0,-0.00105,-0.00105,11865239705,11865239705,,,1620594472,17:07:52,20210509
12,2015-09-30,LKO.AX,AUD,2015-09-30,2015-09-30,Q3,0.0,0.0,0.0,0.0,0.0,487500.0,61250.0,74250.0,179000.0,0.0,24750.0,15000.0,-727750.0,0.0,-742750.0,0.0,74250.0,-685750.0,0.0,0.0,-685750.0,0.0,-7.5e-05,-7.5e-05,10762206395,10762206395,,,1620594472,17:07:52,20210509
13,2015-06-30,LKO.AX,AUD,2015-06-30,2015-06-30,Q2,0.0,0.0,0.0,0.0,0.0,487500.0,61250.0,74250.0,179000.0,0.0,24750.0,15000.0,-727750.0,0.0,-742750.0,0.0,74250.0,-685750.0,0.0,0.0,-685750.0,0.0,-7.5e-05,-7.5e-05,10762206395,10762206395,,,1620594472,17:07:52,20210509
14,2015-03-31,LKO.AX,AUD,2015-03-31,2015-03-31,Q1,0.0,0.0,0.0,0.0,0.0,487500.0,61250.0,74250.0,179000.0,0.0,24750.0,15000.0,-727750.0,0.0,-742750.0,0.0,74250.0,-685750.0,0.0,0.0,-685750.0,0.0,-7.5e-05,-7.5e-05,10762206395,10762206395,,,1620594472,17:07:52,20210509
15,2015-01-31,LKO.AX,AUD,2015-01-31,2015-01-31,Q1,0.0,0.0,0.0,0.0,0.0,487500.0,61250.0,74250.0,179000.0,0.0,24750.0,15000.0,-727750.0,0.0,-742750.0,0.0,74250.0,-685750.0,0.0,0.0,-685750.0,0.0,-7.5e-05,-7.5e-05,10762206395,10762206395,,,1620594472,17:07:52,20210509
16,2014-09-30,LKO.AX,AUD,2014-09-30,2014-09-30,Q3,0.0,0.0,0.0,0.0,0.0,515250.0,42500.0,107750.0,191750.0,0.0,31250.0,16750.0,-749500.0,0.0,-766250.0,0.0,-8250.0,-792000.0,0.0,0.0,-792000.0,0.0,-0.0001,-0.0001,8819338286,8819338286,,,1620594472,17:07:52,20210509
17,2014-06-30,LKO.AX,AUD,2014-06-30,2014-06-30,Q2,0.0,0.0,0.0,0.0,0.0,515250.0,42500.0,107750.0,191750.0,0.0,31250.0,16750.0,-749500.0,0.0,-766250.0,0.0,-8250.0,-792000.0,0.0,0.0,-792000.0,0.0,-0.0001,-0.0001,8819338286,8819338286,,,1620594472,17:07:52,20210509
18,2014-03-31,LKO.AX,AUD,2014-03-31,2014-03-31,Q1,0.0,0.0,0.0,0.0,0.0,515250.0,42500.0,107750.0,191750.0,0.0,31250.0,16750.0,-749500.0,0.0,-766250.0,0.0,-8250.0,-792000.0,0.0,0.0,-792000.0,0.0,-0.0001,-0.0001,8819338286,8819338286,,,1620594472,17:07:52,20210509
19,2014-01-31,LKO.AX,AUD,2014-01-31,2014-01-31,Q1,0.0,0.0,0.0,0.0,0.0,515250.0,42500.0,107750.0,191750.0,0.0,31250.0,16750.0,-749500.0,0.0,-766250.0,0.0,-8250.0,-792000.0,0.0,0.0,-792000.0,0.0,-0.0001,-0.0001,8819338286,8819338286,,,1620594472,17:07:52,20210509
20,2013-09-30,LKO.AX,AUD,2013-09-30,2013-09-30,Q3,0.0,0.0,0.0,0.0,0.0,474750.0,55000.0,69250.0,246750.0,0.0,38500.0,12250.0,-776500.0,0.0,-788750.0,0.0,69250.0,-738250.0,0.0,0.0,-738250.0,0.0,-0.0001,-0.0001,6945922011,6945922011,,,1620594472,17:07:52,20210509
21,2013-06-30,LKO.AX,AUD,2013-06-30,2013-06-30,Q2,0.0,0.0,0.0,0.0,0.0,474750.0,55000.0,69250.0,246750.0,0.0,38500.0,12250.0,-776500.0,0.0,-788750.0,0.0,69250.0,-738250.0,0.0,0.0,-738250.0,0.0,-0.0001,-0.0001,6945922011,6945922011,,,1620594472,17:07:52,20210509
22,2013-03-31,LKO.AX,AUD,2013-03-31,2013-03-31,Q1,0.0,0.0,0.0,0.0,0.0,474750.0,55000.0,69250.0,246750.0,0.0,38500.0,12250.0,-776500.0,0.0,-788750.0,0.0,69250.0,-738250.0,0.0,0.0,-738250.0,0.0,-0.0001,-0.0001,6945922011,6945922011,,,1620594472,17:07:52,20210509
23,2013-01-31,LKO.AX,AUD,2013-01-31,2013-01-31,Q1,0.0,0.0,0.0,0.0,0.0,474750.0,55000.0,69250.0,246750.0,0.0,38500.0,12250.0,-776500.0,0.0,-788750.0,0.0,69250.0,-738250.0,0.0,0.0,-738250.0,0.0,-0.0001,-0.0001,6945922011,6945922011,,,1620594472,17:07:52,20210509
24,2012-09-30,LKO.AX,AUD,2012-09-30,2012-09-30,Q3,0.0,0.0,0.0,0.0,0.0,416750.0,49750.0,-81000.0,179500.0,0.0,17250.0,18000.0,-646000.0,0.0,-664000.0,0.0,-78750.0,-756000.0,0.0,0.0,-756000.0,0.0,-0.000125,-0.000125,6674611645,6674611645,,,1620594472,17:07:52,20210509
25,2012-06-30,LKO.AX,AUD,2012-06-30,2012-06-30,Q2,0.0,0.0,0.0,0.0,0.0,416750.0,49750.0,-81000.0,179500.0,0.0,17250.0,18000.0,-646000.0,0.0,-664000.0,0.0,-78750.0,-756000.0,0.0,0.0,-756000.0,0.0,-0.000125,-0.000125,6674611645,6674611645,,,1620594472,17:07:52,20210509
26,2012-03-31,LKO.AX,AUD,2012-03-31,2012-03-31,Q1,0.0,0.0,0.0,0.0,0.0,416750.0,49750.0,-81000.0,179500.0,0.0,17250.0,18000.0,-646000.0,0.0,-664000.0,0.0,-78750.0,-756000.0,0.0,0.0,-756000.0,0.0,-0.000125,-0.000125,6674611645,6674611645,,,1620594472,17:07:52,20210509
27,2012-01-31,LKO.AX,AUD,2012-01-31,2012-01-31,Q1,0.0,0.0,0.0,0.0,0.0,416750.0,49750.0,-81000.0,179500.0,0.0,17250.0,18000.0,-646000.0,0.0,-664000.0,0.0,-78750.0,-756000.0,0.0,0.0,-756000.0,0.0,-0.000125,-0.000125,6674611645,6674611645,,,1620594472,17:07:52,20210509
28,2011-09-30,LKO.AX,AUD,2011-09-30,2011-09-30,Q3,0.0,0.0,0.0,0.0,0.0,464250.0,58000.0,-69750.0,320250.0,0.0,2250.0,23250.0,-842500.0,0.0,-865750.0,0.0,-70000.0,-921000.0,0.0,0.0,-921000.0,0.0,-0.000175,-0.000175,5690687206,5690687206,,,1620594472,17:07:52,20210509
29,2011-06-30,LKO.AX,AUD,2011-06-30,2011-06-30,Q2,0.0,0.0,0.0,0.0,0.0,464250.0,58000.0,-69750.0,320250.0,0.0,2250.0,23250.0,-842500.0,0.0,-865750.0,0.0,-70000.0,-921000.0,0.0,0.0,-921000.0,0.0,-0.000175,-0.000175,5690687206,5690687206,,,1620594472,17:07:52,20210509
30,2011-03-31,LKO.AX,AUD,2011-03-31,2011-03-31,Q1,0.0,0.0,0.0,0.0,0.0,464250.0,58000.0,-69750.0,320250.0,0.0,2250.0,23250.0,-842500.0,0.0,-865750.0,0.0,-70000.0,-921000.0,0.0,0.0,-921000.0,0.0,-0.000175,-0.000175,5690687206,5690687206,,,1620594472,17:07:52,20210509
31,2011-01-31,LKO.AX,AUD,2011-01-31,2011-01-31,Q1,0.0,0.0,0.0,0.0,0.0,464250.0,58000.0,-69750.0,320250.0,0.0,2250.0,23250.0,-842500.0,0.0,-865750.0,0.0,-70000.0,-921000.0,0.0,0.0,-921000.0,0.0,-0.000175,-0.000175,5690687206,5690687206,,,1620594472,17:07:52,20210509
32,2010-09-30,LKO.AX,AUD,2010-09-30,2010-09-30,Q3,0.0,0.0,0.0,0.0,0.0,462750.0,52750.0,41250.0,1070250.0,0.0,2250.0,30000.0,-1585750.0,0.0,-1615750.0,0.0,42000.0,-1562000.0,0.0,0.0,-1562000.0,0.0,-0.0003,-0.0003,5312033562,5312033562,,,1620594472,17:07:52,20210509
33,2010-06-30,LKO.AX,AUD,2010-06-30,2010-06-30,Q2,0.0,0.0,0.0,0.0,0.0,462750.0,52750.0,41250.0,1070250.0,0.0,2250.0,30000.0,-1585750.0,0.0,-1615750.0,0.0,42000.0,-1562000.0,0.0,0.0,-1562000.0,0.0,-0.0003,-0.0003,5312033562,5312033562,,,1620594472,17:07:52,20210509
34,2010-03-31,LKO.AX,AUD,2010-03-31,2010-03-31,Q1,0.0,0.0,0.0,0.0,0.0,462750.0,52750.0,41250.0,1070250.0,0.0,2250.0,30000.0,-1585750.0,0.0,-1615750.0,0.0,42000.0,-1562000.0,0.0,0.0,-1562000.0,0.0,-0.0003,-0.0003,5312033562,5312033562,,,1620594472,17:07:52,20210509
35,2010-01-31,LKO.AX,AUD,2010-01-31,2010-01-31,Q1,0.0,0.0,0.0,0.0,0.0,462750.0,52750.0,41250.0,1070250.0,0.0,2250.0,30000.0,-1585750.0,0.0,-1615750.0,0.0,42000.0,-1562000.0,0.0,0.0,-1562000.0,0.0,-0.0003,-0.0003,5312033562,5312033562,,,1620594472,17:07:52,20210509
36,2009-09-30,LKO.AX,AUD,2009-09-30,2009-09-30,Q3,0.0,0.0,0.0,0.0,0.0,396920.5,34473.25,53358.25,403040.75,0.0,2143.0,33868.0,-834434.5,0.0,-868302.5,0.0,53358.25,-747992.0,0.0,0.0,-747992.0,0.0,-0.00017175,-0.00017175,4347799077,4347799077,,,1620594472,17:07:52,20210509
37,2009-06-30,LKO.AX,AUD,2009-06-30,2009-06-30,Q2,0.0,0.0,0.0,0.0,0.0,396920.5,34473.25,53358.25,403040.75,0.0,2143.0,33868.0,-834434.5,0.0,-868302.5,0.0,53358.25,-747992.0,0.0,0.0,-747992.0,0.0,-0.00017175,-0.00017175,4347799077,4347799077,,,1620594472,17:07:52,20210509
38,2009-03-31,LKO.AX,AUD,2009-03-31,2009-03-31,Q1,0.0,0.0,0.0,0.0,0.0,396920.5,34473.25,53358.25,403040.75,0.0,2143.0,33868.0,-834434.5,0.0,-868302.5,0.0,53358.25,-747992.0,0.0,0.0,-747992.0,0.0,-0.00017175,-0.00017175,4347799077,4347799077,,,1620594472,17:07:52,20210509
39,2009-01-31,LKO.AX,AUD,2009-01-31,2009-01-31,Q1,0.0,0.0,0.0,0.0,0.0,396920.5,34473.25,53358.25,403040.75,0.0,2143.0,33868.0,-834434.5,0.0,-868302.5,0.0,53358.25,-747992.0,0.0,0.0,-747992.0,0.0,-0.00017175,-0.00017175,4347799077,4347799077,,,1620594472,17:07:52,20210509
40,2008-09-30,LKO.AX,AUD,2008-09-30,2008-09-30,Q3,0.0,0.0,0.0,0.0,0.0,366633.0,55705.0,889053.0,712779.25,0.0,4908.25,12355.75,-1186368.0,0.0,-1198723.75,0.0,774889.0,-405033.5,0.0,0.0,-405033.5,0.0,-0.00012275,-0.00012275,3251002091,3251002091,,,1620594472,17:07:52,20210509
41,2008-06-30,LKO.AX,AUD,2008-06-30,2008-06-30,Q2,0.0,0.0,0.0,0.0,0.0,366633.0,55705.0,889053.0,712779.25,0.0,4908.25,12355.75,-1186368.0,0.0,-1198723.75,0.0,774889.0,-405033.5,0.0,0.0,-405033.5,0.0,-0.00012275,-0.00012275,3251002091,3251002091,,,1620594472,17:07:52,20210509
42,2008-03-31,LKO.AX,AUD,2008-03-31,2008-03-31,Q1,0.0,0.0,0.0,0.0,0.0,366633.0,55705.0,889053.0,712779.25,0.0,4908.25,12355.75,-1186368.0,0.0,-1198723.75,0.0,774889.0,-405033.5,0.0,0.0,-405033.5,0.0,-0.00012275,-0.00012275,3251002091,3251002091,,,1620594472,17:07:52,20210509
43,2008-01-31,LKO.AX,AUD,2008-01-31,2008-01-31,Q1,0.0,0.0,0.0,0.0,0.0,366633.0,55705.0,889053.0,712779.25,0.0,4908.25,12355.75,-1186368.0,0.0,-1198723.75,0.0,774889.0,-405033.5,0.0,0.0,-405033.5,0.0,-0.00012275,-0.00012275,3251002091,3251002091,,,1620594472,17:07:52,20210509
44,2007-09-30,LKO.AX,AUD,2007-09-30,2007-09-30,Q3,0.0,0.0,0.0,0.0,0.0,419484.5,67687.0,133421.25,277029.75,0.0,3977.75,13871.0,-764201.25,0.0,-778072.25,0.0,122585.25,-642330.5,0.0,0.0,-642330.5,0.0,-0.00025875,-0.00025875,2412677208,2412677208,,,1620594472,17:07:52,20210509
45,2007-06-30,LKO.AX,AUD,2007-06-30,2007-06-30,Q2,0.0,0.0,0.0,0.0,0.0,419484.5,67687.0,133421.25,277029.75,0.0,3977.75,13871.0,-764201.25,0.0,-778072.25,0.0,122585.25,-642330.5,0.0,0.0,-642330.5,0.0,-0.00025875,-0.00025875,2412677208,2412677208,,,1620594472,17:07:52,20210509
46,2007-03-31,LKO.AX,AUD,2007-03-31,2007-03-31,Q1,0.0,0.0,0.0,0.0,0.0,419484.5,67687.0,133421.25,277029.75,0.0,3977.75,13871.0,-764201.25,0.0,-778072.25,0.0,122585.25,-642330.5,0.0,0.0,-642330.5,0.0,-0.00025875,-0.00025875,2412677208,2412677208,,,1620594472,17:07:52,20210509
47,2007-01-31,LKO.AX,AUD,2007-01-31,2007-01-31,Q1,0.0,0.0,0.0,0.0,0.0,419484.5,67687.0,133421.25,277029.75,0.0,3977.75,13871.0,-764201.25,0.0,-778072.25,0.0,122585.25,-642330.5,0.0,0.0,-642330.5,0.0,-0.00025875,-0.00025875,2412677208,2412677208,,,1620594472,17:07:52,20210509
48,2006-09-30,LKO.AX,AUD,2006-09-30,2006-09-30,Q3,0.0,0.0,0.0,0.0,0.0,402192.0,42845.75,-59029.25,670794.75,0.0,2084.75,17439.0,-1115832.5,0.0,-1133271.5,0.0,-59029.25,-1167713.5,0.0,0.0,-1167713.5,0.0,-0.000635,-0.000635,1870818340,1870818340,,,1620594472,17:07:52,20210509
49,2006-06-30,LKO.AX,AUD,2006-06-30,2006-06-30,Q2,0.0,0.0,0.0,0.0,0.0,402192.0,42845.75,-59029.25,670794.75,0.0,2084.75,17439.0,-1115832.5,0.0,-1133271.5,0.0,-59029.25,-1167713.5,0.0,0.0,-1167713.5,0.0,-0.000635,-0.000635,1870818340,1870818340,,,1620594472,17:07:52,20210509
50,2006-03-31,LKO.AX,AUD,2006-03-31,2006-03-31,Q1,0.0,0.0,0.0,0.0,0.0,402192.0,42845.75,-59029.25,670794.75,0.0,2084.75,17439.0,-1115832.5,0.0,-1133271.5,0.0,-59029.25,-1167713.5,0.0,0.0,-1167713.5,0.0,-0.000635,-0.000635,1870818340,1870818340,,,1620594472,17:07:52,20210509
51,2006-01-31,LKO.AX,AUD,2006-01-31,2006-01-31,Q1,0.0,0.0,0.0,0.0,0.0,402192.0,42845.75,-59029.25,670794.75,0.0,2084.75,17439.0,-1115832.5,0.0,-1133271.5,0.0,-59029.25,-1167713.5,0.0,0.0,-1167713.5,0.0,-0.000635,-0.000635,1870818340,1870818340,,,1620594472,17:07:52,20210509
52,2005-09-30,LKO.AX,AUD,2005-09-30,2005-09-30,Q3,0.0,0.0,0.0,0.0,0.0,260646.5,38283.75,127784.25,346528.0,0.0,0.0,13479.0,-645458.25,0.0,-658937.25,0.0,127619.0,-510409.5,0.0,-510409.5,-510409.5,0.0,-0.00037225,-0.00037225,1394347071,1394347071,,,1620594472,17:07:52,20210509
53,2005-06-30,LKO.AX,AUD,2005-06-30,2005-06-30,Q2,0.0,0.0,0.0,0.0,0.0,260646.5,38283.75,127784.25,346528.0,0.0,0.0,13479.0,-645458.25,0.0,-658937.25,0.0,127619.0,-510409.5,0.0,-510409.5,-510409.5,0.0,-0.00037225,-0.00037225,1394347071,1394347071,,,1620594472,17:07:52,20210509
54,2005-03-31,LKO.AX,AUD,2005-03-31,2005-03-31,Q1,0.0,0.0,0.0,0.0,0.0,260646.5,38283.75,127784.25,346528.0,0.0,0.0,13479.0,-645458.25,0.0,-658937.25,0.0,127619.0,-510409.5,0.0,-510409.5,-510409.5,0.0,-0.00037225,-0.00037225,1394347071,1394347071,,,1620594472,17:07:52,20210509
55,2005-01-31,LKO.AX,AUD,2005-01-31,2005-01-31,Q1,0.0,0.0,0.0,0.0,0.0,260646.5,38283.75,127784.25,346528.0,0.0,0.0,13479.0,-645458.25,0.0,-658937.25,0.0,127619.0,-510409.5,0.0,-510409.5,-510409.5,0.0,-0.00037225,-0.00037225,1394347071,1394347071,,,1620594472,17:07:52,20210509
56,2004-09-30,LKO.AX,AUD,2004-09-30,2004-09-30,Q3,0.0,0.0,0.0,0.0,0.0,87040.75,0.0,43453.25,367340.0,0.0,0.0,6421.75,-454380.75,0.0,-460802.5,0.0,43453.25,-394162.0,0.0,-394162.0,-394162.0,0.0,-0.00037225,-0.00037225,1081568837,1081568837,,,1620594472,17:07:52,20210509
57,2004-06-30,LKO.AX,AUD,2004-06-30,2004-06-30,Q2,0.0,0.0,0.0,0.0,0.0,87040.75,0.0,43453.25,367340.0,0.0,0.0,6421.75,-454380.75,0.0,-460802.5,0.0,43453.25,-394162.0,0.0,-394162.0,-394162.0,0.0,-0.00037225,-0.00037225,1081568837,1081568837,,,1620594472,17:07:52,20210509
58,2004-03-31,LKO.AX,AUD,2004-03-31,2004-03-31,Q1,0.0,0.0,0.0,0.0,0.0,87040.75,0.0,43453.25,367340.0,0.0,0.0,6421.75,-454380.75,0.0,-460802.5,0.0,43453.25,-394162.0,0.0,-394162.0,-394162.0,0.0,-0.00037225,-0.00037225,1081568837,1081568837,,,1620594472,17:07:52,20210509
59,2004-01-31,LKO.AX,AUD,2004-01-31,2004-01-31,Q1,0.0,0.0,0.0,0.0,0.0,87040.75,0.0,43453.25,367340.0,0.0,0.0,6421.75,-454380.75,0.0,-460802.5,0.0,43453.25,-394162.0,0.0,-394162.0,-394162.0,0.0,-0.00037225,-0.00037225,1081568837,1081568837,,,1620594472,17:07:52,20210509
60,2003-09-30,LKO.AX,AUD,2003-09-30,2003-09-30,Q3,0.0,0.0,0.0,0.0,0.0,76291.0,34096.75,128320.0,290288.5,0.0,0.0,6244.5,-400676.25,0.0,-406920.75,0.0,128320.0,-259202.75,0.0,-259202.75,-259202.75,0.0,-0.0003025,-0.0003025,860358532,860358532,,,1620594472,17:07:52,20210509
61,2003-06-30,LKO.AX,AUD,2003-06-30,2003-06-30,Q2,0.0,0.0,0.0,0.0,0.0,76291.0,34096.75,128320.0,290288.5,0.0,0.0,6244.5,-400676.25,0.0,-406920.75,0.0,128320.0,-259202.75,0.0,-259202.75,-259202.75,0.0,-0.0003025,-0.0003025,860358532,860358532,,,1620594472,17:07:52,20210509
62,2003-03-31,LKO.AX,AUD,2003-03-31,2003-03-31,Q1,0.0,0.0,0.0,0.0,0.0,76291.0,34096.75,128320.0,290288.5,0.0,0.0,6244.5,-400676.25,0.0,-406920.75,0.0,128320.0,-259202.75,0.0,-259202.75,-259202.75,0.0,-0.0003025,-0.0003025,860358532,860358532,,,1620594472,17:07:52,20210509
63,2003-01-31,LKO.AX,AUD,2003-01-31,2003-01-31,Q1,0.0,0.0,0.0,0.0,0.0,76291.0,34096.75,128320.0,290288.5,0.0,0.0,6244.5,-400676.25,0.0,-406920.75,0.0,128320.0,-259202.75,0.0,-259202.75,-259202.75,0.0,-0.0003025,-0.0003025,860358532,860358532,,,1620594472,17:07:52,20210509
64,2002-09-30,LKO.AX,AUD,2002-09-30,2002-09-30,Q3,0.0,0.0,0.0,0.0,0.0,-2018.25,40919.25,11529.5,203616.25,0.0,0.0,8597.75,-242517.25,0.0,-251115.0,0.0,11529.5,-218596.0,0.0,-218596.0,-218596.0,0.0,-0.00027925,-0.00027925,761519769,761519769,,,1620594472,17:07:52,20210509
65,2002-06-30,LKO.AX,AUD,2002-06-30,2002-06-30,Q2,0.0,0.0,0.0,0.0,0.0,-2018.25,40919.25,11529.5,203616.25,0.0,0.0,8597.75,-242517.25,0.0,-251115.0,0.0,11529.5,-218596.0,0.0,-218596.0,-218596.0,0.0,-0.00027925,-0.00027925,761519769,761519769,,,1620594472,17:07:52,20210509
66,2002-03-31,LKO.AX,AUD,2002-03-31,2002-03-31,Q1,0.0,0.0,0.0,0.0,0.0,-2018.25,40919.25,11529.5,203616.25,0.0,0.0,8597.75,-242517.25,0.0,-251115.0,0.0,11529.5,-218596.0,0.0,-218596.0,-218596.0,0.0,-0.00027925,-0.00027925,761519769,761519769,,,1620594472,17:07:52,20210509
67,2002-01-31,LKO.AX,AUD,2002-01-31,2002-01-31,Q1,0.0,0.0,0.0,0.0,0.0,-2018.25,40919.25,11529.5,203616.25,0.0,0.0,8597.75,-242517.25,0.0,-251115.0,0.0,11529.5,-218596.0,0.0,-218596.0,-218596.0,0.0,-0.00027925,-0.00027925,761519769,761519769,,,1620594472,17:07:52,20210509
68,2001-09-30,LKO.AX,AUD,2001-09-30,2001-09-30,Q3,0.0,0.0,0.0,0.0,0.0,13436.75,0.0,-211549.25,0.0,0.0,773.0,7744.5,-13436.75,0.0,-21181.25,0.0,-227165.25,-232102.5,0.0,-232102.5,-232102.5,0.0,-0.0004135,-0.0004135,571852087,571852087,,,1620594472,17:07:52,20210509
69,2001-06-30,LKO.AX,AUD,2001-06-30,2001-06-30,Q2,0.0,0.0,0.0,0.0,0.0,13436.75,0.0,-211549.25,0.0,0.0,773.0,7744.5,-13436.75,0.0,-21181.25,0.0,-227165.25,-232102.5,0.0,-232102.5,-232102.5,0.0,-0.0004135,-0.0004135,571852087,571852087,,,1620594472,17:07:52,20210509
70,2001-03-31,LKO.AX,AUD,2001-03-31,2001-03-31,Q1,0.0,0.0,0.0,0.0,0.0,13436.75,0.0,-211549.25,0.0,0.0,773.0,7744.5,-13436.75,0.0,-21181.25,0.0,-227165.25,-232102.5,0.0,-232102.5,-232102.5,0.0,-0.0004135,-0.0004135,571852087,571852087,,,1620594472,17:07:52,20210509
71,2001-01-31,LKO.AX,AUD,2001-01-31,2001-01-31,Q1,0.0,0.0,0.0,0.0,0.0,13436.75,0.0,-211549.25,0.0,0.0,773.0,7744.5,-13436.75,0.0,-21181.25,0.0,-227165.25,-232102.5,0.0,-232102.5,-232102.5,0.0,-0.0004135,-0.0004135,571852087,571852087,,,1620594472,17:07:52,20210509
72,2000-09-30,LKO.AX,AUD,2000-09-30,2000-09-30,Q3,0.0,0.0,0.0,0.0,0.0,0.0,0.0,0.0,0.0,0.0,0.0,0.0,0.0,0.0,0.0,0.0,0.0,-256131.5,0.0,-256131.5,-256131.5,0.0,-0.00062025,-0.00062025,406088486,406088486,,,1620594472,17:07:52,20210509
73,2000-06-30,LKO.AX,AUD,2000-06-30,2000-06-30,Q2,0.0,0.0,0.0,0.0,0.0,0.0,0.0,0.0,0.0,0.0,0.0,0.0,0.0,0.0,0.0,0.0,0.0,-256131.5,0.0,-256131.5,-256131.5,0.0,-0.00062025,-0.00062025,406088486,406088486,,,1620594472,17:07:52,20210509
74,2000-03-31,LKO.AX,AUD,2000-03-31,2000-03-31,Q1,0.0,0.0,0.0,0.0,0.0,0.0,0.0,0.0,0.0,0.0,0.0,0.0,0.0,0.0,0.0,0.0,0.0,-256131.5,0.0,-256131.5,-256131.5,0.0,-0.00062025,-0.00062025,406088486,406088486,,,1620594472,17:07:52,20210509
75,2000-01-31,LKO.AX,AUD,2000-01-31,2000-01-31,Q1,0.0,0.0,0.0,0.0,0.0,0.0,0.0,0.0,0.0,0.0,0.0,0.0,0.0,0.0,0.0,0.0,0.0,-256131.5,0.0,-256131.5,-256131.5,0.0,-0.00062025,-0.00062025,406088486,406088486,,,1620594472,17:07:52,20210509
76,1999-09-30,LKO.AX,AUD,1999-09-30,1999-09-30,Q3,0.0,0.0,0.0,0.0,0.0,0.0,0.0,0.0,0.0,0.0,0.0,0.0,0.0,0.0,0.0,0.0,0.0,-1569915.25,0.0,-1569915.25,-1569915.25,0.0,-0.004526,-0.004526,347177770,347177770,,,1620594472,17:07:52,20210509
77,1999-06-30,LKO.AX,AUD,1999-06-30,1999-06-30,Q2,0.0,0.0,0.0,0.0,0.0,0.0,0.0,0.0,0.0,0.0,0.0,0.0,0.0,0.0,0.0,0.0,0.0,-1569915.25,0.0,-1569915.25,-1569915.25,0.0,-0.004526,-0.004526,347177770,347177770,,,1620594472,17:07:52,20210509
78,1999-03-31,LKO.AX,AUD,1999-03-31,1999-03-31,Q1,0.0,0.0,0.0,0.0,0.0,0.0,0.0,0.0,0.0,0.0,0.0,0.0,0.0,0.0,0.0,0.0,0.0,-1569915.25,0.0,-1569915.25,-1569915.25,0.0,-0.004526,-0.004526,347177770,347177770,,,1620594472,17:07:52,20210509
79,1999-01-31,LKO.AX,AUD,1999-01-31,1999-01-31,Q1,0.0,0.0,0.0,0.0,0.0,0.0,0.0,0.0,0.0,0.0,0.0,0.0,0.0,0.0,0.0,0.0,0.0,-1569915.25,0.0,-1569915.25,-1569915.25,0.0,-0.004526,-0.004526,347177770,347177770,,,1620594472,17:07:52,20210509
80,1998-09-30,LKO.AX,AUD,1998-09-30,1998-09-30,Q3,0.0,0.0,0.0,0.0,0.0,0.0,0.0,0.0,0.0,0.0,0.0,0.0,-540522.5,0.0,0.0,0.0,0.0,-540522.5,0.0,-540522.5,-540522.5,0.0,-0.001686,-0.001778,320577883,320577883,,,1620594472,17:07:52,20210509
81,1998-06-30,LKO.AX,AUD,1998-06-30,1998-06-30,Q2,0.0,0.0,0.0,0.0,0.0,0.0,0.0,0.0,0.0,0.0,0.0,0.0,-540522.5,0.0,0.0,0.0,0.0,-540522.5,0.0,-540522.5,-540522.5,0.0,-0.001686,-0.001778,320577883,320577883,,,1620594472,17:07:52,20210509
82,1998-03-31,LKO.AX,AUD,1998-03-31,1998-03-31,Q1,0.0,0.0,0.0,0.0,0.0,0.0,0.0,0.0,0.0,0.0,0.0,0.0,-540522.5,0.0,0.0,0.0,0.0,-540522.5,0.0,-540522.5,-540522.5,0.0,-0.001686,-0.001778,320577883,320577883,,,1620594472,17:07:52,20210509
83,1998-01-31,LKO.AX,AUD,1998-01-31,1998-01-31,Q1,0.0,0.0,0.0,0.0,0.0,0.0,0.0,0.0,0.0,0.0,0.0,0.0,-540522.5,0.0,0.0,0.0,0.0,-540522.5,0.0,-540522.5,-540522.5,0.0,-0.001686,-0.001778,320577883,320577883,,,1620594472,17:07:52,20210509
84,1997-09-30,LKO.AX,AUD,1997-09-30,1997-09-30,Q3,0.0,0.0,0.0,0.0,0.0,0.0,0.0,0.0,0.0,0.0,0.0,0.0,-36045.25,0.0,0.0,0.0,0.0,-36045.25,0.0,-36045.25,-36045.25,0.0,-0.00296325,-0.00296325,218295961,218295961,,,1620594472,17:07:52,20210509
85,1997-06-30,LKO.AX,AUD,1997-06-30,1997-06-30,Q2,0.0,0.0,0.0,0.0,0.0,0.0,0.0,0.0,0.0,0.0,0.0,0.0,-36045.25,0.0,0.0,0.0,0.0,-36045.25,0.0,-36045.25,-36045.25,0.0,-0.00296325,-0.00296325,218295961,218295961,,,1620594472,17:07:52,20210509
86,1997-03-31,LKO.AX,AUD,1997-03-31,1997-03-31,Q1,0.0,0.0,0.0,0.0,0.0,0.0,0.0,0.0,0.0,0.0,0.0,0.0,-36045.25,0.0,0.0,0.0,0.0,-36045.25,0.0,-36045.25,-36045.25,0.0,-0.00296325,-0.00296325,218295961,218295961,,,1620594472,17:07:52,20210509
87,1997-01-31,LKO.AX,AUD,1997-01-31,1997-01-31,Q1,0.0,0.0,0.0,0.0,0.0,0.0,0.0,0.0,0.0,0.0,0.0,0.0,-36045.25,0.0,0.0,0.0,0.0,-36045.25,0.0,-36045.25,-36045.25,0.0,-0.00296325,-0.00296325,218295961,218295961,,,1620594472,17:07:52,20210509
88,1996-09-30,LKO.AX,AUD,1996-09-30,1996-09-30,Q3,0.0,0.0,0.0,0.0,0.0,0.0,0.0,0.0,0.0,0.0,0.0,0.0,-167406.25,0.0,0.0,0.0,0.0,-167406.25,0.0,-167406.25,-167406.25,0.0,-0.00113975,-0.00113975,146880377,146880377,,,1620594472,17:07:52,20210509
89,1996-06-30,LKO.AX,AUD,1996-06-30,1996-06-30,Q2,0.0,0.0,0.0,0.0,0.0,0.0,0.0,0.0,0.0,0.0,0.0,0.0,-167406.25,0.0,0.0,0.0,0.0,-167406.25,0.0,-167406.25,-167406.25,0.0,-0.00113975,-0.00113975,146880377,146880377,,,1620594472,17:07:52,20210509
90,1996-03-31,LKO.AX,AUD,1996-03-31,1996-03-31,Q1,0.0,0.0,0.0,0.0,0.0,0.0,0.0,0.0,0.0,0.0,0.0,0.0,-167406.25,0.0,0.0,0.0,0.0,-167406.25,0.0,-167406.25,-167406.25,0.0,-0.00113975,-0.00113975,146880377,146880377,,,1620594472,17:07:52,20210509
91,1996-01-31,LKO.AX,AUD,1996-01-31,1996-01-31,Q1,0.0,0.0,0.0,0.0,0.0,0.0,0.0,0.0,0.0,0.0,0.0,0.0,-167406.25,0.0,0.0,0.0,0.0,-167406.25,0.0,-167406.25,-167406.25,0.0,-0.00113975,-0.00113975,146880377,146880377,,,1620594472,17:07:52,20210509
92,1995-09-30,LKO.AX,AUD,1995-09-30,1995-09-30,Q3,0.0,0.0,0.0,0.0,0.0,0.0,0.0,0.0,0.0,0.0,0.0,0.0,-166000.0,0.0,0.0,0.0,0.0,-166000.0,0.0,-166000.0,-166000.0,0.0,-0.00209725,-0.00209725,79155732,79155732,,,1620594472,17:07:52,20210509
93,1995-06-30,LKO.AX,AUD,1995-06-30,1995-06-30,Q2,0.0,0.0,0.0,0.0,0.0,0.0,0.0,0.0,0.0,0.0,0.0,0.0,-166000.0,0.0,0.0,0.0,0.0,-166000.0,0.0,-166000.0,-166000.0,0.0,-0.00209725,-0.00209725,79155732,79155732,,,1620594472,17:07:52,20210509
94,1995-03-31,LKO.AX,AUD,1995-03-31,1995-03-31,Q1,0.0,0.0,0.0,0.0,0.0,0.0,0.0,0.0,0.0,0.0,0.0,0.0,-166000.0,0.0,0.0,0.0,0.0,-166000.0,0.0,-166000.0,-166000.0,0.0,-0.00209725,-0.00209725,79155732,79155732,,,1620594472,17:07:52,20210509
95,1995-01-31,LKO.AX,AUD,1995-01-31,1995-01-31,Q1,0.0,0.0,0.0,0.0,0.0,0.0,0.0,0.0,0.0,0.0,0.0,0.0,-166000.0,0.0,0.0,0.0,0.0,-166000.0,0.0,-166000.0,-166000.0,0.0,-0.00209725,-0.00209725,79155732,79155732,,,1620594472,17:07:52,20210509
96,1994-09-30,LKO.AX,AUD,1994-09-30,1994-09-30,Q3,0.0,0.0,0.0,0.0,0.0,0.0,0.0,0.0,0.0,0.0,0.0,0.0,-89250.0,0.0,0.0,0.0,0.0,-89250.0,0.0,-89250.0,-89250.0,0.0,-0.0013905,-0.0013905,64186027,64186027,,,1620594472,17:07:52,20210509
97,1994-06-30,LKO.AX,AUD,1994-06-30,1994-06-30,Q2,0.0,0.0,0.0,0.0,0.0,0.0,0.0,0.0,0.0,0.0,0.0,0.0,-89250.0,0.0,0.0,0.0,0.0,-89250.0,0.0,-89250.0,-89250.0,0.0,-0.0013905,-0.0013905,64186027,64186027,,,1620594472,17:07:52,20210509
98,1994-03-31,LKO.AX,AUD,1994-03-31,1994-03-31,Q1,0.0,0.0,0.0,0.0,0.0,0.0,0.0,0.0,0.0,0.0,0.0,0.0,-89250.0,0.0,0.0,0.0,0.0,-89250.0,0.0,-89250.0,-89250.0,0.0,-0.0013905,-0.0013905,64186027,64186027,,,1620594472,17:07:52,20210509
99,1994-01-31,LKO.AX,AUD,1994-01-31,1994-01-31,Q1,0.0,0.0,0.0,0.0,0.0,0.0,0.0,0.0,0.0,0.0,0.0,0.0,-89250.0,0.0,0.0,0.0,0.0,-89250.0,0.0,-89250.0,-89250.0,0.0,-0.0013905,-0.0013905,64186027,64186027,,,1620594472,17:07:52,20210509
100,1993-09-30,LKO.AX,AUD,1993-09-30,1993-09-30,Q3,0.0,0.0,0.0,0.0,0.0,0.0,0.0,0.0,0.0,0.0,0.0,0.0,-155250.0,0.0,0.0,0.0,0.0,-155250.0,0.0,-155250.0,-155250.0,0.0,-0.00426425,-0.00426425,36406612,36406612,,,1620594472,17:07:52,20210509
101,1993-06-30,LKO.AX,AUD,1993-06-30,1993-06-30,Q2,0.0,0.0,0.0,0.0,0.0,0.0,0.0,0.0,0.0,0.0,0.0,0.0,-155250.0,0.0,0.0,0.0,0.0,-155250.0,0.0,-155250.0,-155250.0,0.0,-0.00426425,-0.00426425,36406612,36406612,,,1620594472,17:07:52,20210509
102,1993-03-31,LKO.AX,AUD,1993-03-31,1993-03-31,Q1,0.0,0.0,0.0,0.0,0.0,0.0,0.0,0.0,0.0,0.0,0.0,0.0,-155250.0,0.0,0.0,0.0,0.0,-155250.0,0.0,-155250.0,-155250.0,0.0,-0.00426425,-0.00426425,36406612,36406612,,,1620594472,17:07:52,20210509
103,1993-01-31,LKO.AX,AUD,1993-01-31,1993-01-31,Q1,0.0,0.0,0.0,0.0,0.0,0.0,0.0,0.0,0.0,0.0,0.0,0.0,-155250.0,0.0,0.0,0.0,0.0,-155250.0,0.0,-155250.0,-155250.0,0.0,-0.00426425,-0.00426425,36406612,36406612,,,1620594472,17:07:52,20210509
104,1992-09-30,LKO.AX,AUD,1992-09-30,1992-09-30,Q3,0.0,0.0,0.0,0.0,0.0,0.0,0.0,0.0,0.0,0.0,1250.0,0.0,-76250.0,0.0,0.0,0.0,0.0,-77500.0,0.0,-77500.0,-77500.0,0.0,-0.003984,-0.003984,28183460,28183460,,,1620594472,17:07:52,20210509
105,1992-06-30,LKO.AX,AUD,1992-06-30,1992-06-30,Q2,0.0,0.0,0.0,0.0,0.0,0.0,0.0,0.0,0.0,0.0,1250.0,0.0,-76250.0,0.0,0.0,0.0,0.0,-77500.0,0.0,-77500.0,-77500.0,0.0,-0.003984,-0.003984,28183460,28183460,,,1620594472,17:07:52,20210509
106,1992-03-31,LKO.AX,AUD,1992-03-31,1992-03-31,Q1,0.0,0.0,0.0,0.0,0.0,0.0,0.0,0.0,0.0,0.0,1250.0,0.0,-76250.0,0.0,0.0,0.0,0.0,-77500.0,0.0,-77500.0,-77500.0,0.0,-0.003984,-0.003984,28183460,28183460,,,1620594472,17:07:52,20210509
107,1992-01-31,LKO.AX,AUD,1992-01-31,1992-01-31,Q1,0.0,0.0,0.0,0.0,0.0,0.0,0.0,0.0,0.0,0.0,1250.0,0.0,-76250.0,0.0,0.0,0.0,0.0,-77500.0,0.0,-77500.0,-77500.0,0.0,-0.003984,-0.003984,28183460,28183460,,,1620594472,17:07:52,20210509
108,1991-09-30,LKO.AX,AUD,1991-09-30,1991-09-30,Q3,0.0,0.0,0.0,0.0,0.0,0.0,0.0,0.0,0.0,0.0,1750.0,0.0,-226750.0,0.0,0.0,0.0,0.0,-228500.0,0.0,-228500.0,-228500.0,0.0,-8.609583803002755e-06,-8.609583803002755e-06,26540191167,26540191167,,,1620594472,17:07:52,20210509
109,1991-06-30,LKO.AX,AUD,1991-06-30,1991-06-30,Q2,0.0,0.0,0.0,0.0,0.0,0.0,0.0,0.0,0.0,0.0,1750.0,0.0,-226750.0,0.0,0.0,0.0,0.0,-228500.0,0.0,-228500.0,-228500.0,0.0,-8.609583803002755e-06,-8.609583803002755e-06,26540191167,26540191167,,,1620594472,17:07:52,20210509
110,1991-03-31,LKO.AX,AUD,1991-03-31,1991-03-31,Q1,0.0,0.0,0.0,0.0,0.0,0.0,0.0,0.0,0.0,0.0,1750.0,0.0,-226750.0,0.0,0.0,0.0,0.0,-228500.0,0.0,-228500.0,-228500.0,0.0,-8.609583803002755e-06,-8.609583803002755e-06,26540191167,26540191167,,,1620594472,17:07:52,20210509
111,1991-01-31,LKO.AX,AUD,1991-01-31,1991-01-31,Q1,0.0,0.0,0.0,0.0,0.0,0.0,0.0,0.0,0.0,0.0,1750.0,0.0,-226750.0,0.0,0.0,0.0,0.0,-228500.0,0.0,-228500.0,-228500.0,0.0,-8.609583803002755e-06,-8.609583803002755e-06,26540191167,26540191167,,,1620594472,17:07:52,20210509
112,1990-09-30,LKO.AX,AUD,1990-09-30,1990-09-30,Q3,0.0,0.0,0.0,0.0,0.0,0.0,0.0,0.0,0.0,0.0,250.0,0.0,-610250.0,0.0,0.0,0.0,0.0,-610500.0,0.0,-610500.0,-610500.0,0.0,-2.3002848629029242e-05,-2.3002848629029242e-05,26540191167,26540191167,,,1620594472,17:07:52,20210509
113,1990-06-30,LKO.AX,AUD,1990-06-30,1990-06-30,Q2,0.0,0.0,0.0,0.0,0.0,0.0,0.0,0.0,0.0,0.0,250.0,0.0,-610250.0,0.0,0.0,0.0,0.0,-610500.0,0.0,-610500.0,-610500.0,0.0,-2.3002848629029242e-05,-2.3002848629029242e-05,26540191167,26540191167,,,1620594472,17:07:52,20210509
114,1990-03-31,LKO.AX,AUD,1990-03-31,1990-03-31,Q1,0.0,0.0,0.0,0.0,0.0,0.0,0.0,0.0,0.0,0.0,250.0,0.0,-610250.0,0.0,0.0,0.0,0.0,-610500.0,0.0,-610500.0,-610500.0,0.0,-2.3002848629029242e-05,-2.3002848629029242e-05,26540191167,26540191167,,,1620594472,17:07:52,20210509
115,1990-01-31,LKO.AX,AUD,1990-01-31,1990-01-31,Q1,0.0,0.0,0.0,0.0,0.0,0.0,0.0,0.0,0.0,0.0,250.0,0.0,-610250.0,0.0,0.0,0.0,0.0,-610500.0,0.0,-610500.0,-610500.0,0.0,-2.3002848629029242e-05,-2.3002848629029242e-05,26540191167,26540191167,,,1620594472,17:07:52,20210509
116,1989-09-30,LKO.AX,AUD,1989-09-30,1989-09-30,Q3,0.0,0.0,0.0,0.0,0.0,0.0,0.0,0.0,0.0,0.0,1000.0,0.0,-295000.0,0.0,0.0,0.0,0.0,-296000.0,0.0,-296000.0,-296000.0,0.0,-1.1152896304983876e-05,-1.1152896304983876e-05,26540191167,26540191167,,,1620594472,17:07:52,20210509
117,1989-06-30,LKO.AX,AUD,1989-06-30,1989-06-30,Q2,0.0,0.0,0.0,0.0,0.0,0.0,0.0,0.0,0.0,0.0,1000.0,0.0,-295000.0,0.0,0.0,0.0,0.0,-296000.0,0.0,-296000.0,-296000.0,0.0,-1.1152896304983876e-05,-1.1152896304983876e-05,26540191167,26540191167,,,1620594472,17:07:52,20210509
118,1989-03-31,LKO.AX,AUD,1989-03-31,1989-03-31,Q1,0.0,0.0,0.0,0.0,0.0,0.0,0.0,0.0,0.0,0.0,1000.0,0.0,-295000.0,0.0,0.0,0.0,0.0,-296000.0,0.0,-296000.0,-296000.0,0.0,-1.1152896304983876e-05,-1.1152896304983876e-05,26540191167,26540191167,,,1620594472,17:07:52,20210509
119,1989-01-31,LKO.AX,AUD,1989-01-31,1989-01-31,Q1,0.0,0.0,0.0,0.0,0.0,0.0,0.0,0.0,0.0,0.0,1000.0,0.0,-295000.0,0.0,0.0,0.0,0.0,-296000.0,0.0,-296000.0,-296000.0,0.0,-1.1152896304983876e-05,-1.1152896304983876e-05,26540191167,26540191167,,,1620594472,17:07:52,20210509
