,date,symbol,reportedCurrency,fillingDate,acceptedDate,period,revenue,costOfRevenue,grossProfit,grossProfitRatio,researchAndDevelopmentExpenses,generalAndAdministrativeExpenses,sellingAndMarketingExpenses,otherExpenses,operatingExpenses,costAndExpenses,interestExpense,depreciationAndAmortization,ebitda,ebitdaratio,operatingIncome,operatingIncomeRatio,totalOtherIncomeExpensesNet,incomeBeforeTax,incomeBeforeTaxRatio,incomeTaxExpense,netIncome,netIncomeRatio,eps,epsdiluted,weightedAverageShsOut,weightedAverageShsOutDil,link,finalLink,timestamp,est_time,est_date
0,2020-12-31,GJCU,USD,2021-04-15,2021-04-15,Q4,1.497e-05,0.0,1.497e-05,0.001,0.0,-79.297853909,0.0,0.0,-79.297853909,-79.297853909,-2.5999999999999998e-08,0.784,0.8632978689090001,57668.52831723447,0.07929786890900001,5.297118831596526,0.0,0.079284868935,5.29625042985972,0.0,0.079284868935,5.29625042985972,1.8455692538990263e-06,1.8455692538990263e-06,42959574,42959574,https://www.sec.gov/Archives/edgar/data/1781726/000149315221008899/0001493152-21-008899-index.htm,https://www.sec.gov/Archives/edgar/data/1781726/000149315221008899/form10-k.htm,1620592570,16:36:10,20210509
1,2020-09-30,GJCU,USD,2020-11-16,2020-11-16 13:50:17,Q3,1.4999999999999999e-05,0.0,1.4999999999999999e-05,1.0,0.0,25636.0,0.0,0.0,25636.0,25636.0,0.0,391.0,-25245.0,-7.267733333333333e-06,-25636.0,-7.2938e-06,0.0,-25632.0,-7.2938e-06,0.0,-25632.0,-7.2938e-06,-0.000597,-0.000597,42959574,42959574,https://www.sec.gov/Archives/edgar/data/1781726/000149315220021589/0001493152-20-021589-index.htm,https://www.sec.gov/Archives/edgar/data/1781726/000149315220021589/form10-q.htm,1620592570,16:36:10,20210509
2,2020-06-30,GJCU,USD,2020-08-14,2020-08-13 20:34:57,Q2,1.4999999999999999e-05,0.0,1.4999999999999999e-05,1.0,0.0,53662.0,0.0,0.0,53662.0,53662.0,0.0,-52.0,-53714.0,-5.5884666666666665e-06,-53662.0,-5.585e-06,0.0,-53653.0,-5.585e-06,0.0,-53653.0,-5.585e-06,-0.001249,-0.001249,42959574,42959574,https://www.sec.gov/Archives/edgar/data/1781726/000149315220015609/0001493152-20-015609-index.htm,https://www.sec.gov/Archives/edgar/data/1781726/000149315220015609/form10-q.htm,1620592570,16:36:10,20210509
3,2020-03-31,GJCU,USD,2020-05-15 00:00:00,2020-05-15 14:39:51,Q1,15000.0,0.0,0.0,0.0,0.0,45133.0,0.0,0.0,45133.0,45133.0,0.0,444.0,-29689.0,-1.9792666666666667,-30133.0,-2.0088666666666666,0.0,-30122.0,-2.0081333333333333,0.0,-30122.0,-2.0081333333333333,-0.000701,-0.000701,42959574,42959574,https://www.sec.gov/Archives/edgar/data/1781726/000149315220009054/0001493152-20-009054-index.htm,https://www.sec.gov/Archives/edgar/data/1781726/000149315220009054/form10-q.htm,1620592570,16:36:10,20210509
4,2019-12-31,GJCU,USD,2020-03-30 00:00:00,2020-03-30 17:07:20,Q4,0.0,0.0,0.0,0.0,0.0,42334.0,0.0,0.0,42334.0,42334.0,0.0,444.0,-41890.0,0.0,-42334.0,0.0,0.0,-42322.0,0.0,0.0,-42322.0,0.0,-0.00098515874482368,-0.00098515874482368,42959574,42959574,https://www.sec.gov/Archives/edgar/data/1781726/000149315220005264/0001493152-20-005264-index.html,https://www.sec.gov/Archives/edgar/data/1781726/000149315220005264/form10-k.htm,1620592570,16:36:10,20210509
5,2019-09-30,GJCU,USD,2019-11-15 00:00:00,2019-11-15 17:30:45,Q3,0.0,0.0,0.0,0.0,0.0,31894.0,0.0,0.0,31894.0,31894.0,0.0,391.0,-31503.0,0.0,-31894.0,0.0,0.0,-31881.0,0.0,0.0,-31881.0,0.0,-0.000742,-0.000742,42959574,42959574,https://www.sec.gov/Archives/edgar/data/1781726/000149315219017792/0001493152-19-017792-index.html,https://www.sec.gov/Archives/edgar/data/1781726/000149315219017792/form10-q.htm,1620592570,16:36:10,20210509
6,2019-06-30,GJCU,USD,2019-06-30,2019-06-30,Q2,23000.0,0.0,0.0,0.0,0.0,27658.0,0.0,-298.0,27658.0,27658.0,0.0,392.0,-4266.0,-0.1854782608695652,-4658.0,-0.20252173913043478,-298.0,-4950.0,-0.21521739130434783,0.0,-4950.0,-0.21521739130434783,-0.000115,-0.000115,42959574,42959574,,,1620592570,16:36:10,20210509
7,2019-03-31,GJCU,USD,2019-03-31,2019-03-31,Q1,20000.0,0.0,0.0,0.0,0.0,49702.0,0.0,0.0,49702.0,49702.0,0.0,209.0,-29493.0,-1.47465,-29702.0,-1.4851,0.0,-29701.0,-1.48505,0.0,-29701.0,-1.48505,-0.000691,-0.000691,42959574,42959574,,,1620592570,16:36:10,20210509
