,date,symbol,reportedCurrency,fillingDate,acceptedDate,period,revenue,costOfRevenue,grossProfit,grossProfitRatio,researchAndDevelopmentExpenses,generalAndAdministrativeExpenses,sellingAndMarketingExpenses,otherExpenses,operatingExpenses,costAndExpenses,interestExpense,depreciationAndAmortization,ebitda,ebitdaratio,operatingIncome,operatingIncomeRatio,totalOtherIncomeExpensesNet,incomeBeforeTax,incomeBeforeTaxRatio,incomeTaxExpense,netIncome,netIncomeRatio,eps,epsdiluted,weightedAverageShsOut,weightedAverageShsOutDil,link,finalLink,timestamp,est_time,est_date
0,2020-09-30,IRI.AX,AUD,2020-09-30,2020-09-30,Q3,27728250.0,0.0,27728250.0,1.0,4347000.0,1558000.0,13640000.0,-467000.0,0.0,0.0,44000.0,0.0,7911750.0,3.5046923879040666,8183250.0,0.2951232046739336,-467000.0,7867750.0,0.283744917187345,1854250.0,6013500.0,0.2168726839955641,0.03500403749904217,0.03500403749904217,171794468,171794468,,,1620593754,16:55:54,20210509
1,2020-06-30,IRI.AX,AUD,2020-06-30,2020-06-30,Q2,27728250.0,0.0,27728250.0,1.0,4347000.0,1558000.0,13640000.0,-467000.0,0.0,0.0,44000.0,0.0,7911750.0,3.5046923879040666,8183250.0,0.2951232046739336,-467000.0,7867750.0,0.283744917187345,1854250.0,6013500.0,0.2168726839955641,0.03500403749904217,0.03500403749904217,171794468,171794468,,,1620593754,16:55:54,20210509
2,2020-03-31,IRI.AX,AUD,2020-03-31,2020-03-31,Q1,27728250.0,0.0,27728250.0,1.0,4347000.0,1558000.0,13640000.0,-467000.0,0.0,0.0,44000.0,0.0,7911750.0,3.5046923879040666,8183250.0,0.2951232046739336,-467000.0,7867750.0,0.283744917187345,1854250.0,6013500.0,0.2168726839955641,0.03500403749904217,0.03500403749904217,171794468,171794468,,,1620593754,16:55:54,20210509
3,2020-01-31,IRI.AX,AUD,2020-01-31,2020-01-31,Q1,27728250.0,0.0,27728250.0,1.0,4347000.0,1558000.0,13640000.0,-467000.0,0.0,0.0,44000.0,0.0,7911750.0,3.5046923879040666,8183250.0,0.2951232046739336,-467000.0,7867750.0,0.283744917187345,1854250.0,6013500.0,0.2168726839955641,0.03500403749904217,0.03500403749904217,171794468,171794468,,,1620593754,16:55:54,20210509
4,2019-06-30,IRI.AX,AUD,2019-06-30,2019-06-30,Q2,25205000.0,0.0,25205000.0,1.0,4472000.0,1389250.0,12446750.0,328000.0,0.0,0.0,13000.0,0.0,7424750.0,3.39472709518839,6897000.0,0.2736361832969649,328000.0,7411750.0,0.2940587185082325,1949000.0,5462750.0,0.21673279111287444,0.0318,0.03175,171794468,172055118,,,1620593754,16:55:54,20210509
5,2019-03-31,IRI.AX,AUD,2019-03-31,2019-03-31,Q1,25205000.0,0.0,25205000.0,1.0,4472000.0,1389250.0,12446750.0,328000.0,0.0,0.0,13000.0,0.0,7424750.0,3.39472709518839,6897000.0,0.2736361832969649,328000.0,7411750.0,0.2940587185082325,1949000.0,5462750.0,0.21673279111287444,0.0318,0.03175,171794468,172055118,,,1620593754,16:55:54,20210509
6,2019-01-31,IRI.AX,AUD,2019-01-31,2019-01-31,Q1,25205000.0,0.0,25205000.0,1.0,4472000.0,1389250.0,12446750.0,328000.0,0.0,0.0,13000.0,0.0,7424750.0,3.39472709518839,6897000.0,0.2736361832969649,328000.0,7411750.0,0.2940587185082325,1949000.0,5462750.0,0.21673279111287444,0.0318,0.03175,171794468,172055118,,,1620593754,16:55:54,20210509
7,2018-06-30,IRI.AX,AUD,2018-06-30,2018-06-30,Q2,22793750.0,0.0,22793750.0,1.0,3833750.0,1462250.0,11425750.0,390000.0,0.0,0.0,23750.0,0.0,6591500.0,3.4580520367139496,6072000.0,0.26638881272278586,390000.0,6567750.0,0.2881381957773512,1772750.0,4795000.0,0.21036468330134356,0.027975,0.027875,171436022,172017937,,,1620593754,16:55:54,20210509
8,2018-03-31,IRI.AX,AUD,2018-03-31,2018-03-31,Q1,22793750.0,0.0,22793750.0,1.0,3833750.0,1462250.0,11425750.0,390000.0,0.0,0.0,23750.0,0.0,6591500.0,3.4580520367139496,6072000.0,0.26638881272278586,390000.0,6567750.0,0.2881381957773512,1772750.0,4795000.0,0.21036468330134356,0.027975,0.027875,171436022,172017937,,,1620593754,16:55:54,20210509
9,2018-01-31,IRI.AX,AUD,2018-01-31,2018-01-31,Q1,22793750.0,0.0,22793750.0,1.0,3833750.0,1462250.0,11425750.0,390000.0,0.0,0.0,23750.0,0.0,6591500.0,3.4580520367139496,6072000.0,0.26638881272278586,390000.0,6567750.0,0.2881381957773512,1772750.0,4795000.0,0.21036468330134356,0.027975,0.027875,171436022,172017937,,,1620593754,16:55:54,20210509
10,2017-06-30,IRI.AX,AUD,2017-06-30,2017-06-30,Q2,22792250.0,0.0,22792250.0,1.0,3715500.0,1521500.0,10901250.0,-227000.0,0.0,0.0,0.0,0.0,6654000.0,3.4253456567478207,6654000.0,0.29194133970976976,-227000.0,6470250.0,0.28387938882734265,1840250.0,4630000.0,0.2031392249558512,0.02715,0.02715,170550871,170550871,,,1620593754,16:55:54,20210509
11,2017-03-31,IRI.AX,AUD,2017-03-31,2017-03-31,Q1,22792250.0,0.0,22792250.0,1.0,3715500.0,1521500.0,10901250.0,-227000.0,0.0,0.0,0.0,0.0,6654000.0,3.4253456567478207,6654000.0,0.29194133970976976,-227000.0,6470250.0,0.28387938882734265,1840250.0,4630000.0,0.2031392249558512,0.02715,0.02715,170550871,170550871,,,1620593754,16:55:54,20210509
12,2017-01-31,IRI.AX,AUD,2017-01-31,2017-01-31,Q1,22792250.0,0.0,22792250.0,1.0,3715500.0,1521500.0,10901250.0,-227000.0,0.0,0.0,0.0,0.0,6654000.0,3.4253456567478207,6654000.0,0.29194133970976976,-227000.0,6470250.0,0.28387938882734265,1840250.0,4630000.0,0.2031392249558512,0.02715,0.02715,170550871,170550871,,,1620593754,16:55:54,20210509
13,2016-06-30,IRI.AX,AUD,2016-06-30,2016-06-30,Q2,21133000.0,0.0,21133000.0,1.0,0.0,12086750.0,0.0,336750.0,1020250.0,0.0,30000.0,2659000.0,7660250.0,0.36247811479676334,5001250.0,0.2366559409454408,336750.0,5346500.0,0.2529929494156059,1339250.0,4007250.0,0.189620498746037,0.02355,0.02335,170239391,171616702,,,1620593754,16:55:54,20210509
14,2016-03-31,IRI.AX,AUD,2016-03-31,2016-03-31,Q1,21133000.0,0.0,21133000.0,1.0,0.0,12086750.0,0.0,336750.0,1020250.0,0.0,30000.0,2659000.0,7660250.0,0.36247811479676334,5001250.0,0.2366559409454408,336750.0,5346500.0,0.2529929494156059,1339250.0,4007250.0,0.189620498746037,0.02355,0.02335,170239391,171616702,,,1620593754,16:55:54,20210509
15,2016-01-31,IRI.AX,AUD,2016-01-31,2016-01-31,Q1,21133000.0,0.0,21133000.0,1.0,0.0,12086750.0,0.0,336750.0,1020250.0,0.0,30000.0,2659000.0,7660250.0,0.36247811479676334,5001250.0,0.2366559409454408,336750.0,5346500.0,0.2529929494156059,1339250.0,4007250.0,0.189620498746037,0.02355,0.02335,170239391,171616702,,,1620593754,16:55:54,20210509
16,2015-09-30,IRI.AX,AUD,2015-09-30,2015-09-30,Q3,17569750.0,0.0,17569750.0,1.0,3107750.0,1305000.0,8790250.0,375500.0,0.0,0.0,0.0,0.0,4366750.0,4.023530085303715,4366750.0,0.24853797009063874,375500.0,4816500.0,0.27413594388081786,1253750.0,3562750.0,0.20277750110274761,0.021025,0.02085,169409027,170875300,,,1620593754,16:55:54,20210509
17,2015-06-30,IRI.AX,AUD,2015-06-30,2015-06-30,Q2,17569750.0,0.0,17569750.0,1.0,3107750.0,1305000.0,8790250.0,375500.0,0.0,0.0,0.0,0.0,4366750.0,4.023530085303715,4366750.0,0.24853797009063874,375500.0,4816500.0,0.27413594388081786,1253750.0,3562750.0,0.20277750110274761,0.021025,0.02085,169409027,170875300,,,1620593754,16:55:54,20210509
18,2015-03-31,IRI.AX,AUD,2015-03-31,2015-03-31,Q1,17569750.0,0.0,17569750.0,1.0,3107750.0,1305000.0,8790250.0,375500.0,0.0,0.0,0.0,0.0,4366750.0,4.023530085303715,4366750.0,0.24853797009063874,375500.0,4816500.0,0.27413594388081786,1253750.0,3562750.0,0.20277750110274761,0.021025,0.02085,169409027,170875300,,,1620593754,16:55:54,20210509
19,2015-01-31,IRI.AX,AUD,2015-01-31,2015-01-31,Q1,17569750.0,0.0,17569750.0,1.0,3107750.0,1305000.0,8790250.0,375500.0,0.0,0.0,0.0,0.0,4366750.0,4.023530085303715,4366750.0,0.24853797009063874,375500.0,4816500.0,0.27413594388081786,1253750.0,3562750.0,0.20277750110274761,0.021025,0.02085,169409027,170875300,,,1620593754,16:55:54,20210509
20,2014-09-30,IRI.AX,AUD,2014-09-30,2014-09-30,Q3,13310750.0,0.0,13310750.0,1.0,2766750.0,1176750.0,6709000.0,-91000.0,0.0,0.0,0.0,0.0,2658250.0,5.0073356531552715,2658250.0,0.19970700373758052,-91000.0,2663250.0,0.20008263997145165,541000.0,2122250.0,0.15943879946659656,0.012575,0.0125,168719799,169780000,,,1620593754,16:55:54,20210509
21,2014-06-30,IRI.AX,AUD,2014-06-30,2014-06-30,Q2,13310750.0,0.0,13310750.0,1.0,2766750.0,1176750.0,6709000.0,-91000.0,0.0,0.0,0.0,0.0,2658250.0,5.0073356531552715,2658250.0,0.19970700373758052,-91000.0,2663250.0,0.20008263997145165,541000.0,2122250.0,0.15943879946659656,0.012575,0.0125,168719799,169780000,,,1620593754,16:55:54,20210509
22,2014-03-31,IRI.AX,AUD,2014-03-31,2014-03-31,Q1,13310750.0,0.0,13310750.0,1.0,2766750.0,1176750.0,6709000.0,-91000.0,0.0,0.0,0.0,0.0,2658250.0,5.0073356531552715,2658250.0,0.19970700373758052,-91000.0,2663250.0,0.20008263997145165,541000.0,2122250.0,0.15943879946659656,0.012575,0.0125,168719799,169780000,,,1620593754,16:55:54,20210509
23,2014-01-31,IRI.AX,AUD,2014-01-31,2014-01-31,Q1,13310750.0,0.0,13310750.0,1.0,2766750.0,1176750.0,6709000.0,-91000.0,0.0,0.0,0.0,0.0,2658250.0,5.0073356531552715,2658250.0,0.19970700373758052,-91000.0,2663250.0,0.20008263997145165,541000.0,2122250.0,0.15943879946659656,0.012575,0.0125,168719799,169780000,,,1620593754,16:55:54,20210509
24,2013-09-30,IRI.AX,AUD,2013-09-30,2013-09-30,Q3,12214750.0,0.0,12214750.0,1.0,2694250.0,1070000.0,5819750.0,147750.0,0.0,0.0,0.0,0.0,2630750.0,4.64306756628338,2630750.0,0.21537485417220983,147750.0,2892500.0,0.23680386418060131,623000.0,2269500.0,0.18579995497247181,0.0135,0.013375,168226574,169682243,,,1620593754,16:55:54,20210509
25,2013-06-30,IRI.AX,AUD,2013-06-30,2013-06-30,Q2,12214750.0,0.0,12214750.0,1.0,2694250.0,1070000.0,5819750.0,147750.0,0.0,0.0,0.0,0.0,2630750.0,4.64306756628338,2630750.0,0.21537485417220983,147750.0,2892500.0,0.23680386418060131,623000.0,2269500.0,0.18579995497247181,0.0135,0.013375,168226574,169682243,,,1620593754,16:55:54,20210509
26,2013-03-31,IRI.AX,AUD,2013-03-31,2013-03-31,Q1,12214750.0,0.0,12214750.0,1.0,2694250.0,1070000.0,5819750.0,147750.0,0.0,0.0,0.0,0.0,2630750.0,4.64306756628338,2630750.0,0.21537485417220983,147750.0,2892500.0,0.23680386418060131,623000.0,2269500.0,0.18579995497247181,0.0135,0.013375,168226574,169682243,,,1620593754,16:55:54,20210509
27,2013-01-31,IRI.AX,AUD,2013-01-31,2013-01-31,Q1,12214750.0,0.0,12214750.0,1.0,2694250.0,1070000.0,5819750.0,147750.0,0.0,0.0,0.0,0.0,2630750.0,4.64306756628338,2630750.0,0.21537485417220983,147750.0,2892500.0,0.23680386418060131,623000.0,2269500.0,0.18579995497247181,0.0135,0.013375,168226574,169682243,,,1620593754,16:55:54,20210509
28,2012-09-30,IRI.AX,AUD,2012-09-30,2012-09-30,Q3,12152000.0,0.0,12152000.0,1.0,2533500.0,1069500.0,5751000.0,-33250.0,0.0,0.0,0.0,0.0,2798000.0,4.343102215868478,2798000.0,0.23025016458196182,-33250.0,2892000.0,0.2379855167873601,633250.0,2258750.0,0.18587475312705729,0.013525,0.01345,166977446,167936803,,,1620593754,16:55:54,20210509
29,2012-06-30,IRI.AX,AUD,2012-06-30,2012-06-30,Q2,12152000.0,0.0,12152000.0,1.0,2533500.0,1069500.0,5751000.0,-33250.0,0.0,0.0,0.0,0.0,2798000.0,4.343102215868478,2798000.0,0.23025016458196182,-33250.0,2892000.0,0.2379855167873601,633250.0,2258750.0,0.18587475312705729,0.013525,0.01345,166977446,167936803,,,1620593754,16:55:54,20210509
30,2012-03-31,IRI.AX,AUD,2012-03-31,2012-03-31,Q1,12152000.0,0.0,12152000.0,1.0,2533500.0,1069500.0,5751000.0,-33250.0,0.0,0.0,0.0,0.0,2798000.0,4.343102215868478,2798000.0,0.23025016458196182,-33250.0,2892000.0,0.2379855167873601,633250.0,2258750.0,0.18587475312705729,0.013525,0.01345,166977446,167936803,,,1620593754,16:55:54,20210509
31,2012-01-31,IRI.AX,AUD,2012-01-31,2012-01-31,Q1,12152000.0,0.0,12152000.0,1.0,2533500.0,1069500.0,5751000.0,-33250.0,0.0,0.0,0.0,0.0,2798000.0,4.343102215868478,2798000.0,0.23025016458196182,-33250.0,2892000.0,0.2379855167873601,633250.0,2258750.0,0.18587475312705729,0.013525,0.01345,166977446,167936803,,,1620593754,16:55:54,20210509
32,2011-09-30,IRI.AX,AUD,2011-09-30,2011-09-30,Q3,11148000.0,0.0,11148000.0,1.0,2237250.0,1034250.0,5255750.0,-292500.0,0.0,0.0,0.0,0.0,2620750.0,4.253744157206906,2620750.0,0.2350870111230714,-292500.0,2423500.0,0.21739325439540724,557250.0,1866250.0,0.16740670972371727,0.011175,0.011175,166837850,166837850,,,1620593754,16:55:54,20210509
33,2011-06-30,IRI.AX,AUD,2011-06-30,2011-06-30,Q2,11148000.0,0.0,11148000.0,1.0,2237250.0,1034250.0,5255750.0,-292500.0,0.0,0.0,0.0,0.0,2620750.0,4.253744157206906,2620750.0,0.2350870111230714,-292500.0,2423500.0,0.21739325439540724,557250.0,1866250.0,0.16740670972371727,0.011175,0.011175,166837850,166837850,,,1620593754,16:55:54,20210509
34,2011-03-31,IRI.AX,AUD,2011-03-31,2011-03-31,Q1,11148000.0,0.0,11148000.0,1.0,2237250.0,1034250.0,5255750.0,-292500.0,0.0,0.0,0.0,0.0,2620750.0,4.253744157206906,2620750.0,0.2350870111230714,-292500.0,2423500.0,0.21739325439540724,557250.0,1866250.0,0.16740670972371727,0.011175,0.011175,166837850,166837850,,,1620593754,16:55:54,20210509
35,2011-01-31,IRI.AX,AUD,2011-01-31,2011-01-31,Q1,11148000.0,0.0,11148000.0,1.0,2237250.0,1034250.0,5255750.0,-292500.0,0.0,0.0,0.0,0.0,2620750.0,4.253744157206906,2620750.0,0.2350870111230714,-292500.0,2423500.0,0.21739325439540724,557250.0,1866250.0,0.16740670972371727,0.011175,0.011175,166837850,166837850,,,1620593754,16:55:54,20210509
36,2010-09-30,IRI.AX,AUD,2010-09-30,2010-09-30,Q3,9325750.0,0.0,9325750.0,1.0,2086750.0,1013500.0,4799250.0,0.0,0.0,0.0,0.0,0.0,1426250.0,6.538650306748466,1426250.0,0.1529367611184087,0.0,1511500.0,0.1620781170415248,161250.0,1350250.0,0.14478728252419376,0.0081,0.008075,166809097,167213622,,,1620593754,16:55:54,20210509
37,2010-06-30,IRI.AX,AUD,2010-06-30,2010-06-30,Q2,9325750.0,0.0,9325750.0,1.0,2086750.0,1013500.0,4799250.0,0.0,0.0,0.0,0.0,0.0,1426250.0,6.538650306748466,1426250.0,0.1529367611184087,0.0,1511500.0,0.1620781170415248,161250.0,1350250.0,0.14478728252419376,0.0081,0.008075,166809097,167213622,,,1620593754,16:55:54,20210509
38,2010-03-31,IRI.AX,AUD,2010-03-31,2010-03-31,Q1,9325750.0,0.0,9325750.0,1.0,2086750.0,1013500.0,4799250.0,0.0,0.0,0.0,0.0,0.0,1426250.0,6.538650306748466,1426250.0,0.1529367611184087,0.0,1511500.0,0.1620781170415248,161250.0,1350250.0,0.14478728252419376,0.0081,0.008075,166809097,167213622,,,1620593754,16:55:54,20210509
39,2010-01-31,IRI.AX,AUD,2010-01-31,2010-01-31,Q1,9325750.0,0.0,9325750.0,1.0,2086750.0,1013500.0,4799250.0,0.0,0.0,0.0,0.0,0.0,1426250.0,6.538650306748466,1426250.0,0.1529367611184087,0.0,1511500.0,0.1620781170415248,161250.0,1350250.0,0.14478728252419376,0.0081,0.008075,166809097,167213622,,,1620593754,16:55:54,20210509
40,2009-09-30,IRI.AX,AUD,2009-09-30,2009-09-30,Q3,10671000.0,0.0,10671000.0,1.0,2061000.0,1535500.0,4733000.0,0.0,0.0,0.0,0.0,0.0,2341500.0,4.557335041639974,2341500.0,0.21942648299128478,0.0,2455000.0,0.23006278699278418,489250.0,1965750.0,0.18421422547090244,0.0118,0.011775,166778141,166942675,,,1620593754,16:55:54,20210509
41,2009-06-30,IRI.AX,AUD,2009-06-30,2009-06-30,Q2,10671000.0,0.0,10671000.0,1.0,2061000.0,1535500.0,4733000.0,0.0,0.0,0.0,0.0,0.0,2341500.0,4.557335041639974,2341500.0,0.21942648299128478,0.0,2455000.0,0.23006278699278418,489250.0,1965750.0,0.18421422547090244,0.0118,0.011775,166778141,166942675,,,1620593754,16:55:54,20210509
42,2009-03-31,IRI.AX,AUD,2009-03-31,2009-03-31,Q1,10671000.0,0.0,10671000.0,1.0,2061000.0,1535500.0,4733000.0,0.0,0.0,0.0,0.0,0.0,2341500.0,4.557335041639974,2341500.0,0.21942648299128478,0.0,2455000.0,0.23006278699278418,489250.0,1965750.0,0.18421422547090244,0.0118,0.011775,166778141,166942675,,,1620593754,16:55:54,20210509
43,2009-01-31,IRI.AX,AUD,2009-01-31,2009-01-31,Q1,10671000.0,0.0,10671000.0,1.0,2061000.0,1535500.0,4733000.0,0.0,0.0,0.0,0.0,0.0,2341500.0,4.557335041639974,2341500.0,0.21942648299128478,0.0,2455000.0,0.23006278699278418,489250.0,1965750.0,0.18421422547090244,0.0118,0.011775,166778141,166942675,,,1620593754,16:55:54,20210509
44,2008-09-30,IRI.AX,AUD,2008-09-30,2008-09-30,Q3,9346000.0,0.0,9346000.0,1.0,2179250.0,1086250.0,4278500.0,0.0,0.0,0.0,0.0,0.0,1802000.0,5.18645948945616,1802000.0,0.19280975818531992,0.0,1917500.0,0.2051679863043013,473500.0,1444000.0,0.15450460089878024,0.008675,0.008675,166504416,166504416,,,1620593754,16:55:54,20210509
45,2008-06-30,IRI.AX,AUD,2008-06-30,2008-06-30,Q2,9346000.0,0.0,9346000.0,1.0,2179250.0,1086250.0,4278500.0,0.0,0.0,0.0,0.0,0.0,1802000.0,5.18645948945616,1802000.0,0.19280975818531992,0.0,1917500.0,0.2051679863043013,473500.0,1444000.0,0.15450460089878024,0.008675,0.008675,166504416,166504416,,,1620593754,16:55:54,20210509
46,2008-03-31,IRI.AX,AUD,2008-03-31,2008-03-31,Q1,9346000.0,0.0,9346000.0,1.0,2179250.0,1086250.0,4278500.0,0.0,0.0,0.0,0.0,0.0,1802000.0,5.18645948945616,1802000.0,0.19280975818531992,0.0,1917500.0,0.2051679863043013,473500.0,1444000.0,0.15450460089878024,0.008675,0.008675,166504416,166504416,,,1620593754,16:55:54,20210509
47,2008-01-31,IRI.AX,AUD,2008-01-31,2008-01-31,Q1,9346000.0,0.0,9346000.0,1.0,2179250.0,1086250.0,4278500.0,0.0,0.0,0.0,0.0,0.0,1802000.0,5.18645948945616,1802000.0,0.19280975818531992,0.0,1917500.0,0.2051679863043013,473500.0,1444000.0,0.15450460089878024,0.008675,0.008675,166504416,166504416,,,1620593754,16:55:54,20210509
48,2007-09-30,IRI.AX,AUD,2007-09-30,2007-09-30,Q3,9094250.0,0.0,9094250.0,1.0,1592250.0,1025750.0,4730750.0,0.0,0.0,0.0,0.0,0.0,1745500.0,5.210111715840734,1745500.0,0.19193446408444897,0.0,1863250.0,0.2048822057893724,505000.0,1358250.0,0.14935261291475382,0.008175,0.0081,166020868,167685185,,,1620593754,16:55:54,20210509
49,2007-06-30,IRI.AX,AUD,2007-06-30,2007-06-30,Q2,9094250.0,0.0,9094250.0,1.0,1592250.0,1025750.0,4730750.0,0.0,0.0,0.0,0.0,0.0,1745500.0,5.210111715840734,1745500.0,0.19193446408444897,0.0,1863250.0,0.2048822057893724,505000.0,1358250.0,0.14935261291475382,0.008175,0.0081,166020868,167685185,,,1620593754,16:55:54,20210509
50,2007-03-31,IRI.AX,AUD,2007-03-31,2007-03-31,Q1,9094250.0,0.0,9094250.0,1.0,1592250.0,1025750.0,4730750.0,0.0,0.0,0.0,0.0,0.0,1745500.0,5.210111715840734,1745500.0,0.19193446408444897,0.0,1863250.0,0.2048822057893724,505000.0,1358250.0,0.14935261291475382,0.008175,0.0081,166020868,167685185,,,1620593754,16:55:54,20210509
51,2007-01-31,IRI.AX,AUD,2007-01-31,2007-01-31,Q1,9094250.0,0.0,9094250.0,1.0,1592250.0,1025750.0,4730750.0,0.0,0.0,0.0,0.0,0.0,1745500.0,5.210111715840734,1745500.0,0.19193446408444897,0.0,1863250.0,0.2048822057893724,505000.0,1358250.0,0.14935261291475382,0.008175,0.0081,166020868,167685185,,,1620593754,16:55:54,20210509
52,2006-09-30,IRI.AX,AUD,2006-09-30,2006-09-30,Q3,0.0,0.0,0.0,0.0,1671750.0,945500.0,4113000.0,8630750.0,0.0,0.0,0.0,0.0,-6730250.0,0.0,-6730250.0,0.0,8630750.0,1991750.0,0.0,241000.0,1750750.0,0.0,0.01055,0.010525,165561470,166342043,,,1620593754,16:55:54,20210509
53,2006-06-30,IRI.AX,AUD,2006-06-30,2006-06-30,Q2,0.0,0.0,0.0,0.0,1671750.0,945500.0,4113000.0,8630750.0,0.0,0.0,0.0,0.0,-6730250.0,0.0,-6730250.0,0.0,8630750.0,1991750.0,0.0,241000.0,1750750.0,0.0,0.01055,0.010525,165561470,166342043,,,1620593754,16:55:54,20210509
54,2006-03-31,IRI.AX,AUD,2006-03-31,2006-03-31,Q1,0.0,0.0,0.0,0.0,1671750.0,945500.0,4113000.0,8630750.0,0.0,0.0,0.0,0.0,-6730250.0,0.0,-6730250.0,0.0,8630750.0,1991750.0,0.0,241000.0,1750750.0,0.0,0.01055,0.010525,165561470,166342043,,,1620593754,16:55:54,20210509
55,2006-01-31,IRI.AX,AUD,2006-01-31,2006-01-31,Q1,0.0,0.0,0.0,0.0,1671750.0,945500.0,4113000.0,8630750.0,0.0,0.0,0.0,0.0,-6730250.0,0.0,-6730250.0,0.0,8630750.0,1991750.0,0.0,241000.0,1750750.0,0.0,0.01055,0.010525,165561470,166342043,,,1620593754,16:55:54,20210509
56,2005-09-30,IRI.AX,AUD,2005-09-30,2005-09-30,Q3,8262250.0,0.0,8262250.0,1.0,1470250.0,873500.0,3926000.0,0.0,0.0,0.0,0.0,0.0,1992500.0,4.146675031367629,1992500.0,0.2411570698054404,0.0,2066000.0,0.2500529516778117,2066000.0,1549750.0,0.18756997185996552,0.009375,0.009325,165443533,166193029,,,1620593754,16:55:54,20210509
57,2005-06-30,IRI.AX,AUD,2005-06-30,2005-06-30,Q2,8262250.0,0.0,8262250.0,1.0,1470250.0,873500.0,3926000.0,0.0,0.0,0.0,0.0,0.0,1992500.0,4.146675031367629,1992500.0,0.2411570698054404,0.0,2066000.0,0.2500529516778117,2066000.0,1549750.0,0.18756997185996552,0.009375,0.009325,165443533,166193029,,,1620593754,16:55:54,20210509
58,2005-03-31,IRI.AX,AUD,2005-03-31,2005-03-31,Q1,8262250.0,0.0,8262250.0,1.0,1470250.0,873500.0,3926000.0,0.0,0.0,0.0,0.0,0.0,1992500.0,4.146675031367629,1992500.0,0.2411570698054404,0.0,2066000.0,0.2500529516778117,2066000.0,1549750.0,0.18756997185996552,0.009375,0.009325,165443533,166193029,,,1620593754,16:55:54,20210509
59,2005-01-31,IRI.AX,AUD,2005-01-31,2005-01-31,Q1,8262250.0,0.0,8262250.0,1.0,1470250.0,873500.0,3926000.0,0.0,0.0,0.0,0.0,0.0,1992500.0,4.146675031367629,1992500.0,0.2411570698054404,0.0,2066000.0,0.2500529516778117,2066000.0,1549750.0,0.18756997185996552,0.009375,0.009325,165443533,166193029,,,1620593754,16:55:54,20210509
60,2004-09-30,IRI.AX,AUD,2004-09-30,2004-09-30,Q3,7518000.0,0.0,7518000.0,1.0,1469000.0,873250.0,3447500.0,0.0,0.0,0.0,0.0,0.0,1728250.0,4.350065094749024,1728250.0,0.22988161745144986,0.0,1793250.0,0.23852753391859538,1793250.0,1113750.0,0.1481444533120511,0.00675,0.006725,165226653,165613383,,,1620593754,16:55:54,20210509
61,2004-06-30,IRI.AX,AUD,2004-06-30,2004-06-30,Q2,7518000.0,0.0,7518000.0,1.0,1469000.0,873250.0,3447500.0,0.0,0.0,0.0,0.0,0.0,1728250.0,4.350065094749024,1728250.0,0.22988161745144986,0.0,1793250.0,0.23852753391859538,1793250.0,1113750.0,0.1481444533120511,0.00675,0.006725,165226653,165613383,,,1620593754,16:55:54,20210509
62,2004-03-31,IRI.AX,AUD,2004-03-31,2004-03-31,Q1,7518000.0,0.0,7518000.0,1.0,1469000.0,873250.0,3447500.0,0.0,0.0,0.0,0.0,0.0,1728250.0,4.350065094749024,1728250.0,0.22988161745144986,0.0,1793250.0,0.23852753391859538,1793250.0,1113750.0,0.1481444533120511,0.00675,0.006725,165226653,165613383,,,1620593754,16:55:54,20210509
63,2004-01-31,IRI.AX,AUD,2004-01-31,2004-01-31,Q1,7518000.0,0.0,7518000.0,1.0,1469000.0,873250.0,3447500.0,0.0,0.0,0.0,0.0,0.0,1728250.0,4.350065094749024,1728250.0,0.22988161745144986,0.0,1793250.0,0.23852753391859538,1793250.0,1113750.0,0.1481444533120511,0.00675,0.006725,165226653,165613383,,,1620593754,16:55:54,20210509
64,2003-09-30,IRI.AX,AUD,2003-09-30,2003-09-30,Q3,6877500.0,0.0,6877500.0,1.0,1552750.0,1059000.0,4026500.0,19500.0,737500.0,0.0,82750.0,815250.0,1054500.0,0.15332606324972736,239250.0,0.03478735005452563,19500.0,316250.0,0.045983278807706286,316250.0,268000.0,0.038967648127953475,0.001625,0.001625,165225903,165225903,,,1620593754,16:55:54,20210509
65,2003-06-30,IRI.AX,AUD,2003-06-30,2003-06-30,Q2,6877500.0,0.0,6877500.0,1.0,1552750.0,1059000.0,4026500.0,19500.0,737500.0,0.0,82750.0,815250.0,1054500.0,0.15332606324972736,239250.0,0.03478735005452563,19500.0,316250.0,0.045983278807706286,316250.0,268000.0,0.038967648127953475,0.001625,0.001625,165225903,165225903,,,1620593754,16:55:54,20210509
66,2003-03-31,IRI.AX,AUD,2003-03-31,2003-03-31,Q1,6877500.0,0.0,6877500.0,1.0,1552750.0,1059000.0,4026500.0,19500.0,737500.0,0.0,82750.0,815250.0,1054500.0,0.15332606324972736,239250.0,0.03478735005452563,19500.0,316250.0,0.045983278807706286,316250.0,268000.0,0.038967648127953475,0.001625,0.001625,165225903,165225903,,,1620593754,16:55:54,20210509
67,2003-01-31,IRI.AX,AUD,2003-01-31,2003-01-31,Q1,6877500.0,0.0,6877500.0,1.0,1552750.0,1059000.0,4026500.0,19500.0,737500.0,0.0,82750.0,815250.0,1054500.0,0.15332606324972736,239250.0,0.03478735005452563,19500.0,316250.0,0.045983278807706286,316250.0,268000.0,0.038967648127953475,0.001625,0.001625,165225903,165225903,,,1620593754,16:55:54,20210509
68,2002-09-30,IRI.AX,AUD,2002-09-30,2002-09-30,Q3,8076750.0,0.0,8076750.0,1.0,1112000.0,919000.0,3812000.0,-11500.0,606500.0,0.0,54750.0,624000.0,2699000.0,0.3341690655275946,2075000.0,0.2569102671247717,-11500.0,2073000.0,0.2566626427709165,2073000.0,1630750.0,0.20190670752468506,0.009875,0.00975,165111993,167256410,,,1620593754,16:55:54,20210509
69,2002-06-30,IRI.AX,AUD,2002-06-30,2002-06-30,Q2,8076750.0,0.0,8076750.0,1.0,1112000.0,919000.0,3812000.0,-11500.0,606500.0,0.0,54750.0,624000.0,2699000.0,0.3341690655275946,2075000.0,0.2569102671247717,-11500.0,2073000.0,0.2566626427709165,2073000.0,1630750.0,0.20190670752468506,0.009875,0.00975,165111993,167256410,,,1620593754,16:55:54,20210509
70,2002-03-31,IRI.AX,AUD,2002-03-31,2002-03-31,Q1,8076750.0,0.0,8076750.0,1.0,1112000.0,919000.0,3812000.0,-11500.0,606500.0,0.0,54750.0,624000.0,2699000.0,0.3341690655275946,2075000.0,0.2569102671247717,-11500.0,2073000.0,0.2566626427709165,2073000.0,1630750.0,0.20190670752468506,0.009875,0.00975,165111993,167256410,,,1620593754,16:55:54,20210509
71,2002-01-31,IRI.AX,AUD,2002-01-31,2002-01-31,Q1,8076750.0,0.0,8076750.0,1.0,1112000.0,919000.0,3812000.0,-11500.0,606500.0,0.0,54750.0,624000.0,2699000.0,0.3341690655275946,2075000.0,0.2569102671247717,-11500.0,2073000.0,0.2566626427709165,2073000.0,1630750.0,0.20190670752468506,0.009875,0.00975,165111993,167256410,,,1620593754,16:55:54,20210509
72,2001-09-30,IRI.AX,AUD,2001-09-30,2001-09-30,Q3,7025500.0,0.0,7025500.0,1.0,1003500.0,0.0,4420000.0,22250.0,0.0,0.0,0.0,0.0,1602000.0,4.385455680399501,1602000.0,0.2280264749839869,22250.0,1782500.0,0.25371859654117146,1782500.0,1255000.0,0.17863497259981495,0.007675,0.007675,163345433,163345433,,,1620593754,16:55:54,20210509
73,2001-06-30,IRI.AX,AUD,2001-06-30,2001-06-30,Q2,7025500.0,0.0,7025500.0,1.0,1003500.0,0.0,4420000.0,22250.0,0.0,0.0,0.0,0.0,1602000.0,4.385455680399501,1602000.0,0.2280264749839869,22250.0,1782500.0,0.25371859654117146,1782500.0,1255000.0,0.17863497259981495,0.007675,0.007675,163345433,163345433,,,1620593754,16:55:54,20210509
74,2001-03-31,IRI.AX,AUD,2001-03-31,2001-03-31,Q1,7025500.0,0.0,7025500.0,1.0,1003500.0,0.0,4420000.0,22250.0,0.0,0.0,0.0,0.0,1602000.0,4.385455680399501,1602000.0,0.2280264749839869,22250.0,1782500.0,0.25371859654117146,1782500.0,1255000.0,0.17863497259981495,0.007675,0.007675,163345433,163345433,,,1620593754,16:55:54,20210509
75,2001-01-31,IRI.AX,AUD,2001-01-31,2001-01-31,Q1,7025500.0,0.0,7025500.0,1.0,1003500.0,0.0,4420000.0,22250.0,0.0,0.0,0.0,0.0,1602000.0,4.385455680399501,1602000.0,0.2280264749839869,22250.0,1782500.0,0.25371859654117146,1782500.0,1255000.0,0.17863497259981495,0.007675,0.007675,163345433,163345433,,,1620593754,16:55:54,20210509
76,2000-09-30,IRI.AX,AUD,2000-09-30,2000-09-30,Q3,0.0,0.0,0.0,0.0,0.0,0.0,0.0,0.0,0.0,0.0,0.0,0.0,0.0,0.0,0.0,0.0,0.0,1782500.0,0.0,1782500.0,1218750.0,0.0,0.0075,0.0075,162148420,162148420,,,1620593754,16:55:54,20210509
77,2000-06-30,IRI.AX,AUD,2000-06-30,2000-06-30,Q2,0.0,0.0,0.0,0.0,0.0,0.0,0.0,0.0,0.0,0.0,0.0,0.0,0.0,0.0,0.0,0.0,0.0,1782500.0,0.0,1782500.0,1218750.0,0.0,0.0075,0.0075,162148420,162148420,,,1620593754,16:55:54,20210509
78,2000-03-31,IRI.AX,AUD,2000-03-31,2000-03-31,Q1,0.0,0.0,0.0,0.0,0.0,0.0,0.0,0.0,0.0,0.0,0.0,0.0,0.0,0.0,0.0,0.0,0.0,1782500.0,0.0,1782500.0,1218750.0,0.0,0.0075,0.0075,162148420,162148420,,,1620593754,16:55:54,20210509
79,2000-01-31,IRI.AX,AUD,2000-01-31,2000-01-31,Q1,0.0,0.0,0.0,0.0,0.0,0.0,0.0,0.0,0.0,0.0,0.0,0.0,0.0,0.0,0.0,0.0,0.0,1782500.0,0.0,1782500.0,1218750.0,0.0,0.0075,0.0075,162148420,162148420,,,1620593754,16:55:54,20210509
80,1999-09-30,IRI.AX,AUD,1999-09-30,1999-09-30,Q3,0.0,0.0,0.0,0.0,0.0,0.0,0.0,0.0,0.0,0.0,0.0,0.0,0.0,0.0,0.0,0.0,0.0,2118750.0,0.0,2118750.0,1330250.0,0.0,0.0082,0.0082,162148420,162148420,,,1620593754,16:55:54,20210509
81,1999-06-30,IRI.AX,AUD,1999-06-30,1999-06-30,Q2,0.0,0.0,0.0,0.0,0.0,0.0,0.0,0.0,0.0,0.0,0.0,0.0,0.0,0.0,0.0,0.0,0.0,2118750.0,0.0,2118750.0,1330250.0,0.0,0.0082,0.0082,162148420,162148420,,,1620593754,16:55:54,20210509
82,1999-03-31,IRI.AX,AUD,1999-03-31,1999-03-31,Q1,0.0,0.0,0.0,0.0,0.0,0.0,0.0,0.0,0.0,0.0,0.0,0.0,0.0,0.0,0.0,0.0,0.0,2118750.0,0.0,2118750.0,1330250.0,0.0,0.0082,0.0082,162148420,162148420,,,1620593754,16:55:54,20210509
83,1999-01-31,IRI.AX,AUD,1999-01-31,1999-01-31,Q1,0.0,0.0,0.0,0.0,0.0,0.0,0.0,0.0,0.0,0.0,0.0,0.0,0.0,0.0,0.0,0.0,0.0,2118750.0,0.0,2118750.0,1330250.0,0.0,0.0082,0.0082,162148420,162148420,,,1620593754,16:55:54,20210509
84,1998-09-30,IRI.AX,AUD,1998-09-30,1998-09-30,Q3,0.0,0.0,0.0,0.0,0.0,0.0,0.0,0.0,0.0,0.0,0.0,0.0,0.0,0.0,0.0,0.0,0.0,1600500.0,0.0,1600500.0,1060750.0,0.0,0.00655,0.00655,162148420,162148420,,,1620593754,16:55:54,20210509
85,1998-06-30,IRI.AX,AUD,1998-06-30,1998-06-30,Q2,0.0,0.0,0.0,0.0,0.0,0.0,0.0,0.0,0.0,0.0,0.0,0.0,0.0,0.0,0.0,0.0,0.0,1600500.0,0.0,1600500.0,1060750.0,0.0,0.00655,0.00655,162148420,162148420,,,1620593754,16:55:54,20210509
86,1998-03-31,IRI.AX,AUD,1998-03-31,1998-03-31,Q1,0.0,0.0,0.0,0.0,0.0,0.0,0.0,0.0,0.0,0.0,0.0,0.0,0.0,0.0,0.0,0.0,0.0,1600500.0,0.0,1600500.0,1060750.0,0.0,0.00655,0.00655,162148420,162148420,,,1620593754,16:55:54,20210509
87,1998-01-31,IRI.AX,AUD,1998-01-31,1998-01-31,Q1,0.0,0.0,0.0,0.0,0.0,0.0,0.0,0.0,0.0,0.0,0.0,0.0,0.0,0.0,0.0,0.0,0.0,1600500.0,0.0,1600500.0,1060750.0,0.0,0.00655,0.00655,162148420,162148420,,,1620593754,16:55:54,20210509
88,1997-09-30,IRI.AX,AUD,1997-09-30,1997-09-30,Q3,0.0,0.0,0.0,0.0,0.0,0.0,0.0,0.0,0.0,0.0,0.0,0.0,0.0,0.0,0.0,0.0,0.0,879000.0,0.0,879000.0,565500.0,0.0,0.0035,0.0035,162148420,162148420,,,1620593754,16:55:54,20210509
89,1997-06-30,IRI.AX,AUD,1997-06-30,1997-06-30,Q2,0.0,0.0,0.0,0.0,0.0,0.0,0.0,0.0,0.0,0.0,0.0,0.0,0.0,0.0,0.0,0.0,0.0,879000.0,0.0,879000.0,565500.0,0.0,0.0035,0.0035,162148420,162148420,,,1620593754,16:55:54,20210509
90,1997-03-31,IRI.AX,AUD,1997-03-31,1997-03-31,Q1,0.0,0.0,0.0,0.0,0.0,0.0,0.0,0.0,0.0,0.0,0.0,0.0,0.0,0.0,0.0,0.0,0.0,879000.0,0.0,879000.0,565500.0,0.0,0.0035,0.0035,162148420,162148420,,,1620593754,16:55:54,20210509
91,1997-01-31,IRI.AX,AUD,1997-01-31,1997-01-31,Q1,0.0,0.0,0.0,0.0,0.0,0.0,0.0,0.0,0.0,0.0,0.0,0.0,0.0,0.0,0.0,0.0,0.0,879000.0,0.0,879000.0,565500.0,0.0,0.0035,0.0035,162148420,162148420,,,1620593754,16:55:54,20210509
