,date,symbol,reportedCurrency,fillingDate,acceptedDate,period,revenue,costOfRevenue,grossProfit,grossProfitRatio,researchAndDevelopmentExpenses,generalAndAdministrativeExpenses,sellingAndMarketingExpenses,otherExpenses,operatingExpenses,costAndExpenses,interestExpense,depreciationAndAmortization,ebitda,ebitdaratio,operatingIncome,operatingIncomeRatio,totalOtherIncomeExpensesNet,incomeBeforeTax,incomeBeforeTaxRatio,incomeTaxExpense,netIncome,netIncomeRatio,eps,epsdiluted,weightedAverageShsOut,weightedAverageShsOutDil,link,finalLink,timestamp,est_time,est_date
0,2020-12-31,QMCO,USD,2021-01-27,2021-01-27 16:12:11,Q3,98023000,55744000.0,42279000.0,0.43131713985493203,9589000.0,11103000.0,15294000.0,-698000.0,35986000.0,91730000.0,7808000.0,1318000.0,7611000.0,0.07764504249002785,6293000.0,0.0641992185507483,-898000.0,-2413000.0,-0.024616671597482223,256000.0,-2669000.0,-0.027228303561409057,-0.07,-0.07,40927000.0,40927000.0,https://www.sec.gov/Archives/edgar/data/709283/000070928321000002/0000709283-21-000002-index.htm,https://www.sec.gov/Archives/edgar/data/709283/000070928321000002/qtm-20201231.htm,1620596999,17:49:59,20210509
1,2020-09-30,QMCO,USD,2020-10-28,2020-10-28 16:13:45,Q2,85821000,47087000.0,38734000.0,0.4513347548968201,10233000.0,10263000.0,13153000.0,-312000.0,33649000.0,80736000.0,7578000.0,1294000.0,6379000.0,0.07432912690367159,5085000.0,0.059251232215891216,-1897000.0,-4390000.0,-0.05115298120506636,202000.0,-4592000.0,-0.05350671747008308,-0.11,-0.11,40286000.0,40286000.0,https://www.sec.gov/Archives/edgar/data/709283/000070928320000036/0000709283-20-000036-index.htm,https://www.sec.gov/Archives/edgar/data/709283/000070928320000036/qtm-20200930.htm,1620596999,17:49:59,20210509
2,2020-06-30,QMCO,USD,2020-08-05,2020-08-05 16:21:01,Q1,73305000,42453000.0,30852000.0,0.4208717004297115,10162000.0,11563000.0,11570000.0,-385000.0,33295000.0,75748000.0,6437000.0,1286000.0,-1157000.0,-0.01578337084782757,-2443000.0,-0.03332651251619944,-1437000.0,-10317000.0,-0.14074074074074075,419000.0,-10736000.0,-0.14645658549894278,-0.27,-0.27,39905000.0,39905000.0,https://www.sec.gov/Archives/edgar/data/709283/000070928320000021/0000709283-20-000021-index.htm,https://www.sec.gov/Archives/edgar/data/709283/000070928320000021/qtm-20200630.htm,1620596999,17:49:59,20210509
3,2020-03-31,QMCO,USD,2020-06-24 00:00:00,2020-06-24 16:21:06,Q4,88215000,52132000.0,36083000.0,0.409034744657938,9243000.0,10834000.0,13423000.0,185000.0,33500000.0,85632000.0,6271000.0,1168000.0,3751000.0,0.04252111318936689,2583000.0,0.029280734568950858,183000.0,-3505000.0,-0.03973247180184776,332000.0,-3837000.0,-0.043496004080938615,-0.1,-0.1,39904000.0,39904000.0,https://www.sec.gov/Archives/edgar/data/709283/000162828020009888/0001628280-20-009888-index.htm,https://www.sec.gov/Archives/edgar/data/709283/000162828020009888/a0331202010k.htm,1620596999,17:49:59,20210509
4,2019-12-31,QMCO,USD,2020-01-29 00:00:00,2020-01-29 16:24:56,Q3,103315000,56239000.0,47076000.0,0.4556550355708271,9325000.0,10719000.0,15421000.0,-611000.0,35465000.0,91704000.0,6425000.0,1085000.0,12696000.0,0.1228863185403862,11611000.0,0.11238445530658665,-547000.0,4639000.0,0.04490151478488119,-110000.0,4749000.0,0.04596621981319266,0.12,0.1,38134000.0,46567000.0,https://www.sec.gov/Archives/edgar/data/709283/000162828020000682/0001628280-20-000682-index.html,https://www.sec.gov/Archives/edgar/data/709283/000162828020000682/quantumq32010-q.htm,1620596999,17:49:59,20210509
5,2019-09-30,QMCO,USD,2019-11-05 00:00:00,2019-11-05 16:34:12,Q2,105789000,62266000.0,43523000.0,0.41141328493510665,9350000.0,14329000.0,14824000.0,76000.0,38503000.0,100769000.0,6347000.0,1013000.0,6033000.0,0.057028613560956246,5020000.0,0.04745294879429809,-745000.0,-2072000.0,-0.01958615735095331,243000.0,-2315000.0,-0.021883182561513958,-0.06,-0.06,36297000.0,36297000.0,https://www.sec.gov/Archives/edgar/data/709283/000162828019013333/0001628280-19-013333-index.html,https://www.sec.gov/Archives/edgar/data/709283/000162828019013333/quantumq22010-q.htm,1620596999,17:49:59,20210509
6,2019-06-30,QMCO,USD,2019-08-06 00:00:00,2019-08-06 16:13:39,Q1,105631000,59793000.0,45838000.0,0.4339445806628736,8383000.0,18588000.0,15856000.0,89000.0,42827000.0,102620000.0,6306000.0,1021000.0,4032000.0,0.03817061279359279,3011000.0,0.028504889663072394,-174000.0,-3469000.0,-0.03284073804091602,338000.0,-3807000.0,-0.03604055627609319,-0.11,-0.11,36045000.0,36045000.0,https://www.sec.gov/Archives/edgar/data/709283/000119312519214070/0001193125-19-214070-index.html,https://www.sec.gov/Archives/edgar/data/709283/000119312519214070/d756514d10k.htm,1620596999,17:49:59,20210509
7,2019-03-31,QMCO,USD,2019-08-06,2019-08-06 16:13:39,Q4,103277000,60611000.0,42666000.0,0.4131219923119378,8083000.0,18334000.0,16603000.0,-992000.0,43020000.0,103631000.0,0.0,1038000.0,684000.0,0.006622965423085488,-354000.0,-0.0034276750873863493,-1134000.0,-7774000.0,-0.07527329415068215,1637000.0,-9411000.0,-0.09112387075534727,-0.261090303786933,-0.261090303786933,36045000.0,36045000.0,https://www.sec.gov/Archives/edgar/data/709283/000119312519214070/d756514d10k.htm,https://www.sec.gov/Archives/edgar/data/709283/000119312519214070/d756514d10k.htm,1620596999,17:49:59,20210509
8,2018-12-31,QMCO,USD,2019-08-23,2019-08-23 06:10:58,Q3,101979000,58897000.0,43082000.0,0.4224595259808392,7907000.0,13481000.0,16990000.0,3846000.0,38378000.0,97275000.0,0.0,1047000.0,5751000.0,0.056393963463065924,4704000.0,0.046127143823728414,-2414000.0,-3948000.0,-0.03871385285205778,337000.0,-4285000.0,-0.042018454779905665,-0.12,-0.12,35552000.0,35552000.0,https://www.sec.gov/Archives/edgar/data/709283/000119312519227250/0001193125-19-227250-index.htm,https://www.sec.gov/Archives/edgar/data/709283/000119312519227250/d787380d10q.htm,1620596999,17:49:59,20210509
9,2018-09-30,QMCO,USD,2019-08-23,2019-08-23 06:08:09,Q2,89912000,54385000.0,35527000.0,0.3951307945546757,7862000.0,14072000.0,16682000.0,-196000.0,38616000.0,93001000.0,4636000.0,1050000.0,-2039000.0,-0.02267772933535012,-3089000.0,-0.034355814574250375,-12915000.0,-20640000.0,-0.22955778983895364,977000.0,-21617000.0,-0.2404239701041018,-0.61,-0.61,35502000.0,35502000.0,https://www.sec.gov/Archives/edgar/data/709283/000119312519227246/0001193125-19-227246-index.htm,https://www.sec.gov/Archives/edgar/data/709283/000119312519227246/d787498d10q.htm,1620596999,17:49:59,20210509
10,2018-06-30,QMCO,USD,2018-06-30,2018-06-30,Q1,107512000,61173000.0,46339000.0,0.431012352109532,8261000.0,19391000.0,19125000.0,220000.0,46777000.0,107950000.0,3935000.0,1131000.0,693000.0,0.006445792097626311,-438000.0,-0.004073963836594985,-3687000.0,-8060000.0,-0.07496837562318624,-575000.0,-7485000.0,-0.06962013542674306,-0.21,-0.21,35444000.0,35444000.0,,,1620596999,17:49:59,20210509
11,2018-03-31,QMCO,USD,2018-03-31,2018-03-31,Q4,95309000,59642000.0,35667000.0,0.37422488956971534,8605000.0,15786000.0,22629000.0,382000.0,47020000.0,106662000.0,0.0,1148000.0,-10205000.0,-0.10707278431207966,-11353000.0,-0.11911781678540327,-9047000.0,-23885000.0,-0.25060592388966413,48000.0,-23933000.0,-0.25110954894081355,-0.6873348650201034,-0.6873348650201034,34820000.0,34820000.0,,,1620596999,17:49:59,20210509
12,2017-12-31,QMCO,USD,2017-12-31,2017-12-31,Q3,115994000,73034000.0,42960000.0,0.3703639843440178,9162000.0,12416000.0,26711000.0,210000.0,48289000.0,121323000.0,0.0,1297000.0,-4032000.0,-0.03476041864234357,-5329000.0,-0.04594203148438712,-4029000.0,-12326000.0,-0.10626411710950566,-2127000.0,-10199000.0,-0.08792696173940032,-0.29,-0.29,34820000.0,34820000.0,,,1620596999,17:49:59,20210509
13,2017-09-30,QMCO,USD,2017-11-09 00:00:00,2017-11-09 16:56:01,Q2,107051000,63278000.0,43773000.0,0.4088985623674697,10190000.0,12158000.0,26179000.0,77000.0,48527000.0,111805000.0,2617000.0,1257000.0,-3497000.0,-0.032666672894227984,-4754000.0,-0.04440873975955386,7000.0,-7364000.0,-0.06878964232001569,499000.0,-7863000.0,-0.07345097196663272,-0.23,-0.23,34561000.0,34561000.0,https://www.sec.gov/Archives/edgar/data/709283/000162828017011361/0001628280-17-011361-index.html,https://www.sec.gov/Archives/edgar/data/709283/000162828017011361/qtm09301810q.htm,1620596999,17:49:59,20210509
14,2017-06-30,QMCO,USD,2017-08-09 00:00:00,2017-08-09 16:24:58,Q1,116858000,66039000.0,50819000.0,0.4348782282770542,10605000.0,12509000.0,27824000.0,98000.0,50938000.0,116977000.0,2558000.0,1268000.0,1149000.0,0.009832446216775917,-119000.0,-0.0010183299389002036,-2237000.0,-4914000.0,-0.042051036300467234,-1240000.0,-3674000.0,-0.03143986718923822,-0.11,-0.11,34084000.0,34084000.0,https://www.sec.gov/Archives/edgar/data/709283/000162828017008462/0001628280-17-008462-index.html,https://www.sec.gov/Archives/edgar/data/709283/000162828017008462/qtm06301810q.htm,1620596999,17:49:59,20210509
15,2017-03-31,QMCO,USD,2017-06-01 00:00:00,2017-05-31 21:13:49,Q4,120835000,68785000.0,52050000.0,0.43075267927338934,11341000.0,13937000.0,25577000.0,-123000.0,50855000.0,119640000.0,2496000.0,1434000.0,2629000.0,0.021756941283568504,1195000.0,0.00988951876525841,-217000.0,-1518000.0,-0.012562585343650432,395000.0,-1913000.0,-0.015831505772334175,-0.06,-0.06,33957000.0,33957000.0,https://www.sec.gov/Archives/edgar/data/709283/000162828017006127/0001628280-17-006127-index.html,https://www.sec.gov/Archives/edgar/data/709283/000162828017006127/a0331201710k.htm,1620596999,17:49:59,20210509
16,2016-12-31,QMCO,USD,2017-02-03 00:00:00,2017-02-03 16:18:48,Q3,133484000,78482000.0,55002000.0,0.4120493841958587,10579000.0,12130000.0,25145000.0,519000.0,47854000.0,126336000.0,2423000.0,1368000.0,8516000.0,0.06379790836354919,7148000.0,0.0535494890773426,576000.0,5301000.0,0.039712624734050524,295000.0,5006000.0,0.03750262203709808,0.14767723997551496,0.14592465466417434,33898250.0,34305375.0,https://www.sec.gov/Archives/edgar/data/709283/000162828017000859/0001628280-17-000859-index.html,https://www.sec.gov/Archives/edgar/data/709283/000162828017000859/qtm12311610q.htm,1620596999,17:49:59,20210509
17,2016-09-30,QMCO,USD,2016-11-04 00:00:00,2016-11-04 16:08:38,Q2,134742000,79262000.0,55480000.0,0.4117498627005685,11401000.0,12572000.0,26146000.0,10000.0,50119000.0,129381000.0,1485000.0,1375000.0,6736000.0,0.04999183625001855,5361000.0,0.039787148773211024,-5000.0,3871000.0,0.028728978343797777,45000.0,3826000.0,0.02839500675364771,0.11318187196781446,0.11237159577358269,33804000.0,34047750.0,https://www.sec.gov/Archives/edgar/data/709283/000162828016020860/0001628280-16-020860-index.html,https://www.sec.gov/Archives/edgar/data/709283/000162828016020860/qtm09301610q.htm,1620596999,17:49:59,20210509
18,2016-06-30,QMCO,USD,2016-08-05,2016-08-05 16:19:22,Q1,116284000,65913000.0,50371000.0,0.4331722334972997,11058000.0,12960000.0,26367000.0,156000.0,50385000.0,116298000.0,1508000.0,1431000.0,1417000.0,0.012185683327026934,-14000.0,-0.00012039489525644112,-1896000.0,-3418000.0,-0.029393553713322557,377000.0,-3795000.0,-0.032635616249871005,-0.08,-0.08,33292125.0,33292125.0,https://www.sec.gov/Archives/edgar/data/709283/000162828016018606/0001628280-16-018606-index.htm,https://www.sec.gov/Archives/edgar/data/709283/000162828016016926/qtm0331201610k.htm,1620596999,17:49:59,20210509
19,2016-03-31,QMCO,USD,2016-06-03 00:00:00,2016-06-03 16:50:28,Q4,120029000,65256000.0,54773000.0,0.4563313865815761,10862000.0,12183000.0,24875000.0,-597000.0,47920000.0,113176000.0,1513000.0,1512000.0,8365000.0,0.06969149122295445,6853000.0,0.05709453548725724,-57676000.0,-52336000.0,-0.4360279599096885,66000.0,-52402000.0,-0.4365778270251356,-1.6,-1.6,33174000.0,33174000.0,https://www.sec.gov/Archives/edgar/data/709283/000162828016016926/0001628280-16-016926-index.html,https://www.sec.gov/Archives/edgar/data/709283/000162828016016926/qtm0331201610k.htm,1620596999,17:49:59,20210509
20,2015-12-31,QMCO,USD,2016-02-05 00:00:00,2016-02-05 16:12:00,Q3,128048000,71351000.0,56697000.0,0.4427792702736474,11148000.0,13488000.0,28212000.0,-22000.0,52848000.0,124199000.0,1406000.0,1632000.0,5481000.0,0.04280426090216169,3849000.0,0.03005904035986505,-2311000.0,132000.0,0.0010308634262151694,431000.0,-299000.0,-0.002335061851805573,-0.009061,-0.009061,33000375.0,33000375.0,https://www.sec.gov/Archives/edgar/data/709283/000162828016010801/0001628280-16-010801-index.html,https://www.sec.gov/Archives/edgar/data/709283/000162828016010801/qtm12311510q.htm,1620596999,17:49:59,20210509
21,2015-09-30,QMCO,USD,2015-11-06 00:00:00,2015-11-06 16:08:20,Q2,117025000,70708000.0,46317000.0,0.39578722495193336,13370000.0,14136000.0,28043000.0,714000.0,55549000.0,126257000.0,1975000.0,1691000.0,-7541000.0,-0.06443922238837856,-9232000.0,-0.0788891262550737,327000.0,-10880000.0,-0.09297158726767785,347000.0,-11227000.0,-0.09593676564836573,-0.32,-0.32,32882250.0,32882250.0,https://www.sec.gov/Archives/edgar/data/709283/000162828015008444/0001628280-15-008444-index.html,https://www.sec.gov/Archives/edgar/data/709283/000162828015008444/qtm09301510q.htm,1620596999,17:49:59,20210509
22,2015-06-30,QMCO,USD,2015-08-07 00:00:00,2015-08-07 10:46:34,Q1,110856000,63891000.0,46965000.0,0.4236577181208054,13323000.0,13986000.0,27605000.0,-286000.0,54914000.0,118805000.0,1923000.0,1855000.0,-6094000.0,-0.05497221620841452,-7949000.0,-0.07170563614057877,-544000.0,-10416000.0,-0.09395973154362416,339000.0,-10755000.0,-0.09701775276033774,-0.32,-0.32,32306000.0,32306000.0,https://www.sec.gov/Archives/edgar/data/709283/000162828015006279/0001628280-15-006279-index.html,https://www.sec.gov/Archives/edgar/data/709283/000162828015006279/qtm06301510q.htm,1620596999,17:49:59,20210509
23,2015-03-31,QMCO,USD,2015-06-12 00:00:00,2015-06-12 16:06:26,Q4,147798000,85634000.0,62164000.0,0.42060109067781704,14938000.0,14242000.0,30537000.0,13621000.0,59717000.0,145351000.0,2100000.0,2077000.0,4524000.0,0.0306093451873503,2447000.0,0.016556381006508882,12336000.0,12683000.0,0.08581306918902827,-222000.0,12905000.0,0.08731511928442874,0.4,0.32,32173875.0,38384500.0,https://www.sec.gov/Archives/edgar/data/709283/000162828015004907/0001628280-15-004907-index.html,https://www.sec.gov/Archives/edgar/data/709283/000162828015004907/qtm0331201510k.htm,1620596999,17:49:59,20210509
24,2014-12-31,QMCO,USD,2015-02-06,2015-02-06 16:05:04,Q3,142063000,76996000.0,65067000.0,0.4580151059741101,13969000.0,13815000.0,27494000.0,125000.0,55278000.0,132274000.0,2460000.0,2252000.0,12041000.0,0.08475817067075875,9789000.0,0.0689060487248615,-62000.0,7267000.0,0.051153361536782974,336000.0,6931000.0,0.048788213679846267,0.2167122645196592,0.18308431427580857,31982500.0,37856875.0,https://www.sec.gov/Archives/edgar/data/709283/000162828015000512/0001628280-15-000512-index.htm,https://www.sec.gov/Archives/edgar/data/709283/000162828015000512/qtm-10q.htm,1620596999,17:49:59,20210509
25,2014-09-30,QMCO,USD,2014-11-07 00:00:00,2014-11-07 15:10:52,Q2,135106000,73177000.0,61929000.0,0.45837342531049696,15157000.0,14085000.0,28218000.0,215000.0,57460000.0,130637000.0,2456000.0,3217000.0,7686000.0,0.056888665196216305,4469000.0,0.03307773155892411,-409000.0,1604000.0,0.01187215963761787,356000.0,1248000.0,0.0092371915384957,0.03919,0.038761,31845000.0,32197375.0,https://www.sec.gov/Archives/edgar/data/709283/000144530514004949/0001445305-14-004949-index.html,https://www.sec.gov/Archives/edgar/data/709283/000144530514004949/qtm930201410q.htm,1620596999,17:49:59,20210509
26,2014-06-30,QMCO,USD,2014-08-08 00:00:00,2014-08-08 15:11:34,Q1,128128000,72602000.0,55526000.0,0.4333635114885115,14554000.0,14371000.0,27705000.0,-125000.0,56630000.0,129232000.0,2444000.0,4432000.0,3328000.0,0.025974025974025976,-1104000.0,-0.008616383616383616,-528000.0,-4076000.0,-0.031811938061938064,248000.0,-4324000.0,-0.033747502497502496,-0.16,-0.16,31333250.0,31333250.0,https://www.sec.gov/Archives/edgar/data/709283/000120677414002410/0001206774-14-002410-index.html,https://www.sec.gov/Archives/edgar/data/709283/000120677414002410/quantum_10q.htm,1620596999,17:49:59,20210509
27,2014-03-31,QMCO,USD,2014-06-06 00:00:00,2014-06-06 15:08:16,Q4,127836000,75948000.0,51888000.0,0.40589505303670326,15312000.0,14076000.0,29194000.0,505000.0,58582000.0,134530000.0,2435000.0,5134000.0,-1560000.0,-0.012203135267060922,-6694000.0,-0.0523639663318627,-5378000.0,-14507000.0,-0.11348133546105948,-15000.0,-14492000.0,-0.11336399762195312,-0.48,-0.48,31199125.0,31199125.0,https://www.sec.gov/Archives/edgar/data/709283/000120677414001897/0001206774-14-001897-index.html,https://www.sec.gov/Archives/edgar/data/709283/000120677414001897/quantum_10k.htm,1620596999,17:49:59,20210509
28,2013-12-31,QMCO,USD,2014-02-07,2014-02-07 17:22:37,Q3,145930000,84496000.0,61434000.0,0.42098266292057834,16010000.0,14279000.0,29424000.0,370000.0,59713000.0,144209000.0,2440000.0,5179000.0,6900000.0,0.047282943877201396,1721000.0,0.011793325567052697,-1388000.0,-2107000.0,-0.01443842938395121,308000.0,-2415000.0,-0.01654903035702049,-0.08,-0.08,31016875.0,31016875.0,https://www.sec.gov/Archives/edgar/data/709283/000120677414000430/0001206774-14-000430-index.htm,https://www.sec.gov/Archives/edgar/data/709283/000120677414000430/quantum_10q.htm,1620596999,17:49:59,20210509
29,2013-09-30,QMCO,USD,2013-11-12 00:00:00,2013-11-12 16:14:03,Q2,131430000,75087000.0,56343000.0,0.4286920794339192,16359000.0,14813000.0,29995000.0,46000.0,61167000.0,136254000.0,2440000.0,5431000.0,607000.0,0.004618428060564559,-4824000.0,-0.036703948870120975,-162000.0,-7426000.0,-0.05650155976565472,534000.0,-7960000.0,-0.06056455908087956,-0.24,-0.24,30884250.0,30884250.0,https://www.sec.gov/Archives/edgar/data/709283/000120677413004056/0001206774-13-004056-index.html,https://www.sec.gov/Archives/edgar/data/709283/000120677413004056/quantum_10q.htm,1620596999,17:49:59,20210509
30,2013-06-30,QMCO,USD,2013-08-09 00:00:00,2013-08-09 15:56:44,Q1,147969000,78014000.0,69955000.0,0.47276794463705235,16694000.0,14697000.0,30158000.0,375000.0,61549000.0,139563000.0,2439000.0,5505000.0,13911000.0,0.09401293514182024,8406000.0,0.05680919652089289,-2184000.0,3783000.0,0.025566165886097763,390000.0,3393000.0,0.022930478681345418,0.11156184111561841,0.11041148045101772,30413625.0,30730500.0,https://www.sec.gov/Archives/edgar/data/709283/000120677413002808/0001206774-13-002808-index.html,https://www.sec.gov/Archives/edgar/data/709283/000120677413002808/quantum_10q.htm,1620596999,17:49:59,20210509
31,2013-03-31,QMCO,USD,2013-06-07 00:00:00,2013-06-07 16:16:28,Q4,139958000,82354000.0,57604000.0,0.4115806170422555,17321000.0,15269000.0,33734000.0,172000.0,66324000.0,148678000.0,2446000.0,5763000.0,-2957000.0,-0.02112776690149902,-8720000.0,-0.0623044056073965,-3397000.0,-14563000.0,-0.10405264436473799,-56000.0,-14507000.0,-0.1036525243287272,-0.48,-0.48,30270625.0,30270625.0,https://www.sec.gov/Archives/edgar/data/709283/000120677413002096/0001206774-13-002096-index.html,https://www.sec.gov/Archives/edgar/data/709283/000120677413002096/quantum_10k.htm,1620596999,17:49:59,20210509
32,2012-12-31,QMCO,USD,2013-02-08 00:00:00,2013-02-08 15:25:24,Q3,159395000,91367000.0,68028000.0,0.42678879513159135,18615000.0,14851000.0,33588000.0,60000.0,67054000.0,158421000.0,2230000.0,6250000.0,7224000.0,0.0453213714357414,974000.0,0.006110605727908654,-6542000.0,-7798000.0,-0.04892248815834876,348000.0,-8146000.0,-0.051105743592960884,-0.32,-0.32,30098250.0,30098250.0,https://www.sec.gov/Archives/edgar/data/709283/000120677413000512/0001206774-13-000512-index.html,https://www.sec.gov/Archives/edgar/data/709283/000120677413000512/quantum_10q.htm,1620596999,17:49:59,20210509
33,2012-09-30,QMCO,USD,2012-11-09 00:00:00,2012-11-09 15:48:08,Q2,147340000,88116000.0,59224000.0,0.4019546626849464,19475000.0,15279000.0,34441000.0,0.0,69195000.0,157311000.0,1817000.0,7113000.0,-2858000.0,-0.0193973123388082,-9971000.0,-0.06767340844305687,-110000.0,-11898000.0,-0.08075200217184743,370000.0,-12268000.0,-0.0832632007601466,-0.4,-0.4,29982000.0,29982000.0,https://www.sec.gov/Archives/edgar/data/709283/000120677412004504/0001206774-12-004504-index.html,https://www.sec.gov/Archives/edgar/data/709283/000120677412004504/quantum_10q.htm,1620596999,17:49:59,20210509
34,2012-06-30,QMCO,USD,2012-08-09 00:00:00,2012-08-09 12:28:21,Q1,140879000,85084000.0,55795000.0,0.3960490917737917,18549000.0,16780000.0,35278000.0,0.0,70607000.0,155691000.0,1849000.0,7933000.0,-6879000.0,-0.04882913706088203,-14812000.0,-0.1051398718048822,-338000.0,-16999000.0,-0.12066383208285124,499000.0,-17498000.0,-0.12420587880379616,-0.56,-0.56,29578500.0,29578500.0,https://www.sec.gov/Archives/edgar/data/709283/000120677412003353/0001206774-12-003353-index.html,https://www.sec.gov/Archives/edgar/data/709283/000120677412003353/quantum_10q.htm,1620596999,17:49:59,20210509
35,2012-03-31,QMCO,USD,2012-06-14,2012-06-14 12:16:55,Q4,160304000,95059000.0,65245000.0,0.40700793492364506,19153000.0,15919000.0,35948000.0,0.0,72520000.0,167579000.0,2575000.0,8314000.0,1039000.0,0.006481435272981335,-7275000.0,-0.04538252320590877,-3237000.0,-11587000.0,-0.07228141531090927,-529000.0,-11058000.0,-0.06898143527298134,-0.37385262944368375,-0.37385262944368375,29578500.0,29578500.0,https://www.sec.gov/Archives/edgar/data/709283/000120677412002735/0001206774-12-002735-index.htm,https://www.sec.gov/Archives/edgar/data/709283/000120677412002735/quantum_10k.htm,1620596999,17:49:59,20210509
36,2011-12-31,QMCO,USD,2012-02-09 00:00:00,2012-02-09 13:15:07,Q3,173492000,99775000.0,73717000.0,0.42490143637746985,17629000.0,15759000.0,33350000.0,0.0,66738000.0,166513000.0,2450000.0,8112000.0,15091000.0,0.08698383787148686,6979000.0,0.040226638692274,-142000.0,4387000.0,0.025286468540336154,473000.0,3914000.0,0.022560118045788856,0.13391955930405625,0.13051452199139685,29226500.0,29989000.0,https://www.sec.gov/Archives/edgar/data/709283/000120677412000523/0001206774-12-000523-index.html,https://www.sec.gov/Archives/edgar/data/709283/000120677412000523/quantum_10q.htm,1620596999,17:49:59,20210509
37,2011-09-30,QMCO,USD,2011-11-09 00:00:00,2011-11-09 13:36:23,Q2,165039000,93428000.0,71611000.0,0.4339035015965923,19003000.0,15230000.0,31115000.0,0.0,65348000.0,158776000.0,2852000.0,8985000.0,15248000.0,0.09239028350874642,6263000.0,0.037948606087046095,-1045000.0,3866000.0,0.023424766267367107,305000.0,3561000.0,0.02157671823023649,0.12241740864244216,0.1194670781979292,29089000.0,29807375.0,https://www.sec.gov/Archives/edgar/data/709283/000120677411002464/0001206774-11-002464-index.html,https://www.sec.gov/Archives/edgar/data/709283/000120677411002464/quantum_10q.htm,1620596999,17:49:59,20210509
38,2011-06-30,QMCO,USD,2011-08-09 00:00:00,2011-08-09 12:12:33,Q1,153535000,90273000.0,63262000.0,0.41203634350473833,18580000.0,16002000.0,30525000.0,0.0,65107000.0,155380000.0,2907000.0,9464000.0,7619000.0,0.04962386426547693,-1845000.0,-0.01201680398606181,164000.0,-4588000.0,-0.029882437229296253,638000.0,-5226000.0,-0.03403784153450353,-0.16,-0.16,28552875.0,28552875.0,https://www.sec.gov/Archives/edgar/data/709283/000120677411001811/0001206774-11-001811-index.html,https://www.sec.gov/Archives/edgar/data/709283/000120677411001811/quantum_10q.htm,1620596999,17:49:59,20210509
39,2011-03-31,QMCO,USD,2011-06-14 00:00:00,2011-06-14 12:49:44,Q4,165097000,96535000.0,68562000.0,0.4152831365803134,18518000.0,14860000.0,31795000.0,0.0,65173000.0,161708000.0,3286000.0,9453000.0,12842000.0,0.07778457512856078,3389000.0,0.020527326359655235,-3055000.0,-1753000.0,-0.010618000327080443,-101000.0,-1652000.0,-0.010006238756609751,-0.05785757126033718,-0.05785757126033718,28552875.0,28552875.0,https://www.sec.gov/Archives/edgar/data/709283/000120677411001377/0001206774-11-001377-index.html,https://www.sec.gov/Archives/edgar/data/709283/000120677411001377/quantum_10k.htm,1620596999,17:49:59,20210509
40,2010-12-31,QMCO,USD,2011-02-08,2011-02-08 12:38:42,Q3,176226000,100656000.0,75570000.0,0.4288243505498621,18240000.0,14176000.0,31776000.0,0.0,64192000.0,164848000.0,4761000.0,9303000.0,20681000.0,0.11735498734579461,11378000.0,0.06456482017409462,-1436000.0,5181000.0,0.029399748050798407,-683000.0,5864000.0,0.03327545311134566,0.21055560791917452,0.19954146976380163,27850125.0,29387375.0,https://www.sec.gov/Archives/edgar/data/709283/000120677411000218/0001206774-11-000218-index.htm,https://www.sec.gov/Archives/edgar/data/709283/000120677411000218/quantum_10q.htm,1620596999,17:49:59,20210509
41,2010-09-30,QMCO,USD,2010-11-05 00:00:00,2010-11-05 08:00:55,Q2,167722000,96326000.0,71396000.0,0.425680590500948,18128000.0,14941000.0,29119000.0,0.0,62188000.0,158514000.0,6001000.0,10754000.0,19962000.0,0.11901837564541325,9208000.0,0.05490037085176661,212000.0,3419000.0,0.02038492266965574,394000.0,3025000.0,0.01803579733129822,0.11057498994772819,0.10900950004279299,27357000.0,27749875.0,https://www.sec.gov/Archives/edgar/data/709283/000120677410002313/0001206774-10-002313-index.html,https://www.sec.gov/Archives/edgar/data/709283/000120677410002313/quantum_10q.htm,1620596999,17:49:59,20210509
42,2010-06-30,QMCO,USD,2010-08-06 00:00:00,2010-08-06 13:04:19,Q1,163225000,95771000.0,67454000.0,0.4132577730127125,18122000.0,15483000.0,30078000.0,0.0,63683000.0,159454000.0,6115000.0,12451000.0,16222000.0,0.0993842854954817,3771000.0,0.02310307857252259,51000.0,-2293000.0,-0.014048093122989738,403000.0,-2696000.0,-0.01651707765354572,-0.08,-0.08,26931000.0,26931000.0,https://www.sec.gov/Archives/edgar/data/709283/000120677410001809/0001206774-10-001809-index.html,https://www.sec.gov/Archives/edgar/data/709283/000120677410001809/quantum_10q.htm,1620596999,17:49:59,20210509
43,2010-03-31,QMCO,USD,2010-06-11 00:00:00,2010-06-11 17:12:44,Q4,164451000,97402000.0,67049000.0,0.407714151935835,18355000.0,15360000.0,30410000.0,0.0,64125000.0,161527000.0,6116000.0,12461000.0,15385000.0,0.09355370292670766,2924000.0,0.017780372268943332,-12870000.0,-3743000.0,-0.022760579139074862,622000.0,-4365000.0,-0.026542860791360343,-0.16208087334298762,-0.16208087334298762,26931000.0,26931000.0,https://www.sec.gov/Archives/edgar/data/709283/000120677410001437/0001206774-10-001437-index.html,https://www.sec.gov/Archives/edgar/data/709283/000120677410001437/quantum_10k.htm,1620596999,17:49:59,20210509
44,2009-12-31,QMCO,USD,2010-02-05 00:00:00,2010-02-05 13:08:38,Q3,181710000,106994000.0,74716000.0,0.41118265367893897,18155000.0,16289000.0,29029000.0,0.0,63473000.0,170467000.0,6813000.0,12328000.0,23571000.0,0.1297176820208024,11243000.0,0.06187331462220021,22000.0,4978000.0,0.027395300203621156,342000.0,4636000.0,0.02551318034230367,0.17369394684463177,0.1680395088577772,26690625.0,27588750.0,https://www.sec.gov/Archives/edgar/data/709283/000120677410000239/0001206774-10-000239-index.html,https://www.sec.gov/Archives/edgar/data/709283/000120677410000239/quantum_10q.htm,1620596999,17:49:59,20210509
45,2009-09-30,QMCO,USD,2009-11-06 00:00:00,2009-11-06 13:26:48,Q2,174926000,98297000.0,76629000.0,0.43806523901535505,16907000.0,15218000.0,27880000.0,0.0,60005000.0,158302000.0,6935000.0,12642000.0,29266000.0,0.16730503184203607,16624000.0,0.09503447171946995,-127000.0,10827000.0,0.06189474406320387,-528000.0,11355000.0,0.06491316328047289,0.48,0.32,26559375.0,26724250.0,https://www.sec.gov/Archives/edgar/data/709283/000120677409002061/0001206774-09-002061-index.html,https://www.sec.gov/Archives/edgar/data/709283/000120677409002061/quantum_10q.htm,1620596999,17:49:59,20210509
46,2009-06-30,QMCO,USD,2009-08-07 00:00:00,2009-08-07 13:49:53,Q1,160340000,98697000.0,61643000.0,0.384451789946364,16532000.0,14505000.0,27293000.0,0.0,58330000.0,157027000.0,5651000.0,13128000.0,16441000.0,0.10253835599351378,3313000.0,0.020662342522140453,8180000.0,5846000.0,0.03646002245228889,838000.0,5008000.0,0.031233628539353873,0.16,-0.16,26282125.0,28315250.0,https://www.sec.gov/Archives/edgar/data/709283/000120677409001525/0001206774-09-001525-index.html,https://www.sec.gov/Archives/edgar/data/709283/000120677409001525/quantum_10q.htm,1620596999,17:49:59,20210509
47,2009-03-31,QMCO,USD,2009-06-30 00:00:00,2009-06-30 16:03:09,Q4,168123000,107309000.0,60814000.0,0.36172326213546036,16728000.0,0.0,0.0,0.0,-289712000.0,-182403000.0,0.0,-947000.0,349579000.0,2.0793050326249234,350526000.0,2.084937813386628,-2338000.0,-12443000.0,-0.074011289353628,-557000.0,-11886000.0,-0.07069823878945772,-0.45224653638166623,-0.45224653638166623,26282125.0,26282125.0,https://www.sec.gov/Archives/edgar/data/709283/000119312509141705/0001193125-09-141705-index.html,https://www.sec.gov/Archives/edgar/data/709283/000119312509141705/d10k.htm,1620596999,17:49:59,20210509
48,2008-12-31,QMCO,USD,2009-02-09 00:00:00,2009-02-09 15:18:55,Q3,203668000,117882000.0,85786000.0,0.42120509849362686,16053000.0,0.0,0.0,0.0,419951000.0,537833000.0,0.0,17765000.0,-316400000.0,-1.5535086513345249,-334165000.0,-1.6407339395486773,-343062000.0,-331035000.0,-1.6253657913859811,-2259000.0,-328776000.0,-1.6142742109707957,-12.64,-12.64,26260750.0,26260750.0,https://www.sec.gov/Archives/edgar/data/709283/000119312509022484/0001193125-09-022484-index.html,https://www.sec.gov/Archives/edgar/data/709283/000119312509022484/d10q.htm,1620596999,17:49:59,20210509
49,2008-09-30,QMCO,USD,2008-11-07 00:00:00,2008-11-07 13:22:03,Q2,215390000,132515000.0,82875000.0,0.38476716653512233,18766000.0,0.0,0.0,0.0,76734000.0,209249000.0,0.0,20166000.0,26307000.0,0.1221365894424068,6141000.0,0.028511072937462276,-457000.0,-2211000.0,-0.01026510051534426,1053000.0,-3264000.0,-0.01515390686661405,-0.08,-0.08,26120000.0,26120000.0,https://www.sec.gov/Archives/edgar/data/709283/000119312508229612/0001193125-08-229612-index.html,https://www.sec.gov/Archives/edgar/data/709283/000119312508229612/d10q.htm,1620596999,17:49:59,20210509
50,2008-06-30,QMCO,USD,2008-08-08 00:00:00,2008-08-08 12:23:39,Q1,221791000,146952000.0,74839000.0,0.33743028346506393,18990000.0,0.0,0.0,0.0,81052000.0,228004000.0,0.0,20759000.0,14546000.0,0.0655842662686944,-6213000.0,-0.028012858952797905,50000.0,-13456000.0,-0.0606697296103088,882000.0,-14338000.0,-0.06464644642929605,-0.56,-0.56,25864375.0,25864375.0,https://www.sec.gov/Archives/edgar/data/709283/000119312508171474/0001193125-08-171474-index.html,https://www.sec.gov/Archives/edgar/data/709283/000119312508171474/d10q.htm,1620596999,17:49:59,20210509
51,2008-03-31,QMCO,USD,2008-06-13 00:00:00,2008-06-13 13:28:57,Q4,228916000,153317000.0,75599000.0,0.33024777647696096,20578000.0,0.0,0.0,0.0,81464000.0,234781000.0,0.0,20989000.0,15124000.0,0.06606790263677506,-5865000.0,-0.025620751716786943,-53000.0,-15952000.0,-0.06968494993796852,-1160000.0,-14792000.0,-0.0646175889846057,-0.571906338351497,-0.571906338351497,25864375.0,25864375.0,https://www.sec.gov/Archives/edgar/data/709283/000119312508133393/0001193125-08-133393-index.html,https://www.sec.gov/Archives/edgar/data/709283/000119312508133393/d10k.htm,1620596999,17:49:59,20210509
52,2007-12-31,QMCO,USD,2008-02-08,2008-02-08 13:26:37,Q3,252511000,165338000.0,87173000.0,0.34522456447441896,20127000.0,0.0,0.0,0.0,78285000.0,243623000.0,0.0,20900000.0,29788000.0,0.1179671380652724,8888000.0,0.03519846660145499,-98000.0,-1831000.0,-0.0072511692559928086,559000.0,-2390000.0,-0.009464934200886298,-0.08,-0.08,25530375.0,25530375.0,https://www.sec.gov/Archives/edgar/data/709283/000119312508023989/0001193125-08-023989-index.htm,https://www.sec.gov/Archives/edgar/data/709283/000119312508023989/d10q.htm,1620596999,17:49:59,20210509
53,2007-09-30,QMCO,USD,2007-11-08 00:00:00,2007-11-08 14:21:54,Q2,248507000,170232000.0,78275000.0,0.31498106693171624,22500000.0,0.0,0.0,0.0,74739000.0,244971000.0,0.0,30766000.0,34302000.0,0.13803232906920126,3536000.0,0.014228975441335657,-217000.0,-19368000.0,-0.07793744240604893,1099000.0,-20467000.0,-0.08235985304236902,-0.8,-0.8,25142750.0,25142750.0,https://www.sec.gov/Archives/edgar/data/709283/000119312507240079/0001193125-07-240079-index.html,https://www.sec.gov/Archives/edgar/data/709283/000119312507240079/d10q.htm,1620596999,17:49:59,20210509
54,2007-06-30,QMCO,USD,2007-08-09 00:00:00,2007-08-09 13:49:14,Q1,245768000,167711000.0,78057000.0,0.317604407408613,26358000.0,0.0,0.0,0.0,83231000.0,250942000.0,0.0,27242000.0,22068000.0,0.08979199895836724,-5174000.0,-0.02105237459718108,-9114000.0,-23565000.0,-0.09588310927378665,-980000.0,-22585000.0,-0.09189560886689886,-0.88,-0.88,24786125.0,24786125.0,https://www.sec.gov/Archives/edgar/data/709283/000119312507177138/0001193125-07-177138-index.html,https://www.sec.gov/Archives/edgar/data/709283/000119312507177138/d10q.htm,1620596999,17:49:59,20210509
55,2007-03-31,QMCO,USD,2007-06-13 00:00:00,2007-06-13 12:45:32,Q4,277310000,195579000.0,81731000.0,0.29472792182034546,31127000.0,0.0,0.0,0.0,82882000.0,278461000.0,0.0,26889000.0,25738000.0,0.09281309725577873,-1151000.0,-0.0041505895928744,-4620000.0,-18072000.0,-0.06516894450254228,2246000.0,-20318000.0,-0.07326818362121813,-0.8197328142257009,-0.8197328142257009,24786125.0,24786125.0,https://www.sec.gov/Archives/edgar/data/709283/000119312507134671/0001193125-07-134671-index.html,https://www.sec.gov/Archives/edgar/data/709283/000119312507134671/d10k.htm,1620596999,17:49:59,20210509
56,2006-12-31,QMCO,USD,2007-02-08,2007-02-08 13:26:45,Q3,301899000,212883000.0,89016000.0,0.2948535768584858,32146000.0,0.0,0.0,0.0,84817000.0,297700000.0,0.0,27129000.0,31328000.0,0.10376980380855849,4199000.0,0.013908625069973733,-545000.0,-9369000.0,-0.031033557580515337,155000.0,-9524000.0,-0.031546974319225964,-0.4,-0.4,24260875.0,24260875.0,https://www.sec.gov/Archives/edgar/data/709283/000119312507023865/0001193125-07-023865-index.htm,https://www.sec.gov/Archives/edgar/data/709283/000119312507023865/d10q.htm,1620596999,17:49:59,20210509
57,2006-09-30,QMCO,USD,2006-11-09,2006-11-09 13:12:11,Q2,250370000,179757000.0,70613000.0,0.2820345888085633,27864000.0,0.0,0.0,0.0,70928000.0,250685000.0,0.0,20817000.0,20502000.0,0.0818868075248632,-315000.0,-0.0012581379558253784,-21360000.0,-28154000.0,-0.11244957462954827,2522000.0,-30676000.0,-0.1225226664536486,-1.28,-1.28,23769750.0,23769750.0,https://www.sec.gov/Archives/edgar/data/709283/000119312506229912/0001193125-06-229912-index.htm,https://www.sec.gov/Archives/edgar/data/709283/000119312506229912/d10q.htm,1620596999,17:49:59,20210509
58,2006-06-30,QMCO,USD,2006-08-07,2006-08-07 16:22:16,Q1,186595000,134570000.0,52025000.0,0.2788124011897425,24083000.0,0.0,0.0,0.0,55304000.0,189874000.0,0.0,10365000.0,7086000.0,0.03797529408612235,-3279000.0,-0.017572818135534178,-83000.0,-3561000.0,-0.019084112650392563,15000.0,-3576000.0,-0.01916450065650205,-0.16,-0.16,23524750.0,23524750.0,https://www.sec.gov/Archives/edgar/data/709283/000070928306000027/0000709283-06-000027-index.htm,https://www.sec.gov/Archives/edgar/data/709283/000070928306000020/d10k.htm,1620596999,17:49:59,20210509
59,2006-03-31,QMCO,USD,2006-06-12,2006-06-12 14:23:20,Q4,205678000,147511000.0,58167000.0,0.2828061338597225,25191000.0,0.0,0.0,0.0,58113000.0,205624000.0,0.0,10167000.0,10221000.0,0.04969418216824357,54000.0,0.00026254631025194724,-25613000.0,-23040000.0,-0.11201975904083081,-7000.0,-23033000.0,-0.11198572525987223,-0.9790964834907916,-0.9790964834907916,23524750.0,23524750.0,https://www.sec.gov/Archives/edgar/data/709283/000070928306000020/0000709283-06-000020-index.htm,https://www.sec.gov/Archives/edgar/data/709283/000070928306000020/d10k.htm,1620596999,17:49:59,20210509
60,2005-12-26,QMCO,USD,2006-02-02,2006-02-02 14:43:08,Q3,218365000,154705000.0,63660000.0,0.2915302360726307,25546000.0,-11501000.0,21571000.0,0.0,57187000.0,211892000.0,2383000.0,10911000.0,13869000.0,0.06351292560620979,2958000.0,0.013546126897625535,597000.0,1172000.0,0.005367160488173471,353000.0,819000.0,0.003750601057861837,0.00446,0.00446,183663000.0,183663000.0,https://www.sec.gov/Archives/edgar/data/709283/000070928306000006/0000709283-06-000006-index.htm,https://www.sec.gov/Archives/edgar/data/709283/000070928306000006/d10q306.htm,1620596999,17:49:59,20210509
61,2005-09-26,QMCO,USD,2005-11-04,2005-11-04 13:11:33,Q2,203607000,150948000.0,52659000.0,0.2586305971798612,27488000.0,-12129000.0,21168000.0,0.0,57695000.0,208643000.0,2582000.0,11195000.0,-3426000.0,-0.016826533468888596,-14621000.0,-0.07180990830374201,3866000.0,-13337000.0,-0.06550364181978026,451000.0,-13788000.0,-0.06771869336515936,-0.07519,-0.07519,183387000.0,183387000.0,https://www.sec.gov/Archives/edgar/data/709283/000070928305000088/0000709283-05-000088-index.htm,https://www.sec.gov/Archives/edgar/data/709283/000070928305000088/d10q206.htm,1620596999,17:49:59,20210509
62,2005-06-27,QMCO,USD,2005-08-05,2005-08-05 12:37:37,Q1,206637000,149195000.0,57442000.0,0.2779850655981262,29182000.0,-11019000.0,21808000.0,0.0,61779000.0,210974000.0,2791000.0,11151000.0,6892000.0,0.033353174891234384,-4259000.0,-0.020611023195265126,2174000.0,-4876000.0,-0.023596935689155378,601000.0,-5477000.0,-0.02650541771318786,-0.02995,-0.02995,182868000.0,182868000.0,https://www.sec.gov/Archives/edgar/data/709283/000070928305000062/0000709283-05-000062-index.htm,https://www.sec.gov/Archives/edgar/data/709283/000070928305000043/d10k.htm,1620596999,17:49:59,20210509
63,2005-03-31,QMCO,USD,2005-06-08,2005-06-08 13:38:13,Q4,240040000,174649000.0,65391000.0,0.2724170971504749,30899000.0,0.0,0.0,0.0,67954000.0,242603000.0,0.0,11930000.0,9367000.0,0.03902266288951842,-2563000.0,-0.010677387102149641,-1294000.0,-3358000.0,-0.013989335110814865,91000.0,-3449000.0,-0.014368438593567739,-0.0188605989019402,-0.0188605989019402,182868000.0,182868000.0,https://www.sec.gov/Archives/edgar/data/709283/000070928305000043/0000709283-05-000043-index.htm,https://www.sec.gov/Archives/edgar/data/709283/000070928305000043/d10k.htm,1620596999,17:49:59,20210509
64,2004-12-26,QMCO,USD,2005-02-02,2005-02-02 12:14:01,Q3,201399000,141348000.0,60051000.0,0.29816930570658245,21239000.0,-6758000.0,20093000.0,0.0,54667000.0,196015000.0,2755000.0,9796000.0,14539000.0,0.07219003073500861,4743000.0,0.02355026589009876,2387000.0,4375000.0,0.021723047284246694,-11910000.0,16285000.0,0.08085938857690456,90.09981,90.09981,180744.0,180744.0,https://www.sec.gov/Archives/edgar/data/709283/000070928305000008/0000709283-05-000008-index.htm,https://www.sec.gov/Archives/edgar/data/709283/000070928305000008/d10q305.htm,1620596999,17:49:59,20210509
65,2004-09-26,QMCO,USD,2004-11-03,2004-11-03 15:00:25,Q2,180045000,128056000.0,51989000.0,0.28875558888055763,21613000.0,-9218000.0,21004000.0,0.0,54403000.0,182459000.0,2774000.0,10270000.0,4680000.0,0.02599350162459385,-5590000.0,-0.03104779360715377,2651000.0,-5713000.0,-0.03173095614985143,430000.0,-6143000.0,-0.03411924796578633,-0.03407,-0.03407,180313000.0,180313000.0,https://www.sec.gov/Archives/edgar/data/709283/000070928304000111/0000709283-04-000111-index.htm,https://www.sec.gov/Archives/edgar/data/709283/000070928304000111/d10q205.htm,1620596999,17:49:59,20210509
66,2004-06-27,QMCO,USD,2004-08-04,2004-08-04 14:41:22,Q1,172684000,114636000.0,58048000.0,0.3361515832387482,22929000.0,-11994000.0,23414000.0,0.0,57763000.0,172399000.0,2777000.0,10469000.0,4344000.0,0.025155775868059577,-6125000.0,-0.03546941233698547,1463000.0,-7439000.0,-0.043078687081605706,2750000.0,-10189000.0,-0.059003729355354285,-0.0567,-0.0567,179713000.0,179713000.0,https://www.sec.gov/Archives/edgar/data/709283/000070928304000085/0000709283-04-000085-index.htm,https://www.sec.gov/Archives/edgar/data/709283/000070928304000067/d10k.htm,1620596999,17:49:59,20210509
67,2004-03-31,QMCO,USD,2004-06-14,2004-06-14 12:20:26,Q4,205911000,140983000.0,64928000.0,0.3153206968059016,25971000.0,0.0,0.0,0.0,72043000.0,213026000.0,0.0,11774000.0,4659000.0,0.022626280286143042,-7115000.0,-0.03455376351919033,-7052000.0,-6941000.0,-0.033708738241279,2844000.0,-9135000.0,-0.04436382709034486,-0.05083104728094239,-0.05083104728094239,179713000.0,179713000.0,https://www.sec.gov/Archives/edgar/data/709283/000070928304000067/0000709283-04-000067-index.htm,https://www.sec.gov/Archives/edgar/data/709283/000070928304000067/d10k.htm,1620596999,17:49:59,20210509
68,2003-12-28,QMCO,USD,2004-02-11,2004-02-11 15:51:22,Q3,205383000,140322000.0,65061000.0,0.3167788960137889,24373000.0,-10772000.0,24163000.0,0.0,61927000.0,202249000.0,2893000.0,9123000.0,7673000.0,0.0373594698684896,-1450000.0,-0.007059980621570432,527000.0,-3816000.0,-0.018579921415112253,2660000.0,-5433000.0,-0.026453017046201486,-0.03105,-0.03105,175002000.0,175002000.0,https://www.sec.gov/Archives/edgar/data/709283/000070928304000007/0000709283-04-000007-index.htm,https://www.sec.gov/Archives/edgar/data/709283/000070928304000007/d10q304.htm,1620596999,17:49:59,20210509
69,2003-09-28,QMCO,USD,2003-11-12,2003-11-12 16:17:14,Q2,229903000,136718000.0,93185000.0,0.40532311453091086,26196000.0,-11870000.0,24801000.0,0.0,63928000.0,200646000.0,5399000.0,6729000.0,-2142000.0,-0.009316972810272158,-8871000.0,-0.038585838375314804,2913000.0,-13922000.0,-0.060555973606260034,24186000.0,-38108000.0,-0.16575686267686807,-0.21872,-0.21872,174228000.0,174228000.0,https://www.sec.gov/Archives/edgar/data/709283/000070928303000035/0000709283-03-000035-index.htm,https://www.sec.gov/Archives/edgar/data/709283/000070928303000035/d10q204.htm,1620596999,17:49:59,20210509
70,2003-06-29,QMCO,USD,2003-08-13,2003-08-13 16:06:47,Q1,167187000,138702000.0,28485000.0,0.17037807963537835,26931000.0,-9980000.0,24171000.0,0.0,65293000.0,203995000.0,6155000.0,7197000.0,4941000.0,0.029553733244809702,-2256000.0,-0.013493872131206374,2133000.0,-6278000.0,-0.037550766506965254,3068000.0,-9346000.0,-0.05590147559319804,-0.05385,-0.05385,173553000.0,173553000.0,https://www.sec.gov/Archives/edgar/data/709283/000070928303000026/0000709283-03-000026-index.htm,https://www.sec.gov/Archives/edgar/data/709283/000070928303000014/d10k.htm,1620596999,17:49:59,20210509
71,2003-03-31,QMCO,USD,2003-06-30,2003-06-27 19:19:02,Q4,235136000,162335000.0,72801000.0,0.30961230947196516,29232000.0,0.0,0.0,0.0,68098000.0,230433000.0,0.0,13917000.0,18620000.0,0.07918821448013065,4703000.0,0.020001190800217745,-7881000.0,117309000.0,0.49889850979858463,74000.0,-6439000.0,-0.027384152150244964,-0.03710105846628984,-0.03710105846628984,173553000.0,173553000.0,https://www.sec.gov/Archives/edgar/data/709283/000070928303000014/0000709283-03-000014-index.htm,https://www.sec.gov/Archives/edgar/data/709283/000070928303000014/d10k.htm,1620596999,17:49:59,20210509
72,2002-12-29,QMCO,USD,2003-02-12,2003-02-12 14:42:51,Q3,228770000,156607000.0,72163000.0,0.31543908729291426,27683000.0,-8716000.0,24400000.0,-2110000.0,67767000.0,224374000.0,2110000.0,8951000.0,3946000.0,0.017248765135288717,-5005000.0,-0.021877868601652313,7236000.0,-7115000.0,-0.031101105914237006,-1193000.0,-15529000.0,-0.06788040389911265,-0.09761,-0.09761,159094000.0,159094000.0,https://www.sec.gov/Archives/edgar/data/709283/000070928303000001/0000709283-03-000001-index.htm,https://www.sec.gov/Archives/edgar/data/709283/000070928303000001/d10q303.htm,1620596999,17:49:59,20210509
73,2002-09-29,QMCO,USD,2002-11-13,2002-11-13 15:50:18,Q2,195425000,135733000.0,59692000.0,0.3054471024689779,25206000.0,-5101000.0,22241000.0,-3970000.0,64587000.0,200320000.0,3970000.0,9398000.0,-64021000.0,-0.3275988230779071,-73419000.0,-0.3756888832032749,-3970000.0,-77389000.0,-0.3960035819368044,-3966000.0,-111444000.0,-0.5702648074708968,-0.71125,-0.71125,156687000.0,156687000.0,https://www.sec.gov/Archives/edgar/data/709283/000101287002004378/0001012870-02-004378-index.htm,https://www.sec.gov/Archives/edgar/data/709283/000101287002004378/d10q.htm,1620596999,17:49:59,20210509
74,2002-06-30,QMCO,USD,2002-07-01 00:00:00,2002-07-01 17:15:10,Q1,211478000,148971000.0,62507000.0,0.29557211624849866,29805000.0,53468000.0,0.0,0.0,88158000.0,237129000.0,0.0,14104000.0,-11547000.0,-0.05460142426162532,-25651000.0,-0.12129394074088085,-21946000.0,-45978000.0,-0.2174126859531488,-9393000.0,-130883000.0,-0.6188965282440727,-6.72,-6.72,19555375.0,19555375.0,https://www.sec.gov/Archives/edgar/data/709283/000101287002002895/0001012870-02-002895-index.html,https://www.sec.gov/Archives/edgar/data/709283/000101287002002895/d10k.htm,1620596999,17:49:59,20210509
75,2002-03-31,QMCO,USD,2002-07-01 00:00:00,2002-07-01 17:15:10,Q4,242639000,163648000.0,78991000.0,0.32554947885541896,28385000.0,68609000.0,0.0,0.0,126962000.0,290610000.0,0.0,20151000.0,-27820000.0,-0.11465592917873879,-47971000.0,-0.19770523287682523,-13469000.0,-34241000.0,-0.14111911110744768,-12226000.0,-21155000.0,-0.08718713809404094,-1.0817997609352927,-1.0817997609352927,19555375.0,19555375.0,https://www.sec.gov/Archives/edgar/data/709283/000101287002002895/0001012870-02-002895-index.html,https://www.sec.gov/Archives/edgar/data/709283/000101287002002895/d10k.htm,1620596999,17:49:59,20210509
76,2001-12-31,QMCO,USD,2001-12-31,2001-12-31,Q3,283994000,180996000.0,102998000.0,0.3626766762678085,32973000.0,0.0,0.0,0.0,95084000.0,276080000.0,0.0,19645000.0,27559000.0,0.09704078255174405,7914000.0,0.02786678591801235,1216000.0,1615000.0,0.0056867398607012825,2263000.0,592000.0,0.002084551082065114,0.0,0.0,19312000.0,19312000.0,,,1620596999,17:49:59,20210509
77,2001-09-30,QMCO,USD,2001-09-30,2001-09-30,Q2,281874000,190316000.0,91558000.0,0.32481889071003356,30799000.0,0.0,0.0,0.0,108263000.0,298579000.0,0.0,15807000.0,-898000.0,-0.0031858206148846647,-16705000.0,-0.05926406834259279,-20738000.0,-26082000.0,-0.09253070520871028,-7668000.0,-14869000.0,-0.05275051973576846,-0.8,-0.8,19443125.0,19443125.0,,,1620596999,17:49:59,20210509
78,2001-06-30,QMCO,USD,2001-06-30,2001-06-30,Q1,279285000,166942000.0,112343000.0,0.4022521796730938,34472000.0,0.0,0.0,0.0,150887000.0,317829000.0,0.0,22592000.0,-15952000.0,-0.05711728162987629,-38544000.0,-0.13800956012675225,-60909000.0,-51093000.0,-0.1829421558622912,-9700000.0,77934000.0,0.27904828401095655,4.0,4.0,19402500.0,19402500.0,,,1620596999,17:49:59,20210509
79,2001-03-31,QMCO,USD,2001-03-31,2001-03-31,Q4,308612000,127365000.0,181247000.0,0.5872973183155548,30964000.0,0.0,0.0,0.0,40256000.0,167621000.0,0.0,69870000.0,210861000.0,0.6832559978225086,140991000.0,0.4568552097779736,0.0,49520000.0,0.16046038391248557,17828000.0,24932000.0,0.08078752608453332,0.0,0.0,0.0,0.0,,,1620596999,17:49:59,20210509
80,2000-12-31,QMCO,USD,2000-12-31,2000-12-31,Q3,369271000,188793000.0,180478000.0,0.48874133089248817,31412000.0,0.0,0.0,0.0,106823000.0,295616000.0,0.0,17068000.0,90723000.0,0.24568135596892254,73655000.0,0.19946055877661664,0.0,74248000.0,0.20106642547072476,26729000.0,47519000.0,0.12868327055197945,2.514613,2.514613,18897142.0,18897142.0,,,1620596999,17:49:59,20210509
81,2000-09-30,QMCO,USD,2000-09-30,2000-09-30,Q2,361751000,187174000.0,174577000.0,0.4825888525532756,31901000.0,0.0,0.0,0.0,104729000.0,291903000.0,0.0,16739000.0,86587000.0,0.23935524711749243,69848000.0,0.19308308753811323,0.0,69193000.0,0.19127244983427827,24908000.0,44285000.0,0.12241845910584905,2.378747,2.378747,18616943.0,18616943.0,,,1620596999,17:49:59,20210509
82,2000-06-30,QMCO,USD,2000-06-30,2000-06-30,Q1,366184000,189331000.0,176853000.0,0.48296211740545736,35829000.0,0.0,0.0,0.0,109982000.0,299313000.0,0.0,17018000.0,83889000.0,0.2290897472309003,66871000.0,0.18261584340113168,0.0,68674000.0,0.187539597579359,24724000.0,43950000.0,0.12002162847093265,2.360272,2.360272,18620738.0,18620738.0,,,1620596999,17:49:59,20210509
83,2000-03-31,QMCO,USD,2000-03-31,2000-03-31,Q4,365271000,185383000.0,179888000.0,0.49247818742796445,33321000.0,0.0,0.0,0.0,102914000.0,288297000.0,0.0,16898000.0,93872000.0,0.25699275332561305,76974000.0,0.21073121052588353,-40083000.0,37151000.0,0.10170804690216305,14837000.0,22314000.0,0.061088890166479136,0.0,0.0,0.0,0.0,,,1620596999,17:49:59,20210509
84,1999-12-31,QMCO,USD,1999-12-31,1999-12-31,Q3,365800000,183900000.0,181900000.0,0.4972662657189721,31300000.0,0.0,0.0,0.0,96300000.0,280200000.0,0.0,17800000.0,103400000.0,0.2826681246582832,85600000.0,0.23400765445598687,0.0,84700000.0,0.23154729360306178,33900000.0,50800000.0,0.1388737014762165,2.48,2.4,20483871.0,21166667.0,,,1620596999,17:49:59,20210509
85,1999-09-30,QMCO,USD,1999-09-30,1999-09-30,Q2,357100000,172800000.0,184300000.0,0.5161019322318678,30500000.0,0.0,0.0,0.0,86400000.0,259200000.0,0.0,14100000.0,112000000.0,0.313637636516382,97900000.0,0.2741528983478017,-37000000.0,59800000.0,0.16746009521142538,38700000.0,21100000.0,0.059087090450854106,1.04,0.96,20288462.0,21979167.0,,,1620596999,17:49:59,20210509
86,1999-06-30,QMCO,USD,1999-06-30,1999-06-30,Q1,330700000,165900000.0,164800000.0,0.49833686120350773,27700000.0,0.0,0.0,0.0,80700000.0,246600000.0,0.0,13200000.0,97300000.0,0.2942243725430904,84100000.0,0.25430904142727545,6500000.0,85800000.0,0.2594496522527971,34300000.0,51500000.0,0.15573026912609617,2.48,2.4,20766129.0,21458333.0,,,1620596999,17:49:59,20210509
87,1999-03-31,QMCO,USD,1999-03-31,1999-03-31,Q4,-2290564000,-2231190000.0,-59374000.0,0.025921126849107905,-155570000.0,0.0,0.0,0.0,-278768000.0,-2509958000.0,0.0,125807000.0,345201000.0,-0.15070567772828003,219394000.0,-0.09578165028351096,122100000.0,349218000.0,-0.152459394280186,139927000.0,209291000.0,-0.09137094619491094,0.0,0.0,0.0,0.0,,,1620596999,17:49:59,20210509
88,1998-12-31,QMCO,USD,1998-12-31,1998-12-31,Q3,1325600000,1055200000.0,270400000.0,0.203983101991551,87900000.0,0.0,0.0,0.0,192700000.0,1247900000.0,0.0,31300000.0,109000000.0,0.08222691611345806,77700000.0,0.058614966807483404,-184600000.0,-113900000.0,-0.08592335546167773,-7300000.0,-106600000.0,-0.08041641520820761,-5.290785,-5.290785,20678375.0,20678375.0,,,1620596999,17:49:59,20210509
89,1998-09-30,QMCO,USD,1998-09-30,1998-09-30,Q2,1164700000,945000000.0,219700000.0,0.18863226581952433,82600000.0,0.0,0.0,0.0,177300000.0,1122300000.0,0.0,27800000.0,70200000.0,0.060273031681978194,42400000.0,0.03640422426375891,-11000000.0,24700000.0,0.021207177814029365,7400000.0,17300000.0,0.014853610371769554,0.858636,0.858636,0.0,0.0,,,1620596999,17:49:59,20210509
90,1998-06-30,QMCO,USD,1998-06-30,1998-06-30,Q1,1103000000,911900000.0,191100000.0,0.17325475974614687,84300000.0,0.0,0.0,0.0,164800000.0,1076700000.0,0.0,24800000.0,51100000.0,0.04632819582955576,26300000.0,0.02384406165004533,-15500000.0,4300000.0,0.003898458748866727,1300000.0,3000000.0,0.0027198549410698096,0.148896,0.148896,20148240.0,20148240.0,,,1620596999,17:49:59,20210509
91,1998-03-31,QMCO,USD,1998-03-31,1998-03-31,Q4,1285735000,1187014000.0,98721000.0,0.07678176296048564,84941000.0,0.0,0.0,0.0,72236000.0,1259250000.0,0.0,158699000.0,185184000.0,0.14402967952182993,26485000.0,0.020599112569853043,0.0,3615000.0,0.0028116213683223993,914000.0,2701000.0,0.0021007439324588657,0.0,0.0,0.0,0.0,,,1620596999,17:49:59,20210509
92,1997-12-31,QMCO,USD,1997-12-31,1997-12-31,Q3,1519900000,1362700000.0,157200000.0,0.10342785709586157,88300000.0,0.0,0.0,0.0,178400000.0,1541100000.0,0.0,21500000.0,300000.0,0.00019738140667149154,-21200000.0,-0.013948286071452069,-12600000.0,-43500000.0,-0.028620303967366274,-11300000.0,-32200000.0,-0.021185604316073425,-1.966141,-1.966141,0.0,0.0,,,1620596999,17:49:59,20210509
93,1997-09-30,QMCO,USD,1997-09-30,1997-09-30,Q2,1553500000,1234700000.0,318800000.0,0.2052140328290956,74500000.0,0.0,0.0,0.0,161500000.0,1396200000.0,0.0,20700000.0,178000000.0,0.1145799806887673,157300000.0,0.10125523012552301,-8800000.0,140300000.0,0.09031219826198905,36500000.0,103800000.0,0.06681686514322498,6.338056,6.338056,0.0,0.0,,,1620596999,17:49:59,20210509
94,1997-06-30,QMCO,USD,1997-06-30,1997-06-30,Q1,1446100000,1145300000.0,300800000.0,0.20800774496922758,74000000.0,0.0,0.0,0.0,168100000.0,1313400000.0,0.0,24900000.0,157600000.0,0.10898278127377083,132700000.0,0.09176405504460272,3800000.0,130400000.0,0.09017357029251089,33900000.0,96500000.0,0.06673120807689648,5.892316,5.892316,16377262.0,16377262.0,,,1620596999,17:49:59,20210509
95,1997-03-31,QMCO,USD,1997-03-31,1997-03-31,Q4,1563857000,1378816000.0,185041000.0,0.11832347842545705,81832000.0,0.0,0.0,0.0,61710000.0,1440526000.0,0.0,215936000.0,339267000.0,0.21694246980382478,123331000.0,0.0788633487588699,0.0,118396000.0,0.07570768938592211,30781000.0,87615000.0,0.056024943457106374,0.0,0.0,0.0,0.0,,,1620596999,17:49:59,20210509
96,1996-12-31,QMCO,USD,1996-12-31,1996-12-31,Q3,1478000000,1230900000.0,247100000.0,0.1671853856562923,73300000.0,0.0,0.0,0.0,164900000.0,1395800000.0,0.0,31600000.0,113800000.0,0.0769959404600812,82200000.0,0.05561569688768606,2600000.0,70800000.0,0.04790257104194858,18400000.0,52400000.0,0.03545331529093369,3.860534,3.860534,0.0,0.0,,,1620596999,17:49:59,20210509
97,1996-09-30,QMCO,USD,1996-09-30,1996-09-30,Q2,1124100000,957000000.0,167100000.0,0.1486522551374433,69500000.0,0.0,0.0,0.0,148000000.0,1105000000.0,0.0,31700000.0,50800000.0,0.04519170892269371,19100000.0,0.01699137087447736,0.0,6200000.0,0.005515523529935059,1600000.0,4600000.0,0.0040921626189840766,0.338902,0.338902,0.0,0.0,,,1620596999,17:49:59,20210509
98,1996-06-30,QMCO,USD,1996-06-30,1996-06-30,Q1,1153500000,984000000.0,169500000.0,0.1469440832249675,66700000.0,0.0,0.0,0.0,152600000.0,1136600000.0,0.0,28200000.0,45100000.0,0.03909839618552232,16900000.0,0.014651061985262245,-1500000.0,5200000.0,0.004508019072388383,1400000.0,3800000.0,0.00329432162982228,0.279962,0.279962,13573251.0,13573251.0,,,1620596999,17:49:59,20210509
99,1996-03-31,QMCO,USD,1996-03-31,1996-03-31,Q4,1232526000,1141009000.0,91517000.0,0.07425157765434563,65216000.0,0.0,0.0,0.0,51574000.0,1192583000.0,0.0,167208000.0,207151000.0,0.1680702881724199,39943000.0,0.03240742994468271,-219522000.0,-181938000.0,-0.1476139245744106,-58982000.0,-122956000.0,-0.09975935598924485,0.0,0.0,0.0,0.0,,,1620596999,17:49:59,20210509
100,1995-12-31,QMCO,USD,1996-02-05,1996-02-05,Q3,1215900000,1078800000.0,137100000.0,0.11275598322230447,63700000.0,0.0,0.0,0.0,141700000.0,1220500000.0,0.0,23100000.0,18500000.0,0.015215067028538531,-4600000.0,-0.003783205855744716,6200000.0,-8700000.0,-0.007155193683691093,-6200000.0,-2500000.0,-0.0020560901389916936,-0.216285,-0.216285,0.0,0.0,https://www.sec.gov/Archives/edgar/data/709283/0000709283-96-000002-index.html,https://www.sec.gov/Archives/edgar/data/709283/,1620596999,17:49:59,20210509
101,1995-09-30,QMCO,USD,1995-09-30,1995-09-30,Q2,1033000000,865500000.0,167500000.0,0.1621490803484995,55100000.0,0.0,0.0,0.0,130500000.0,996000000.0,0.0,25100000.0,62100000.0,0.060116166505324295,37000000.0,0.03581800580832527,1300000.0,31000000.0,0.030009680542110357,9000000.0,22000000.0,0.021297192642787996,1.90331,1.90331,0.0,0.0,,,1620596999,17:49:59,20210509
102,1995-06-30,QMCO,USD,1995-06-30,1995-06-30,Q1,941300000,794900000.0,146400000.0,0.15552958674174014,55100000.0,0.0,0.0,0.0,122900000.0,917800000.0,0.0,21900000.0,45400000.0,0.04823116965898226,23500000.0,0.024965473281631786,2900000.0,18200000.0,0.019334962286199936,5300000.0,12900000.0,0.013704451290768086,1.116032,1.116032,11558811.0,11558811.0,,,1620596999,17:49:59,20210509
103,1995-03-31,QMCO,USD,1995-03-31,1995-03-31,Q4,983784000,867871000.0,115913000.0,0.117823627950851,131027000.0,0.0,0.0,0.0,147651000.0,1015522000.0,0.0,87012000.0,55274000.0,0.056185097541736805,-31738000.0,-0.03226114675579192,0.0,33005000.0,0.033549031088125035,9914000.0,23091000.0,0.023471615720524017,0.0,0.0,0.0,0.0,,,1620596999,17:49:59,20210509
104,1994-12-31,QMCO,USD,1994-12-31,1994-12-31,Q3,932700000,786200000.0,146500000.0,0.1570708695186019,54000000.0,0.0,0.0,0.0,107800000.0,894000000.0,0.0,11200000.0,49900000.0,0.05350058968585826,38700000.0,0.0414924412994532,-70600000.0,-40300000.0,-0.04320789106893964,8000000.0,-48300000.0,-0.051785139916371827,0.0,0.0,0.0,0.0,,,1620596999,17:49:59,20210509
105,1994-09-30,QMCO,USD,1995-03-07,1995-03-07,Q2,726200000,586000000.0,140200000.0,0.1930597631506472,28600000.0,0.0,0.0,0.0,70500000.0,656500000.0,0.0,7400000.0,77100000.0,0.10616909942164693,69700000.0,0.09597906912696227,3200000.0,69400000.0,0.09556595979069127,20800000.0,48600000.0,0.06692371247590195,4.204584710313197,4.204584710313197,11558811.0,11558811.0,https://www.sec.gov/Archives/edgar/data/709283/0000709283-95-000006-index.html,https://www.sec.gov/Archives/edgar/data/709283/,1620596999,17:49:59,20210509
106,1994-06-30,QMCO,USD,1994-06-30,1994-06-30,Q1,725300000,571900000.0,153400000.0,0.2114986901971598,28600000.0,0.0,0.0,0.0,69000000.0,640900000.0,0.0,7300000.0,91700000.0,0.126430442575486,84400000.0,0.1163656418033917,2400000.0,83200000.0,0.11471115400523921,25000000.0,58200000.0,0.0802426582103957,5.035119961733089,5.035119961733089,11558811.0,11558811.0,,,1620596999,17:49:59,20210509
107,1994-03-31,QMCO,USD,1994-03-31,1994-03-31,Q4,635000000,514800000.0,120200000.0,0.18929133858267716,0.0,0.0,0.0,0.0,42800000.0,557600000.0,0.0,7200000.0,84600000.0,0.1332283464566929,77400000.0,0.12188976377952757,-20100000.0,52800000.0,0.0831496062992126,14300000.0,38500000.0,0.06062992125984252,3.3307924145485206,3.3307924145485206,11558811.0,11558811.0,,,1620596999,17:49:59,20210509
108,1993-12-31,QMCO,USD,1994-02-14,1994-02-14,Q3,523000000,458800000.0,64200000.0,0.12275334608030593,0.0,0.0,0.0,0.0,54100000.0,512900000.0,0.0,7400000.0,17500000.0,0.033460803059273424,10100000.0,0.019311663479923517,1600000.0,8400000.0,0.01606118546845124,2300000.0,6100000.0,0.011663479923518164,0.527735941006389,0.527735941006389,11558811.0,11558811.0,https://www.sec.gov/Archives/edgar/data/709283/0000709283-94-000003-index.html,https://www.sec.gov/Archives/edgar/data/709283/,1620596999,17:49:59,20210509
109,1993-09-30,QMCO,USD,1993-09-30,1993-09-30,Q2,494000000,475800000.0,18200000.0,0.03684210526315789,0.0,0.0,0.0,0.0,56500000.0,532300000.0,0.0,7600000.0,-30700000.0,-0.06214574898785425,-38300000.0,-0.07753036437246963,-20800000.0,-62500000.0,-0.12651821862348178,-17200000.0,-45300000.0,-0.0917004048582996,-3.91908821763761,-3.91908821763761,11558811.0,11558811.0,,,1620596999,17:49:59,20210509
110,1993-06-30,QMCO,USD,1993-06-30,1993-06-30,Q1,479100000,413400000.0,65700000.0,0.13713212273011896,0.0,0.0,0.0,0.0,59000000.0,472400000.0,0.0,7200000.0,13900000.0,0.029012732206219995,6700000.0,0.0139845543727823,2000000.0,5100000.0,0.010644959298685034,1700000.0,3400000.0,0.00709663953245669,0.0,0.0,0.0,0.0,,,1620596999,17:49:59,20210509
111,1993-03-31,QMCO,USD,1993-03-31,1993-03-31,Q4,506500000,406200000.0,100300000.0,0.19802566633761107,0.0,0.0,0.0,0.0,58600000.0,464800000.0,0.0,7900000.0,49600000.0,0.09792694965449161,41700000.0,0.08232971372161896,2700000.0,41100000.0,0.08114511352418559,14800000.0,26300000.0,0.05192497532082922,0.0,0.0,0.0,0.0,,,1620596999,17:49:59,20210509
112,1992-12-31,QMCO,USD,1992-12-31,1992-12-31,Q3,459300000,363200000.0,96100000.0,0.20923143914652734,0.0,0.0,0.0,0.0,51100000.0,414300000.0,0.0,6400000.0,51400000.0,0.11190942738950577,45000000.0,0.09797517962116264,2800000.0,44200000.0,0.09623339865011975,16200000.0,28000000.0,0.0609623339865012,0.0,0.0,0.0,0.0,,,1620596999,17:49:59,20210509
113,1992-09-30,QMCO,USD,1992-09-30,1992-09-30,Q2,362800000,291600000.0,71200000.0,0.19625137816979052,0.0,0.0,0.0,0.0,43500000.0,335100000.0,0.0,4900000.0,32600000.0,0.08985667034178611,27700000.0,0.07635060639470782,3600000.0,27700000.0,0.07635060639470782,9700000.0,18000000.0,0.04961411245865491,0.0,0.0,0.0,0.0,,,1620596999,17:49:59,20210509
114,1992-06-30,QMCO,USD,1992-06-30,1992-06-30,Q1,368500000,286500000.0,82000000.0,0.2225237449118046,0.0,0.0,0.0,0.0,47700000.0,334200000.0,0.0,7700000.0,42000000.0,0.11397557666214382,34300000.0,0.09308005427408413,3000000.0,33600000.0,0.09118046132971507,12100000.0,21500000.0,0.05834464043419267,0.0,0.0,0.0,0.0,,,1620596999,17:49:59,20210509
115,1992-03-31,QMCO,USD,1992-03-31,1992-03-31,Q4,345500000,267900000.0,77600000.0,0.22460202604920404,0.0,0.0,0.0,0.0,49000000.0,316900000.0,0.0,9700000.0,38300000.0,0.11085383502170768,28600000.0,0.08277858176555716,1600000.0,28000000.0,0.08104196816208394,10800000.0,17200000.0,0.049782923299565844,0.0,0.0,0.0,0.0,,,1620596999,17:49:59,20210509
116,1991-12-31,QMCO,USD,1991-12-31,1991-12-31,Q3,286600000,232500000.0,54100000.0,0.188764829030007,0.0,0.0,0.0,0.0,39100000.0,271600000.0,0.0,7500000.0,22500000.0,0.07850662944870901,15000000.0,0.052337752965806,1500000.0,14700000.0,0.05129099790648988,5300000.0,9400000.0,0.03279832519190509,0.0,0.0,0.0,0.0,,,1620596999,17:49:59,20210509
117,1991-09-30,QMCO,USD,1991-09-30,1991-09-30,Q2,244800000,193600000.0,51200000.0,0.20915032679738563,0.0,0.0,0.0,0.0,38800000.0,232400000.0,0.0,6200000.0,18600000.0,0.07598039215686274,12400000.0,0.05065359477124183,1600000.0,12000000.0,0.049019607843137254,4300000.0,7700000.0,0.03145424836601307,0.0,0.0,0.0,0.0,,,1620596999,17:49:59,20210509
118,1991-06-30,QMCO,USD,1991-06-30,1991-06-30,Q1,250900000,192200000.0,58700000.0,0.2339577520924671,0.0,0.0,0.0,0.0,39200000.0,231400000.0,0.0,4600000.0,24100000.0,0.09605420486249502,19500000.0,0.07772020725388601,2200000.0,19500000.0,0.07772020725388601,7000000.0,12500000.0,0.04982064567556795,0.0,0.0,0.0,0.0,,,1620596999,17:49:59,20210509
119,1991-03-31,QMCO,USD,1991-03-31,1991-03-31,Q4,291300000,220700000.0,70600000.0,0.24236182629591485,0.0,0.0,0.0,0.0,40300000.0,261000000.0,0.0,5000000.0,35300000.0,0.12118091314795743,30300000.0,0.10401647785787847,5700000.0,30700000.0,0.1053896326810848,10700000.0,20000000.0,0.06865774116031582,0.0,0.0,0.0,0.0,,,1620596999,17:49:59,20210509
120,1990-12-31,QMCO,USD,1990-12-31,1990-12-31,Q3,231600000,170800000.0,60800000.0,0.26252158894645944,0.0,0.0,0.0,0.0,33400000.0,204200000.0,0.0,3200000.0,30600000.0,0.13212435233160622,27400000.0,0.11830742659758203,1000000.0,28400000.0,0.1226252158894646,10400000.0,18000000.0,0.07772020725388601,0.0,0.0,0.0,0.0,,,1620596999,17:49:59,20210509
121,1990-09-30,QMCO,USD,1990-09-30,1990-09-30,Q2,192200000,139600000.0,52600000.0,0.2736732570239334,0.0,0.0,0.0,0.0,24400000.0,164000000.0,0.0,2600000.0,30800000.0,0.16024973985431842,28200000.0,0.14672216441207075,1200000.0,29400000.0,0.1529656607700312,10900000.0,18500000.0,0.09625390218522373,0.0,0.0,0.0,0.0,,,1620596999,17:49:59,20210509
122,1990-06-30,QMCO,USD,1990-06-30,1990-06-30,Q1,162700000,117100000.0,45600000.0,0.2802704363859865,0.0,0.0,0.0,0.0,23100000.0,140200000.0,0.0,2400000.0,24900000.0,0.1530424093423479,22500000.0,0.13829133374308544,5000000.0,27500000.0,0.16902274124154887,10200000.0,17300000.0,0.10633066994468347,0.0,0.0,0.0,0.0,,,1620596999,17:49:59,20210509
123,1990-03-31,QMCO,USD,1990-03-31,1990-03-31,Q4,129800000,92400000.0,37400000.0,0.288135593220339,0.0,0.0,0.0,0.0,21900000.0,114300000.0,0.0,1900000.0,17400000.0,0.13405238828967642,15500000.0,0.11941448382126348,3500000.0,19200000.0,0.14791987673343607,6400000.0,12800000.0,0.09861325115562404,0.0,0.0,0.0,0.0,,,1620596999,17:49:59,20210509
124,1989-12-31,QMCO,USD,1989-12-31,1989-12-31,Q3,111200000,78300000.0,32900000.0,0.295863309352518,0.0,0.0,0.0,0.0,18100000.0,96400000.0,0.0,1200000.0,16000000.0,0.14388489208633093,14800000.0,0.13309352517985612,1100000.0,15800000.0,0.1420863309352518,5500000.0,10300000.0,0.09262589928057553,0.0,0.0,0.0,0.0,,,1620596999,17:49:59,20210509
125,1989-09-30,QMCO,USD,1989-09-30,1989-09-30,Q2,113400000,78600000.0,34800000.0,0.30687830687830686,0.0,0.0,0.0,0.0,17000000.0,95600000.0,0.0,1200000.0,19000000.0,0.1675485008818342,17800000.0,0.15696649029982362,1200000.0,19000000.0,0.1675485008818342,6500000.0,12500000.0,0.11022927689594356,0.0,0.0,0.0,0.0,,,1620596999,17:49:59,20210509
126,1989-06-30,QMCO,USD,1989-06-30,1989-06-30,Q1,91800000,59900000.0,31900000.0,0.3474945533769063,0.0,0.0,0.0,0.0,15100000.0,75000000.0,0.0,1000000.0,17800000.0,0.19389978213507625,16800000.0,0.1830065359477124,1300000.0,18100000.0,0.19716775599128541,6500000.0,11600000.0,0.12636165577342048,0.0,0.0,0.0,0.0,,,1620596999,17:49:59,20210509
127,1989-03-31,QMCO,USD,1989-03-31,1989-03-31,Q4,77700000,0.0,0.0,0.0,0.0,0.0,0.0,0.0,0.0,0.0,0.0,0.0,-117900000.0,-1.5173745173745175,-117900000.0,-1.5173745173745175,0.0,0.0,0.0,0.0,6900000.0,0.0888030888030888,0.0,0.0,0.0,0.0,,,1620596999,17:49:59,20210509
128,1988-12-31,QMCO,USD,1988-12-31,1988-12-31,Q3,51600000,0.0,0.0,0.0,0.0,0.0,0.0,0.0,0.0,0.0,0.0,0.0,51600000.0,1.0,51600000.0,1.0,0.0,0.0,0.0,0.0,3300000.0,0.06395348837209303,0.0,0.0,0.0,0.0,,,1620596999,17:49:59,20210509
129,1988-09-30,QMCO,USD,1988-09-30,1988-09-30,Q2,39800000,0.0,0.0,0.0,0.0,0.0,0.0,0.0,0.0,0.0,0.0,0.0,39800000.0,1.0,39800000.0,1.0,0.0,0.0,0.0,0.0,2100000.0,0.052763819095477386,0.0,0.0,0.0,0.0,,,1620596999,17:49:59,20210509
130,1988-06-30,QMCO,USD,1988-06-30,1988-06-30,Q1,38900000,0.0,0.0,0.0,0.0,0.0,0.0,0.0,0.0,0.0,0.0,0.0,38900000.0,1.0,38900000.0,1.0,0.0,0.0,0.0,0.0,600000.0,0.015424164524421594,0.0,0.0,0.0,0.0,,,1620596999,17:49:59,20210509
131,1988-03-31,QMCO,USD,1988-03-31,1988-03-31,Q4,42100000,0.0,0.0,0.0,0.0,0.0,0.0,0.0,0.0,0.0,0.0,0.0,-158300000.0,-3.7600950118764844,-158300000.0,-3.7600950118764844,0.0,0.0,0.0,0.0,-8400000.0,-0.1995249406175772,0.0,0.0,0.0,0.0,,,1620596999,17:49:59,20210509
132,1987-12-31,QMCO,USD,1987-12-31,1987-12-31,Q3,56700000,0.0,0.0,0.0,0.0,0.0,0.0,0.0,0.0,0.0,0.0,0.0,56700000.0,1.0,56700000.0,1.0,0.0,0.0,0.0,0.0,4700000.0,0.08289241622574955,0.0,0.0,0.0,0.0,,,1620596999,17:49:59,20210509
133,1987-09-30,QMCO,USD,1987-09-30,1987-09-30,Q2,49500000,0.0,0.0,0.0,0.0,0.0,0.0,0.0,0.0,0.0,0.0,0.0,49500000.0,1.0,49500000.0,1.0,0.0,0.0,0.0,0.0,4100000.0,0.08282828282828283,0.0,0.0,0.0,0.0,,,1620596999,17:49:59,20210509
134,1987-06-30,QMCO,USD,1987-06-30,1987-06-30,Q1,40200000,0.0,0.0,0.0,0.0,0.0,0.0,0.0,0.0,0.0,0.0,0.0,40200000.0,1.0,40200000.0,1.0,0.0,0.0,0.0,0.0,-3500000.0,-0.08706467661691543,0.0,0.0,0.0,0.0,,,1620596999,17:49:59,20210509
135,1987-03-31,QMCO,USD,1987-03-31,1987-03-31,Q4,31900000,0.0,0.0,0.0,0.0,0.0,0.0,0.0,0.0,0.0,0.0,0.0,-82100000.0,-2.573667711598746,-82100000.0,-2.573667711598746,0.0,0.0,0.0,0.0,2900000.0,0.09090909090909091,0.0,0.0,0.0,0.0,,,1620596999,17:49:59,20210509
136,1986-12-31,QMCO,USD,1986-12-31,1986-12-31,Q3,33900000,0.0,0.0,0.0,0.0,0.0,0.0,0.0,0.0,0.0,0.0,0.0,33900000.0,1.0,33900000.0,1.0,0.0,0.0,0.0,0.0,700000.0,0.02064896755162242,0.0,0.0,0.0,0.0,,,1620596999,17:49:59,20210509
137,1986-09-30,QMCO,USD,1986-09-30,1986-09-30,Q2,29600000,0.0,0.0,0.0,0.0,0.0,0.0,0.0,0.0,0.0,0.0,0.0,29600000.0,1.0,29600000.0,1.0,0.0,0.0,0.0,0.0,2700000.0,0.09121621621621621,0.0,0.0,0.0,0.0,,,1620596999,17:49:59,20210509
138,1986-06-30,QMCO,USD,1986-06-30,1986-06-30,Q1,25300000,0.0,0.0,0.0,0.0,0.0,0.0,0.0,0.0,0.0,0.0,0.0,25300000.0,1.0,25300000.0,1.0,0.0,0.0,0.0,0.0,2500000.0,0.09881422924901186,0.0,0.0,0.0,0.0,,,1620596999,17:49:59,20210509
139,1986-03-31,QMCO,USD,1986-03-31,1986-03-31,Q4,27600000,0.0,0.0,0.0,0.0,0.0,0.0,0.0,0.0,0.0,0.0,0.0,-72200000.0,-2.6159420289855073,-72200000.0,-2.6159420289855073,0.0,0.0,0.0,0.0,6800000.0,0.2463768115942029,0.0,0.0,0.0,0.0,,,1620596999,17:49:59,20210509
140,1985-12-31,QMCO,USD,1985-12-31,1985-12-31,Q3,30500000,0.0,0.0,0.0,0.0,0.0,0.0,0.0,0.0,0.0,0.0,0.0,30500000.0,1.0,30500000.0,1.0,0.0,0.0,0.0,0.0,5200000.0,0.17049180327868851,0.0,0.0,0.0,0.0,,,1620596999,17:49:59,20210509
141,1985-09-30,QMCO,USD,1985-09-30,1985-09-30,Q2,29100000,0.0,0.0,0.0,0.0,0.0,0.0,0.0,0.0,0.0,0.0,0.0,29100000.0,1.0,29100000.0,1.0,0.0,0.0,0.0,0.0,4400000.0,0.15120274914089346,0.0,0.0,0.0,0.0,,,1620596999,17:49:59,20210509
