,date,symbol,reportedCurrency,fillingDate,acceptedDate,period,revenue,costOfRevenue,grossProfit,grossProfitRatio,researchAndDevelopmentExpenses,generalAndAdministrativeExpenses,sellingAndMarketingExpenses,otherExpenses,operatingExpenses,costAndExpenses,interestExpense,depreciationAndAmortization,ebitda,ebitdaratio,operatingIncome,operatingIncomeRatio,totalOtherIncomeExpensesNet,incomeBeforeTax,incomeBeforeTaxRatio,incomeTaxExpense,netIncome,netIncomeRatio,eps,epsdiluted,weightedAverageShsOut,weightedAverageShsOutDil,link,finalLink,timestamp,est_time,est_date
0,2020-12-31,6LA.DE,USD,2020-12-31,2020-12-31,Q4,428525000,137799000.0,290726000.0,0.6784341637010676,0.0,89950000.0,0.0,0.0,153698000.0,291497000.0,30565000.0,63748000.0,200776000,0.46852809054314215,137028000.0,0.3197666413861502,4203000.0,110846000.0,0.2586686891079867,2140000.0,108706000.0,0.25367481477160025,1.078298073345417,1.078298073345417,100812570,100812570,https://www.bundesanzeiger.de/pub/de/suche;wwwsid=627BFD7A56A5CB624C47FDDEAB2FC509.web07-pub?0,https://www.bundesanzeiger.de/pub/de/suche;wwwsid=627BFD7A56A5CB624C47FDDEAB2FC509.web07-pub?0,1620585747,14:42:27,20210509
1,2020-09-30,6LA.DE,USD,2020-09-30,2020-09-30,Q3,386110000,136309000.0,249801000.0,0.6469684804848359,0.0,84015000.0,0.0,0.0,145252000.0,281561000.0,35068000.0,61237000.0,165786000,0.42937504856129083,104549000.0,0.2707751676983243,-5747000.0,63982000.0,0.1657092538395794,1224000.0,62758000.0,0.16253917277459792,0.6225215764264317,0.6218282072304775,100812570,100924981,https://www.bundesanzeiger.de/pub/de/suche;wwwsid=627BFD7A56A5CB624C47FDDEAB2FC509.web07-pub?0,https://www.bundesanzeiger.de/pub/de/suche;wwwsid=627BFD7A56A5CB624C47FDDEAB2FC509.web07-pub?0,1620585747,14:42:27,20210509
2,2020-06-30,6LA.DE,USD,2020-06-30,2020-06-30,Q2,347652000,134059000.0,213593000.0,0.6143873758816287,0.0,84158000.0,0.0,0.0,148156000.0,282215000.0,35437000.0,63998000.0,129435000,0.37231196713955333,65437000.0,0.18822558190374283,1010000.0,31189000.0,0.0897132764948857,-240000.0,31429000.0,0.09040362201281742,0.31190182697222085,0.31160434138641535,100765681,100861881,https://www.bundesanzeiger.de/pub/de/suche;wwwsid=627BFD7A56A5CB624C47FDDEAB2FC509.web07-pub?0,https://www.bundesanzeiger.de/pub/de/suche;wwwsid=627BFD7A56A5CB624C47FDDEAB2FC509.web07-pub?0,1620585747,14:42:27,20210509
3,2020-03-31,6LA.DE,USD,2020-03-31,2020-03-31,Q1,406569000,149494000.0,257075000.0,0.6323034958395746,0.0,100695000.0,0.0,0.0,163008000.0,312502000.0,36553000.0,62313000.0,156380000,0.3846333586672865,94067000.0,0.2313678612978363,-15675000.0,42029000.0,0.10337482690515017,1536000.0,40493000.0,0.09959687039592295,0.40255757523724833,0.40141605205027814,100589338,100875388,https://www.bundesanzeiger.de/pub/de/suche;wwwsid=627BFD7A56A5CB624C47FDDEAB2FC509.web07-pub?0,https://www.bundesanzeiger.de/pub/de/suche;wwwsid=627BFD7A56A5CB624C47FDDEAB2FC509.web07-pub?0,1620585747,14:42:27,20210509
4,2019-12-31,6LA.DE,USD,2019-12-31,2019-12-31,Q4,462659000,154372000.0,308287000.0,0.6663374104902314,0.0,105880000.0,0.0,0.0,168758000.0,323130000.0,36376000.0,62878000.0,202407000,0.4374863560419229,139529000.0,0.3015806457887991,1881000.0,105245000.0,0.2274785533189671,2492000.0,102753000.0,0.2220922969184648,1.0228253206010844,1.020663161965664,100459969,100672782,https://www.bundesanzeiger.de/pub/de/suche;wwwsid=627BFD7A56A5CB624C47FDDEAB2FC509.web07-pub?0,https://www.bundesanzeiger.de/pub/de/suche;wwwsid=627BFD7A56A5CB624C47FDDEAB2FC509.web07-pub?0,1620585747,14:42:27,20210509
5,2019-09-30,6LA.DE,USD,2019-09-30,2019-09-30,Q3,457786000,148846000.0,308940000.0,0.6748568108242716,0.0,103746000.0,0.0,0.0,167697000.0,316543000.0,38323000.0,63951000.0,205194000,0.44823126963253573,141243000.0,0.30853499233266196,199000.0,103287000.0,0.22562288929761942,3578000.0,99709000.0,0.21780701026243704,0.9938177358465968,0.9919104716564187,100329262,100522177,https://www.bundesanzeiger.de/pub/de/suche;wwwsid=627BFD7A56A5CB624C47FDDEAB2FC509.web07-pub?0,https://www.bundesanzeiger.de/pub/de/suche;wwwsid=627BFD7A56A5CB624C47FDDEAB2FC509.web07-pub?0,1620585747,14:42:27,20210509
6,2019-06-30,6LA.DE,USD,2019-06-30,2019-06-30,Q2,448742000,146390000.0,302352000.0,0.6737769141288312,0.0,97090000.0,0.0,0.0,158783000.0,305173000.0,38322000.0,61693000.0,205262000,0.4574165110464365,143569000.0,0.319936622825588,537000.0,106016000.0,0.23625156548751844,-12380000.0,118396000.0,0.2638398010438069,1.1838081529282238,1.1813364643532351,100012827,100222082,https://www.bundesanzeiger.de/pub/de/suche;wwwsid=627BFD7A56A5CB624C47FDDEAB2FC509.web07-pub?0,https://www.bundesanzeiger.de/pub/de/suche;wwwsid=627BFD7A56A5CB624C47FDDEAB2FC509.web07-pub?0,1620585747,14:42:27,20210509
7,2019-03-31,6LA.DE,USD,2019-03-31,2019-03-31,Q1,384457000,140470000.0,243987000.0,0.6346275396208159,0.0,96322000.0,0.0,0.0,157828000.0,298298000.0,37595000.0,61506000.0,147665000,0.3840871670954099,86159000.0,0.22410568672179204,4624000.0,53341000.0,0.13874373466993709,2088000.0,51253000.0,0.13331269816910604,0.5140185669287115,0.512963746755344,99710406,99915443,https://www.bundesanzeiger.de/pub/de/suche;wwwsid=627BFD7A56A5CB624C47FDDEAB2FC509.web07-pub?0,https://www.bundesanzeiger.de/pub/de/suche;wwwsid=627BFD7A56A5CB624C47FDDEAB2FC509.web07-pub?0,1620585747,14:42:27,20210509
8,2018-12-31,6LA.DE,USD,2018-12-31,2018-12-31,Q4,427898000,142072000.0,285826000.0,0.667976947777274,0.0,97237000.0,0.0,0.0,155247000.0,297319000.0,32411000.0,58010000.0,188589000,0.4407335393014223,130579000.0,0.30516384745897385,32000.0,98421000.0,0.2300104230447443,2728000.0,95693000.0,0.22363507190966073,0.97,0.96,99472422,99759674,https://www.bundesanzeiger.de/pub/de/suche;wwwsid=627BFD7A56A5CB624C47FDDEAB2FC509.web07-pub?0,https://www.bundesanzeiger.de/pub/de/suche;wwwsid=627BFD7A56A5CB624C47FDDEAB2FC509.web07-pub?0,1620585747,14:42:27,20210509
9,2018-09-30,6LA.DE,USD,2018-09-30,2018-09-30,Q3,418498000,140699000.0,277799000.0,0.663800065950136,0.0,93942000.0,0.0,0.0,149031000.0,289730000.0,31850000.0,55089000.0,183857000,0.4393258749145755,128768000.0,0.30769083723219703,-407000.0,96668000.0,0.23098796171068917,2612000.0,94056000.0,0.22474659377105743,0.9506027857201584,0.9476387859197174,98943535,99253008,https://www.bundesanzeiger.de/pub/de/suche;wwwsid=627BFD7A56A5CB624C47FDDEAB2FC509.web07-pub?0,https://www.bundesanzeiger.de/pub/de/suche;wwwsid=627BFD7A56A5CB624C47FDDEAB2FC509.web07-pub?0,1620585747,14:42:27,20210509
10,2018-06-30,6LA.DE,USD,2018-06-30,2018-06-30,Q2,419800000,140784000.0,279016000.0,0.6646403049070986,0.0,89833000.0,0.0,0.0,145155000.0,285939000.0,31892000.0,55322000.0,189183000,0.450650309671272,133861000.0,0.3188685088137208,1843000.0,103944000.0,0.2476036207717961,3513000.0,100431000.0,0.23923535016674607,1.0192717886585398,1.0161523615599024,98532110,98834588,https://www.bundesanzeiger.de/pub/de/suche;wwwsid=627BFD7A56A5CB624C47FDDEAB2FC509.web07-pub?0,https://www.bundesanzeiger.de/pub/de/suche;wwwsid=627BFD7A56A5CB624C47FDDEAB2FC509.web07-pub?0,1620585747,14:42:27,20210509
11,2018-03-31,6LA.DE,USD,2018-03-31,2018-03-31,Q1,361026000,138293000.0,222733000.0,0.6169444859926986,0.0,91312000.0,0.0,0.0,148152000.0,286445000.0,33579000.0,56840000.0,131421000,0.3640208738428811,74581000.0,0.20658068947942806,-24130000.0,16896000.0,0.04679995346595536,1844000.0,15052000.0,0.04169228809005446,0.15312067660051468,0.15246092824071697,98301551,98726934,https://www.bundesanzeiger.de/pub/de/suche;wwwsid=627BFD7A56A5CB624C47FDDEAB2FC509.web07-pub?0,https://www.bundesanzeiger.de/pub/de/suche;wwwsid=627BFD7A56A5CB624C47FDDEAB2FC509.web07-pub?0,1620585747,14:42:27,20210509
12,2017-12-31,6LA.DE,USD,2017-12-31,2017-12-31,Q4,398475000,138984000.0,259491000.0,0.651210239036326,0.0,83670000.0,0.0,0.0,139771000.0,278755000.0,32870000.0,56101000.0,175821000,0.44123470732166387,119720000.0,0.30044544827153524,287000.0,87137000.0,0.2186762030240291,-27000.0,87164000.0,0.218743961352657,0.89,0.88,98152852,98602599,https://www.bundesanzeiger.de/pub/de/suche;wwwsid=627BFD7A56A5CB624C47FDDEAB2FC509.web07-pub?0,https://www.bundesanzeiger.de/pub/de/suche;wwwsid=627BFD7A56A5CB624C47FDDEAB2FC509.web07-pub?0,1620585747,14:42:27,20210509
13,2017-09-30,6LA.DE,USD,2017-09-30,2017-09-30,Q3,399345000,134977000.0,264368000.0,0.6620040316017478,0.0,83588000.0,0.0,0.0,135384000.0,270361000.0,32064000.0,51796000.0,180780000,0.4526912819742328,128984000.0,0.3229888943144399,2734000.0,99656000.0,0.24954863589127196,3325000.0,96331000.0,0.2412225018467741,0.9825230115097812,0.9780762419827492,98044523,98490277,https://www.bundesanzeiger.de/pub/de/suche;wwwsid=627BFD7A56A5CB624C47FDDEAB2FC509.web07-pub?0,https://www.bundesanzeiger.de/pub/de/suche;wwwsid=627BFD7A56A5CB624C47FDDEAB2FC509.web07-pub?0,1620585747,14:42:27,20210509
14,2017-06-30,6LA.DE,USD,2017-06-30,2017-06-30,Q2,397078000,135075000.0,262003000.0,0.6598275401810224,0.0,82651000.0,0.0,0.0,134433000.0,269508000.0,31979000.0,51782000.0,179352000,0.45167951888545826,127570000.0,0.32127189116496,536000.0,96127000.0,0.24208593777544965,3733000.0,92394000.0,0.23268476218778175,0.9433564838926838,0.9385546092423565,97941766,98442860,https://www.bundesanzeiger.de/pub/de/suche;wwwsid=627BFD7A56A5CB624C47FDDEAB2FC509.web07-pub?0,https://www.bundesanzeiger.de/pub/de/suche;wwwsid=627BFD7A56A5CB624C47FDDEAB2FC509.web07-pub?0,1620585747,14:42:27,20210509
15,2017-03-31,6LA.DE,USD,2017-03-31,2017-03-31,Q1,346362000,131844000.0,214518000.0,0.61934623313181,0.0,88664000.0,0.0,0.0,140089000.0,271933000.0,31483000.0,51425000.0,125854000,0.3633597219094473,74429000.0,0.2148878918588067,1036000.0,43986000.0,0.12699430076047602,2199000.0,41787000.0,0.12064545186827655,0.43,0.42,97575481,98149974,https://www.bundesanzeiger.de/pub/de/suche;wwwsid=627BFD7A56A5CB624C47FDDEAB2FC509.web07-pub?0,https://www.bundesanzeiger.de/pub/de/suche;wwwsid=627BFD7A56A5CB624C47FDDEAB2FC509.web07-pub?0,1620585747,14:42:27,20210509
16,2016-12-31,6LA.DE,USD,2016-12-31,2016-12-31,Q4,386717000,132369000.0,254348000.0,0.6577109359040332,0.0,89623000.0,0.0,0.0,141852000.0,274221000.0,31219000.0,52229000.0,164725000,0.4259574831207317,112496000.0,0.2909000638709961,2874000.0,84151000.0,0.2176035705696931,3626000.0,80525000.0,0.20822720490694746,0.83,0.81,97347497,97951462,https://www.bundesanzeiger.de/pub/de/suche;wwwsid=627BFD7A56A5CB624C47FDDEAB2FC509.web07-pub?0,https://www.bundesanzeiger.de/pub/de/suche;wwwsid=627BFD7A56A5CB624C47FDDEAB2FC509.web07-pub?0,1620585747,14:42:27,20210509
17,2016-09-30,6LA.DE,USD,2016-09-30,2016-09-30,Q3,387516000,131778000.0,255738000.0,0.659941783048958,0.0,86846000.0,0.0,0.0,136153000.0,267931000.0,31102000.0,49307000.0,168892000,0.43583232692327545,119585000.0,0.3085937096790842,189000.0,88674000.0,0.2288266807047967,3613000.0,85061000.0,0.21950319470679922,0.8746261405364554,0.8690168368040507,97254125,97881878,https://www.bundesanzeiger.de/pub/de/suche;wwwsid=627BFD7A56A5CB624C47FDDEAB2FC509.web07-pub?0,https://www.bundesanzeiger.de/pub/de/suche;wwwsid=627BFD7A56A5CB624C47FDDEAB2FC509.web07-pub?0,1620585747,14:42:27,20210509
18,2016-06-30,6LA.DE,USD,2016-06-30,2016-06-30,Q2,387528000,132725000.0,254803000.0,0.6575086187320658,0.0,86504000.0,0.0,0.0,138437000.0,271162000.0,31299000.0,51933000.0,168299000,0.4342886191449392,116366000.0,0.3002776573563717,649000.0,85719000.0,0.22119433950579054,3810000.0,81909000.0,0.21136279184987924,0.8433652655646113,0.838102634845336,97121619,97731467,https://www.bundesanzeiger.de/pub/de/suche;wwwsid=627BFD7A56A5CB624C47FDDEAB2FC509.web07-pub?0,https://www.bundesanzeiger.de/pub/de/suche;wwwsid=627BFD7A56A5CB624C47FDDEAB2FC509.web07-pub?0,1620585747,14:42:27,20210509
19,2016-03-31,6LA.DE,USD,2016-03-31,2016-03-31,Q1,338533000,128725000.0,209808000.0,0.6197564196104959,0.0,82816000.0,0.0,0.0,134305000.0,263030000.0,30068000.0,51489000.0,126992000,0.37512443395474,75503000.0,0.2230299557207126,8185000.0,53621000.0,0.1583922394567147,2307000.0,51314000.0,0.1515775419235348,0.530140306073428,0.5269560769468423,96793244,97378135,https://www.bundesanzeiger.de/pub/de/suche;wwwsid=627BFD7A56A5CB624C47FDDEAB2FC509.web07-pub?0,https://www.bundesanzeiger.de/pub/de/suche;wwwsid=627BFD7A56A5CB624C47FDDEAB2FC509.web07-pub?0,1620585747,14:42:27,20210509
20,2015-12-31,6LA.DE,USD,2015-12-31,2015-12-31,Q4,355969000,122901000.0,233068000.0,0.6547424073444598,0.0,82783000.0,0.0,0.0,129820000.0,252721000.0,24480000.0,47037000.0,150285000,0.4221856397607657,103248000.0,0.29004772887526725,1535000.0,80309000.0,0.22560672418103825,3780000.0,76529000.0,0.21498782197326172,0.7920445357361958,0.7916050332256582,96622092,96675737,https://www.bundesanzeiger.de/pub/de/suche;wwwsid=627BFD7A56A5CB624C47FDDEAB2FC509.web07-pub?0,https://www.bundesanzeiger.de/pub/de/suche;wwwsid=627BFD7A56A5CB624C47FDDEAB2FC509.web07-pub?0,1620585747,14:42:27,20210509
21,2015-09-30,6LA.DE,USD,2015-09-30,2015-09-30,Q3,350701000,121676000.0,229025000.0,0.6530491786450566,0.0,76143000.0,0.0,0.0,122584000.0,244260000.0,24709000.0,46441000.0,152882000,0.4359326035568761,106441000.0,0.30350925717348964,5203000.0,86937000.0,0.2478949304393201,972000.0,85965000.0,0.24512333868452044,0.8904436241615883,0.8898844562179694,96541766,96602429,https://www.bundesanzeiger.de/pub/de/suche;wwwsid=627BFD7A56A5CB624C47FDDEAB2FC509.web07-pub?0,https://www.bundesanzeiger.de/pub/de/suche;wwwsid=627BFD7A56A5CB624C47FDDEAB2FC509.web07-pub?0,1620585747,14:42:27,20210509
22,2015-06-30,6LA.DE,USD,2015-06-30,2015-06-30,Q2,344249000,115951000.0,228298000.0,0.6631769445953365,0.0,80418000.0,0.0,0.0,129143000.0,245094000.0,24712000.0,48725000.0,147880000,0.4295727801678436,99155000.0,0.288032790218708,191000.0,74658000.0,0.21687208967927285,15298000.0,59360000.0,0.17243332587748983,0.6157350277249322,0.6152384340693506,96405105,96482919,https://www.bundesanzeiger.de/pub/de/suche;wwwsid=627BFD7A56A5CB624C47FDDEAB2FC509.web07-pub?0,https://www.bundesanzeiger.de/pub/de/suche;wwwsid=627BFD7A56A5CB624C47FDDEAB2FC509.web07-pub?0,1620585747,14:42:27,20210509
23,2015-03-31,6LA.DE,USD,2015-03-31,2015-03-31,Q1,302477000,113232000.0,189245000.0,0.6256508759343685,0.0,74597000.0,0.0,0.0,123827000.0,237059000.0,24532000.0,49230000.0,114648000,0.37903047173834703,65418000.0,0.21627429523567082,1836000.0,42724000.0,0.14124710308552385,2008000.0,40716000.0,0.134608581809526,0.4254329848487302,0.42526725011433836,95704850,95742148,https://www.bundesanzeiger.de/pub/de/suche;wwwsid=627BFD7A56A5CB624C47FDDEAB2FC509.web07-pub?0,https://www.bundesanzeiger.de/pub/de/suche;wwwsid=627BFD7A56A5CB624C47FDDEAB2FC509.web07-pub?0,1620585747,14:42:27,20210509
24,2014-12-31,6LA.DE,USD,2014-12-31,2014-12-31,Q4,336696000,115096000.0,221600000.0,0.6581604771069451,0.0,79142000.0,0.0,0.0,134327000.0,249423000.0,24482000.0,55185000.0,142458000,0.42310570960153965,87273000.0,0.2592041485494333,1191000.0,63985000.0,0.1900378976881222,-143898000.0,207883000.0,0.6174204623755554,2.177829238861132,2.176279326885304,95454224,95522205,https://www.bundesanzeiger.de/pub/de/suche;wwwsid=627BFD7A56A5CB624C47FDDEAB2FC509.web07-pub?0,https://www.bundesanzeiger.de/pub/de/suche;wwwsid=627BFD7A56A5CB624C47FDDEAB2FC509.web07-pub?0,1620585747,14:42:27,20210509
25,2014-09-30,6LA.DE,USD,2014-09-30,2014-09-30,Q3,334998000,112388000.0,222610000.0,0.6645114299189846,0.0,74686000.0,0.0,0.0,137361000.0,249749000.0,24418000.0,62675000.0,147924000,0.4415668153242706,85249000.0,0.25447614612624553,775000.0,61617000.0,0.18393244138770978,26567000.0,35050000.0,0.10462749031337501,0.3676696544485338,0.36604397695157365,95330141,95753522,https://www.bundesanzeiger.de/pub/de/suche;wwwsid=627BFD7A56A5CB624C47FDDEAB2FC509.web07-pub?0,https://www.bundesanzeiger.de/pub/de/suche;wwwsid=627BFD7A56A5CB624C47FDDEAB2FC509.web07-pub?0,1620585747,14:42:27,20210509
26,2014-06-30,6LA.DE,USD,2014-06-30,2014-06-30,Q2,330433000,114277000.0,216156000.0,0.6541598448096891,0.0,73089000.0,0.0,0.0,144138000.0,258415000.0,26086000.0,71049000.0,143067000,0.432968256802438,72018000.0,0.21795038631129457,-19827000.0,26148000.0,0.07913253216234456,10726000.0,15422000.0,0.04667209388892756,0.16203887478826828,0.1613344929777441,95174692,95590222,https://www.bundesanzeiger.de/pub/de/suche;wwwsid=627BFD7A56A5CB624C47FDDEAB2FC509.web07-pub?0,https://www.bundesanzeiger.de/pub/de/suche;wwwsid=627BFD7A56A5CB624C47FDDEAB2FC509.web07-pub?0,1620585747,14:42:27,20210509
27,2014-03-31,6LA.DE,USD,2014-03-31,2014-03-31,Q1,284933000,111508000.0,173425000.0,0.6086518585070876,0.0,72961000.0,0.0,0.0,142487000.0,253995000.0,30268000.0,69526000.0,100464000,0.3525881523024711,30938000.0,0.1085799117687316,-9039000.0,-8324000.0,-0.029213885369543016,-3487000.0,-4837000.0,-0.016975920655031184,-0.05,-0.05,94906018,94906018,https://www.bundesanzeiger.de/pub/de/suche;wwwsid=627BFD7A56A5CB624C47FDDEAB2FC509.web07-pub?0,https://www.bundesanzeiger.de/pub/de/suche;wwwsid=627BFD7A56A5CB624C47FDDEAB2FC509.web07-pub?0,1620585747,14:42:27,20210509
28,2013-12-31,6LA.DE,USD,2013-12-31,2013-12-31,Q4,314495000,109962000.0,204533000.0,0.6503537417129048,0.0,67177000.0,0.0,0.0,148264000.0,258226000.0,34013000.0,81087000.0,137356000,0.43675098173261895,56269000.0,0.17891858376126807,-12635000.0,9665000.0,0.030731808136854322,3051000.0,6614000.0,0.021030541026089446,0.06984335889659404,0.06955385628494913,94697622,95091780,https://www.bundesanzeiger.de/pub/de/suche;wwwsid=627BFD7A56A5CB624C47FDDEAB2FC509.web07-pub?0,https://www.bundesanzeiger.de/pub/de/suche;wwwsid=627BFD7A56A5CB624C47FDDEAB2FC509.web07-pub?0,1620585747,14:42:27,20210509
29,2013-09-30,6LA.DE,USD,2013-09-30,2013-09-30,Q3,323184000,109640000.0,213544000.0,0.6607505322045646,0.0,71876000.0,0.0,0.0,145059000.0,254699000.0,37677000.0,73183000.0,141668000,0.43835090846081487,68485000.0,0.2119071488687559,787000.0,31637000.0,0.09789160354472994,13297000.0,18340000.0,0.05674785880489133,0.194014787671708,0.19320095093213085,94528877,94927069,https://www.bundesanzeiger.de/pub/de/suche;wwwsid=627BFD7A56A5CB624C47FDDEAB2FC509.web07-pub?0,https://www.bundesanzeiger.de/pub/de/suche;wwwsid=627BFD7A56A5CB624C47FDDEAB2FC509.web07-pub?0,1620585747,14:42:27,20210509
30,2013-06-30,6LA.DE,USD,2013-06-30,2013-06-30,Q2,324684000,110723000.0,213961000.0,0.6589822719936923,0.0,71997000.0,0.0,0.0,144405000.0,255128000.0,37887000.0,72408000.0,141964000,0.43723743701568296,69556000.0,0.2142267558610834,701000.0,32421000.0,0.09985401190080201,11166000.0,21255000.0,0.06546365081125033,0.22530695409198293,0.22417779274429248,94337967,94813138,https://www.bundesanzeiger.de/pub/de/suche;wwwsid=627BFD7A56A5CB624C47FDDEAB2FC509.web07-pub?0,https://www.bundesanzeiger.de/pub/de/suche;wwwsid=627BFD7A56A5CB624C47FDDEAB2FC509.web07-pub?0,1620585747,14:42:27,20210509
31,2013-03-31,6LA.DE,USD,2013-03-31,2013-03-31,Q1,283479000,106519000.0,176960000.0,0.6242437711435415,0.0,77736000.0,0.0,0.0,151637000.0,258156000.0,36700000.0,73901000.0,99224000,0.3500224002483429,25323000.0,0.08932936831299673,606000.0,-10743000.0,-0.037896987078407926,-4673000.0,-6070000.0,-0.021412520856924147,-0.07,-0.07,93974956,93974956,https://www.bundesanzeiger.de/pub/de/suche;wwwsid=627BFD7A56A5CB624C47FDDEAB2FC509.web07-pub?0,https://www.bundesanzeiger.de/pub/de/suche;wwwsid=627BFD7A56A5CB624C47FDDEAB2FC509.web07-pub?0,1620585747,14:42:27,20210509
32,2012-12-31,6LA.DE,USD,2012-12-31,2012-12-31,Q4,305505000,106199000.0,199306000.0,0.6523821214055416,0.0,67095000.0,0.0,0.0,149204000.0,255403000.0,40012000.0,76800000.0,126902000,0.4153843635947039,50102000.0,0.16399731591954306,4141000.0,14292000.0,0.04678155840329946,7073000.0,7219000.0,0.023629727827695127,0.07702924689212758,0.07673612261928545,93717650,94075642,https://www.bundesanzeiger.de/pub/de/suche;wwwsid=627BFD7A56A5CB624C47FDDEAB2FC509.web07-pub?0,https://www.bundesanzeiger.de/pub/de/suche;wwwsid=627BFD7A56A5CB624C47FDDEAB2FC509.web07-pub?0,1620585747,14:42:27,20210509
33,2012-09-30,6LA.DE,USD,2012-09-30,2012-09-30,Q3,306286000,103845000.0,202441000.0,0.6609541409009879,0.0,65743000.0,0.0,0.0,138919000.0,242764000.0,38534000.0,73915000.0,137437000,0.4487211299243191,63522000.0,0.20739439608731708,-1984000.0,23151000.0,0.07558621680390223,11655000.0,11496000.0,0.03753354707691504,0.1230531266139283,0.12265080394315933,93423063,93729512,https://www.bundesanzeiger.de/pub/de/suche;wwwsid=627BFD7A56A5CB624C47FDDEAB2FC509.web07-pub?0,https://www.bundesanzeiger.de/pub/de/suche;wwwsid=627BFD7A56A5CB624C47FDDEAB2FC509.web07-pub?0,1620585747,14:42:27,20210509
34,2012-06-30,6LA.DE,USD,2012-06-30,2012-06-30,Q2,304872000,105071000.0,199801000.0,0.6553602823480018,0.0,65983000.0,0.0,0.0,138978000.0,244049000.0,38633000.0,72995000.0,133818000,0.4389317484058884,60823000.0,0.19950339814741924,3634000.0,25889000.0,0.08491760476527854,11967000.0,13922000.0,0.04566506599490934,0.14928510321463948,0.14882920049011225,93257798,93543471,https://www.bundesanzeiger.de/pub/de/suche;wwwsid=627BFD7A56A5CB624C47FDDEAB2FC509.web07-pub?0,https://www.bundesanzeiger.de/pub/de/suche;wwwsid=627BFD7A56A5CB624C47FDDEAB2FC509.web07-pub?0,1620585747,14:42:27,20210509
35,2012-03-31,6LA.DE,USD,2012-03-31,2012-03-31,Q1,266238000,103423000.0,162815000.0,0.6115392994238238,0.0,65585000.0,0.0,0.0,137958000.0,241381000.0,39914000.0,72373000.0,97230000,0.3651995582899511,24857000.0,0.09336383236051954,-29036000.0,-44035000.0,-0.16539712587985186,-21219000.0,-22816000.0,-0.08569775914783014,-0.25,-0.25,93114125,93114125,https://www.bundesanzeiger.de/pub/de/suche;wwwsid=627BFD7A56A5CB624C47FDDEAB2FC509.web07-pub?0,https://www.bundesanzeiger.de/pub/de/suche;wwwsid=627BFD7A56A5CB624C47FDDEAB2FC509.web07-pub?0,1620585747,14:42:27,20210509
36,2011-12-31,6LA.DE,USD,2011-12-31,2011-12-31,Q4,288239000,103243000.0,184996000.0,0.6418146052407898,0.0,63469000.0,0.0,0.0,139073000.0,242316000.0,41636000.0,78185000.0,124108000,0.4305732395685525,45923000.0,0.15932264544353816,-226000.0,4119000.0,0.014290224431808326,-2253000.0,6372000.0,0.0221066545470946,0.06320640372524974,0.06320640372524974,100812570,100812570,https://www.bundesanzeiger.de/pub/de/suche;wwwsid=627BFD7A56A5CB624C47FDDEAB2FC509.web07-pub?0,https://www.bundesanzeiger.de/pub/de/suche;wwwsid=627BFD7A56A5CB624C47FDDEAB2FC509.web07-pub?0,1620585747,14:42:27,20210509
37,2011-09-30,6LA.DE,USD,2011-09-30,2011-09-30,Q3,296701000,103200000.0,193501000.0,0.6521750853552903,0.0,63514000.0,0.0,0.0,138076000.0,241276000.0,42530000.0,75171000.0,130596000,0.440160296055625,55425000.0,0.18680422378084335,-451000.0,12872000.0,0.04338374322971611,8880000.0,3992000.0,0.01345462266726435,0.04297025655245283,0.042889396315523666,92901470,93076619,https://www.bundesanzeiger.de/pub/de/suche;wwwsid=627BFD7A56A5CB624C47FDDEAB2FC509.web07-pub?0,https://www.bundesanzeiger.de/pub/de/suche;wwwsid=627BFD7A56A5CB624C47FDDEAB2FC509.web07-pub?0,1620585747,14:42:27,20210509
38,2011-06-30,6LA.DE,USD,2011-06-30,2011-06-30,Q2,293345000,103058000.0,190287000.0,0.6486798820501457,0.0,59369000.0,0.0,0.0,130868000.0,233926000.0,43307000.0,72410000.0,131829000,0.44939917162385584,59419000.0,0.20255671649423035,0.0,16163000.0,0.05509894492832671,4737000.0,11426000.0,0.03895072355076787,0.12307160310392486,0.12260076941478841,92840263,93196805,https://www.bundesanzeiger.de/pub/de/suche;wwwsid=627BFD7A56A5CB624C47FDDEAB2FC509.web07-pub?0,https://www.bundesanzeiger.de/pub/de/suche;wwwsid=627BFD7A56A5CB624C47FDDEAB2FC509.web07-pub?0,1620585747,14:42:27,20210509
39,2011-03-31,6LA.DE,USD,2011-03-31,2011-03-31,Q1,255202000,99551000.0,155651000.0,0.609912931716836,0.0,62618000.0,0.0,0.0,130044000.0,229595000.0,43620000.0,73873000.0,99480000,0.3898088572973566,25607000.0,0.10034012272631092,0.0,-17981000.0,-0.07045791177185132,-4741000.0,-13240000.0,-0.05188047115618216,-0.142855060453316,-0.14212557949987512,92681351,93157052,https://www.bundesanzeiger.de/pub/de/suche;wwwsid=627BFD7A56A5CB624C47FDDEAB2FC509.web07-pub?0,https://www.bundesanzeiger.de/pub/de/suche;wwwsid=627BFD7A56A5CB624C47FDDEAB2FC509.web07-pub?0,1620585747,14:42:27,20210509
40,2010-12-31,6LA.DE,USD,2010-12-31,2010-12-31,Q4,275684000,100495000.0,175189000.0,0.6354703210922651,0.0,64929000.0,0.0,0.0,142364000.0,242859000.0,44726000.0,78579000.0,111404000,0.4041003467738425,32825000.0,0.11906748306031543,0.0,-11724000.0,-0.042526951146965364,-4605000.0,-7119000.0,-0.025823043774756606,-0.07061619399247535,-0.07061619399247535,100812570,100812570,https://www.bundesanzeiger.de/pub/de/suche;wwwsid=627BFD7A56A5CB624C47FDDEAB2FC509.web07-pub?0,https://www.bundesanzeiger.de/pub/de/suche;wwwsid=627BFD7A56A5CB624C47FDDEAB2FC509.web07-pub?0,1620585747,14:42:27,20210509
41,2010-09-30,6LA.DE,USD,2010-09-30,2010-09-30,Q3,286138000,99595000.0,186543000.0,0.6519336823490763,0.0,63490000.0,0.0,0.0,139970000.0,239565000.0,45352000.0,77617000.0,124190000,0.4340213463433728,46573000.0,0.16276412080884048,0.0,1235000.0,0.004316099224849548,454000.0,781000.0,0.0027294522223542486,0.008460159354738338,0.008422404575369375,92315046,92728863,https://www.bundesanzeiger.de/pub/de/suche;wwwsid=627BFD7A56A5CB624C47FDDEAB2FC509.web07-pub?0,https://www.bundesanzeiger.de/pub/de/suche;wwwsid=627BFD7A56A5CB624C47FDDEAB2FC509.web07-pub?0,1620585747,14:42:27,20210509
42,2010-06-30,6LA.DE,USD,2010-06-30,2010-06-30,Q2,286366000,99825000.0,186541000.0,0.6514076391750417,0.0,60551000.0,0.0,0.0,137270000.0,237095000.0,46640000.0,78165000.0,127436000,0.4450109300685137,49271000.0,0.17205604017236684,-17137000.0,-14419000.0,-0.05035164789116026,-5482000.0,-8937000.0,-0.031208313836139766,-0.09692805840507152,-0.09639230470797187,92202404,92714870,https://www.bundesanzeiger.de/pub/de/suche;wwwsid=627BFD7A56A5CB624C47FDDEAB2FC509.web07-pub?0,https://www.bundesanzeiger.de/pub/de/suche;wwwsid=627BFD7A56A5CB624C47FDDEAB2FC509.web07-pub?0,1620585747,14:42:27,20210509
43,2010-03-31,6LA.DE,USD,2010-03-31,2010-03-31,Q1,244103000,98552000.0,145551000.0,0.5962687881754833,0.0,57543000.0,0.0,0.0,134712000.0,233264000.0,49330000.0,78342000.0,89181000,0.3653416795369168,10839000.0,0.044403387094791955,-261000.0,-38663000.0,-0.15838805750031748,-13836000.0,-24827000.0,-0.10170706627939845,-0.26990695912374507,-0.2684053419917255,91983549,92498159,https://www.bundesanzeiger.de/pub/de/suche;wwwsid=627BFD7A56A5CB624C47FDDEAB2FC509.web07-pub?0,https://www.bundesanzeiger.de/pub/de/suche;wwwsid=627BFD7A56A5CB624C47FDDEAB2FC509.web07-pub?0,1620585747,14:42:27,20210509
44,2009-12-31,6LA.DE,USD,2009-12-31,2009-12-31,Q4,262315000,99670000.0,162645000.0,0.6200369784419496,0.0,58592000.0,0.0,0.0,142196000.0,241866000.0,51962000.0,83933000.0,104382000,0.39792615748241617,20449000.0,0.07795589272439624,-350000.0,-31778000.0,-0.12114442559518136,-12096000.0,-19682000.0,-0.07503192726302346,-0.19523359041436997,-0.19523359041436997,100812570,100812570,https://www.bundesanzeiger.de/pub/de/suche;wwwsid=627BFD7A56A5CB624C47FDDEAB2FC509.web07-pub?0,https://www.bundesanzeiger.de/pub/de/suche;wwwsid=627BFD7A56A5CB624C47FDDEAB2FC509.web07-pub?0,1620585747,14:42:27,20210509
45,2009-09-30,6LA.DE,USD,2009-09-30,2009-09-30,Q3,271766000,97630000.0,174136000.0,0.6407571219357829,0.0,54570000.0,0.0,0.0,134877000.0,232507000.0,52090000.0,83529000.0,122788000,0.4518151645165326,39259000.0,0.1444588359103052,1576000.0,-11127000.0,-0.04094331152535637,-6346000.0,-4781000.0,-0.017592340469374388,-0.05209726979795413,-0.051970226506161246,91770644,91994981,https://www.bundesanzeiger.de/pub/de/suche;wwwsid=627BFD7A56A5CB624C47FDDEAB2FC509.web07-pub?0,https://www.bundesanzeiger.de/pub/de/suche;wwwsid=627BFD7A56A5CB624C47FDDEAB2FC509.web07-pub?0,1620585747,14:42:27,20210509
46,2009-06-30,6LA.DE,USD,2009-06-30,2009-06-30,Q2,274736000,99414000.0,175322000.0,0.6381471667346107,0.0,59058000.0,0.0,0.0,141326000.0,240740000.0,56645000.0,83489000.0,117485000,0.42762870537534214,33996000.0,0.12374060916661814,3539000.0,-18941000.0,-0.06894254848290722,-7122000.0,-11819000.0,-0.04301948051948052,-0.12890629903755016,-0.1288219695748863,91686753,91746773,https://www.bundesanzeiger.de/pub/de/suche;wwwsid=627BFD7A56A5CB624C47FDDEAB2FC509.web07-pub?0,https://www.bundesanzeiger.de/pub/de/suche;wwwsid=627BFD7A56A5CB624C47FDDEAB2FC509.web07-pub?0,1620585747,14:42:27,20210509
47,2009-03-31,6LA.DE,USD,2009-03-31,2009-03-31,Q1,247248000,100321000.0,146927000.0,0.5942494984792597,0.0,57203000.0,0.0,0.0,142325000.0,242646000.0,36350000.0,85774000.0,90376000,0.36552772924351257,4602000.0,0.01861289070083479,0.0,-31603000.0,-0.12781903190319033,-10270000.0,-21333000.0,-0.08628178994370025,-0.23294612023830716,-0.2327037533087582,91579117,91674499,https://www.bundesanzeiger.de/pub/de/suche;wwwsid=627BFD7A56A5CB624C47FDDEAB2FC509.web07-pub?0,https://www.bundesanzeiger.de/pub/de/suche;wwwsid=627BFD7A56A5CB624C47FDDEAB2FC509.web07-pub?0,1620585747,14:42:27,20210509
48,2008-12-31,6LA.DE,USD,2008-12-31,2008-12-31,Q4,279308000,107987000.0,171321000.0,0.6133766308161599,0.0,56859000.0,0.0,0.0,147548000.0,255535000.0,0.0,90450000.0,114223000,0.408949976370172,23773000.0,0.0851139244131926,-3880000.0,-15627000.0,-0.055948988213728214,-8790000.0,-6837000.0,-0.02447835364543801,-0.06781892377111307,-0.06781892377111307,100812570,100812570,https://www.bundesanzeiger.de/pub/de/suche;wwwsid=627BFD7A56A5CB624C47FDDEAB2FC509.web07-pub?0,https://www.bundesanzeiger.de/pub/de/suche;wwwsid=627BFD7A56A5CB624C47FDDEAB2FC509.web07-pub?0,1620585747,14:42:27,20210509
49,2008-09-30,6LA.DE,USD,2008-09-30,2008-09-30,Q3,312516000,113677000.0,198839000.0,0.636252223886137,0.0,65703000.0,0.0,0.0,145321000.0,258998000.0,0.0,81722000.0,135240000,0.43274584341281724,53518000.0,0.17124883205979854,1149000.0,14496000.0,0.04638482509695504,10746000.0,3750000.0,0.01199938563145567,0.04103131903074921,0.0409717807133482,91393601,91526410,https://www.bundesanzeiger.de/pub/de/suche;wwwsid=627BFD7A56A5CB624C47FDDEAB2FC509.web07-pub?0,https://www.bundesanzeiger.de/pub/de/suche;wwwsid=627BFD7A56A5CB624C47FDDEAB2FC509.web07-pub?0,1620585747,14:42:27,20210509
50,2008-06-30,6LA.DE,USD,2008-06-30,2008-06-30,Q2,323819000,110105000.0,213714000.0,0.6599798035322202,0.0,69875000.0,0.0,0.0,147109000.0,257214000.0,0.0,80544000.0,147149000,0.4544174369014789,66605000.0,0.20568589242755983,2069000.0,27671000.0,0.08545205809418224,13327000.0,14344000.0,0.044296350739147484,0.15562126713466748,0.1552228316596487,92172492,92409086,https://www.bundesanzeiger.de/pub/de/suche;wwwsid=627BFD7A56A5CB624C47FDDEAB2FC509.web07-pub?0,https://www.bundesanzeiger.de/pub/de/suche;wwwsid=627BFD7A56A5CB624C47FDDEAB2FC509.web07-pub?0,1620585747,14:42:27,20210509
51,2008-03-31,6LA.DE,USD,2008-03-31,2008-03-31,Q1,282776000,104787000.0,177989000.0,0.629434605482785,0.0,65184000.0,0.0,0.0,141934000.0,246721000.0,0.0,78938000.0,114993000,0.4066575664129912,36055000.0,0.1275037485500891,2476000.0,-2731000.0,-0.009657821031487821,-1197000.0,-1534000.0,-0.005424788525193086,-0.016418713938834168,-0.01637446186836154,93429973,93682468,https://www.bundesanzeiger.de/pub/de/suche;wwwsid=627BFD7A56A5CB624C47FDDEAB2FC509.web07-pub?0,https://www.bundesanzeiger.de/pub/de/suche;wwwsid=627BFD7A56A5CB624C47FDDEAB2FC509.web07-pub?0,1620585747,14:42:27,20210509
52,2007-12-31,6LA.DE,USD,2007-12-31,2007-12-31,Q4,304892000,102724000.0,202168000.0,0.6630806974272857,0.0,66258000.0,0.0,0.0,150909000.0,253633000.0,0.0,87306000.0,138565000,0.454472403342823,51259000.0,0.16812182674520815,1408000.0,8038000.0,0.02636343360927804,3565000.0,4473000.0,0.01467076866562586,0.04436946702182079,0.04436946702182079,100812570,100812570,https://www.bundesanzeiger.de/pub/de/suche;wwwsid=627BFD7A56A5CB624C47FDDEAB2FC509.web07-pub?0,https://www.bundesanzeiger.de/pub/de/suche;wwwsid=627BFD7A56A5CB624C47FDDEAB2FC509.web07-pub?0,1620585747,14:42:27,20210509
53,2007-09-30,6LA.DE,USD,2007-09-30,2007-09-30,Q3,314253000,102121000.0,212132000.0,0.6750357196271793,0.0,68020000.0,0.0,0.0,141697000.0,243818000.0,0.0,75485000.0,145920000,0.4643392425847963,70435000.0,0.22413469402042305,675000.0,28200000.0,0.08973661349294995,13675000.0,14525000.0,0.04622072024769851,0.1509965732250319,0.14960624203591383,96194236,97088195,https://www.bundesanzeiger.de/pub/de/suche;wwwsid=627BFD7A56A5CB624C47FDDEAB2FC509.web07-pub?0,https://www.bundesanzeiger.de/pub/de/suche;wwwsid=627BFD7A56A5CB624C47FDDEAB2FC509.web07-pub?0,1620585747,14:42:27,20210509
54,2007-06-30,6LA.DE,USD,2007-06-30,2007-06-30,Q2,315225000,102769000.0,212456000.0,0.6739820762947101,0.0,66238000.0,0.0,0.0,137869000.0,240638000.0,0.0,74267000.0,148854000,0.4722150844634785,74587000.0,0.23661511618685066,1519000.0,31546000.0,0.10007454992465699,13166000.0,18380000.0,0.05830755809342533,0.18822884785490904,0.18662312830988886,97647094,98487257,https://www.bundesanzeiger.de/pub/de/suche;wwwsid=627BFD7A56A5CB624C47FDDEAB2FC509.web07-pub?0,https://www.bundesanzeiger.de/pub/de/suche;wwwsid=627BFD7A56A5CB624C47FDDEAB2FC509.web07-pub?0,1620585747,14:42:27,20210509
55,2007-03-31,6LA.DE,USD,2007-03-31,2007-03-31,Q1,275185000,100783000.0,174402000.0,0.6337627414284935,0.0,69874000.0,0.0,0.0,142880000.0,243663000.0,0.0,74408000.0,105930000,0.3849410396642259,31522000.0,0.11454839471628177,15760000.0,15618000.0,0.05675454694114868,6779000.0,8839000.0,0.032120210040518196,0.08908248806592979,0.08833270299220411,99222644,100064865,https://www.bundesanzeiger.de/pub/de/suche;wwwsid=627BFD7A56A5CB624C47FDDEAB2FC509.web07-pub?0,https://www.bundesanzeiger.de/pub/de/suche;wwwsid=627BFD7A56A5CB624C47FDDEAB2FC509.web07-pub?0,1620585747,14:42:27,20210509
56,2006-12-31,6LA.DE,USD,2006-12-31,2006-12-31,Q4,287143000,100387000.0,186756000.0,0.6503937062717879,0.0,65435000.0,0.0,0.0,142855000.0,243242000.0,0.0,79303000.0,123204000,0.4290684432495307,43901000.0,0.15288897866219966,968000.0,13010000.0,0.04530843516993275,5862000.0,7148000.0,0.02489351995347266,0.07090385653297004,0.07090385653297004,100812570,100812570,https://www.bundesanzeiger.de/pub/de/suche;wwwsid=627BFD7A56A5CB624C47FDDEAB2FC509.web07-pub?0,https://www.bundesanzeiger.de/pub/de/suche;wwwsid=627BFD7A56A5CB624C47FDDEAB2FC509.web07-pub?0,1620585747,14:42:27,20210509
57,2006-09-30,6LA.DE,USD,2006-09-30,2006-09-30,Q3,292038000,98550000.0,193488000.0,0.6625439155178435,0.0,65577000.0,0.0,0.0,134103000.0,232653000.0,0.0,77480000.0,136865000,0.468654764106041,59385000.0,0.20334682472828877,7504000.0,29996000.0,0.10271266068114424,13157000.0,16839000.0,0.05766030448092371,0.1650975179829964,0.16363036573791787,101994265,102908772,https://www.bundesanzeiger.de/pub/de/suche;wwwsid=627BFD7A56A5CB624C47FDDEAB2FC509.web07-pub?0,https://www.bundesanzeiger.de/pub/de/suche;wwwsid=627BFD7A56A5CB624C47FDDEAB2FC509.web07-pub?0,1620585747,14:42:27,20210509
58,2006-06-30,6LA.DE,USD,2006-06-30,2006-06-30,Q2,287577000,96415000.0,191162000.0,0.6647332714368673,0.0,58634000.0,0.0,0.0,132011000.0,228426000.0,0.0,75304000.0,134455000,0.4675443446450864,59151000.0,0.205687520211978,712000.0,32403000.0,0.11267590940861057,14031000.0,18372000.0,0.06388549849257764,0.17788899616257647,0.17606457495077196,103277889,104348078,https://www.bundesanzeiger.de/pub/de/suche;wwwsid=627BFD7A56A5CB624C47FDDEAB2FC509.web07-pub?0,https://www.bundesanzeiger.de/pub/de/suche;wwwsid=627BFD7A56A5CB624C47FDDEAB2FC509.web07-pub?0,1620585747,14:42:27,20210509
59,2006-03-31,6LA.DE,USD,2006-03-31,2006-03-31,Q1,253333000,95209000.0,158124000.0,0.6241745054927704,0.0,59291000.0,0.0,0.0,130791000.0,226000000.0,0.0,74391000.0,101724000,0.40154263360872844,27333000.0,0.10789356301784607,1678000.0,2717000.0,0.010725014111860673,1177000.0,1540000.0,0.006078955367046536,0.014665341618133989,0.014547927040369913,105009487,105857006,https://www.bundesanzeiger.de/pub/de/suche;wwwsid=627BFD7A56A5CB624C47FDDEAB2FC509.web07-pub?0,https://www.bundesanzeiger.de/pub/de/suche;wwwsid=627BFD7A56A5CB624C47FDDEAB2FC509.web07-pub?0,1620585747,14:42:27,20210509
60,2005-12-31,6LA.DE,USD,2005-12-31,2005-12-31,Q4,258490000,91994000.0,166496000.0,0.6441100235985918,0.0,55276000.0,0.0,0.0,131422000.0,223416000.0,0.0,72686000.0,107760000,0.41688266470656504,35074000.0,0.1356880343533599,-1867000.0,11692000.0,0.04523192386552671,5773000.0,5919000.0,0.02289837131030214,0.05871291645476353,0.05871291645476353,100812570,100812570,https://www.bundesanzeiger.de/pub/de/suche;wwwsid=627BFD7A56A5CB624C47FDDEAB2FC509.web07-pub?0,https://www.bundesanzeiger.de/pub/de/suche;wwwsid=627BFD7A56A5CB624C47FDDEAB2FC509.web07-pub?0,1620585747,14:42:27,20210509
61,2005-09-30,6LA.DE,USD,2005-09-30,2005-09-30,Q3,265594000,89925000.0,175669000.0,0.6614193091711409,0.0,52864000.0,0.0,0.0,126977000.0,216902000.0,0.0,76042000.0,124734000,0.46964163347063564,48692000.0,0.18333245479943072,-3439000.0,20836000.0,0.07845056740739625,8755000.0,12081000.0,0.04548672033253763,0.11423844596225059,0.11367168529211558,105752489,106279765,https://www.bundesanzeiger.de/pub/de/suche;wwwsid=627BFD7A56A5CB624C47FDDEAB2FC509.web07-pub?0,https://www.bundesanzeiger.de/pub/de/suche;wwwsid=627BFD7A56A5CB624C47FDDEAB2FC509.web07-pub?0,1620585747,14:42:27,20210509
62,2005-06-30,6LA.DE,USD,2005-06-30,2005-06-30,Q2,264743000,86744000.0,177999000.0,0.6723463887619314,0.0,52643000.0,0.0,0.0,124074000.0,210818000.0,0.0,73248000.0,127173000,0.4803639756291951,53925000.0,0.2036881050679338,485000.0,32431000.0,0.12249993389815783,13687000.0,18744000.0,0.07080073882973299,0.17755844463993598,0.17677820421317425,105565241,106031171,https://www.bundesanzeiger.de/pub/de/suche;wwwsid=627BFD7A56A5CB624C47FDDEAB2FC509.web07-pub?0,https://www.bundesanzeiger.de/pub/de/suche;wwwsid=627BFD7A56A5CB624C47FDDEAB2FC509.web07-pub?0,1620585747,14:42:27,20210509
63,2005-03-31,6LA.DE,USD,2005-03-31,2005-03-31,Q1,232829000,84476000.0,148353000.0,0.6371757813674414,0.0,51944000.0,0.0,0.0,119224000.0,203700000.0,0.0,70571000.0,99700000,0.4282112623427494,29129000.0,0.12510898556451303,1958000.0,8719000.0,0.03744808421631326,3684000.0,5035000.0,0.021625312997951285,0.04821251917584725,0.04797750837276605,104433456,104945008,https://www.bundesanzeiger.de/pub/de/suche;wwwsid=627BFD7A56A5CB624C47FDDEAB2FC509.web07-pub?0,https://www.bundesanzeiger.de/pub/de/suche;wwwsid=627BFD7A56A5CB624C47FDDEAB2FC509.web07-pub?0,1620585747,14:42:27,20210509
64,2004-12-31,6LA.DE,USD,2004-12-31,2004-12-31,Q4,223997000,77614000.0,146383000.0,0.6535042880038572,0.0,49933000.0,0.0,0.0,123429000.0,201043000.0,0.0,77514000.0,100468000,0.448523864158895,22954000.0,0.10247458671321491,2684000.0,3343000.0,0.014924307021969044,2521000.0,822000.0,0.003669692004803636,0.008153745113332594,0.008153745113332594,100812570,100812570,https://www.bundesanzeiger.de/pub/de/suche;wwwsid=627BFD7A56A5CB624C47FDDEAB2FC509.web07-pub?0,https://www.bundesanzeiger.de/pub/de/suche;wwwsid=627BFD7A56A5CB624C47FDDEAB2FC509.web07-pub?0,1620585747,14:42:27,20210509
65,2004-09-30,6LA.DE,USD,2004-09-30,2004-09-30,Q3,231622000,76390000.0,155232000.0,0.6701954045816028,0.0,47301000.0,0.0,0.0,121996000.0,198386000.0,0.0,81033000.0,114269000,0.4933426013073024,33236000.0,0.143492414364784,468000.0,14117000.0,0.060948441857854606,5892000.0,8285000.0,0.03576948649092055,0.07944284646221539,0.07900011429032829,104288811,104873266,https://www.bundesanzeiger.de/pub/de/suche;wwwsid=627BFD7A56A5CB624C47FDDEAB2FC509.web07-pub?0,https://www.bundesanzeiger.de/pub/de/suche;wwwsid=627BFD7A56A5CB624C47FDDEAB2FC509.web07-pub?0,1620585747,14:42:27,20210509
66,2004-06-30,6LA.DE,USD,2004-06-30,2004-06-30,Q2,226915000,74362000.0,152553000.0,0.6722913866425754,0.0,45651000.0,0.0,0.0,120631000.0,194993000.0,0.0,71519000.0,103441000,0.4558579203666571,31922000.0,0.14067822753013243,-3461000.0,15151000.0,0.06676949518542186,6286000.0,8865000.0,0.039067492232774385,0.08532056297365906,0.08483707081222543,103902268,104494414,https://www.bundesanzeiger.de/pub/de/suche;wwwsid=627BFD7A56A5CB624C47FDDEAB2FC509.web07-pub?0,https://www.bundesanzeiger.de/pub/de/suche;wwwsid=627BFD7A56A5CB624C47FDDEAB2FC509.web07-pub?0,1620585747,14:42:27,20210509
67,2004-03-31,6LA.DE,USD,2004-03-31,2004-03-31,Q1,200976000,73791000.0,127185000.0,0.632836756627657,0.0,45435000.0,0.0,0.0,113826000.0,187617000.0,0.0,69320000.0,82679000,0.4113874293447974,13359000.0,0.0664706233580129,929000.0,-4152000.0,-0.020659183186052067,-1705000.0,-2447000.0,-0.012175583154207468,-0.02,-0.024496,103607466,103607466,https://www.bundesanzeiger.de/pub/de/suche;wwwsid=627BFD7A56A5CB624C47FDDEAB2FC509.web07-pub?0,https://www.bundesanzeiger.de/pub/de/suche;wwwsid=627BFD7A56A5CB624C47FDDEAB2FC509.web07-pub?0,1620585747,14:42:27,20210509
68,2003-12-31,6LA.DE,USD,2003-12-31,2003-12-31,Q4,206020000,72528000.0,133492000.0,0.6479565090767887,0.0,45364000.0,0.0,0.0,120022000.0,192550000.0,0.0,74790000.0,88260000,0.4284050092224056,13470000.0,0.06538200174740316,-4019000.0,-10341000.0,-0.05019415590719348,-4471000.0,-5870000.0,-0.028492379380642655,-0.05822686595530696,-0.05822686595530696,100812570,100812570,https://www.bundesanzeiger.de/pub/de/suche;wwwsid=627BFD7A56A5CB624C47FDDEAB2FC509.web07-pub?0,https://www.bundesanzeiger.de/pub/de/suche;wwwsid=627BFD7A56A5CB624C47FDDEAB2FC509.web07-pub?0,1620585747,14:42:27,20210509
69,2003-09-30,6LA.DE,USD,2003-09-30,2003-09-30,Q3,211720000,74571000.0,137149000.0,0.6477848101265823,0.0,42729000.0,0.0,0.0,113381000.0,187952000.0,0.0,70410000.0,94178000,0.44482335159644815,23768000.0,0.11226147742301153,-12808000.0,-10223000.0,-0.048285471377290765,-3715000.0,-6508000.0,-0.030738711505762326,-0.06,-0.06,103251834,103251834,https://www.bundesanzeiger.de/pub/de/suche;wwwsid=627BFD7A56A5CB624C47FDDEAB2FC509.web07-pub?0,https://www.bundesanzeiger.de/pub/de/suche;wwwsid=627BFD7A56A5CB624C47FDDEAB2FC509.web07-pub?0,1620585747,14:42:27,20210509
70,2003-06-30,6LA.DE,USD,2003-06-30,2003-06-30,Q2,208178000,73361000.0,134817000.0,0.6476044538808136,0.0,40580000.0,0.0,0.0,109312000.0,182673000.0,0.0,69560000.0,95065000,0.4566524800891545,25505000.0,0.12251534744305353,-4926000.0,-2770000.0,-0.013305920894619029,-569000.0,-2201000.0,-0.010572682992439162,-0.02,-0.022365,102481555,102481555,https://www.bundesanzeiger.de/pub/de/suche;wwwsid=627BFD7A56A5CB624C47FDDEAB2FC509.web07-pub?0,https://www.bundesanzeiger.de/pub/de/suche;wwwsid=627BFD7A56A5CB624C47FDDEAB2FC509.web07-pub?0,1620585747,14:42:27,20210509
71,2003-03-31,6LA.DE,USD,2003-03-31,2003-03-31,Q1,184221000,71557000.0,112664000.0,0.6115697993171245,0.0,42847000.0,0.0,0.0,110330000.0,181887000.0,0.0,67513000.0,69847000,0.3791478713067457,2334000.0,0.01266956535899816,-11143000.0,-32481000.0,-0.17631540378132787,-11888000.0,-32272000.0,-0.17518089685757868,-0.32,-0.32,101667397,101667397,https://www.bundesanzeiger.de/pub/de/suche;wwwsid=627BFD7A56A5CB624C47FDDEAB2FC509.web07-pub?0,https://www.bundesanzeiger.de/pub/de/suche;wwwsid=627BFD7A56A5CB624C47FDDEAB2FC509.web07-pub?0,1620585747,14:42:27,20210509
72,2002-12-31,6LA.DE,USD,2002-12-31,2002-12-31,Q4,194697000,0.0,0.0,0.0,0.0,319006000.0,0.0,0.0,389997000.0,184453000.0,0.0,71124000.0,81368000,0.4179211800900887,10244000.0,0.05261508908714567,-5717000.0,-21524000.0,-0.11055126684026975,-7655000.0,-13869000.0,-0.07123376323209911,-0.13757213014210432,-0.13757213014210432,100812570,100812570,https://www.bundesanzeiger.de/pub/de/suche;wwwsid=627BFD7A56A5CB624C47FDDEAB2FC509.web07-pub?0,https://www.bundesanzeiger.de/pub/de/suche;wwwsid=627BFD7A56A5CB624C47FDDEAB2FC509.web07-pub?0,1620585747,14:42:27,20210509
73,2002-09-30,6LA.DE,USD,2002-09-30,2002-09-30,Q3,201918000,71685000.0,130233000.0,0.644979645202508,0.0,42325000.0,0.0,0.0,112560000.0,184245000.0,0.0,70268000.0,87941000,0.4355282837587536,17673000.0,0.08752562921582029,33000.0,-9122000.0,-0.045176754920314185,-3134000.0,-5988000.0,-0.02965560276944106,-0.06,-0.06,101377147,101377147,https://www.bundesanzeiger.de/pub/de/suche;wwwsid=627BFD7A56A5CB624C47FDDEAB2FC509.web07-pub?0,https://www.bundesanzeiger.de/pub/de/suche;wwwsid=627BFD7A56A5CB624C47FDDEAB2FC509.web07-pub?0,1620585747,14:42:27,20210509
74,2002-06-30,6LA.DE,USD,2002-06-30,2002-06-30,Q2,202529000,66632000.0,135897000.0,0.6710002024401444,0.0,39417000.0,0.0,0.0,108737000.0,175369000.0,0.0,69401000.0,96561000,0.4767761653886604,27160000.0,0.1341042517367883,81000.0,85000.0,0.0004196929822395805,393000.0,-308000.0,-0.0015207698650563622,-0.003050483068259065,-0.003952,100967615,100967615,https://www.bundesanzeiger.de/pub/de/suche;wwwsid=627BFD7A56A5CB624C47FDDEAB2FC509.web07-pub?0,https://www.bundesanzeiger.de/pub/de/suche;wwwsid=627BFD7A56A5CB624C47FDDEAB2FC509.web07-pub?0,1620585747,14:42:27,20210509
75,2002-03-31,6LA.DE,USD,2002-03-31,2002-03-31,Q1,176538000,67227000.0,109311000.0,0.6191924684770418,0.0,41206000.0,0.0,0.0,108217000.0,175444000.0,0.0,67100000.0,68194000,0.3862851057562678,1094000.0,0.00619696609228608,89000.0,-25461000.0,-0.14422390646772934,-9298000.0,-16163000.0,-0.09155535918612423,-0.16,-0.161664,100542109,100542109,https://www.bundesanzeiger.de/pub/de/suche;wwwsid=627BFD7A56A5CB624C47FDDEAB2FC509.web07-pub?0,https://www.bundesanzeiger.de/pub/de/suche;wwwsid=627BFD7A56A5CB624C47FDDEAB2FC509.web07-pub?0,1620585747,14:42:27,20210509
76,2001-12-31,6LA.DE,USD,2001-12-31,2001-12-31,Q4,178505000,64039000.0,114466000.0,0.6412481443096832,0.0,39259000.0,0.0,0.0,130944000.0,194983000.0,0.0,91900000.0,75422000,0.4225203775804599,-16478000.0,-0.09231113974398476,215000.0,-44057000.0,-0.24681101369709532,-14477000.0,-29583000.0,-0.1657264502394891,-0.29344554949844054,-0.29344554949844054,100812570,100812570,https://www.bundesanzeiger.de/pub/de/suche;wwwsid=627BFD7A56A5CB624C47FDDEAB2FC509.web07-pub?0,https://www.bundesanzeiger.de/pub/de/suche;wwwsid=627BFD7A56A5CB624C47FDDEAB2FC509.web07-pub?0,1620585747,14:42:27,20210509
77,2001-09-30,6LA.DE,USD,2001-09-30,2001-09-30,Q3,188267000,64593000.0,123674000.0,0.6569074771468181,0.0,37552000.0,0.0,0.0,127262000.0,191855000.0,0.0,89399000.0,85811000,0.45579416467038836,-3588000.0,-0.019058039911402425,-311000.0,-33897000.0,-0.18004748575161872,-9536000.0,-24361000.0,-0.1293960173583262,-0.25,-0.25,99163065,99163065,https://www.bundesanzeiger.de/pub/de/suche;wwwsid=627BFD7A56A5CB624C47FDDEAB2FC509.web07-pub?0,https://www.bundesanzeiger.de/pub/de/suche;wwwsid=627BFD7A56A5CB624C47FDDEAB2FC509.web07-pub?0,1620585747,14:42:27,20210509
78,2001-06-30,6LA.DE,USD,2001-06-30,2001-06-30,Q2,191788000,61315000.0,130473000.0,0.6802980374163139,0.0,36436000.0,0.0,0.0,124456000.0,185771000.0,0.0,88823000.0,94840000,0.49450434855152564,6017000.0,0.031373182889440424,803000.0,-26777000.0,-0.13961770288026362,-6377000.0,-20400000.0,-0.10636744738982627,-0.21,-0.21,98209271,98209271,https://www.bundesanzeiger.de/pub/de/suche;wwwsid=627BFD7A56A5CB624C47FDDEAB2FC509.web07-pub?0,https://www.bundesanzeiger.de/pub/de/suche;wwwsid=627BFD7A56A5CB624C47FDDEAB2FC509.web07-pub?0,1620585747,14:42:27,20210509
79,2001-03-31,6LA.DE,USD,2001-03-31,2001-03-31,Q1,170385000,61536000.0,108849000.0,0.6388414473105026,0.0,37696000.0,0.0,0.0,123103000.0,184639000.0,0.0,85407000.0,71153000,0.41760131466971856,-14254000.0,-0.08365759896704522,216000.0,-49574000.0,-0.2909528420929072,-15284000.0,-34290000.0,-0.20125011004489832,-0.35,-0.352252,97603342,97603342,https://www.bundesanzeiger.de/pub/de/suche;wwwsid=627BFD7A56A5CB624C47FDDEAB2FC509.web07-pub?0,https://www.bundesanzeiger.de/pub/de/suche;wwwsid=627BFD7A56A5CB624C47FDDEAB2FC509.web07-pub?0,1620585747,14:42:27,20210509
80,2000-12-31,6LA.DE,USD,2000-12-31,2000-12-31,Q4,178293000,55289000.0,123004000.0,0.6898980891005255,0.0,34859000.0,0.0,0.0,121422000.0,176711000.0,0.0,86563000.0,88145000,0.49438284172682045,1582000.0,0.008873034835916161,712000.0,-35380000.0,-0.19843740359969264,-10156000.0,-25224000.0,-0.14147498780097928,-0.25020689384270234,-0.25020689384270234,100812570,100812570,https://www.bundesanzeiger.de/pub/de/suche;wwwsid=627BFD7A56A5CB624C47FDDEAB2FC509.web07-pub?0,https://www.bundesanzeiger.de/pub/de/suche;wwwsid=627BFD7A56A5CB624C47FDDEAB2FC509.web07-pub?0,1620585747,14:42:27,20210509
81,2000-09-30,6LA.DE,USD,2000-09-30,2000-09-30,Q3,184806000,56038000.0,128768000.0,0.6967739142668528,0.0,33748000.0,0.0,0.0,116081000.0,172119000.0,0.0,82333000.0,95020000,0.514160795645163,12687000.0,0.06865036849452939,170000.0,-26766000.0,-0.1448329599688322,-7257000.0,-19509000.0,-0.1055647543910912,-0.21,-0.212162,91953435,91953435,https://www.bundesanzeiger.de/pub/de/suche;wwwsid=627BFD7A56A5CB624C47FDDEAB2FC509.web07-pub?0,https://www.bundesanzeiger.de/pub/de/suche;wwwsid=627BFD7A56A5CB624C47FDDEAB2FC509.web07-pub?0,1620585747,14:42:27,20210509
82,2000-06-30,6LA.DE,USD,2000-06-30,2000-06-30,Q2,172953000,53626000.0,119327000.0,0.6899388851306424,0.0,35261000.0,0.0,0.0,111491000.0,165117000.0,0.0,76230000.0,84066000,0.48606268755095317,7836000.0,0.045307106554960015,105000.0,-28091000.0,-0.16241984816684302,-7693000.0,-20398000.0,-0.1179395558330876,-0.23,-0.23,89512428,89512428,https://www.bundesanzeiger.de/pub/de/suche;wwwsid=627BFD7A56A5CB624C47FDDEAB2FC509.web07-pub?0,https://www.bundesanzeiger.de/pub/de/suche;wwwsid=627BFD7A56A5CB624C47FDDEAB2FC509.web07-pub?0,1620585747,14:42:27,20210509
83,2000-03-31,6LA.DE,USD,2000-03-31,2000-03-31,Q1,151267000,52512000.0,98755000.0,0.6528522414009665,0.0,34204000.0,0.0,0.0,107174000.0,159686000.0,0.0,72970000.0,64551000,0.4267355074140427,-8419000.0,-0.055656554304640136,-1000.0,-40983000.0,-0.27093153166255696,-12009000.0,-28974000.0,-0.19154210766393198,-0.33,-0.33,88466644,88466644,https://www.bundesanzeiger.de/pub/de/suche;wwwsid=627BFD7A56A5CB624C47FDDEAB2FC509.web07-pub?0,https://www.bundesanzeiger.de/pub/de/suche;wwwsid=627BFD7A56A5CB624C47FDDEAB2FC509.web07-pub?0,1620585747,14:42:27,20210509
84,1999-12-31,6LA.DE,USD,1999-12-31,1999-12-31,Q4,149500000,49600000.0,99900000.0,0.6682274247491639,0.0,30400000.0,0.0,0.0,102900000.0,152500000.0,0.0,72500000.0,69500000,0.46488294314381273,-3000000.0,-0.020066889632107024,1200000.0,-34900000.0,-0.2334448160535117,-9300000.0,-25600000.0,-0.17123745819397992,-0.2539365874711854,-0.2539365874711854,100812570,100812570,https://www.bundesanzeiger.de/pub/de/suche;wwwsid=627BFD7A56A5CB624C47FDDEAB2FC509.web07-pub?0,https://www.bundesanzeiger.de/pub/de/suche;wwwsid=627BFD7A56A5CB624C47FDDEAB2FC509.web07-pub?0,1620585747,14:42:27,20210509
85,1999-09-30,6LA.DE,USD,1999-09-30,1999-09-30,Q3,111000000,33200000.0,77800000.0,0.7009009009009008,0.0,23100000.0,0.0,0.0,63500000.0,96700000.0,0.0,40400000.0,54700000,0.4927927927927928,14300000.0,0.12882882882882882,5200000.0,-1500000.0,-0.013513513513513514,1500000.0,-3200000.0,-0.02882882882882883,-0.05,-0.05,64000000,64000000,https://www.bundesanzeiger.de/pub/de/suche;wwwsid=627BFD7A56A5CB624C47FDDEAB2FC509.web07-pub?0,https://www.bundesanzeiger.de/pub/de/suche;wwwsid=627BFD7A56A5CB624C47FDDEAB2FC509.web07-pub?0,1620585747,14:42:27,20210509
86,1999-06-30,6LA.DE,USD,1999-06-30,1999-06-30,Q2,97800000,30500000.0,67300000.0,0.6881390593047034,0.0,20800000.0,0.0,0.0,53500000.0,84000000.0,0.0,32600000.0,46400000,0.47443762781186094,13800000.0,0.1411042944785276,100000.0,-3900000.0,-0.03987730061349693,1100000.0,-5000000.0,-0.05112474437627812,-0.08,-0.08,65000000,65000000,https://www.bundesanzeiger.de/pub/de/suche;wwwsid=627BFD7A56A5CB624C47FDDEAB2FC509.web07-pub?0,https://www.bundesanzeiger.de/pub/de/suche;wwwsid=627BFD7A56A5CB624C47FDDEAB2FC509.web07-pub?0,1620585747,14:42:27,20210509
87,1999-03-31,6LA.DE,USD,1999-03-31,1999-03-31,Q1,85800000,29800000.0,56000000.0,0.6526806526806527,0.0,20100000.0,0.0,0.0,51700000.0,81500000.0,0.0,31600000.0,35900000,0.4184149184149184,4300000.0,0.05011655011655012,1000000.0,-12700000.0,-0.14801864801864803,-2800000.0,-10700000.0,-0.1247086247086247,-0.18,-0.18,60000000,60000000,https://www.bundesanzeiger.de/pub/de/suche;wwwsid=627BFD7A56A5CB624C47FDDEAB2FC509.web07-pub?0,https://www.bundesanzeiger.de/pub/de/suche;wwwsid=627BFD7A56A5CB624C47FDDEAB2FC509.web07-pub?0,1620585747,14:42:27,20210509
88,1998-12-31,6LA.DE,USD,1998-12-31,1998-12-31,Q4,87000000,28100000.0,58900000.0,0.6770114942528735,0.0,17700000.0,0.0,0.0,49200000.0,77300000.0,0.0,31500000.0,41200000,0.4735632183908046,9700000.0,0.11149425287356322,2200000.0,-8900000.0,-0.10229885057471265,-1000000.0,-7900000.0,-0.09080459770114943,-0.07836324378993612,-0.07836324378993612,100812570,100812570,https://www.bundesanzeiger.de/pub/de/suche;wwwsid=627BFD7A56A5CB624C47FDDEAB2FC509.web07-pub?0,https://www.bundesanzeiger.de/pub/de/suche;wwwsid=627BFD7A56A5CB624C47FDDEAB2FC509.web07-pub?0,1620585747,14:42:27,20210509
89,1998-09-30,6LA.DE,USD,1998-09-30,1998-09-30,Q3,73500000,22300000.0,51200000.0,0.6965986394557823,0.0,15000000.0,0.0,0.0,35200000.0,57500000.0,0.0,20300000.0,36300000,0.49387755102040815,16000000.0,0.21768707482993196,-100000.0,3800000.0,0.05170068027210884,2200000.0,1600000.0,0.021768707482993196,0.03,0.03,50000000,50000000,https://www.bundesanzeiger.de/pub/de/suche;wwwsid=627BFD7A56A5CB624C47FDDEAB2FC509.web07-pub?0,https://www.bundesanzeiger.de/pub/de/suche;wwwsid=627BFD7A56A5CB624C47FDDEAB2FC509.web07-pub?0,1620585747,14:42:27,20210509
90,1998-06-30,6LA.DE,USD,1998-06-30,1998-06-30,Q2,69700000,21600000.0,48100000.0,0.6901004304160688,0.0,15000000.0,0.0,0.0,34200000.0,55800000.0,0.0,19200000.0,33100000,0.4748923959827834,13900000.0,0.1994261119081779,-800000.0,-1000000.0,-0.014347202295552367,100000.0,-1100000.0,-0.015781922525107604,-0.02,-0.02,65000000,65000000,https://www.bundesanzeiger.de/pub/de/suche;wwwsid=627BFD7A56A5CB624C47FDDEAB2FC509.web07-pub?0,https://www.bundesanzeiger.de/pub/de/suche;wwwsid=627BFD7A56A5CB624C47FDDEAB2FC509.web07-pub?0,1620585747,14:42:27,20210509
91,1998-03-31,6LA.DE,USD,1998-03-31,1998-03-31,Q1,58300000,20800000.0,37500000.0,0.6432246998284734,0.0,13200000.0,0.0,0.0,30800000.0,51600000.0,0.0,17600000.0,24300000,0.41680960548885077,6700000.0,0.11492281303602059,500000.0,-6200000.0,-0.10634648370497427,-1600000.0,-4600000.0,-0.07890222984562607,-0.1,-0.1,47000000,47000000,https://www.bundesanzeiger.de/pub/de/suche;wwwsid=627BFD7A56A5CB624C47FDDEAB2FC509.web07-pub?0,https://www.bundesanzeiger.de/pub/de/suche;wwwsid=627BFD7A56A5CB624C47FDDEAB2FC509.web07-pub?0,1620585747,14:42:27,20210509
92,1997-12-31,6LA.DE,USD,1997-12-31,1997-12-31,Q4,57500000,17900000.0,39600000.0,0.688695652173913,0.0,12800000.0,0.0,0.0,29000000.0,46900000.0,0.0,16200000.0,26800000,0.46608695652173915,10600000.0,0.18434782608695652,900000.0,-1000000.0,-0.017391304347826087,100000.0,-1100000.0,-0.019130434782608695,-0.010911337742902497,-0.010911337742902497,100812570,100812570,https://www.bundesanzeiger.de/pub/de/suche;wwwsid=627BFD7A56A5CB624C47FDDEAB2FC509.web07-pub?0,https://www.bundesanzeiger.de/pub/de/suche;wwwsid=627BFD7A56A5CB624C47FDDEAB2FC509.web07-pub?0,1620585747,14:42:27,20210509
93,1997-09-30,6LA.DE,USD,1997-09-30,1997-09-30,Q3,55400000,16500000.0,38900000.0,0.7021660649819494,0.0,12600000.0,0.0,0.0,26700000.0,43200000.0,0.0,14100000.0,26300000,0.4747292418772563,12200000.0,0.22021660649819494,300000.0,2200000.0,0.039711191335740074,1200000.0,1000000.0,0.018050541516245487,0.02,0.02,50000000,50000000,https://www.bundesanzeiger.de/pub/de/suche;wwwsid=627BFD7A56A5CB624C47FDDEAB2FC509.web07-pub?0,https://www.bundesanzeiger.de/pub/de/suche;wwwsid=627BFD7A56A5CB624C47FDDEAB2FC509.web07-pub?0,1620585747,14:42:27,20210509
94,1997-06-30,6LA.DE,USD,1997-06-30,1997-06-30,Q2,50000000,15500000.0,34500000.0,0.69,0.0,10800000.0,0.0,0.0,21800000.0,37300000.0,0.0,10900000.0,23600000,0.472,12700000.0,0.254,-100000.0,4200000.0,0.084,2600000.0,1600000.0,0.032,0.03,0.03,46666667,46666667,https://www.bundesanzeiger.de/pub/de/suche;wwwsid=627BFD7A56A5CB624C47FDDEAB2FC509.web07-pub?0,https://www.bundesanzeiger.de/pub/de/suche;wwwsid=627BFD7A56A5CB624C47FDDEAB2FC509.web07-pub?0,1620585747,14:42:27,20210509
95,1997-03-31,6LA.DE,USD,1997-03-31,1997-03-31,Q1,37700000,13500000.0,24200000.0,0.6419098143236074,0.0,9300000.0,0.0,0.0,16100000.0,29600000.0,0.0,6800000.0,14900000,0.3952254641909814,8100000.0,0.21485411140583555,700000.0,2100000.0,0.05570291777188329,800000.0,1300000.0,0.034482758620689655,0.03,0.03,40000000,40000000,https://www.bundesanzeiger.de/pub/de/suche;wwwsid=627BFD7A56A5CB624C47FDDEAB2FC509.web07-pub?0,https://www.bundesanzeiger.de/pub/de/suche;wwwsid=627BFD7A56A5CB624C47FDDEAB2FC509.web07-pub?0,1620585747,14:42:27,20210509
96,1996-10-31,6LA.DE,USD,1996-10-31,1996-10-31,Q4,32300000,10200000.0,22100000.0,0.6842105263157895,0.0,6700000.0,0.0,0.0,11600000.0,21800000.0,0.0,4900000.0,15400000,0.47678018575851394,10500000.0,0.32507739938080493,200000.0,7000000.0,0.21671826625386997,2700000.0,4300000.0,0.13312693498452013,0.042653411176800674,0.042653411176800674,100812570,100812570,https://www.bundesanzeiger.de/pub/de/suche;wwwsid=627BFD7A56A5CB624C47FDDEAB2FC509.web07-pub?0,https://www.bundesanzeiger.de/pub/de/suche;wwwsid=627BFD7A56A5CB624C47FDDEAB2FC509.web07-pub?0,1620585747,14:42:27,20210509
97,1996-07-31,6LA.DE,USD,1996-07-31,1996-07-31,Q3,31400000,10100000.0,21300000.0,0.678343949044586,0.0,8100000.0,0.0,0.0,11600000.0,21700000.0,0.0,3600000.0,13300000,0.42356687898089174,9700000.0,0.3089171974522293,-100000.0,5400000.0,0.17197452229299362,2200000.0,3200000.0,0.10191082802547771,0.09,0.09,34444444,34444444,https://www.bundesanzeiger.de/pub/de/suche;wwwsid=627BFD7A56A5CB624C47FDDEAB2FC509.web07-pub?0,https://www.bundesanzeiger.de/pub/de/suche;wwwsid=627BFD7A56A5CB624C47FDDEAB2FC509.web07-pub?0,1620585747,14:42:27,20210509
98,1996-04-30,6LA.DE,USD,1996-04-30,1996-04-30,Q2,28800000,10000000.0,18800000.0,0.6527777777777778,0.0,7000000.0,0.0,0.0,10600000.0,20600000.0,0.0,0.0,12200000,0.4236111111111111,8200000.0,0.2847222222222222,-400000.0,3800000.0,0.13194444444444445,1500000.0,2300000.0,0.0798611111111111,0.05,0.05,44000000,44000000,https://www.bundesanzeiger.de/pub/de/suche;wwwsid=627BFD7A56A5CB624C47FDDEAB2FC509.web07-pub?0,https://www.bundesanzeiger.de/pub/de/suche;wwwsid=627BFD7A56A5CB624C47FDDEAB2FC509.web07-pub?0,1620585747,14:42:27,20210509
99,1996-01-31,6LA.DE,USD,1996-01-31,1996-01-31,Q1,28300000,0.0,0.0,0.0,0.0,0.0,0.0,0.0,0.0,0.0,0.0,0.0,28300000,1.0,28300000.0,1.0,0.0,0.0,0.0,0.0,1600000.0,0.05653710247349823,0.03,0.03,53333333,53333333,https://www.bundesanzeiger.de/pub/de/suche;wwwsid=627BFD7A56A5CB624C47FDDEAB2FC509.web07-pub?0,https://www.bundesanzeiger.de/pub/de/suche;wwwsid=627BFD7A56A5CB624C47FDDEAB2FC509.web07-pub?0,1620585747,14:42:27,20210509
100,1995-10-31,6LA.DE,USD,1995-10-31,1995-10-31,Q4,25400000,0.0,0.0,0.0,0.0,0.0,0.0,0.0,0.0,0.0,0.0,0.0,-50200000,-1.9763779527559056,-50200000.0,-1.9763779527559056,0.0,0.0,0.0,0.0,2600000.0,0.10236220472440945,0.025790434665042265,0.025790434665042265,100812570,100812570,https://www.bundesanzeiger.de/pub/de/suche;wwwsid=627BFD7A56A5CB624C47FDDEAB2FC509.web07-pub?0,https://www.bundesanzeiger.de/pub/de/suche;wwwsid=627BFD7A56A5CB624C47FDDEAB2FC509.web07-pub?0,1620585747,14:42:27,20210509
101,1995-07-31,6LA.DE,USD,1995-07-31,1995-07-31,Q3,25500000,0.0,0.0,0.0,0.0,0.0,0.0,0.0,0.0,0.0,0.0,0.0,25500000,1.0,25500000.0,1.0,0.0,0.0,0.0,0.0,2700000.0,0.10588235294117647,0.05,0.05,54000000,54000000,https://www.bundesanzeiger.de/pub/de/suche;wwwsid=627BFD7A56A5CB624C47FDDEAB2FC509.web07-pub?0,https://www.bundesanzeiger.de/pub/de/suche;wwwsid=627BFD7A56A5CB624C47FDDEAB2FC509.web07-pub?0,1620585747,14:42:27,20210509
102,1995-04-30,6LA.DE,USD,1995-04-30,1995-04-30,Q2,25500000,0.0,0.0,0.0,0.0,0.0,0.0,0.0,0.0,0.0,0.0,0.0,25500000,1.0,25500000.0,1.0,0.0,0.0,0.0,0.0,2700000.0,0.10588235294117647,0.05,0.05,54000000,54000000,https://www.bundesanzeiger.de/pub/de/suche;wwwsid=627BFD7A56A5CB624C47FDDEAB2FC509.web07-pub?0,https://www.bundesanzeiger.de/pub/de/suche;wwwsid=627BFD7A56A5CB624C47FDDEAB2FC509.web07-pub?0,1620585747,14:42:27,20210509
103,1995-01-31,6LA.DE,USD,1995-01-31,1995-01-31,Q1,25500000,0.0,0.0,0.0,0.0,0.0,0.0,0.0,0.0,0.0,0.0,0.0,25500000,1.0,25500000.0,1.0,0.0,0.0,0.0,0.0,2700000.0,0.10588235294117647,0.05,0.05,54000000,54000000,https://www.bundesanzeiger.de/pub/de/suche;wwwsid=627BFD7A56A5CB624C47FDDEAB2FC509.web07-pub?0,https://www.bundesanzeiger.de/pub/de/suche;wwwsid=627BFD7A56A5CB624C47FDDEAB2FC509.web07-pub?0,1620585747,14:42:27,20210509
