,date,symbol,reportedCurrency,fillingDate,acceptedDate,period,revenue,costOfRevenue,grossProfit,grossProfitRatio,researchAndDevelopmentExpenses,generalAndAdministrativeExpenses,sellingAndMarketingExpenses,otherExpenses,operatingExpenses,costAndExpenses,interestExpense,depreciationAndAmortization,ebitda,ebitdaratio,operatingIncome,operatingIncomeRatio,totalOtherIncomeExpensesNet,incomeBeforeTax,incomeBeforeTaxRatio,incomeTaxExpense,netIncome,netIncomeRatio,eps,epsdiluted,weightedAverageShsOut,weightedAverageShsOutDil,link,finalLink,timestamp,est_time,est_date
0,2020-09-30,NMCI,USD,2020-09-30,2020-09-30,Q3,26381000,4570000.0,21811000,0.8267692657594481,0.0,19862000,0.0,34000.0,19862000,24432000,3053000.0,2582000.0,4531000.0,0.17175239755884916,1949000.0,0.07387892801637543,34000.0,-1070000.0,-0.04055949357492134,0.0,-1070000.0,-0.04055949357492134,-0.03,-0.03,34392038,34392038,,,1620595731,17:28:51,20210509
1,2020-06-30,NMCI,USD,2020-08-03 00:00:00,2020-08-03 16:21:28,Q2,28790000,8272000.0,20518000,0.7126780131990275,0.0,19744000,0.0,473000.0,19744000,28016000,0.0,0.0,5151000.0,0.17891629037860368,774000.0,0.026884334838485586,473000.0,-2119000.0,-0.07360194511983327,0.0,-2119000.0,-0.07360194511983327,-0.06,-0.06,34603100,34603100,https://www.sec.gov/Archives/edgar/data/1707210/000119312520208083/0001193125-20-208083-index.htm,https://www.sec.gov/Archives/edgar/data/1707210/000119312520208083/d91025d6k.htm,1620595731,17:28:51,20210509
2,2020-03-31,NMCI,USD,2020-05-27 00:00:00,2020-05-27 16:16:00,Q1,40261000,10858000.0,29403000,0.7303097290181565,0.0,19735000,0.0,-95000.0,19735000,30593000,4564000.0,0.0,16631000.0,0.413079655249497,9668000.0,0.2401331313181491,-95000.0,5009000.0,0.12441320384491195,0.0,5009000.0,0.12441320384491195,0.14,0.14,34603100,34603100,https://www.sec.gov/Archives/edgar/data/1707210/000119312520153081/0001193125-20-153081-index.htm,https://www.sec.gov/Archives/edgar/data/1707210/000119312520153081/d934326d6k.htm,1620595731,17:28:51,20210509
3,2019-12-31,NMCI,USD,2020-03-18 00:00:00,2020-03-18 17:22:03,Q4,38991000,9867000.0,29124000,0.7469416019081326,0.0,19289000,0.0,-2905000.0,19289000,29156000,0.0,7245000.0,17080000.0,0.43804980636557156,9835000.0,0.25223769587853606,-2905000.0,2935000.0,0.07527378112897848,0.0,2935000.0,0.07527378112897848,0.0848189902060798,0.0848189902060798,34603100,34603100,https://www.sec.gov/Archives/edgar/data/1707210/000119312520077313/0001193125-20-077313-index.html,https://www.sec.gov/Archives/edgar/data/1707210/000119312520077313/d892071d20f.htm,1620595731,17:28:51,20210509
4,2019-09-30,NMCI,USD,2019-11-18 00:00:00,2019-11-18 16:16:03,Q3,37031000,9634000.0,27397000,0.7398395938537982,0.0,19377000,0.0,418000.0,19377000,29011000,0.0,7229000.0,15249000.0,0.41179012178985175,8020000.0,0.21657530177418918,418000.0,4071000.0,0.10993491939186087,0.0,4071000.0,0.10993491939186087,0.12,0.12,34603100,34603100,https://www.sec.gov/Archives/edgar/data/1707210/000119312519294679/0001193125-19-294679-index.html,https://www.sec.gov/Archives/edgar/data/1707210/000119312519294679/d799174d6k.htm,1620595731,17:28:51,20210509
5,2019-06-30,NMCI,USD,2019-07-12 00:00:00,2019-07-12 08:35:55,Q2,33678000,9433000.0,24245000,0.7199061702001307,0.0,18978000,0.0,-433000.0,18978000,28411000,4386000.0,7064000.0,12331000.0,0.366144070312964,5267000.0,0.15639289744046558,-433000.0,448000.0,0.013302452639705446,0.0,448000.0,0.013302452639705446,0.01,0.01,34603100,34603100,https://www.sec.gov/Archives/edgar/data/1707210/000119312519192829/0001193125-19-192829-index.html,https://www.sec.gov/Archives/edgar/data/1707210/000119312519192829/d40507d6k.htm,1620595731,17:28:51,20210509
6,2019-03-31,NMCI,USD,2019-05-15 00:00:00,2019-05-15 16:15:33,Q1,31832000,9544000.0,22288000,0.7001759235988942,0.0,18217000,0.0,80000.0,18217000,27761000,4098000.0,7109000.0,11180000.0,0.35121889922090976,4071000.0,0.12789017341040462,80000.0,53000.0,0.0016649912038200552,0.0,53000.0,0.0016649912038200552,0.001532,0.001532,34603100,34603100,https://www.sec.gov/Archives/edgar/data/1707210/000119312519148013/0001193125-19-148013-index.html,https://www.sec.gov/Archives/edgar/data/1707210/000119312519148013/d746549d6k.htm,1620595731,17:28:51,20210509
7,2018-12-31,NMCI,USD,2019-03-08 00:00:00,2019-03-08 16:16:18,Q4,34416000,10369000.0,24047000,0.6987157136215714,0.0,19994000,0.0,-155000.0,19994000,30363000,4230000.0,8265000.0,12318000.0,0.3579149232914923,4053000.0,0.1177649930264993,-155000.0,-242000.0,-0.00703161320316132,0.0,-242000.0,-0.00703161320316132,-0.006993593059581367,-0.006993593059581367,34603100,34603100,https://www.sec.gov/Archives/edgar/data/1707210/000119312519069138/0001193125-19-069138-index.html,https://www.sec.gov/Archives/edgar/data/1707210/000119312519069138/d708361d20f.htm,1620595731,17:28:51,20210509
