,date,symbol,reportedCurrency,fillingDate,acceptedDate,period,revenue,costOfRevenue,grossProfit,grossProfitRatio,researchAndDevelopmentExpenses,generalAndAdministrativeExpenses,sellingAndMarketingExpenses,otherExpenses,operatingExpenses,costAndExpenses,interestExpense,depreciationAndAmortization,ebitda,ebitdaratio,operatingIncome,operatingIncomeRatio,totalOtherIncomeExpensesNet,incomeBeforeTax,incomeBeforeTaxRatio,incomeTaxExpense,netIncome,netIncomeRatio,eps,epsdiluted,weightedAverageShsOut,weightedAverageShsOutDil,link,finalLink,timestamp,est_time,est_date
0,2020-09-30,RMI.AX,AUD,2020-09-30,2020-09-30,Q3,0.0,0.0,0.0,0.0,0.0,22387.5,0.0,0.0,80006.5,0.0,390.5,3560.75,-102394.0,0.0,-105954.75,0.0,0.0,-106319.5,0.0,0.0,-106319.5,0.0,-0.0003588633748423177,-0.0003588633748423177,296267347.0,296267347.0,,,1620597326,17:55:26,20210509
1,2020-06-30,RMI.AX,AUD,2020-06-30,2020-06-30,Q2,0.0,0.0,0.0,0.0,0.0,22387.5,0.0,0.0,80006.5,0.0,390.5,3560.75,-102394.0,0.0,-105954.75,0.0,0.0,-106319.5,0.0,0.0,-106319.5,0.0,-0.0003588633748423177,-0.0003588633748423177,296267347.0,296267347.0,,,1620597326,17:55:26,20210509
2,2020-03-31,RMI.AX,AUD,2020-03-31,2020-03-31,Q1,0.0,0.0,0.0,0.0,0.0,22387.5,0.0,0.0,80006.5,0.0,390.5,3560.75,-102394.0,0.0,-105954.75,0.0,0.0,-106319.5,0.0,0.0,-106319.5,0.0,-0.0003588633748423177,-0.0003588633748423177,296267347.0,296267347.0,,,1620597326,17:55:26,20210509
3,2020-01-31,RMI.AX,AUD,2020-01-31,2020-01-31,Q1,0.0,0.0,0.0,0.0,0.0,22387.5,0.0,0.0,80006.5,0.0,390.5,3560.75,-102394.0,0.0,-105954.75,0.0,0.0,-106319.5,0.0,0.0,-106319.5,0.0,-0.0003588633748423177,-0.0003588633748423177,296267347.0,296267347.0,,,1620597326,17:55:26,20210509
4,2019-06-30,RMI.AX,AUD,2019-06-30,2019-06-30,Q2,0.0,0.0,0.0,0.0,0.0,23872.0,0.0,0.0,84131.5,0.0,391.75,3859.0,-108003.5,0.0,-111862.5,0.0,0.0,-112228.25,0.0,0.0,-112228.25,0.0,-0.000375,-0.000375,296267347.0,296267347.0,,,1620597326,17:55:26,20210509
5,2019-03-31,RMI.AX,AUD,2019-03-31,2019-03-31,Q1,0.0,0.0,0.0,0.0,0.0,23872.0,0.0,0.0,84131.5,0.0,391.75,3859.0,-108003.5,0.0,-111862.5,0.0,0.0,-112228.25,0.0,0.0,-112228.25,0.0,-0.000375,-0.000375,296267347.0,296267347.0,,,1620597326,17:55:26,20210509
6,2019-01-31,RMI.AX,AUD,2019-01-31,2019-01-31,Q1,0.0,0.0,0.0,0.0,0.0,23872.0,0.0,0.0,84131.5,0.0,391.75,3859.0,-108003.5,0.0,-111862.5,0.0,0.0,-112228.25,0.0,0.0,-112228.25,0.0,-0.000375,-0.000375,296267347.0,296267347.0,,,1620597326,17:55:26,20210509
7,2018-06-30,RMI.AX,AUD,2018-06-30,2018-06-30,Q2,0.0,0.0,0.0,0.0,0.0,23153.75,0.0,630.0,104979.5,0.0,509.75,4643.5,-128133.25,0.0,-132776.75,0.0,630.0,-132625.25,0.0,0.0,-132625.25,0.0,-0.00045,-0.00045,296267347.0,296267347.0,,,1620597326,17:55:26,20210509
8,2018-03-31,RMI.AX,AUD,2018-03-31,2018-03-31,Q1,0.0,0.0,0.0,0.0,0.0,23153.75,0.0,630.0,104979.5,0.0,509.75,4643.5,-128133.25,0.0,-132776.75,0.0,630.0,-132625.25,0.0,0.0,-132625.25,0.0,-0.00045,-0.00045,296267347.0,296267347.0,,,1620597326,17:55:26,20210509
9,2018-01-31,RMI.AX,AUD,2018-01-31,2018-01-31,Q1,0.0,0.0,0.0,0.0,0.0,23153.75,0.0,630.0,104979.5,0.0,509.75,4643.5,-128133.25,0.0,-132776.75,0.0,630.0,-132625.25,0.0,0.0,-132625.25,0.0,-0.00045,-0.00045,296267347.0,296267347.0,,,1620597326,17:55:26,20210509
10,2017-06-30,RMI.AX,AUD,2017-06-30,2017-06-30,Q2,0.0,0.0,0.0,0.0,0.0,76198.25,0.0,8102.5,76185.25,0.0,27036.0,7586.0,-152383.5,0.0,-159969.5,0.0,8102.5,-178517.0,0.0,0.0,-178517.0,0.0,-0.0006,-0.0006,296267347.0,296267347.0,,,1620597326,17:55:26,20210509
11,2017-03-31,RMI.AX,AUD,2017-03-31,2017-03-31,Q1,0.0,0.0,0.0,0.0,0.0,76198.25,0.0,8102.5,76185.25,0.0,27036.0,7586.0,-152383.5,0.0,-159969.5,0.0,8102.5,-178517.0,0.0,0.0,-178517.0,0.0,-0.0006,-0.0006,296267347.0,296267347.0,,,1620597326,17:55:26,20210509
12,2017-01-31,RMI.AX,AUD,2017-01-31,2017-01-31,Q1,0.0,0.0,0.0,0.0,0.0,76198.25,0.0,8102.5,76185.25,0.0,27036.0,7586.0,-152383.5,0.0,-159969.5,0.0,8102.5,-178517.0,0.0,0.0,-178517.0,0.0,-0.0006,-0.0006,296267347.0,296267347.0,,,1620597326,17:55:26,20210509
13,2016-06-30,RMI.AX,AUD,2016-06-30,2016-06-30,Q2,0.0,0.0,0.0,0.0,0.0,138230.75,0.0,1000.0,201769.5,0.0,84364.75,8261.5,-340000.25,0.0,-348261.75,0.0,1000.0,-431589.25,0.0,0.0,-431589.25,0.0,-0.00145,-0.00145,296267347.0,296267347.0,,,1620597326,17:55:26,20210509
14,2016-03-31,RMI.AX,AUD,2016-03-31,2016-03-31,Q1,0.0,0.0,0.0,0.0,0.0,138230.75,0.0,1000.0,201769.5,0.0,84364.75,8261.5,-340000.25,0.0,-348261.75,0.0,1000.0,-431589.25,0.0,0.0,-431589.25,0.0,-0.00145,-0.00145,296267347.0,296267347.0,,,1620597326,17:55:26,20210509
15,2016-01-31,RMI.AX,AUD,2016-01-31,2016-01-31,Q1,0.0,0.0,0.0,0.0,0.0,138230.75,0.0,1000.0,201769.5,0.0,84364.75,8261.5,-340000.25,0.0,-348261.75,0.0,1000.0,-431589.25,0.0,0.0,-431589.25,0.0,-0.00145,-0.00145,296267347.0,296267347.0,,,1620597326,17:55:26,20210509
16,2015-09-30,RMI.AX,AUD,2015-09-30,2015-09-30,Q3,0.0,0.0,0.0,0.0,0.0,181245.25,0.0,473.75,92241.0,0.0,38517.5,1522.0,-273486.25,0.0,-275008.25,0.0,473.75,-311622.5,0.0,-42374.5,-269248.0,0.0,-0.001,-0.001,281847185.0,281847185.0,,,1620597326,17:55:26,20210509
17,2015-06-30,RMI.AX,AUD,2015-06-30,2015-06-30,Q2,0.0,0.0,0.0,0.0,0.0,181245.25,0.0,473.75,92241.0,0.0,38517.5,1522.0,-273486.25,0.0,-275008.25,0.0,473.75,-311622.5,0.0,-42374.5,-269248.0,0.0,-0.001,-0.001,281847185.0,281847185.0,,,1620597326,17:55:26,20210509
18,2015-03-31,RMI.AX,AUD,2015-03-31,2015-03-31,Q1,0.0,0.0,0.0,0.0,0.0,181245.25,0.0,473.75,92241.0,0.0,38517.5,1522.0,-273486.25,0.0,-275008.25,0.0,473.75,-311622.5,0.0,-42374.5,-269248.0,0.0,-0.001,-0.001,281847185.0,281847185.0,,,1620597326,17:55:26,20210509
19,2015-01-31,RMI.AX,AUD,2015-01-31,2015-01-31,Q1,0.0,0.0,0.0,0.0,0.0,181245.25,0.0,473.75,92241.0,0.0,38517.5,1522.0,-273486.25,0.0,-275008.25,0.0,473.75,-311622.5,0.0,-42374.5,-269248.0,0.0,-0.001,-0.001,281847185.0,281847185.0,,,1620597326,17:55:26,20210509
20,2014-09-30,RMI.AX,AUD,2014-09-30,2014-09-30,Q3,0.0,0.0,0.0,0.0,18644.0,181681.0,0.0,1030.75,109069.5,0.0,109.5,1486.5,-309394.5,0.0,-310881.0,0.0,928.0,-302277.25,0.0,71997.5,-374274.75,0.0,-0.0015,-0.0015,271438714.0,271438714.0,,,1620597326,17:55:26,20210509
21,2014-06-30,RMI.AX,AUD,2014-06-30,2014-06-30,Q2,0.0,0.0,0.0,0.0,18644.0,181681.0,0.0,1030.75,109069.5,0.0,109.5,1486.5,-309394.5,0.0,-310881.0,0.0,928.0,-302277.25,0.0,71997.5,-374274.75,0.0,-0.0015,-0.0015,271438714.0,271438714.0,,,1620597326,17:55:26,20210509
22,2014-03-31,RMI.AX,AUD,2014-03-31,2014-03-31,Q1,0.0,0.0,0.0,0.0,18644.0,181681.0,0.0,1030.75,109069.5,0.0,109.5,1486.5,-309394.5,0.0,-310881.0,0.0,928.0,-302277.25,0.0,71997.5,-374274.75,0.0,-0.0015,-0.0015,271438714.0,271438714.0,,,1620597326,17:55:26,20210509
23,2014-01-31,RMI.AX,AUD,2014-01-31,2014-01-31,Q1,0.0,0.0,0.0,0.0,18644.0,181681.0,0.0,1030.75,109069.5,0.0,109.5,1486.5,-309394.5,0.0,-310881.0,0.0,928.0,-302277.25,0.0,71997.5,-374274.75,0.0,-0.0015,-0.0015,271438714.0,271438714.0,,,1620597326,17:55:26,20210509
24,2013-09-30,RMI.AX,AUD,2013-09-30,2013-09-30,Q3,0.0,0.0,0.0,0.0,2787.0,161488.75,0.0,247483.5,40188.5,0.0,0.0,1862.5,-204464.25,0.0,-206326.75,0.0,131655.75,-57991.5,0.0,-71997.5,14006.0,0.0,5.159912450808325e-05,5.159912450808325e-05,271438714.0,271438714.0,,,1620597326,17:55:26,20210509
25,2013-06-30,RMI.AX,AUD,2013-06-30,2013-06-30,Q2,0.0,0.0,0.0,0.0,2787.0,161488.75,0.0,247483.5,40188.5,0.0,0.0,1862.5,-204464.25,0.0,-206326.75,0.0,131655.75,-57991.5,0.0,-71997.5,14006.0,0.0,5.159912450808325e-05,5.159912450808325e-05,271438714.0,271438714.0,,,1620597326,17:55:26,20210509
26,2013-03-31,RMI.AX,AUD,2013-03-31,2013-03-31,Q1,0.0,0.0,0.0,0.0,2787.0,161488.75,0.0,247483.5,40188.5,0.0,0.0,1862.5,-204464.25,0.0,-206326.75,0.0,131655.75,-57991.5,0.0,-71997.5,14006.0,0.0,5.159912450808325e-05,5.159912450808325e-05,271438714.0,271438714.0,,,1620597326,17:55:26,20210509
27,2013-01-31,RMI.AX,AUD,2013-01-31,2013-01-31,Q1,0.0,0.0,0.0,0.0,2787.0,161488.75,0.0,247483.5,40188.5,0.0,0.0,1862.5,-204464.25,0.0,-206326.75,0.0,131655.75,-57991.5,0.0,-71997.5,14006.0,0.0,5.159912450808325e-05,5.159912450808325e-05,271438714.0,271438714.0,,,1620597326,17:55:26,20210509
28,2012-09-30,RMI.AX,AUD,2012-09-30,2012-09-30,Q3,0.0,0.0,0.0,0.0,68142.75,146616.25,0.0,1304.5,115835.0,0.0,0.0,2287.5,-330594.0,0.0,-332881.5,0.0,712.5,-319533.75,0.0,-15647.5,-303886.25,0.0,-0.0015,-0.0015,202590833.0,202590833.0,,,1620597326,17:55:26,20210509
29,2012-06-30,RMI.AX,AUD,2012-06-30,2012-06-30,Q2,0.0,0.0,0.0,0.0,68142.75,146616.25,0.0,1304.5,115835.0,0.0,0.0,2287.5,-330594.0,0.0,-332881.5,0.0,712.5,-319533.75,0.0,-15647.5,-303886.25,0.0,-0.0015,-0.0015,202590833.0,202590833.0,,,1620597326,17:55:26,20210509
30,2012-03-31,RMI.AX,AUD,2012-03-31,2012-03-31,Q1,0.0,0.0,0.0,0.0,68142.75,146616.25,0.0,1304.5,115835.0,0.0,0.0,2287.5,-330594.0,0.0,-332881.5,0.0,712.5,-319533.75,0.0,-15647.5,-303886.25,0.0,-0.0015,-0.0015,202590833.0,202590833.0,,,1620597326,17:55:26,20210509
31,2012-01-31,RMI.AX,AUD,2012-01-31,2012-01-31,Q1,0.0,0.0,0.0,0.0,68142.75,146616.25,0.0,1304.5,115835.0,0.0,0.0,2287.5,-330594.0,0.0,-332881.5,0.0,712.5,-319533.75,0.0,-15647.5,-303886.25,0.0,-0.0015,-0.0015,202590833.0,202590833.0,,,1620597326,17:55:26,20210509
32,2011-09-30,RMI.AX,AUD,2011-09-30,2011-09-30,Q3,11329.25,0.0,11329.25,1.0,0.0,162758.0,0.0,0.0,59342.0,0.0,0.0,2401.5,-210770.75,-18.60412207339409,-213172.25,-18.816095504998124,0.0,-201058.75,-17.746872034777237,-10541.25,-190517.5,-16.816426506608998,-0.00125,-0.00125,159306445.0,159306445.0,,,1620597326,17:55:26,20210509
33,2011-06-30,RMI.AX,AUD,2011-06-30,2011-06-30,Q2,11329.25,0.0,11329.25,1.0,0.0,162758.0,0.0,0.0,59342.0,0.0,0.0,2401.5,-210770.75,-18.60412207339409,-213172.25,-18.816095504998124,0.0,-201058.75,-17.746872034777237,-10541.25,-190517.5,-16.816426506608998,-0.00125,-0.00125,159306445.0,159306445.0,,,1620597326,17:55:26,20210509
34,2011-03-31,RMI.AX,AUD,2011-03-31,2011-03-31,Q1,11329.25,0.0,11329.25,1.0,0.0,162758.0,0.0,0.0,59342.0,0.0,0.0,2401.5,-210770.75,-18.60412207339409,-213172.25,-18.816095504998124,0.0,-201058.75,-17.746872034777237,-10541.25,-190517.5,-16.816426506608998,-0.00125,-0.00125,159306445.0,159306445.0,,,1620597326,17:55:26,20210509
35,2011-01-31,RMI.AX,AUD,2011-01-31,2011-01-31,Q1,11329.25,0.0,11329.25,1.0,0.0,162758.0,0.0,0.0,59342.0,0.0,0.0,2401.5,-210770.75,-18.60412207339409,-213172.25,-18.816095504998124,0.0,-201058.75,-17.746872034777237,-10541.25,-190517.5,-16.816426506608998,-0.00125,-0.00125,159306445.0,159306445.0,,,1620597326,17:55:26,20210509
36,2010-09-30,RMI.AX,AUD,2010-09-30,2010-09-30,Q3,22689.5,0.0,22689.5,1.0,0.0,230865.25,0.0,20149.5,63185.0,0.0,0.0,2333.25,-271360.75,-11.959750104673969,-273694.0,-12.06258401463232,20149.5,-242809.75,-10.701414751316689,-28085.25,-214724.5,-9.463606514026312,-0.00175,-0.00175,116566539.0,116566539.0,,,1620597326,17:55:26,20210509
37,2010-06-30,RMI.AX,AUD,2010-06-30,2010-06-30,Q2,22689.5,0.0,22689.5,1.0,0.0,230865.25,0.0,20149.5,63185.0,0.0,0.0,2333.25,-271360.75,-11.959750104673969,-273694.0,-12.06258401463232,20149.5,-242809.75,-10.701414751316689,-28085.25,-214724.5,-9.463606514026312,-0.00175,-0.00175,116566539.0,116566539.0,,,1620597326,17:55:26,20210509
38,2010-03-31,RMI.AX,AUD,2010-03-31,2010-03-31,Q1,22689.5,0.0,22689.5,1.0,0.0,230865.25,0.0,20149.5,63185.0,0.0,0.0,2333.25,-271360.75,-11.959750104673969,-273694.0,-12.06258401463232,20149.5,-242809.75,-10.701414751316689,-28085.25,-214724.5,-9.463606514026312,-0.00175,-0.00175,116566539.0,116566539.0,,,1620597326,17:55:26,20210509
39,2010-01-31,RMI.AX,AUD,2010-01-31,2010-01-31,Q1,22689.5,0.0,22689.5,1.0,0.0,230865.25,0.0,20149.5,63185.0,0.0,0.0,2333.25,-271360.75,-11.959750104673969,-273694.0,-12.06258401463232,20149.5,-242809.75,-10.701414751316689,-28085.25,-214724.5,-9.463606514026312,-0.00175,-0.00175,116566539.0,116566539.0,,,1620597326,17:55:26,20210509
40,2009-09-30,RMI.AX,AUD,2009-09-30,2009-09-30,Q3,19298.5,0.0,19298.5,1.0,0.0,151479.5,0.0,646265.0,1659901.0,0.0,0.0,4058.25,-1811380.5,-93.86120682954633,-1815438.75,-94.07149519392699,646265.0,-1165178.5,-60.376635489804904,-19247.0,-1145931.5,-59.379304090991525,-0.01854775,-0.01854775,61805533.0,61805533.0,,,1620597326,17:55:26,20210509
41,2009-06-30,RMI.AX,AUD,2009-06-30,2009-06-30,Q2,19298.5,0.0,19298.5,1.0,0.0,151479.5,0.0,646265.0,1659901.0,0.0,0.0,4058.25,-1811380.5,-93.86120682954633,-1815438.75,-94.07149519392699,646265.0,-1165178.5,-60.376635489804904,-19247.0,-1145931.5,-59.379304090991525,-0.01854775,-0.01854775,61805533.0,61805533.0,,,1620597326,17:55:26,20210509
42,2009-03-31,RMI.AX,AUD,2009-03-31,2009-03-31,Q1,19298.5,0.0,19298.5,1.0,0.0,151479.5,0.0,646265.0,1659901.0,0.0,0.0,4058.25,-1811380.5,-93.86120682954633,-1815438.75,-94.07149519392699,646265.0,-1165178.5,-60.376635489804904,-19247.0,-1145931.5,-59.379304090991525,-0.01854775,-0.01854775,61805533.0,61805533.0,,,1620597326,17:55:26,20210509
43,2009-01-31,RMI.AX,AUD,2009-01-31,2009-01-31,Q1,19298.5,0.0,19298.5,1.0,0.0,151479.5,0.0,646265.0,1659901.0,0.0,0.0,4058.25,-1811380.5,-93.86120682954633,-1815438.75,-94.07149519392699,646265.0,-1165178.5,-60.376635489804904,-19247.0,-1145931.5,-59.379304090991525,-0.01854775,-0.01854775,61805533.0,61805533.0,,,1620597326,17:55:26,20210509
44,2008-09-30,RMI.AX,AUD,2008-09-30,2008-09-30,Q3,21708.0,0.0,21708.0,1.0,0.0,187454.0,0.0,0.0,109864.5,0.0,0.0,8485.0,-275610.5,-12.69626405011977,-284095.5,-13.087133775566612,0.0,-277112.75,-12.76546664824028,0.0,-268342.75,-12.361468122351207,-0.003716,-0.003716,70827735.0,70827735.0,,,1620597326,17:55:26,20210509
45,2008-06-30,RMI.AX,AUD,2008-06-30,2008-06-30,Q2,21708.0,0.0,21708.0,1.0,0.0,187454.0,0.0,0.0,109864.5,0.0,0.0,8485.0,-275610.5,-12.69626405011977,-284095.5,-13.087133775566612,0.0,-277112.75,-12.76546664824028,0.0,-268342.75,-12.361468122351207,-0.003716,-0.003716,70827735.0,70827735.0,,,1620597326,17:55:26,20210509
46,2008-03-31,RMI.AX,AUD,2008-03-31,2008-03-31,Q1,21708.0,0.0,21708.0,1.0,0.0,187454.0,0.0,0.0,109864.5,0.0,0.0,8485.0,-275610.5,-12.69626405011977,-284095.5,-13.087133775566612,0.0,-277112.75,-12.76546664824028,0.0,-268342.75,-12.361468122351207,-0.003716,-0.003716,70827735.0,70827735.0,,,1620597326,17:55:26,20210509
47,2008-01-31,RMI.AX,AUD,2008-01-31,2008-01-31,Q1,21708.0,0.0,21708.0,1.0,0.0,187454.0,0.0,0.0,109864.5,0.0,0.0,8485.0,-275610.5,-12.69626405011977,-284095.5,-13.087133775566612,0.0,-277112.75,-12.76546664824028,0.0,-268342.75,-12.361468122351207,-0.003716,-0.003716,70827735.0,70827735.0,,,1620597326,17:55:26,20210509
48,2007-09-30,RMI.AX,AUD,2007-09-30,2007-09-30,Q3,0.0,0.0,0.0,0.0,0.0,135276.25,0.0,0.0,209259.25,0.0,568.25,9904.5,-344535.5,0.0,-354440.0,0.0,-1038676.75,-1378318.5,0.0,0.0,-1378318.5,0.0,-0.0226195,-0.0226195,60608957.0,60608957.0,,,1620597326,17:55:26,20210509
49,2007-06-30,RMI.AX,AUD,2007-06-30,2007-06-30,Q2,0.0,0.0,0.0,0.0,0.0,135276.25,0.0,0.0,209259.25,0.0,568.25,9904.5,-344535.5,0.0,-354440.0,0.0,-1038676.75,-1378318.5,0.0,0.0,-1378318.5,0.0,-0.0226195,-0.0226195,60608957.0,60608957.0,,,1620597326,17:55:26,20210509
50,2007-03-31,RMI.AX,AUD,2007-03-31,2007-03-31,Q1,0.0,0.0,0.0,0.0,0.0,135276.25,0.0,0.0,209259.25,0.0,568.25,9904.5,-344535.5,0.0,-354440.0,0.0,-1038676.75,-1378318.5,0.0,0.0,-1378318.5,0.0,-0.0226195,-0.0226195,60608957.0,60608957.0,,,1620597326,17:55:26,20210509
51,2007-01-31,RMI.AX,AUD,2007-01-31,2007-01-31,Q1,0.0,0.0,0.0,0.0,0.0,135276.25,0.0,0.0,209259.25,0.0,568.25,9904.5,-344535.5,0.0,-354440.0,0.0,-1038676.75,-1378318.5,0.0,0.0,-1378318.5,0.0,-0.0226195,-0.0226195,60608957.0,60608957.0,,,1620597326,17:55:26,20210509
52,2006-09-30,RMI.AX,AUD,2006-09-30,2006-09-30,Q3,0.0,0.0,0.0,0.0,0.0,86825.25,0.0,250.0,350085.0,0.0,1371.0,10788.0,-436910.25,0.0,-447698.25,0.0,250.0,-434026.75,0.0,0.0,-434026.75,0.0,-0.008740079061023781,-0.00849952170616638,49659362.0,51064844.0,,,1620597326,17:55:26,20210509
53,2006-06-30,RMI.AX,AUD,2006-06-30,2006-06-30,Q2,0.0,0.0,0.0,0.0,0.0,86825.25,0.0,250.0,350085.0,0.0,1371.0,10788.0,-436910.25,0.0,-447698.25,0.0,250.0,-434026.75,0.0,0.0,-434026.75,0.0,-0.008740079061023781,-0.00849952170616638,49659362.0,51064844.0,,,1620597326,17:55:26,20210509
54,2006-03-31,RMI.AX,AUD,2006-03-31,2006-03-31,Q1,0.0,0.0,0.0,0.0,0.0,86825.25,0.0,250.0,350085.0,0.0,1371.0,10788.0,-436910.25,0.0,-447698.25,0.0,250.0,-434026.75,0.0,0.0,-434026.75,0.0,-0.008740079061023781,-0.00849952170616638,49659362.0,51064844.0,,,1620597326,17:55:26,20210509
55,2006-01-31,RMI.AX,AUD,2006-01-31,2006-01-31,Q1,0.0,0.0,0.0,0.0,0.0,86825.25,0.0,250.0,350085.0,0.0,1371.0,10788.0,-436910.25,0.0,-447698.25,0.0,250.0,-434026.75,0.0,0.0,-434026.75,0.0,-0.008740079061023781,-0.00849952170616638,49659362.0,51064844.0,,,1620597326,17:55:26,20210509
56,2005-09-30,RMI.AX,AUD,2005-09-30,2005-09-30,Q3,0.0,0.0,0.0,0.0,0.0,0.0,0.0,0.0,1448640.75,0.0,599.5,0.0,-1437613.0,0.0,-1448640.75,0.0,0.0,-1438212.5,0.0,-1438212.5,-1438212.5,0.0,-0.04234575,-0.04234575,34016478.0,34016478.0,,,1620597326,17:55:26,20210509
57,2005-06-30,RMI.AX,AUD,2005-06-30,2005-06-30,Q2,0.0,0.0,0.0,0.0,0.0,0.0,0.0,0.0,1448640.75,0.0,599.5,0.0,-1437613.0,0.0,-1448640.75,0.0,0.0,-1438212.5,0.0,-1438212.5,-1438212.5,0.0,-0.04234575,-0.04234575,34016478.0,34016478.0,,,1620597326,17:55:26,20210509
58,2005-03-31,RMI.AX,AUD,2005-03-31,2005-03-31,Q1,0.0,0.0,0.0,0.0,0.0,0.0,0.0,0.0,1448640.75,0.0,599.5,0.0,-1437613.0,0.0,-1448640.75,0.0,0.0,-1438212.5,0.0,-1438212.5,-1438212.5,0.0,-0.04234575,-0.04234575,34016478.0,34016478.0,,,1620597326,17:55:26,20210509
59,2005-01-31,RMI.AX,AUD,2005-01-31,2005-01-31,Q1,0.0,0.0,0.0,0.0,0.0,0.0,0.0,0.0,1448640.75,0.0,599.5,0.0,-1437613.0,0.0,-1448640.75,0.0,0.0,-1438212.5,0.0,-1438212.5,-1438212.5,0.0,-0.04234575,-0.04234575,34016478.0,34016478.0,,,1620597326,17:55:26,20210509
60,2004-09-30,RMI.AX,AUD,2004-09-30,2004-09-30,Q3,0.0,0.0,0.0,0.0,0.0,0.0,0.0,299.0,261024.75,0.0,3225.25,0.0,-256557.25,0.0,-261024.75,0.0,299.0,-259782.5,0.0,-259782.5,0.0,0.0,-0.01821325,-0.01821325,14436100.0,14436100.0,,,1620597326,17:55:26,20210509
61,2004-06-30,RMI.AX,AUD,2004-06-30,2004-06-30,Q2,0.0,0.0,0.0,0.0,0.0,0.0,0.0,299.0,261024.75,0.0,3225.25,0.0,-256557.25,0.0,-261024.75,0.0,299.0,-259782.5,0.0,-259782.5,0.0,0.0,-0.01821325,-0.01821325,14436100.0,14436100.0,,,1620597326,17:55:26,20210509
62,2004-03-31,RMI.AX,AUD,2004-03-31,2004-03-31,Q1,0.0,0.0,0.0,0.0,0.0,0.0,0.0,299.0,261024.75,0.0,3225.25,0.0,-256557.25,0.0,-261024.75,0.0,299.0,-259782.5,0.0,-259782.5,0.0,0.0,-0.01821325,-0.01821325,14436100.0,14436100.0,,,1620597326,17:55:26,20210509
63,2004-01-31,RMI.AX,AUD,2004-01-31,2004-01-31,Q1,0.0,0.0,0.0,0.0,0.0,0.0,0.0,299.0,261024.75,0.0,3225.25,0.0,-256557.25,0.0,-261024.75,0.0,299.0,-259782.5,0.0,-259782.5,0.0,0.0,-0.01821325,-0.01821325,14436100.0,14436100.0,,,1620597326,17:55:26,20210509
64,2003-09-30,RMI.AX,AUD,2003-09-30,2003-09-30,Q3,0.0,0.0,0.0,0.0,0.0,0.0,0.0,11.0,244227.25,0.0,1544.0,894.75,-244227.25,0.0,-245122.0,0.0,-1609466.0,-1853804.5,0.0,-1853804.5,-1853804.5,0.0,-0.53426225,-0.53426225,3472393.0,3472393.0,,,1620597326,17:55:26,20210509
65,2003-06-30,RMI.AX,AUD,2003-06-30,2003-06-30,Q2,0.0,0.0,0.0,0.0,0.0,0.0,0.0,11.0,244227.25,0.0,1544.0,894.75,-244227.25,0.0,-245122.0,0.0,-1609466.0,-1853804.5,0.0,-1853804.5,-1853804.5,0.0,-0.53426225,-0.53426225,3472393.0,3472393.0,,,1620597326,17:55:26,20210509
66,2003-03-31,RMI.AX,AUD,2003-03-31,2003-03-31,Q1,0.0,0.0,0.0,0.0,0.0,0.0,0.0,11.0,244227.25,0.0,1544.0,894.75,-244227.25,0.0,-245122.0,0.0,-1609466.0,-1853804.5,0.0,-1853804.5,-1853804.5,0.0,-0.53426225,-0.53426225,3472393.0,3472393.0,,,1620597326,17:55:26,20210509
67,2003-01-31,RMI.AX,AUD,2003-01-31,2003-01-31,Q1,0.0,0.0,0.0,0.0,0.0,0.0,0.0,11.0,244227.25,0.0,1544.0,894.75,-244227.25,0.0,-245122.0,0.0,-1609466.0,-1853804.5,0.0,-1853804.5,-1853804.5,0.0,-0.53426225,-0.53426225,3472393.0,3472393.0,,,1620597326,17:55:26,20210509
68,2002-09-30,RMI.AX,AUD,2002-09-30,2002-09-30,Q3,0.0,0.0,0.0,0.0,0.0,0.0,0.0,-280238.5,116847.0,0.0,23.0,995.25,-116963.0,0.0,-117958.25,0.0,-280238.5,-276799.75,0.0,-276799.75,-276799.75,0.0,-0.08403725,-0.08403725,3287627.0,3287627.0,,,1620597326,17:55:26,20210509
69,2002-06-30,RMI.AX,AUD,2002-06-30,2002-06-30,Q2,0.0,0.0,0.0,0.0,0.0,0.0,0.0,-280238.5,116847.0,0.0,23.0,995.25,-116963.0,0.0,-117958.25,0.0,-280238.5,-276799.75,0.0,-276799.75,-276799.75,0.0,-0.08403725,-0.08403725,3287627.0,3287627.0,,,1620597326,17:55:26,20210509
70,2002-03-31,RMI.AX,AUD,2002-03-31,2002-03-31,Q1,0.0,0.0,0.0,0.0,0.0,0.0,0.0,-280238.5,116847.0,0.0,23.0,995.25,-116963.0,0.0,-117958.25,0.0,-280238.5,-276799.75,0.0,-276799.75,-276799.75,0.0,-0.08403725,-0.08403725,3287627.0,3287627.0,,,1620597326,17:55:26,20210509
71,2002-01-31,RMI.AX,AUD,2002-01-31,2002-01-31,Q1,0.0,0.0,0.0,0.0,0.0,0.0,0.0,-280238.5,116847.0,0.0,23.0,995.25,-116963.0,0.0,-117958.25,0.0,-280238.5,-276799.75,0.0,-276799.75,-276799.75,0.0,-0.08403725,-0.08403725,3287627.0,3287627.0,,,1620597326,17:55:26,20210509
72,2001-09-30,RMI.AX,AUD,2001-09-30,2001-09-30,Q3,0.0,0.0,0.0,0.0,0.0,0.0,0.0,30771.0,1426831.0,0.0,58.5,0.0,-1387075.0,0.0,-1426831.0,0.0,30771.0,-1387133.5,0.0,-1387133.5,-1387133.5,0.0,-0.54624225,-0.54624225,2537908.0,2537908.0,,,1620597326,17:55:26,20210509
73,2001-06-30,RMI.AX,AUD,2001-06-30,2001-06-30,Q2,0.0,0.0,0.0,0.0,0.0,0.0,0.0,30771.0,1426831.0,0.0,58.5,0.0,-1387075.0,0.0,-1426831.0,0.0,30771.0,-1387133.5,0.0,-1387133.5,-1387133.5,0.0,-0.54624225,-0.54624225,2537908.0,2537908.0,,,1620597326,17:55:26,20210509
74,2001-03-31,RMI.AX,AUD,2001-03-31,2001-03-31,Q1,0.0,0.0,0.0,0.0,0.0,0.0,0.0,30771.0,1426831.0,0.0,58.5,0.0,-1387075.0,0.0,-1426831.0,0.0,30771.0,-1387133.5,0.0,-1387133.5,-1387133.5,0.0,-0.54624225,-0.54624225,2537908.0,2537908.0,,,1620597326,17:55:26,20210509
75,2001-01-31,RMI.AX,AUD,2001-01-31,2001-01-31,Q1,0.0,0.0,0.0,0.0,0.0,0.0,0.0,30771.0,1426831.0,0.0,58.5,0.0,-1387075.0,0.0,-1426831.0,0.0,30771.0,-1387133.5,0.0,-1387133.5,-1387133.5,0.0,-0.54624225,-0.54624225,2537908.0,2537908.0,,,1620597326,17:55:26,20210509
76,2000-09-30,RMI.AX,AUD,2000-09-30,2000-09-30,Q3,0.0,0.0,0.0,0.0,0.0,0.0,0.0,0.0,0.0,0.0,257.5,0.0,-753511.25,0.0,0.0,0.0,0.0,-753768.75,0.0,-753768.75,-753768.75,0.0,-0.4000905,-0.4000905,1883383.0,1883383.0,,,1620597326,17:55:26,20210509
77,2000-06-30,RMI.AX,AUD,2000-06-30,2000-06-30,Q2,0.0,0.0,0.0,0.0,0.0,0.0,0.0,0.0,0.0,0.0,257.5,0.0,-753511.25,0.0,0.0,0.0,0.0,-753768.75,0.0,-753768.75,-753768.75,0.0,-0.4000905,-0.4000905,1883383.0,1883383.0,,,1620597326,17:55:26,20210509
78,2000-03-31,RMI.AX,AUD,2000-03-31,2000-03-31,Q1,0.0,0.0,0.0,0.0,0.0,0.0,0.0,0.0,0.0,0.0,257.5,0.0,-753511.25,0.0,0.0,0.0,0.0,-753768.75,0.0,-753768.75,-753768.75,0.0,-0.4000905,-0.4000905,1883383.0,1883383.0,,,1620597326,17:55:26,20210509
79,2000-01-31,RMI.AX,AUD,2000-01-31,2000-01-31,Q1,0.0,0.0,0.0,0.0,0.0,0.0,0.0,0.0,0.0,0.0,257.5,0.0,-753511.25,0.0,0.0,0.0,0.0,-753768.75,0.0,-753768.75,-753768.75,0.0,-0.4000905,-0.4000905,1883383.0,1883383.0,,,1620597326,17:55:26,20210509
80,1999-09-30,RMI.AX,AUD,1999-09-30,1999-09-30,Q3,0.0,0.0,0.0,0.0,0.0,0.0,0.0,0.0,0.0,0.0,321.75,0.0,-1026397.5,0.0,0.0,0.0,0.0,-1026719.25,0.0,-1026719.25,-1026719.25,0.0,-0.7698415,-0.7698415,12322414.0,12322414.0,,,1620597326,17:55:26,20210509
81,1999-06-30,RMI.AX,AUD,1999-06-30,1999-06-30,Q2,0.0,0.0,0.0,0.0,0.0,0.0,0.0,0.0,0.0,0.0,321.75,0.0,-1026397.5,0.0,0.0,0.0,0.0,-1026719.25,0.0,-1026719.25,-1026719.25,0.0,-0.7698415,-0.7698415,12322414.0,12322414.0,,,1620597326,17:55:26,20210509
82,1999-03-31,RMI.AX,AUD,1999-03-31,1999-03-31,Q1,0.0,0.0,0.0,0.0,0.0,0.0,0.0,0.0,0.0,0.0,321.75,0.0,-1026397.5,0.0,0.0,0.0,0.0,-1026719.25,0.0,-1026719.25,-1026719.25,0.0,-0.7698415,-0.7698415,12322414.0,12322414.0,,,1620597326,17:55:26,20210509
83,1999-01-31,RMI.AX,AUD,1999-01-31,1999-01-31,Q1,0.0,0.0,0.0,0.0,0.0,0.0,0.0,0.0,0.0,0.0,321.75,0.0,-1026397.5,0.0,0.0,0.0,0.0,-1026719.25,0.0,-1026719.25,-1026719.25,0.0,-0.7698415,-0.7698415,12322414.0,12322414.0,,,1620597326,17:55:26,20210509
84,1998-09-30,RMI.AX,AUD,1998-09-30,1998-09-30,Q3,0.0,0.0,0.0,0.0,0.0,0.0,0.0,0.0,0.0,0.0,487.0,0.0,-303133.5,0.0,0.0,0.0,0.0,-303620.5,0.0,-303620.5,-303620.5,0.0,-0.2729935,-0.2729935,1112190.0,1112190.0,,,1620597326,17:55:26,20210509
85,1998-06-30,RMI.AX,AUD,1998-06-30,1998-06-30,Q2,0.0,0.0,0.0,0.0,0.0,0.0,0.0,0.0,0.0,0.0,487.0,0.0,-303133.5,0.0,0.0,0.0,0.0,-303620.5,0.0,-303620.5,-303620.5,0.0,-0.2729935,-0.2729935,1112190.0,1112190.0,,,1620597326,17:55:26,20210509
86,1998-03-31,RMI.AX,AUD,1998-03-31,1998-03-31,Q1,0.0,0.0,0.0,0.0,0.0,0.0,0.0,0.0,0.0,0.0,487.0,0.0,-303133.5,0.0,0.0,0.0,0.0,-303620.5,0.0,-303620.5,-303620.5,0.0,-0.2729935,-0.2729935,1112190.0,1112190.0,,,1620597326,17:55:26,20210509
87,1998-01-31,RMI.AX,AUD,1998-01-31,1998-01-31,Q1,0.0,0.0,0.0,0.0,0.0,0.0,0.0,0.0,0.0,0.0,487.0,0.0,-303133.5,0.0,0.0,0.0,0.0,-303620.5,0.0,-303620.5,-303620.5,0.0,-0.2729935,-0.2729935,1112190.0,1112190.0,,,1620597326,17:55:26,20210509
88,1997-09-30,RMI.AX,AUD,1997-09-30,1997-09-30,Q3,0.0,0.0,0.0,0.0,0.0,0.0,0.0,0.0,0.0,0.0,232.0,0.0,-74976.75,0.0,0.0,0.0,0.0,-75208.75,0.0,-75208.75,-75208.75,0.0,-0.07114508503308051,-0.07114508503308051,1057118.0,1057118.0,,,1620597326,17:55:26,20210509
89,1997-06-30,RMI.AX,AUD,1997-06-30,1997-06-30,Q2,0.0,0.0,0.0,0.0,0.0,0.0,0.0,0.0,0.0,0.0,232.0,0.0,-74976.75,0.0,0.0,0.0,0.0,-75208.75,0.0,-75208.75,-75208.75,0.0,-0.07114508503308051,-0.07114508503308051,1057118.0,1057118.0,,,1620597326,17:55:26,20210509
90,1997-03-31,RMI.AX,AUD,1997-03-31,1997-03-31,Q1,0.0,0.0,0.0,0.0,0.0,0.0,0.0,0.0,0.0,0.0,232.0,0.0,-74976.75,0.0,0.0,0.0,0.0,-75208.75,0.0,-75208.75,-75208.75,0.0,-0.07114508503308051,-0.07114508503308051,1057118.0,1057118.0,,,1620597326,17:55:26,20210509
91,1997-01-31,RMI.AX,AUD,1997-01-31,1997-01-31,Q1,0.0,0.0,0.0,0.0,0.0,0.0,0.0,0.0,0.0,0.0,232.0,0.0,-74976.75,0.0,0.0,0.0,0.0,-75208.75,0.0,-75208.75,-75208.75,0.0,-0.07114508503308051,-0.07114508503308051,1057118.0,1057118.0,,,1620597326,17:55:26,20210509
92,1996-09-30,RMI.AX,AUD,1996-09-30,1996-09-30,Q3,0.0,0.0,0.0,0.0,0.0,0.0,0.0,0.0,0.0,0.0,0.0,0.0,-51860.25,0.0,0.0,0.0,0.0,-51860.25,0.0,-51860.25,-51860.25,0.0,-0.042816,-0.042816,1998538.0,1998538.0,,,1620597326,17:55:26,20210509
93,1996-06-30,RMI.AX,AUD,1996-06-30,1996-06-30,Q2,0.0,0.0,0.0,0.0,0.0,0.0,0.0,0.0,0.0,0.0,0.0,0.0,-51860.25,0.0,0.0,0.0,0.0,-51860.25,0.0,-51860.25,-51860.25,0.0,-0.042816,-0.042816,1998538.0,1998538.0,,,1620597326,17:55:26,20210509
94,1996-03-31,RMI.AX,AUD,1996-03-31,1996-03-31,Q1,0.0,0.0,0.0,0.0,0.0,0.0,0.0,0.0,0.0,0.0,0.0,0.0,-51860.25,0.0,0.0,0.0,0.0,-51860.25,0.0,-51860.25,-51860.25,0.0,-0.042816,-0.042816,1998538.0,1998538.0,,,1620597326,17:55:26,20210509
95,1996-01-31,RMI.AX,AUD,1996-01-31,1996-01-31,Q1,0.0,0.0,0.0,0.0,0.0,0.0,0.0,0.0,0.0,0.0,0.0,0.0,-51860.25,0.0,0.0,0.0,0.0,-51860.25,0.0,-51860.25,-51860.25,0.0,-0.042816,-0.042816,1998538.0,1998538.0,,,1620597326,17:55:26,20210509
96,1995-09-30,RMI.AX,AUD,1995-09-30,1995-09-30,Q3,0.0,0.0,0.0,0.0,0.0,0.0,0.0,0.0,0.0,0.0,0.0,0.0,-64250.0,0.0,0.0,0.0,0.0,-64250.0,0.0,-64250.0,-64250.0,0.0,-0.10379625,-0.10379625,619000.0,619000.0,,,1620597326,17:55:26,20210509
97,1995-06-30,RMI.AX,AUD,1995-06-30,1995-06-30,Q2,0.0,0.0,0.0,0.0,0.0,0.0,0.0,0.0,0.0,0.0,0.0,0.0,-64250.0,0.0,0.0,0.0,0.0,-64250.0,0.0,-64250.0,-64250.0,0.0,-0.10379625,-0.10379625,619000.0,619000.0,,,1620597326,17:55:26,20210509
98,1995-03-31,RMI.AX,AUD,1995-03-31,1995-03-31,Q1,0.0,0.0,0.0,0.0,0.0,0.0,0.0,0.0,0.0,0.0,0.0,0.0,-64250.0,0.0,0.0,0.0,0.0,-64250.0,0.0,-64250.0,-64250.0,0.0,-0.10379625,-0.10379625,619000.0,619000.0,,,1620597326,17:55:26,20210509
99,1995-01-31,RMI.AX,AUD,1995-01-31,1995-01-31,Q1,0.0,0.0,0.0,0.0,0.0,0.0,0.0,0.0,0.0,0.0,0.0,0.0,-64250.0,0.0,0.0,0.0,0.0,-64250.0,0.0,-64250.0,-64250.0,0.0,-0.10379625,-0.10379625,619000.0,619000.0,,,1620597326,17:55:26,20210509
100,1994-09-30,RMI.AX,AUD,1994-09-30,1994-09-30,Q3,0.0,0.0,0.0,0.0,0.0,0.0,0.0,0.0,0.0,0.0,0.0,0.0,-248000.0,0.0,0.0,0.0,0.0,-248000.0,0.0,-248000.0,-248000.0,0.0,-0.51898175,-0.51898175,477858.0,477858.0,,,1620597326,17:55:26,20210509
101,1994-06-30,RMI.AX,AUD,1994-06-30,1994-06-30,Q2,0.0,0.0,0.0,0.0,0.0,0.0,0.0,0.0,0.0,0.0,0.0,0.0,-248000.0,0.0,0.0,0.0,0.0,-248000.0,0.0,-248000.0,-248000.0,0.0,-0.51898175,-0.51898175,477858.0,477858.0,,,1620597326,17:55:26,20210509
102,1994-03-31,RMI.AX,AUD,1994-03-31,1994-03-31,Q1,0.0,0.0,0.0,0.0,0.0,0.0,0.0,0.0,0.0,0.0,0.0,0.0,-248000.0,0.0,0.0,0.0,0.0,-248000.0,0.0,-248000.0,-248000.0,0.0,-0.51898175,-0.51898175,477858.0,477858.0,,,1620597326,17:55:26,20210509
103,1994-01-31,RMI.AX,AUD,1994-01-31,1994-01-31,Q1,0.0,0.0,0.0,0.0,0.0,0.0,0.0,0.0,0.0,0.0,0.0,0.0,-248000.0,0.0,0.0,0.0,0.0,-248000.0,0.0,-248000.0,-248000.0,0.0,-0.51898175,-0.51898175,477858.0,477858.0,,,1620597326,17:55:26,20210509
104,1993-09-30,RMI.AX,AUD,1993-09-30,1993-09-30,Q3,0.0,0.0,0.0,0.0,0.0,0.0,0.0,0.0,0.0,0.0,0.0,0.0,-181500.0,0.0,0.0,0.0,0.0,-181500.0,0.0,-181500.0,-181500.0,0.0,-0.7784725,-0.7784725,233148.0,233148.0,,,1620597326,17:55:26,20210509
105,1993-06-30,RMI.AX,AUD,1993-06-30,1993-06-30,Q2,0.0,0.0,0.0,0.0,0.0,0.0,0.0,0.0,0.0,0.0,0.0,0.0,-181500.0,0.0,0.0,0.0,0.0,-181500.0,0.0,-181500.0,-181500.0,0.0,-0.7784725,-0.7784725,233148.0,233148.0,,,1620597326,17:55:26,20210509
106,1993-03-31,RMI.AX,AUD,1993-03-31,1993-03-31,Q1,0.0,0.0,0.0,0.0,0.0,0.0,0.0,0.0,0.0,0.0,0.0,0.0,-181500.0,0.0,0.0,0.0,0.0,-181500.0,0.0,-181500.0,-181500.0,0.0,-0.7784725,-0.7784725,233148.0,233148.0,,,1620597326,17:55:26,20210509
107,1993-01-31,RMI.AX,AUD,1993-01-31,1993-01-31,Q1,0.0,0.0,0.0,0.0,0.0,0.0,0.0,0.0,0.0,0.0,0.0,0.0,-181500.0,0.0,0.0,0.0,0.0,-181500.0,0.0,-181500.0,-181500.0,0.0,-0.7784725,-0.7784725,233148.0,233148.0,,,1620597326,17:55:26,20210509
108,1992-09-30,RMI.AX,AUD,1992-09-30,1992-09-30,Q3,0.0,0.0,0.0,0.0,0.0,0.0,0.0,0.0,0.0,0.0,500.0,0.0,-1784500.0,0.0,0.0,0.0,0.0,-1785000.0,0.0,-1785000.0,-1785000.0,0.0,-9.60116125,-9.60116125,177567.0,177567.0,,,1620597326,17:55:26,20210509
109,1992-06-30,RMI.AX,AUD,1992-06-30,1992-06-30,Q2,0.0,0.0,0.0,0.0,0.0,0.0,0.0,0.0,0.0,0.0,500.0,0.0,-1784500.0,0.0,0.0,0.0,0.0,-1785000.0,0.0,-1785000.0,-1785000.0,0.0,-9.60116125,-9.60116125,177567.0,177567.0,,,1620597326,17:55:26,20210509
110,1992-03-31,RMI.AX,AUD,1992-03-31,1992-03-31,Q1,0.0,0.0,0.0,0.0,0.0,0.0,0.0,0.0,0.0,0.0,500.0,0.0,-1784500.0,0.0,0.0,0.0,0.0,-1785000.0,0.0,-1785000.0,-1785000.0,0.0,-9.60116125,-9.60116125,177567.0,177567.0,,,1620597326,17:55:26,20210509
111,1992-01-31,RMI.AX,AUD,1992-01-31,1992-01-31,Q1,0.0,0.0,0.0,0.0,0.0,0.0,0.0,0.0,0.0,0.0,500.0,0.0,-1784500.0,0.0,0.0,0.0,0.0,-1785000.0,0.0,-1785000.0,-1785000.0,0.0,-9.60116125,-9.60116125,177567.0,177567.0,,,1620597326,17:55:26,20210509
112,1991-09-30,RMI.AX,AUD,1991-09-30,1991-09-30,Q3,0.0,0.0,0.0,0.0,0.0,0.0,0.0,0.0,0.0,0.0,250.0,0.0,-281750.0,0.0,0.0,0.0,0.0,-282000.0,0.0,-282000.0,-282000.0,0.0,-0.0009518429987493694,-0.0009518429987493694,296267347.0,296267347.0,,,1620597326,17:55:26,20210509
113,1991-06-30,RMI.AX,AUD,1991-06-30,1991-06-30,Q2,0.0,0.0,0.0,0.0,0.0,0.0,0.0,0.0,0.0,0.0,250.0,0.0,-281750.0,0.0,0.0,0.0,0.0,-282000.0,0.0,-282000.0,-282000.0,0.0,-0.0009518429987493694,-0.0009518429987493694,296267347.0,296267347.0,,,1620597326,17:55:26,20210509
114,1991-03-31,RMI.AX,AUD,1991-03-31,1991-03-31,Q1,0.0,0.0,0.0,0.0,0.0,0.0,0.0,0.0,0.0,0.0,250.0,0.0,-281750.0,0.0,0.0,0.0,0.0,-282000.0,0.0,-282000.0,-282000.0,0.0,-0.0009518429987493694,-0.0009518429987493694,296267347.0,296267347.0,,,1620597326,17:55:26,20210509
115,1991-01-31,RMI.AX,AUD,1991-01-31,1991-01-31,Q1,0.0,0.0,0.0,0.0,0.0,0.0,0.0,0.0,0.0,0.0,250.0,0.0,-281750.0,0.0,0.0,0.0,0.0,-282000.0,0.0,-282000.0,-282000.0,0.0,-0.0009518429987493694,-0.0009518429987493694,296267347.0,296267347.0,,,1620597326,17:55:26,20210509
116,1990-09-30,RMI.AX,AUD,1990-09-30,1990-09-30,Q3,0.0,0.0,0.0,0.0,0.0,0.0,0.0,0.0,0.0,0.0,2750.0,0.0,-337250.0,0.0,0.0,0.0,0.0,-340000.0,0.0,-340000.0,-340000.0,0.0,-0.001147612126151722,-0.001147612126151722,296267347.0,296267347.0,,,1620597326,17:55:26,20210509
117,1990-06-30,RMI.AX,AUD,1990-06-30,1990-06-30,Q2,0.0,0.0,0.0,0.0,0.0,0.0,0.0,0.0,0.0,0.0,2750.0,0.0,-337250.0,0.0,0.0,0.0,0.0,-340000.0,0.0,-340000.0,-340000.0,0.0,-0.001147612126151722,-0.001147612126151722,296267347.0,296267347.0,,,1620597326,17:55:26,20210509
118,1990-03-31,RMI.AX,AUD,1990-03-31,1990-03-31,Q1,0.0,0.0,0.0,0.0,0.0,0.0,0.0,0.0,0.0,0.0,2750.0,0.0,-337250.0,0.0,0.0,0.0,0.0,-340000.0,0.0,-340000.0,-340000.0,0.0,-0.001147612126151722,-0.001147612126151722,296267347.0,296267347.0,,,1620597326,17:55:26,20210509
119,1990-01-31,RMI.AX,AUD,1990-01-31,1990-01-31,Q1,0.0,0.0,0.0,0.0,0.0,0.0,0.0,0.0,0.0,0.0,2750.0,0.0,-337250.0,0.0,0.0,0.0,0.0,-340000.0,0.0,-340000.0,-340000.0,0.0,-0.001147612126151722,-0.001147612126151722,296267347.0,296267347.0,,,1620597326,17:55:26,20210509
120,1989-09-30,RMI.AX,AUD,1989-09-30,1989-09-30,Q3,0.0,0.0,0.0,0.0,0.0,0.0,0.0,0.0,0.0,0.0,2750.0,0.0,-670000.0,0.0,0.0,0.0,0.0,-672750.0,0.0,-672750.0,-672750.0,0.0,-0.00227075311137815,-0.00227075311137815,296267347.0,296267347.0,,,1620597326,17:55:26,20210509
121,1989-06-30,RMI.AX,AUD,1989-06-30,1989-06-30,Q2,0.0,0.0,0.0,0.0,0.0,0.0,0.0,0.0,0.0,0.0,2750.0,0.0,-670000.0,0.0,0.0,0.0,0.0,-672750.0,0.0,-672750.0,-672750.0,0.0,-0.00227075311137815,-0.00227075311137815,296267347.0,296267347.0,,,1620597326,17:55:26,20210509
122,1989-03-31,RMI.AX,AUD,1989-03-31,1989-03-31,Q1,0.0,0.0,0.0,0.0,0.0,0.0,0.0,0.0,0.0,0.0,2750.0,0.0,-670000.0,0.0,0.0,0.0,0.0,-672750.0,0.0,-672750.0,-672750.0,0.0,-0.00227075311137815,-0.00227075311137815,296267347.0,296267347.0,,,1620597326,17:55:26,20210509
123,1989-01-31,RMI.AX,AUD,1989-01-31,1989-01-31,Q1,0.0,0.0,0.0,0.0,0.0,0.0,0.0,0.0,0.0,0.0,2750.0,0.0,-670000.0,0.0,0.0,0.0,0.0,-672750.0,0.0,-672750.0,-672750.0,0.0,-0.00227075311137815,-0.00227075311137815,296267347.0,296267347.0,,,1620597326,17:55:26,20210509
