,date,symbol,reportedCurrency,fillingDate,acceptedDate,period,revenue,costOfRevenue,grossProfit,grossProfitRatio,researchAndDevelopmentExpenses,generalAndAdministrativeExpenses,sellingAndMarketingExpenses,otherExpenses,operatingExpenses,costAndExpenses,interestExpense,depreciationAndAmortization,ebitda,ebitdaratio,operatingIncome,operatingIncomeRatio,totalOtherIncomeExpensesNet,incomeBeforeTax,incomeBeforeTaxRatio,incomeTaxExpense,netIncome,netIncomeRatio,eps,epsdiluted,weightedAverageShsOut,weightedAverageShsOutDil,link,finalLink,timestamp,est_time,est_date
0,2020-09-30,URU.L,USD,2020-09-30,2020-09-30,Q3,0.0,0.0,0.0,0.0,0.0,183000.0,0.0,0.0,0.0,183000.0,0.0,9250.0,-173750.0,0.0,-183000.0,0.0,0.0,-183000.0,0.0,0.0,-183000.0,0.0,-0.23463223000625685,-0.23463223000625685,779944.0,779944.0,https://find-and-update.company-information.service.gov.uk/search/companies?q=URU+Metals+Ltd,https://find-and-update.company-information.service.gov.uk/search/companies?q=URU+Metals+Ltd,1620599337,18:28:57,20210509
1,2020-06-30,URU.L,USD,2020-06-30,2020-06-30,Q2,0.0,0.0,0.0,0.0,0.0,183000.0,0.0,0.0,0.0,183000.0,0.0,9250.0,-173750.0,0.0,-183000.0,0.0,0.0,-183000.0,0.0,0.0,-183000.0,0.0,-0.23463223000625685,-0.23463223000625685,779944.0,779944.0,https://find-and-update.company-information.service.gov.uk/search/companies?q=URU+Metals+Ltd,https://find-and-update.company-information.service.gov.uk/search/companies?q=URU+Metals+Ltd,1620599337,18:28:57,20210509
2,2020-03-31,URU.L,USD,2020-03-31,2020-03-31,Q1,0.0,0.0,0.0,0.0,0.0,183000.0,0.0,0.0,0.0,183000.0,0.0,9250.0,-173750.0,0.0,-183000.0,0.0,0.0,-183000.0,0.0,0.0,-183000.0,0.0,-0.23463223000625685,-0.23463223000625685,779944.0,779944.0,https://find-and-update.company-information.service.gov.uk/search/companies?q=URU+Metals+Ltd,https://find-and-update.company-information.service.gov.uk/search/companies?q=URU+Metals+Ltd,1620599337,18:28:57,20210509
3,2020-01-31,URU.L,USD,2020-01-31,2020-01-31,Q1,0.0,0.0,0.0,0.0,0.0,183000.0,0.0,0.0,0.0,183000.0,0.0,9250.0,-173750.0,0.0,-183000.0,0.0,0.0,-183000.0,0.0,0.0,-183000.0,0.0,-0.23463223000625685,-0.23463223000625685,779944.0,779944.0,https://find-and-update.company-information.service.gov.uk/search/companies?q=URU+Metals+Ltd,https://find-and-update.company-information.service.gov.uk/search/companies?q=URU+Metals+Ltd,1620599337,18:28:57,20210509
4,2019-06-30,URU.L,USD,2019-06-30,2019-06-30,Q2,0.0,0.0,0.0,0.0,0.0,184250.0,0.0,0.0,0.0,184250.0,0.0,10000.0,-174250.0,0.0,-184250.0,0.0,0.0,-572750.0,0.0,0.0,-572750.0,0.0,-0.735,-0.735,779944.0,779944.0,https://find-and-update.company-information.service.gov.uk/search/companies?q=URU+Metals+Ltd,https://find-and-update.company-information.service.gov.uk/search/companies?q=URU+Metals+Ltd,1620599337,18:28:57,20210509
5,2019-03-31,URU.L,USD,2019-03-31,2019-03-31,Q1,0.0,0.0,0.0,0.0,0.0,184250.0,0.0,0.0,0.0,184250.0,0.0,10000.0,-174250.0,0.0,-184250.0,0.0,0.0,-572750.0,0.0,0.0,-572750.0,0.0,-0.735,-0.735,779944.0,779944.0,https://find-and-update.company-information.service.gov.uk/search/companies?q=URU+Metals+Ltd,https://find-and-update.company-information.service.gov.uk/search/companies?q=URU+Metals+Ltd,1620599337,18:28:57,20210509
6,2019-01-31,URU.L,USD,2019-01-31,2019-01-31,Q1,0.0,0.0,0.0,0.0,0.0,184250.0,0.0,0.0,0.0,184250.0,0.0,10000.0,-174250.0,0.0,-184250.0,0.0,0.0,-572750.0,0.0,0.0,-572750.0,0.0,-0.735,-0.735,779944.0,779944.0,https://find-and-update.company-information.service.gov.uk/search/companies?q=URU+Metals+Ltd,https://find-and-update.company-information.service.gov.uk/search/companies?q=URU+Metals+Ltd,1620599337,18:28:57,20210509
7,2018-06-30,URU.L,USD,2018-06-30,2018-06-30,Q2,0.0,0.0,0.0,0.0,0.0,215500.0,0.0,0.0,0.0,215500.0,0.0,8250.0,-207250.0,0.0,-215500.0,0.0,0.0,-215500.0,0.0,0.0,-215500.0,0.0,-0.275,-0.275,779944.0,779944.0,https://find-and-update.company-information.service.gov.uk/search/companies?q=URU+Metals+Ltd,https://find-and-update.company-information.service.gov.uk/search/companies?q=URU+Metals+Ltd,1620599337,18:28:57,20210509
8,2018-03-31,URU.L,USD,2018-03-31,2018-03-31,Q1,0.0,0.0,0.0,0.0,0.0,215500.0,0.0,0.0,0.0,215500.0,0.0,8250.0,-207250.0,0.0,-215500.0,0.0,0.0,-215500.0,0.0,0.0,-215500.0,0.0,-0.275,-0.275,779944.0,779944.0,https://find-and-update.company-information.service.gov.uk/search/companies?q=URU+Metals+Ltd,https://find-and-update.company-information.service.gov.uk/search/companies?q=URU+Metals+Ltd,1620599337,18:28:57,20210509
9,2018-01-31,URU.L,USD,2018-01-31,2018-01-31,Q1,0.0,0.0,0.0,0.0,0.0,215500.0,0.0,0.0,0.0,215500.0,0.0,8250.0,-207250.0,0.0,-215500.0,0.0,0.0,-215500.0,0.0,0.0,-215500.0,0.0,-0.275,-0.275,779944.0,779944.0,https://find-and-update.company-information.service.gov.uk/search/companies?q=URU+Metals+Ltd,https://find-and-update.company-information.service.gov.uk/search/companies?q=URU+Metals+Ltd,1620599337,18:28:57,20210509
10,2017-06-30,URU.L,USD,2017-06-30,2017-06-30,Q2,0.0,0.0,0.0,0.0,0.0,167500.0,0.0,6250.0,0.0,167500.0,0.0,750.0,-166750.0,0.0,-167500.0,0.0,0.0,-161250.0,0.0,0.0,-161250.0,0.0,-0.375,-0.375,443928.0,443928.0,https://find-and-update.company-information.service.gov.uk/search/companies?q=URU+Metals+Ltd,https://find-and-update.company-information.service.gov.uk/search/companies?q=URU+Metals+Ltd,1620599337,18:28:57,20210509
11,2017-03-31,URU.L,USD,2017-03-31,2017-03-31,Q1,0.0,0.0,0.0,0.0,0.0,167500.0,0.0,6250.0,0.0,167500.0,0.0,750.0,-166750.0,0.0,-167500.0,0.0,0.0,-161250.0,0.0,0.0,-161250.0,0.0,-0.375,-0.375,443928.0,443928.0,https://find-and-update.company-information.service.gov.uk/search/companies?q=URU+Metals+Ltd,https://find-and-update.company-information.service.gov.uk/search/companies?q=URU+Metals+Ltd,1620599337,18:28:57,20210509
12,2017-01-31,URU.L,USD,2017-01-31,2017-01-31,Q1,0.0,0.0,0.0,0.0,0.0,167500.0,0.0,6250.0,0.0,167500.0,0.0,750.0,-166750.0,0.0,-167500.0,0.0,0.0,-161250.0,0.0,0.0,-161250.0,0.0,-0.375,-0.375,443928.0,443928.0,https://find-and-update.company-information.service.gov.uk/search/companies?q=URU+Metals+Ltd,https://find-and-update.company-information.service.gov.uk/search/companies?q=URU+Metals+Ltd,1620599337,18:28:57,20210509
13,2016-06-30,URU.L,USD,2016-06-30,2016-06-30,Q2,0.0,0.0,0.0,0.0,0.0,157500.0,0.0,-40750.0,0.0,157500.0,5250.0,0.0,-198250.0,0.0,-157500.0,0.0,0.0,-408250.0,0.0,0.0,-408250.0,0.0,-1.5,-1.5,270763.0,270763.0,https://find-and-update.company-information.service.gov.uk/search/companies?q=URU+Metals+Ltd,https://find-and-update.company-information.service.gov.uk/search/companies?q=URU+Metals+Ltd,1620599337,18:28:57,20210509
14,2016-03-31,URU.L,USD,2016-03-31,2016-03-31,Q1,0.0,0.0,0.0,0.0,0.0,157500.0,0.0,-40750.0,0.0,157500.0,5250.0,0.0,-198250.0,0.0,-157500.0,0.0,0.0,-408250.0,0.0,0.0,-408250.0,0.0,-1.5,-1.5,270763.0,270763.0,https://find-and-update.company-information.service.gov.uk/search/companies?q=URU+Metals+Ltd,https://find-and-update.company-information.service.gov.uk/search/companies?q=URU+Metals+Ltd,1620599337,18:28:57,20210509
15,2016-01-31,URU.L,USD,2016-01-31,2016-01-31,Q1,0.0,0.0,0.0,0.0,0.0,157500.0,0.0,-40750.0,0.0,157500.0,5250.0,0.0,-198250.0,0.0,-157500.0,0.0,0.0,-408250.0,0.0,0.0,-408250.0,0.0,-1.5,-1.5,270763.0,270763.0,https://find-and-update.company-information.service.gov.uk/search/companies?q=URU+Metals+Ltd,https://find-and-update.company-information.service.gov.uk/search/companies?q=URU+Metals+Ltd,1620599337,18:28:57,20210509
16,2015-09-30,URU.L,USD,2015-09-30,2015-09-30,Q3,0.0,0.0,0.0,0.0,0.0,244500.0,0.0,-41250.0,0.0,244500.0,7250.0,2000.0,-242500.0,0.0,-244500.0,0.0,0.0,-282250.0,0.0,0.0,-282250.0,0.0,-1.275,-1.275,221082.0,221082.0,https://find-and-update.company-information.service.gov.uk/search/companies?q=URU+Metals+Ltd,https://find-and-update.company-information.service.gov.uk/search/companies?q=URU+Metals+Ltd,1620599337,18:28:57,20210509
17,2015-06-30,URU.L,USD,2015-06-30,2015-06-30,Q2,0.0,0.0,0.0,0.0,0.0,244500.0,0.0,-41250.0,0.0,244500.0,7250.0,2000.0,-242500.0,0.0,-244500.0,0.0,0.0,-282250.0,0.0,0.0,-282250.0,0.0,-1.275,-1.275,221082.0,221082.0,https://find-and-update.company-information.service.gov.uk/search/companies?q=URU+Metals+Ltd,https://find-and-update.company-information.service.gov.uk/search/companies?q=URU+Metals+Ltd,1620599337,18:28:57,20210509
18,2015-03-31,URU.L,USD,2015-03-31,2015-03-31,Q1,0.0,0.0,0.0,0.0,0.0,244500.0,0.0,-41250.0,0.0,244500.0,7250.0,2000.0,-242500.0,0.0,-244500.0,0.0,0.0,-282250.0,0.0,0.0,-282250.0,0.0,-1.275,-1.275,221082.0,221082.0,https://find-and-update.company-information.service.gov.uk/search/companies?q=URU+Metals+Ltd,https://find-and-update.company-information.service.gov.uk/search/companies?q=URU+Metals+Ltd,1620599337,18:28:57,20210509
19,2015-01-31,URU.L,USD,2015-01-31,2015-01-31,Q1,0.0,0.0,0.0,0.0,0.0,244500.0,0.0,-41250.0,0.0,244500.0,7250.0,2000.0,-242500.0,0.0,-244500.0,0.0,0.0,-282250.0,0.0,0.0,-282250.0,0.0,-1.275,-1.275,221082.0,221082.0,https://find-and-update.company-information.service.gov.uk/search/companies?q=URU+Metals+Ltd,https://find-and-update.company-information.service.gov.uk/search/companies?q=URU+Metals+Ltd,1620599337,18:28:57,20210509
20,2014-09-30,URU.L,USD,2014-09-30,2014-09-30,Q3,0.0,0.0,0.0,0.0,0.0,164500.0,0.0,0.0,0.0,164500.0,5500.0,1750.0,-162750.0,0.0,-164500.0,0.0,0.0,-97000.0,0.0,0.0,-142750.0,0.0,-1.075,-1.075,132776.0,132776.0,https://find-and-update.company-information.service.gov.uk/search/companies?q=URU+Metals+Ltd,https://find-and-update.company-information.service.gov.uk/search/companies?q=URU+Metals+Ltd,1620599337,18:28:57,20210509
21,2014-06-30,URU.L,USD,2014-06-30,2014-06-30,Q2,0.0,0.0,0.0,0.0,0.0,164500.0,0.0,0.0,0.0,164500.0,5500.0,1750.0,-162750.0,0.0,-164500.0,0.0,0.0,-97000.0,0.0,0.0,-142750.0,0.0,-1.075,-1.075,132776.0,132776.0,https://find-and-update.company-information.service.gov.uk/search/companies?q=URU+Metals+Ltd,https://find-and-update.company-information.service.gov.uk/search/companies?q=URU+Metals+Ltd,1620599337,18:28:57,20210509
22,2014-03-31,URU.L,USD,2014-03-31,2014-03-31,Q1,0.0,0.0,0.0,0.0,0.0,164500.0,0.0,0.0,0.0,164500.0,5500.0,1750.0,-162750.0,0.0,-164500.0,0.0,0.0,-97000.0,0.0,0.0,-142750.0,0.0,-1.075,-1.075,132776.0,132776.0,https://find-and-update.company-information.service.gov.uk/search/companies?q=URU+Metals+Ltd,https://find-and-update.company-information.service.gov.uk/search/companies?q=URU+Metals+Ltd,1620599337,18:28:57,20210509
23,2014-01-31,URU.L,USD,2014-01-31,2014-01-31,Q1,0.0,0.0,0.0,0.0,0.0,164500.0,0.0,0.0,0.0,164500.0,5500.0,1750.0,-162750.0,0.0,-164500.0,0.0,0.0,-97000.0,0.0,0.0,-142750.0,0.0,-1.075,-1.075,132776.0,132776.0,https://find-and-update.company-information.service.gov.uk/search/companies?q=URU+Metals+Ltd,https://find-and-update.company-information.service.gov.uk/search/companies?q=URU+Metals+Ltd,1620599337,18:28:57,20210509
24,2013-09-30,URU.L,USD,2013-09-30,2013-09-30,Q3,0.0,0.0,0.0,0.0,0.0,507500.0,0.0,0.0,4500.0,512000.0,0.0,12250.0,-499750.0,0.0,-512000.0,0.0,0.0,-2270000.0,0.0,0.0,-2270000.0,0.0,-20.05,-20.05,113276.0,113276.0,https://find-and-update.company-information.service.gov.uk/search/companies?q=URU+Metals+Ltd,https://find-and-update.company-information.service.gov.uk/search/companies?q=URU+Metals+Ltd,1620599337,18:28:57,20210509
25,2013-06-30,URU.L,USD,2013-06-30,2013-06-30,Q2,0.0,0.0,0.0,0.0,0.0,507500.0,0.0,0.0,4500.0,512000.0,0.0,12250.0,-499750.0,0.0,-512000.0,0.0,0.0,-2270000.0,0.0,0.0,-2270000.0,0.0,-20.05,-20.05,113276.0,113276.0,https://find-and-update.company-information.service.gov.uk/search/companies?q=URU+Metals+Ltd,https://find-and-update.company-information.service.gov.uk/search/companies?q=URU+Metals+Ltd,1620599337,18:28:57,20210509
26,2013-03-31,URU.L,USD,2013-03-31,2013-03-31,Q1,0.0,0.0,0.0,0.0,0.0,507500.0,0.0,0.0,4500.0,512000.0,0.0,12250.0,-499750.0,0.0,-512000.0,0.0,0.0,-2270000.0,0.0,0.0,-2270000.0,0.0,-20.05,-20.05,113276.0,113276.0,https://find-and-update.company-information.service.gov.uk/search/companies?q=URU+Metals+Ltd,https://find-and-update.company-information.service.gov.uk/search/companies?q=URU+Metals+Ltd,1620599337,18:28:57,20210509
27,2013-01-31,URU.L,USD,2013-01-31,2013-01-31,Q1,0.0,0.0,0.0,0.0,0.0,507500.0,0.0,0.0,4500.0,512000.0,0.0,12250.0,-499750.0,0.0,-512000.0,0.0,0.0,-2270000.0,0.0,0.0,-2270000.0,0.0,-20.05,-20.05,113276.0,113276.0,https://find-and-update.company-information.service.gov.uk/search/companies?q=URU+Metals+Ltd,https://find-and-update.company-information.service.gov.uk/search/companies?q=URU+Metals+Ltd,1620599337,18:28:57,20210509
28,2012-09-30,URU.L,USD,2012-09-30,2012-09-30,Q3,0.0,0.0,0.0,0.0,124628.4,0.0,0.0,0.0,417425.25,584794.8,0.0,17575.8,-567219.0,0.0,-584794.8,0.0,0.0,-597577.2,0.0,0.0,-597577.2,0.0,-5.25,-5.25,113217.0,113217.0,https://find-and-update.company-information.service.gov.uk/search/companies?q=URU+Metals+Ltd,https://find-and-update.company-information.service.gov.uk/search/companies?q=URU+Metals+Ltd,1620599337,18:28:57,20210509
29,2012-06-30,URU.L,USD,2012-06-30,2012-06-30,Q2,0.0,0.0,0.0,0.0,124628.4,0.0,0.0,0.0,417425.25,584794.8,0.0,17575.8,-567219.0,0.0,-584794.8,0.0,0.0,-597577.2,0.0,0.0,-597577.2,0.0,-5.25,-5.25,113217.0,113217.0,https://find-and-update.company-information.service.gov.uk/search/companies?q=URU+Metals+Ltd,https://find-and-update.company-information.service.gov.uk/search/companies?q=URU+Metals+Ltd,1620599337,18:28:57,20210509
30,2012-03-31,URU.L,USD,2012-03-31,2012-03-31,Q1,0.0,0.0,0.0,0.0,124628.4,0.0,0.0,0.0,417425.25,584794.8,0.0,17575.8,-567219.0,0.0,-584794.8,0.0,0.0,-597577.2,0.0,0.0,-597577.2,0.0,-5.25,-5.25,113217.0,113217.0,https://find-and-update.company-information.service.gov.uk/search/companies?q=URU+Metals+Ltd,https://find-and-update.company-information.service.gov.uk/search/companies?q=URU+Metals+Ltd,1620599337,18:28:57,20210509
31,2012-01-31,URU.L,USD,2012-01-31,2012-01-31,Q1,0.0,0.0,0.0,0.0,124628.4,0.0,0.0,0.0,417425.25,584794.8,0.0,17575.8,-567219.0,0.0,-584794.8,0.0,0.0,-597577.2,0.0,0.0,-597577.2,0.0,-5.25,-5.25,113217.0,113217.0,https://find-and-update.company-information.service.gov.uk/search/companies?q=URU+Metals+Ltd,https://find-and-update.company-information.service.gov.uk/search/companies?q=URU+Metals+Ltd,1620599337,18:28:57,20210509
32,2011-09-30,URU.L,USD,2011-09-30,2011-09-30,Q3,0.0,0.0,0.0,0.0,83756.75,0.0,0.0,0.0,-6492550.75,-6349883.75,0.0,37269.75,6387153.5,0.0,6349883.75,0.0,0.0,6387554.25,0.0,0.0,6387554.25,0.0,56.5,56.5,113210.0,113210.0,https://find-and-update.company-information.service.gov.uk/search/companies?q=URU+Metals+Ltd,https://find-and-update.company-information.service.gov.uk/search/companies?q=URU+Metals+Ltd,1620599337,18:28:57,20210509
33,2011-06-30,URU.L,USD,2011-06-30,2011-06-30,Q2,0.0,0.0,0.0,0.0,83756.75,0.0,0.0,0.0,-6492550.75,-6349883.75,0.0,37269.75,6387153.5,0.0,6349883.75,0.0,0.0,6387554.25,0.0,0.0,6387554.25,0.0,56.5,56.5,113210.0,113210.0,https://find-and-update.company-information.service.gov.uk/search/companies?q=URU+Metals+Ltd,https://find-and-update.company-information.service.gov.uk/search/companies?q=URU+Metals+Ltd,1620599337,18:28:57,20210509
34,2011-03-31,URU.L,USD,2011-03-31,2011-03-31,Q1,0.0,0.0,0.0,0.0,83756.75,0.0,0.0,0.0,-6492550.75,-6349883.75,0.0,37269.75,6387153.5,0.0,6349883.75,0.0,0.0,6387554.25,0.0,0.0,6387554.25,0.0,56.5,56.5,113210.0,113210.0,https://find-and-update.company-information.service.gov.uk/search/companies?q=URU+Metals+Ltd,https://find-and-update.company-information.service.gov.uk/search/companies?q=URU+Metals+Ltd,1620599337,18:28:57,20210509
35,2011-01-31,URU.L,USD,2011-01-31,2011-01-31,Q1,0.0,0.0,0.0,0.0,83756.75,0.0,0.0,0.0,-6492550.75,-6349883.75,0.0,37269.75,6387153.5,0.0,6349883.75,0.0,0.0,6387554.25,0.0,0.0,6387554.25,0.0,56.5,56.5,113210.0,113210.0,https://find-and-update.company-information.service.gov.uk/search/companies?q=URU+Metals+Ltd,https://find-and-update.company-information.service.gov.uk/search/companies?q=URU+Metals+Ltd,1620599337,18:28:57,20210509
36,2010-09-30,URU.L,USD,2010-09-30,2010-09-30,Q3,0.0,0.0,0.0,0.0,215892.825,0.0,0.0,0.0,-5835935.925,-5546434.65,0.0,51601.8,5598036.45,0.0,5546434.65,0.0,0.0,5524428.0,0.0,0.0,5524428.0,0.0,48.75,47.0,111277.0,117329.0,https://find-and-update.company-information.service.gov.uk/search/companies?q=URU+Metals+Ltd,https://find-and-update.company-information.service.gov.uk/search/companies?q=URU+Metals+Ltd,1620599337,18:28:57,20210509
37,2010-06-30,URU.L,USD,2010-06-30,2010-06-30,Q2,0.0,0.0,0.0,0.0,215892.825,0.0,0.0,0.0,-5835935.925,-5546434.65,0.0,51601.8,5598036.45,0.0,5546434.65,0.0,0.0,5524428.0,0.0,0.0,5524428.0,0.0,48.75,47.0,111277.0,117329.0,https://find-and-update.company-information.service.gov.uk/search/companies?q=URU+Metals+Ltd,https://find-and-update.company-information.service.gov.uk/search/companies?q=URU+Metals+Ltd,1620599337,18:28:57,20210509
38,2010-03-31,URU.L,USD,2010-03-31,2010-03-31,Q1,0.0,0.0,0.0,0.0,215892.825,0.0,0.0,0.0,-5835935.925,-5546434.65,0.0,51601.8,5598036.45,0.0,5546434.65,0.0,0.0,5524428.0,0.0,0.0,5524428.0,0.0,48.75,47.0,111277.0,117329.0,https://find-and-update.company-information.service.gov.uk/search/companies?q=URU+Metals+Ltd,https://find-and-update.company-information.service.gov.uk/search/companies?q=URU+Metals+Ltd,1620599337,18:28:57,20210509
39,2010-01-31,URU.L,USD,2010-01-31,2010-01-31,Q1,0.0,0.0,0.0,0.0,215892.825,0.0,0.0,0.0,-5835935.925,-5546434.65,0.0,51601.8,5598036.45,0.0,5546434.65,0.0,0.0,5524428.0,0.0,0.0,5524428.0,0.0,48.75,47.0,111277.0,117329.0,https://find-and-update.company-information.service.gov.uk/search/companies?q=URU+Metals+Ltd,https://find-and-update.company-information.service.gov.uk/search/companies?q=URU+Metals+Ltd,1620599337,18:28:57,20210509
40,2009-09-30,URU.L,USD,2009-09-30,2009-09-30,Q3,0.0,0.0,0.0,0.0,241771.4,0.0,0.0,0.0,785041.75,1089401.9,357.65,38983.85,-1050418.0499999998,0.0,-1089401.9,0.0,0.0,-2120506.85,0.0,0.0,-2120506.85,0.0,-19.394938856520906,-17.69094014883535,109333.0,119864.0,https://find-and-update.company-information.service.gov.uk/search/companies?q=URU+Metals+Ltd,https://find-and-update.company-information.service.gov.uk/search/companies?q=URU+Metals+Ltd,1620599337,18:28:57,20210509
41,2009-06-30,URU.L,USD,2009-06-30,2009-06-30,Q2,0.0,0.0,0.0,0.0,241771.4,0.0,0.0,0.0,785041.75,1089401.9,357.65,38983.85,-1050418.0499999998,0.0,-1089401.9,0.0,0.0,-2120506.85,0.0,0.0,-2120506.85,0.0,-19.394938856520906,-17.69094014883535,109333.0,119864.0,https://find-and-update.company-information.service.gov.uk/search/companies?q=URU+Metals+Ltd,https://find-and-update.company-information.service.gov.uk/search/companies?q=URU+Metals+Ltd,1620599337,18:28:57,20210509
42,2009-03-31,URU.L,USD,2009-03-31,2009-03-31,Q1,0.0,0.0,0.0,0.0,241771.4,0.0,0.0,0.0,785041.75,1089401.9,357.65,38983.85,-1050418.0499999998,0.0,-1089401.9,0.0,0.0,-2120506.85,0.0,0.0,-2120506.85,0.0,-19.394938856520906,-17.69094014883535,109333.0,119864.0,https://find-and-update.company-information.service.gov.uk/search/companies?q=URU+Metals+Ltd,https://find-and-update.company-information.service.gov.uk/search/companies?q=URU+Metals+Ltd,1620599337,18:28:57,20210509
43,2009-01-31,URU.L,USD,2009-01-31,2009-01-31,Q1,0.0,0.0,0.0,0.0,241771.4,0.0,0.0,0.0,785041.75,1089401.9,357.65,38983.85,-1050418.0499999998,0.0,-1089401.9,0.0,0.0,-2120506.85,0.0,0.0,-2120506.85,0.0,-19.394938856520906,-17.69094014883535,109333.0,119864.0,https://find-and-update.company-information.service.gov.uk/search/companies?q=URU+Metals+Ltd,https://find-and-update.company-information.service.gov.uk/search/companies?q=URU+Metals+Ltd,1620599337,18:28:57,20210509
44,2008-09-30,URU.L,USD,2008-09-30,2008-09-30,Q3,0.0,0.0,0.0,0.0,112129.9,0.0,0.0,0.0,1635806.55,1777209.3,496.15,18357.55,-1758851.75,0.0,-1777209.3,0.0,0.0,-2871716.2,0.0,0.0,-2871716.2,0.0,-34.35231590028231,-31.376989390644976,83596.0,91523.0,https://find-and-update.company-information.service.gov.uk/search/companies?q=URU+Metals+Ltd,https://find-and-update.company-information.service.gov.uk/search/companies?q=URU+Metals+Ltd,1620599337,18:28:57,20210509
45,2008-06-30,URU.L,USD,2008-06-30,2008-06-30,Q2,0.0,0.0,0.0,0.0,112129.9,0.0,0.0,0.0,1635806.55,1777209.3,496.15,18357.55,-1758851.75,0.0,-1777209.3,0.0,0.0,-2871716.2,0.0,0.0,-2871716.2,0.0,-34.35231590028231,-31.376989390644976,83596.0,91523.0,https://find-and-update.company-information.service.gov.uk/search/companies?q=URU+Metals+Ltd,https://find-and-update.company-information.service.gov.uk/search/companies?q=URU+Metals+Ltd,1620599337,18:28:57,20210509
46,2008-03-31,URU.L,USD,2008-03-31,2008-03-31,Q1,0.0,0.0,0.0,0.0,112129.9,0.0,0.0,0.0,1635806.55,1777209.3,496.15,18357.55,-1758851.75,0.0,-1777209.3,0.0,0.0,-2871716.2,0.0,0.0,-2871716.2,0.0,-34.35231590028231,-31.376989390644976,83596.0,91523.0,https://find-and-update.company-information.service.gov.uk/search/companies?q=URU+Metals+Ltd,https://find-and-update.company-information.service.gov.uk/search/companies?q=URU+Metals+Ltd,1620599337,18:28:57,20210509
47,2008-01-31,URU.L,USD,2008-01-31,2008-01-31,Q1,0.0,0.0,0.0,0.0,112129.9,0.0,0.0,0.0,1635806.55,1777209.3,496.15,18357.55,-1758851.75,0.0,-1777209.3,0.0,0.0,-2871716.2,0.0,0.0,-2871716.2,0.0,-34.35231590028231,-31.376989390644976,83596.0,91523.0,https://find-and-update.company-information.service.gov.uk/search/companies?q=URU+Metals+Ltd,https://find-and-update.company-information.service.gov.uk/search/companies?q=URU+Metals+Ltd,1620599337,18:28:57,20210509
