,date,symbol,reportedCurrency,fillingDate,acceptedDate,period,revenue,costOfRevenue,grossProfit,grossProfitRatio,researchAndDevelopmentExpenses,generalAndAdministrativeExpenses,sellingAndMarketingExpenses,otherExpenses,operatingExpenses,costAndExpenses,interestExpense,depreciationAndAmortization,ebitda,ebitdaratio,operatingIncome,operatingIncomeRatio,totalOtherIncomeExpensesNet,incomeBeforeTax,incomeBeforeTaxRatio,incomeTaxExpense,netIncome,netIncomeRatio,eps,epsdiluted,weightedAverageShsOut,weightedAverageShsOutDil,link,finalLink,timestamp,est_time,est_date
0,2020-12-31,PNRG,USD,2021-04-26,2021-04-23 20:41:47,Q4,13243000.0,-48350000.0,61593.0,0.004650985426262931,0.0,2150000.0,0.0,8001.0,10151000.0,14010000.0,-3531000.0,28176.0,43245.0,0.003265498754058748,15069.0,0.0011378841652193612,-14785000.0,-170000.0,-0.012836970474967908,2147000.0,-2428000.0,-0.1833421430189534,-1.217544881923721,-1.217544881923721,1994177.0,2750331.0,https://www.sec.gov/Archives/edgar/data/56868/000119312521129649/0001193125-21-129649-index.htm,https://www.sec.gov/Archives/edgar/data/56868/000119312521129649/d129905d10k.htm,1620596686,17:44:46,20210509
1,2020-09-30,PNRG,USD,2020-11-25,2020-11-25 17:21:48,Q3,11792000.0,15209000.0,-3417000.0,-0.2897727272727273,0.0,2571000.0,0.0,1233.0,2571000.0,17780000.0,470000.0,24524.0,-5963476.0,-0.505722184531886,-5988000.0,-0.5078018995929444,14773000.0,8316000.0,0.7052238805970149,1372000.0,6501000.0,0.5513059701492538,3.26,2.36,1994177.0,2750331.0,https://www.sec.gov/Archives/edgar/data/56868/000119312520303752/0001193125-20-303752-index.htm,https://www.sec.gov/Archives/edgar/data/56868/000119312520303752/d848042d10q.htm,1620596686,17:44:46,20210509
2,2020-06-30,PNRG,USD,2020-08-19 00:00:00,2020-08-19 17:29:11,Q2,7278000.0,15055000.0,-7777000.0,-1.0685627919758176,0.0,2570000.0,0.0,0.0,2570000.0,17625000.0,500000.0,0.0,-3447000.0,-0.47361912613355317,-10347000.0,-1.4216817807089859,82000.0,-10765000.0,-1.4791151415223962,-3979000.0,-6266000.0,-0.8609508106622699,-3.14,-3.14,1994177.0,1994177.0,https://www.sec.gov/Archives/edgar/data/56868/000119312520224792/0001193125-20-224792-index.htm,https://www.sec.gov/Archives/edgar/data/56868/000119312520224792/d37897d10q.htm,1620596686,17:44:46,20210509
3,2020-03-31,PNRG,USD,2020-06-30,2020-05-06 12:31:42,Q1,26108000.0,18086000.0,8022000.0,0.30726214187222306,0.0,7736000.0,0.0,0.0,7736000.0,25822000.0,659000.0,0.0,8479000.0,0.3247663551401869,286000.0,0.010954496705990502,112000.0,-261000.0,-0.009996935805117206,-57000.0,-170000.0,-0.00651141412593841,-0.09,-0.09,1995174.0,1995174.0,https://www.sec.gov/Archives/edgar/data/56868/000119312520182547/0001193125-20-182547-index.htm,https://www.sec.gov/Archives/edgar/data/56868/000119312520182547/d944351d10q.htm,1620596686,17:44:46,20210509
4,2019-12-31,PNRG,USD,2020-05-06,2020-05-06 12:31:42,Q4,20689000.0,21210000.0,-521000.0,-0.025182464111363528,0.0,3014000.0,0.0,0.0,3014000.0,24224000.0,728000.0,0.0,4818000.0,0.2328773744501909,-3535000.0,-0.17086374401856058,2771000.0,-1490000.0,-0.07201894726666344,169000.0,-1773000.0,-0.08569771376093577,-0.8886442986927456,-0.8886442986927456,1995174.0,1995174.0,https://www.sec.gov/Archives/edgar/data/56868/000119312520134616/d849013d10k.htm,https://www.sec.gov/Archives/edgar/data/56868/000119312520134616/d849013d10k.htm,1620596686,17:44:46,20210509
5,2019-09-30,PNRG,USD,2019-11-07 00:00:00,2019-11-07 17:17:56,Q3,28182000.0,21434000.0,6748000.0,0.23944361649279683,0.0,2854000.0,0.0,0.0,2854000.0,24288000.0,919000.0,0.0,13156000.0,0.46682279469164717,3894000.0,0.13817330210772832,114000.0,3096000.0,0.1098573557589951,569000.0,2512000.0,0.08913490880703996,1.25,0.91,2008688.0,2769240.0,https://www.sec.gov/Archives/edgar/data/56868/000119312519287450/0001193125-19-287450-index.html,https://www.sec.gov/Archives/edgar/data/56868/000119312519287450/d809953d10q.htm,1620596686,17:44:46,20210509
6,2019-06-30,PNRG,USD,2019-08-14 00:00:00,2019-08-14 13:03:53,Q2,31534000.0,21420000.0,10114000.0,0.3207331768884379,0.0,2895000.0,0.0,0.0,2895000.0,24315000.0,1013000.0,0.0,16514000.0,0.5236887169404453,7219000.0,0.22892750681803767,1023000.0,7232000.0,0.22933976025876832,1410000.0,5775000.0,0.18313566309380352,2.85,2.07,2026119.0,2787702.0,https://www.sec.gov/Archives/edgar/data/56868/000119312519220961/0001193125-19-220961-index.html,https://www.sec.gov/Archives/edgar/data/56868/000119312519220961/d768168d10q.htm,1620596686,17:44:46,20210509
7,2019-03-31,PNRG,USD,2019-04-16 00:00:00,2019-04-16 14:58:16,Q1,24419000.0,20999000.0,3420000.0,0.14005487530201893,0.0,6876000.0,0.0,0.0,6876000.0,27875000.0,975000.0,0.0,5809000.0,0.23788852942380934,-3456000.0,-0.14152913714730334,666000.0,-3758000.0,-0.15389655596052254,-727000.0,-3038000.0,-0.12441131905483435,-1.49,-1.49,2037080.0,2037080.0,https://www.sec.gov/Archives/edgar/data/56868/000119312519107681/0001193125-19-107681-index.html,https://www.sec.gov/Archives/edgar/data/56868/000119312519107681/d613643d10k.htm,1620596686,17:44:46,20210509
8,2018-12-31,PNRG,USD,2019-04-16,2019-04-16 14:58:16,Q4,37844000.0,26461000.0,11383000.0,0.3007874431878237,0.0,2789000.0,0.0,0.0,2789000.0,29250000.0,800000.0,0.0,22618000.0,0.5976640947045767,8594000.0,0.227090159602579,494000.0,8298000.0,0.21926857626043758,646000.0,7414000.0,0.19590952330620443,3.639523239146229,3.639523239146229,2037080.0,2037080.0,https://www.sec.gov/Archives/edgar/data/56868/000119312519107681/d613643d10k.htm,https://www.sec.gov/Archives/edgar/data/56868/000119312519107681/d613643d10k.htm,1620596686,17:44:46,20210509
9,2018-09-30,PNRG,USD,2018-11-19 00:00:00,2018-11-16 21:56:01,Q3,29402000.0,21144000.0,8258000.0,0.280865247262091,0.0,2250000.0,0.0,0.0,2250000.0,23394000.0,834000.0,0.0,13903000.0,0.4728589891844092,6008000.0,0.20433984082715462,511000.0,5697000.0,0.19376232909325897,1424000.0,4353000.0,0.14805115298279029,2.1,1.54,2069231.0,2825597.0,https://www.sec.gov/Archives/edgar/data/56868/000119312518329283/0001193125-18-329283-index.html,https://www.sec.gov/Archives/edgar/data/56868/000119312518329283/d644885d10q.htm,1620596686,17:44:46,20210509
10,2018-06-30,PNRG,USD,2018-08-20 00:00:00,2018-08-20 13:05:06,Q2,22387000.0,19885000.0,2502000.0,0.11176129003439496,0.0,2571000.0,0.0,0.0,2571000.0,22456000.0,917000.0,0.0,7852000.0,0.3507392683253674,-69000.0,-0.00308214588823871,185000.0,-789000.0,-0.035243668200294814,-192000.0,-560000.0,-0.025014517353821413,-0.27,-0.27,2097737.0,2097737.0,https://www.sec.gov/Archives/edgar/data/56868/000119312518252710/0001193125-18-252710-index.html,https://www.sec.gov/Archives/edgar/data/56868/000119312518252710/d598263d10q.htm,1620596686,17:44:46,20210509
11,2018-03-31,PNRG,USD,2018-04-17 00:00:00,2018-04-17 17:05:05,Q1,28467000.0,19712000.0,8755000.0,0.3075490919310078,0.0,5976000.0,0.0,0.0,5976000.0,25688000.0,862000.0,0.0,10713000.0,0.3763304879333966,2779000.0,0.0976218077071697,2472000.0,4400000.0,0.15456493483682862,1099000.0,3286000.0,0.1154319036076861,1.53,1.14,2142396.0,2893722.0,https://www.sec.gov/Archives/edgar/data/56868/000119312518119903/0001193125-18-119903-index.html,https://www.sec.gov/Archives/edgar/data/56868/000119312518119903/d657100d10k.htm,1620596686,17:44:46,20210509
12,2017-12-31,PNRG,USD,2018-04-17,2018-04-17 17:05:05,Q4,30119000.0,24907000.0,5212000.0,0.1730469139081643,0.0,2768000.0,0.0,0.0,2768000.0,27675000.0,651000.0,0.0,14698000.0,0.4879976094823865,2444000.0,0.08114479232378233,-820000.0,980000.0,0.032537600849961816,-20160000.0,21350000.0,0.7088548756598825,9.965477904178313,9.965477904178313,2142396.0,2142396.0,https://www.sec.gov/Archives/edgar/data/56868/000119312518119903/d657100d10k.htm,https://www.sec.gov/Archives/edgar/data/56868/000119312518119903/d657100d10k.htm,1620596686,17:44:46,20210509
13,2017-09-30,PNRG,USD,2017-11-17 00:00:00,2017-11-17 17:26:53,Q3,17184000.0,17700000.0,-516000.0,-0.030027932960893854,0.0,2523000.0,0.0,0.0,2523000.0,20223000.0,594000.0,0.0,4773000.0,0.2777583798882682,-3039000.0,-0.17685055865921787,359000.0,-3274000.0,-0.19052607076350092,-1384000.0,-2012000.0,-0.11708566108007448,-1.22,-1.22,1642933.0,1642933.0,https://www.sec.gov/Archives/edgar/data/56868/000119312517347112/0001193125-17-347112-index.html,https://www.sec.gov/Archives/edgar/data/56868/000119312517347112/d493877d10q.htm,1620596686,17:44:46,20210509
14,2017-06-30,PNRG,USD,2017-08-18 00:00:00,2017-08-18 16:02:01,Q2,21532000.0,18272000.0,3260000.0,0.15140256362623072,0.0,2620000.0,0.0,0.0,2620000.0,20892000.0,460000.0,0.0,8711000.0,0.40456065391045887,640000.0,0.02972320267508824,117000.0,297000.0,0.013793423741408137,124000.0,361000.0,0.01676574400891696,0.16,0.12,2283011.0,3035540.0,https://www.sec.gov/Archives/edgar/data/56868/000119312517262209/0001193125-17-262209-index.html,https://www.sec.gov/Archives/edgar/data/56868/000119312517262209/d398335d10q.htm,1620596686,17:44:46,20210509
15,2017-03-31,PNRG,USD,2017-04-18 00:00:00,2017-04-18 06:32:36,Q1,20475000.0,18060000.0,2415000.0,0.11794871794871795,0.0,1736000.0,0.0,0.0,1736000.0,19796000.0,605000.0,0.0,8617000.0,0.42085470085470084,679000.0,0.03316239316239316,41602000.0,41676000.0,2.0354578754578756,13667000.0,22297000.0,1.088986568986569,9.77,7.35,2283011.0,3035540.0,https://www.sec.gov/Archives/edgar/data/56868/000119312517126669/0001193125-17-126669-index.html,https://www.sec.gov/Archives/edgar/data/56868/000119312517126669/d300492d10k.htm,1620596686,17:44:46,20210509
16,2016-12-31,PNRG,USD,2017-04-18,2017-04-18 06:32:36,Q4,13048000.0,20038000.0,-6990000.0,-0.5357142857142857,0.0,1164000.0,0.0,0.0,1164000.0,21202000.0,698000.0,0.0,3132000.0,0.24003678724708769,-8154000.0,-0.6249233599019006,5509000.0,-3342000.0,-0.256131207847946,-936000.0,-2145000.0,-0.16439301042305335,-0.9395486924942543,-0.9395486924942543,2283011.0,2283011.0,https://www.sec.gov/Archives/edgar/data/56868/000119312517126669/d300492d10k.htm,https://www.sec.gov/Archives/edgar/data/56868/000119312517126669/d300492d10k.htm,1620596686,17:44:46,20210509
17,2016-09-30,PNRG,USD,2016-11-14 00:00:00,2016-11-14 15:46:58,Q3,16499000.0,16255000.0,244000.0,0.01478877507727741,0.0,2405000.0,0.0,0.0,2405000.0,18660000.0,1002000.0,0.0,5147000.0,0.3119583005030608,-2161000.0,-0.13097763500818232,10546000.0,7383000.0,0.4474816655554882,2667000.0,4924000.0,0.29844232983817204,2.15,1.62,2293964.0,3047558.0,https://www.sec.gov/Archives/edgar/data/56868/000119312516767737/0001193125-16-767737-index.html,https://www.sec.gov/Archives/edgar/data/56868/000119312516767737/d112994d10q.htm,1620596686,17:44:46,20210509
18,2016-06-30,PNRG,USD,2016-08-15,2016-08-15 15:02:50,Q2,14057000.0,17127000.0,-3070000.0,-0.21839652842000426,0.0,1849000.0,0.0,0.0,1849000.0,18976000.0,939000.0,0.0,1387000.0,0.09866970192786512,-4919000.0,-0.3499324180123782,11407000.0,5549000.0,0.39474994664579927,1259000.0,2525000.0,0.1796258092053781,1.1,0.83,2294195.0,3044400.0,https://www.sec.gov/Archives/edgar/data/56868/000119312516681779/d236398d10q.htm,https://www.sec.gov/Archives/edgar/data/56868/000119312516681779/d236398d10q.htm,1620596686,17:44:46,20210509
19,2016-03-31,PNRG,USD,2016-04-08 00:00:00,2016-04-07 19:00:04,Q1,13162000.0,16847000.0,-3685000.0,-0.2799726485336575,0.0,2431000.0,0.0,0.0,2431000.0,19278000.0,868000.0,0.0,-841000.0,-0.0638960644278985,-6116000.0,-0.464671022640936,4916000.0,-2068000.0,-0.1571189788785899,-890000.0,-1860000.0,-0.14131590943625588,-0.8103950152864028,-0.6108851857714988,2295177.0,3044762.0,https://www.sec.gov/Archives/edgar/data/56868/000119312516534116/0001193125-16-534116-index.html,https://www.sec.gov/Archives/edgar/data/56868/000119312516534116/d142048d10k.htm,1620596686,17:44:46,20210509
20,2015-12-31,PNRG,USD,2016-04-08,2016-04-07 19:00:04,Q4,15311000.0,27019000.0,-11708000.0,-0.764678988962184,0.0,2996000.0,0.0,0.0,2996000.0,30015000.0,880000.0,0.0,61000.0,0.00398406374501992,-14704000.0,-0.9603553001110313,13000.0,-15571000.0,-1.0169812553066422,-5317000.0,-10209000.0,-0.6667755208673503,-4.448022962934885,-4.448022962934885,2295177.0,2295177.0,https://www.sec.gov/Archives/edgar/data/56868/000119312516534116/d142048d10k.htm,https://www.sec.gov/Archives/edgar/data/56868/000119312516534116/d142048d10k.htm,1620596686,17:44:46,20210509
21,2015-09-30,PNRG,USD,2015-11-16 00:00:00,2015-11-16 15:57:05,Q3,21498000.0,19142000.0,2356000.0,0.10959158991534096,0.0,2783000.0,0.0,0.0,2783000.0,21925000.0,881000.0,0.0,5223000.0,0.24295283282165783,-427000.0,-0.019862312773281234,156000.0,-1150000.0,-0.05349334821843892,-310000.0,-655000.0,-0.03046795050702391,-0.28,-0.28,2311873.0,2311873.0,https://www.sec.gov/Archives/edgar/data/56868/000119312515378381/0001193125-15-378381-index.html,https://www.sec.gov/Archives/edgar/data/56868/000119312515378381/d51972d10q.htm,1620596686,17:44:46,20210509
22,2015-06-30,PNRG,USD,2015-08-04 00:00:00,2015-08-04 16:55:52,Q2,19502000.0,19056000.0,446000.0,0.02286944928725259,0.0,3121000.0,0.0,0.0,3121000.0,22177000.0,927000.0,0.0,3011000.0,0.15439442108501691,-2675000.0,-0.13716541893139164,728000.0,-2874000.0,-0.14736950056404471,-1036000.0,-1933000.0,-0.09911803917546919,-0.84,-0.84,2313963.0,2313963.0,https://www.sec.gov/Archives/edgar/data/56868/000119312515276715/0001193125-15-276715-index.html,https://www.sec.gov/Archives/edgar/data/56868/000119312515276715/d34021d10q.htm,1620596686,17:44:46,20210509
23,2015-03-31,PNRG,USD,2015-05-14 00:00:00,2015-05-14 14:16:24,Q1,22795000.0,19181000.0,3614000.0,0.15854354025005485,0.0,3367000.0,0.0,0.0,3367000.0,22548000.0,939000.0,0.0,5699000.0,0.25001096731739414,247000.0,0.010835709585435402,489000.0,-203000.0,-0.008905461724062294,15000.0,13000.0,0.0005703005044966001,0.01,0.004232,2318348.0,3071984.0,https://www.sec.gov/Archives/edgar/data/56868/000119312515187690/0001193125-15-187690-index.html,https://www.sec.gov/Archives/edgar/data/56868/000119312515187690/d922841d10q.htm,1620596686,17:44:46,20210509
24,2014-12-31,PNRG,USD,2015-03-18,2015-03-18 16:27:16,Q4,44122000.0,25438000.0,18684000.0,0.42346221839445175,0.0,2641000.0,0.0,0.0,2631000.0,28069000.0,915000.0,0.0,25169000.0,0.5704410498164181,16053000.0,0.3638321018992793,492000.0,15630000.0,0.3542450478219482,5313000.0,10205000.0,0.2312905126694166,4.401841311140519,4.401841311140519,2318348.0,2318348.0,https://www.sec.gov/Archives/edgar/data/56868/000119312515097009/d881399d10k.htm,https://www.sec.gov/Archives/edgar/data/56868/000119312515097009/d881399d10k.htm,1620596686,17:44:46,20210509
25,2014-09-30,PNRG,USD,2014-11-13 00:00:00,2014-11-13 14:20:20,Q3,40744000.0,21917000.0,18827000.0,0.46208030630276853,0.0,4289000.0,0.0,0.0,2502000.0,24419000.0,984000.0,0.0,22114000.0,0.5427547614372669,16325000.0,0.400672491655213,1608000.0,16949000.0,0.41598763008050266,5617000.0,10799000.0,0.26504516002356177,4.58,3.47,2356766.0,3111613.0,https://www.sec.gov/Archives/edgar/data/56868/000119312514410896/0001193125-14-410896-index.html,https://www.sec.gov/Archives/edgar/data/56868/000119312514410896/d811852d10q.htm,1620596686,17:44:46,20210509
26,2014-06-30,PNRG,USD,2014-07-31 00:00:00,2014-07-31 10:31:23,Q2,29329000.0,20880000.0,8449000.0,0.2880766476865901,0.0,3084000.0,0.0,0.0,3084000.0,23964000.0,1040000.0,0.0,10971000.0,0.3740666234784684,5365000.0,0.18292475024719562,842000.0,5167000.0,0.17617375294077534,1436000.0,3233000.0,0.11023219339220566,1.37,1.04,2365764.0,3119084.0,https://www.sec.gov/Archives/edgar/data/56868/000119312514288564/0001193125-14-288564-index.html,https://www.sec.gov/Archives/edgar/data/56868/000119312514288564/d755021d10q.htm,1620596686,17:44:46,20210509
27,2014-03-31,PNRG,USD,2014-05-07 00:00:00,2014-05-07 09:56:17,Q1,30385000.0,22786000.0,7599000.0,0.2500905051834787,0.0,4446000.0,0.0,0.0,4446000.0,27232000.0,1079000.0,0.0,8506000.0,0.2799407602435412,3153000.0,0.10376830673029455,3173000.0,5247000.0,0.1726838900773408,1478000.0,2809000.0,0.09244693105150567,1.18,0.9,2380536.0,3132372.0,https://www.sec.gov/Archives/edgar/data/56868/000119312514186489/0001193125-14-186489-index.html,https://www.sec.gov/Archives/edgar/data/56868/000119312514186489/d714706d10q.htm,1620596686,17:44:46,20210509
28,2013-12-31,PNRG,USD,2014-03-26,2014-03-25 17:47:00,Q4,30837000.0,22834000.0,8003000.0,0.2595258942179849,0.0,4407000.0,0.0,0.0,4452000.0,27286000.0,1065000.0,0.0,9083000.0,0.29454875636410804,3551000.0,0.11515387359341052,297000.0,2783000.0,0.0902487271783896,883000.0,1687000.0,0.05470700781528683,0.7086639311482792,0.7086639311482792,2380536.0,2380536.0,https://www.sec.gov/Archives/edgar/data/56868/000119312514114674/d661890d10k.htm,https://www.sec.gov/Archives/edgar/data/56868/000119312514114674/d661890d10k.htm,1620596686,17:44:46,20210509
29,2013-09-30,PNRG,USD,2013-11-05 00:00:00,2013-11-05 12:06:51,Q3,29980000.0,22029000.0,7951000.0,0.2652101400933956,0.0,3864000.0,0.0,0.0,3866000.0,25895000.0,1000000.0,0.0,9262000.0,0.30893929286190797,4085000.0,0.13625750500333556,760000.0,3845000.0,0.1282521681120747,1227000.0,2232000.0,0.07444963308872582,0.92,0.71,2415303.0,3164967.0,https://www.sec.gov/Archives/edgar/data/56868/000119312513427062/0001193125-13-427062-index.html,https://www.sec.gov/Archives/edgar/data/56868/000119312513427062/d601334d10q.htm,1620596686,17:44:46,20210509
30,2013-06-30,PNRG,USD,2013-08-07 00:00:00,2013-08-07 10:39:17,Q2,37280000.0,22433000.0,14847000.0,0.3982564377682403,0.0,4348000.0,0.0,0.0,4348000.0,26781000.0,1085000.0,0.0,16768000.0,0.4497854077253219,10499000.0,0.2816255364806867,699000.0,10113000.0,0.2712714592274678,3555000.0,6094000.0,0.1634656652360515,2.51,1.92,2432717.0,3175947.0,https://www.sec.gov/Archives/edgar/data/56868/000119312513323339/0001193125-13-323339-index.html,https://www.sec.gov/Archives/edgar/data/56868/000119312513323339/d542081d10q.htm,1620596686,17:44:46,20210509
31,2013-03-31,PNRG,USD,2013-05-08 00:00:00,2013-05-08 11:47:10,Q1,26970000.0,19401000.0,7569000.0,0.2806451612903226,0.0,4040000.0,0.0,0.0,4041000.0,23442000.0,1073000.0,0.0,8413000.0,0.31193919169447537,3528000.0,0.13081201334816464,1060000.0,3517000.0,0.1304041527623285,1153000.0,2258000.0,0.08372265480163145,0.9,0.7,2499130.0,3235506.0,https://www.sec.gov/Archives/edgar/data/56868/000119312513206634/0001193125-13-206634-index.html,https://www.sec.gov/Archives/edgar/data/56868/000119312513206634/d521909d10q.htm,1620596686,17:44:46,20210509
32,2012-12-31,PNRG,USD,2013-03-27 00:00:00,2013-03-27 16:04:35,Q4,33414000.0,38870000.0,-5456000.0,-0.16328485066139942,0.0,4361000.0,0.0,0.0,-15485000.0,23385000.0,1043000.0,0.0,10653000.0,0.31881845932842523,10029000.0,0.3001436523612857,-2098000.0,6187000.0,0.18516190818219908,2191000.0,4968000.0,0.14868019393068774,1.987891786341647,1.987891786341647,2499130.0,2499130.0,https://www.sec.gov/Archives/edgar/data/56868/000119312513129339/0001193125-13-129339-index.html,https://www.sec.gov/Archives/edgar/data/56868/000119312513129339/d445183d10k.htm,1620596686,17:44:46,20210509
33,2012-09-30,PNRG,USD,2012-11-09 00:00:00,2012-11-09 13:21:02,Q3,28871000.0,13622000.0,15249000.0,0.5281770634893146,0.0,3823000.0,0.0,0.0,9707000.0,23329000.0,947000.0,0.0,11464000.0,0.3970766513110041,5542000.0,0.19195732742198054,-2611000.0,2022000.0,0.07003567593779225,464000.0,1342000.0,0.04648262962834678,0.51,0.4,2608319.0,3345481.0,https://www.sec.gov/Archives/edgar/data/56868/000119312512462664/0001193125-12-462664-index.html,https://www.sec.gov/Archives/edgar/data/56868/000119312512462664/d398657d10q.htm,1620596686,17:44:46,20210509
34,2012-06-30,PNRG,USD,2012-08-09 00:00:00,2012-08-09 13:03:19,Q2,28327000.0,14336000.0,13991000.0,0.49391040350195925,0.0,3797000.0,0.0,0.0,10926000.0,25262000.0,831000.0,0.0,10227000.0,0.36103364281427613,3065000.0,0.10820065661736153,9101000.0,11373000.0,0.4014897447664772,3814000.0,7423000.0,0.26204681046351536,2.81,2.2,2637825.0,3371904.0,https://www.sec.gov/Archives/edgar/data/56868/000119312512346613/0001193125-12-346613-index.html,https://www.sec.gov/Archives/edgar/data/56868/000119312512346613/d351786d10q.htm,1620596686,17:44:46,20210509
35,2012-03-31,PNRG,USD,2012-05-09 00:00:00,2012-05-09 14:16:09,Q1,27292000.0,13885000.0,13407000.0,0.49124285504909865,0.0,3889000.0,0.0,0.0,10732000.0,24617000.0,756000.0,0.0,9523000.0,0.3489300894034882,2675000.0,0.0980140700571596,119000.0,2048000.0,0.07504030485123846,387000.0,1323000.0,0.04847574380770922,0.49,0.39,2692042.0,3424438.0,https://www.sec.gov/Archives/edgar/data/56868/000119312512221567/0001193125-12-221567-index.html,https://www.sec.gov/Archives/edgar/data/56868/000119312512221567/d336887d10q.htm,1620596686,17:44:46,20210509
36,2011-12-31,PNRG,USD,2012-03-29 00:00:00,2012-03-28 19:11:30,Q4,33419000.0,15082000.0,18337000.0,0.5486998414075825,0.0,4674000.0,0.0,0.0,12167000.0,27249000.0,676000.0,0.0,13993000.0,0.41871390526347285,6170000.0,0.18462551243304706,-6759000.0,-912000.0,-0.027289865046829648,-1082000.0,-282000.0,-0.008438313534217062,-0.10475319478670837,-0.10475319478670837,2692042.0,2692042.0,https://www.sec.gov/Archives/edgar/data/56868/000119312512137874/0001193125-12-137874-index.html,https://www.sec.gov/Archives/edgar/data/56868/000119312512137874/d268195d10k.htm,1620596686,17:44:46,20210509
37,2011-09-30,PNRG,USD,2011-11-09 00:00:00,2011-11-09 12:31:32,Q3,29334000.0,14104000.0,15230000.0,0.5191927456194178,0.0,3179000.0,0.0,0.0,26085000.0,40189000.0,685000.0,0.0,13421000.0,0.457523692643349,-10855000.0,-0.37004840799072747,16806000.0,6643000.0,0.2264607622554033,1899000.0,4273000.0,0.14566714392854707,1.56,1.23,2744177.0,3474794.0,https://www.sec.gov/Archives/edgar/data/56868/000119312511303942/0001193125-11-303942-index.html,https://www.sec.gov/Archives/edgar/data/56868/000119312511303942/d234222d10q.htm,1620596686,17:44:46,20210509
38,2011-06-30,PNRG,USD,2011-08-15 00:00:00,2011-08-15 11:39:55,Q2,29497000.0,13142000.0,16355000.0,0.554463165745669,0.0,4000000.0,0.0,0.0,16002000.0,29144000.0,1139000.0,0.0,12352000.0,0.4187544496050446,353000.0,0.011967318710377326,6024000.0,5242000.0,0.17771298776146727,1571000.0,3203000.0,0.10858731396413195,1.16,0.92,2755035.0,3491774.0,https://www.sec.gov/Archives/edgar/data/56868/000119312511222541/0001193125-11-222541-index.html,https://www.sec.gov/Archives/edgar/data/56868/000119312511222541/d10q.htm,1620596686,17:44:46,20210509
39,2011-03-31,PNRG,USD,2011-04-08 00:00:00,2011-04-07 20:10:52,Q1,18771000.0,11811000.0,6960000.0,0.37078472111235417,0.0,3037000.0,0.0,0.0,9074000.0,20885000.0,1211000.0,0.0,4003000.0,0.21325448830643012,-2114000.0,-0.11262053167119493,222000.0,-3022000.0,-0.16099302114964573,-1113000.0,-2382000.0,-0.1268978743806936,-0.86,-0.86,2779348.0,2779348.0,https://www.sec.gov/Archives/edgar/data/56868/000119312511091536/0001193125-11-091536-index.html,https://www.sec.gov/Archives/edgar/data/56868/000119312511091536/d10k.htm,1620596686,17:44:46,20210509
40,2010-12-31,PNRG,USD,2011-04-08,2011-04-07 20:10:52,Q4,27416000.0,13900000.0,13516000.0,0.4929967901955063,0.0,3647000.0,0.0,0.0,25133000.0,39033000.0,1384000.0,0.0,11834000.0,0.43164575430405605,-11617000.0,-0.42373066822293554,0.0,-11000000.0,-0.4012255617157864,-3774000.0,-7720000.0,-0.2815873942223519,-2.7776298613919526,-2.7776298613919526,2779348.0,2779348.0,https://www.sec.gov/Archives/edgar/data/56868/000119312511091536/d10k.htm,https://www.sec.gov/Archives/edgar/data/56868/000119312511091536/d10k.htm,1620596686,17:44:46,20210509
41,2010-09-30,PNRG,USD,2010-11-15 00:00:00,2010-11-15 16:42:12,Q3,24119000.0,11329000.0,12790000.0,0.5302873253451635,0.0,3840000.0,0.0,0.0,11236000.0,22565000.0,1633000.0,0.0,10209000.0,0.42327625523446244,1554000.0,0.06443053194576889,0.0,1267000.0,0.052531199469298066,142000.0,798000.0,0.03308594883701646,0.28,0.22,2870453.0,3596622.0,https://www.sec.gov/Archives/edgar/data/56868/000119312510260764/0001193125-10-260764-index.html,https://www.sec.gov/Archives/edgar/data/56868/000119312510260764/d10q.htm,1620596686,17:44:46,20210509
42,2010-06-30,PNRG,USD,2010-08-16 00:00:00,2010-08-16 17:09:05,Q2,32914000.0,11933000.0,20981000.0,0.6374491098013003,0.0,2945000.0,0.0,0.0,10240000.0,22173000.0,1640000.0,0.0,18359000.0,0.5577869599562496,10741000.0,0.3263352980494622,0.0,9428000.0,0.2864434587105791,2925000.0,6235000.0,0.1894330679953819,2.09,1.68,2964696.0,3694390.0,https://www.sec.gov/Archives/edgar/data/56868/000119312510190379/0001193125-10-190379-index.html,https://www.sec.gov/Archives/edgar/data/56868/000119312510190379/d10q.htm,1620596686,17:44:46,20210509
43,2010-03-31,PNRG,USD,2010-04-15 00:00:00,2010-04-15 17:21:22,Q1,32347000.0,12137000.0,20210000.0,0.6247874609701054,0.0,3032000.0,0.0,0.0,12637000.0,24774000.0,1993000.0,0.0,17222000.0,0.5324141342319226,7573000.0,0.2341175379478777,0.0,5591000.0,0.17284446780226914,1709000.0,3440000.0,0.10634680186725198,1.14,0.91,3028993.0,3768718.0,https://www.sec.gov/Archives/edgar/data/56868/000119312510084459/0001193125-10-084459-index.html,https://www.sec.gov/Archives/edgar/data/56868/000119312510084459/d10k.htm,1620596686,17:44:46,20210509
44,2009-12-31,PNRG,USD,2010-04-15,2010-04-15 17:21:22,Q4,20629000.0,11383000.0,9246000.0,0.4482039846817587,0.0,3360000.0,0.0,0.0,27720000.0,39103000.0,2076000.0,0.0,5478000.0,0.26554849968490957,-18474000.0,-0.8955354113141694,0.0,-20755000.0,-1.0061079063454361,-7530000.0,-13712000.0,-0.664695331814436,-4.526917031501888,-4.526917031501888,3028993.0,3028993.0,https://www.sec.gov/Archives/edgar/data/56868/000119312510084459/d10k.htm,https://www.sec.gov/Archives/edgar/data/56868/000119312510084459/d10k.htm,1620596686,17:44:46,20210509
45,2009-09-30,PNRG,USD,2009-11-13 00:00:00,2009-11-13 15:18:07,Q3,23300000.0,11839000.0,11461000.0,0.4918884120171674,0.0,2878000.0,0.0,0.0,12454000.0,24293000.0,2162000.0,0.0,8478000.0,0.363862660944206,-993000.0,-0.042618025751072965,0.0,-3136000.0,-0.13459227467811158,-1165000.0,-2315000.0,-0.09935622317596567,-0.76,-0.76,3036446.0,3036446.0,https://www.sec.gov/Archives/edgar/data/56868/000119312509234163/0001193125-09-234163-index.html,https://www.sec.gov/Archives/edgar/data/56868/000119312509234163/d10q.htm,1620596686,17:44:46,20210509
46,2009-06-30,PNRG,USD,2009-08-14 00:00:00,2009-08-14 09:29:40,Q2,22786000.0,12590000.0,10196000.0,0.44746774335118056,0.0,2757000.0,0.0,0.0,14732000.0,27322000.0,1569000.0,0.0,5960000.0,0.2615641183182656,-4536000.0,-0.19906960414289476,0.0,-5973000.0,-0.26213464407969805,-1987000.0,-4154000.0,-0.18230492407618712,-1.365998476158657,-1.0965305919892554,3040999.0,3788312.0,https://www.sec.gov/Archives/edgar/data/56868/000119312509175301/0001193125-09-175301-index.html,https://www.sec.gov/Archives/edgar/data/56868/000119312509175301/d10q.htm,1620596686,17:44:46,20210509
47,2009-03-31,PNRG,USD,2009-04-03 00:00:00,2009-04-03 13:36:35,Q1,23277000.0,12292000.0,10985000.0,0.4719250762555312,0.0,2857000.0,0.0,0.0,14631000.0,26923000.0,1566000.0,0.0,8228000.0,0.3534819779181166,-3646000.0,-0.15663530523692915,0.0,-5106000.0,-0.2193581647119474,-1623000.0,-3498000.0,-0.15027709756411908,-1.148864683249336,-0.9230201705502736,3044745.0,3789733.0,https://www.sec.gov/Archives/edgar/data/56868/000119312509072467/0001193125-09-072467-index.html,https://www.sec.gov/Archives/edgar/data/56868/000119312509072467/d10k.htm,1620596686,17:44:46,20210509
48,2008-12-31,PNRG,USD,2009-04-03,2009-04-03 13:36:35,Q4,34876000.0,15012000.0,19864000.0,0.5695607294414498,0.0,3328000.0,0.0,0.0,31135000.0,46147000.0,1782000.0,0.0,10688000.0,0.30645716251863747,-11271000.0,-0.32317352907443514,-70000.0,-12862000.0,-0.3687922926941163,-4581000.0,-8281000.0,-0.2374412203234316,-2.719767993707191,-2.719767993707191,3044745.0,3044745.0,https://www.sec.gov/Archives/edgar/data/56868/000119312509072467/d10k.htm,https://www.sec.gov/Archives/edgar/data/56868/000119312509072467/d10k.htm,1620596686,17:44:46,20210509
49,2008-09-30,PNRG,USD,2008-11-19 00:00:00,2008-11-19 17:11:42,Q3,42365000.0,16516000.0,25849000.0,0.6101498878791455,0.0,3894000.0,0.0,0.0,19074000.0,35590000.0,1809000.0,15119000.0,21894000.0,0.5167945237814233,6775000.0,0.1599197450725835,155000.0,3261000.0,0.07697391714858964,1189000.0,2072000.0,0.04890829694323144,0.68,0.54,3820714.0,3837037.0,https://www.sec.gov/Archives/edgar/data/56868/000119312508239372/0001193125-08-239372-index.html,https://www.sec.gov/Archives/edgar/data/56868/000119312508239372/d10q.htm,1620596686,17:44:46,20210509
50,2008-06-30,PNRG,USD,2008-08-14 00:00:00,2008-08-14 11:57:47,Q2,45506000.0,15183000.0,30323000.0,0.6663516898870478,0.0,3905000.0,0.0,0.0,22536000.0,37719000.0,1929000.0,18724000.0,26511000.0,0.5825825165912187,7787000.0,0.17112029182964883,-357000.0,5939000.0,0.13051026238298247,2011000.0,3928000.0,0.0863182876983255,1.28,1.03,3057831.0,3811394.0,https://www.sec.gov/Archives/edgar/data/56868/000119312508177798/0001193125-08-177798-index.html,https://www.sec.gov/Archives/edgar/data/56868/000119312508177798/d10q.htm,1620596686,17:44:46,20210509
51,2008-03-31,PNRG,USD,2008-05-15 00:00:00,2008-05-15 17:15:24,Q1,39916000.0,13412000.0,26504000.0,0.663994388215252,0.0,3128000.0,0.0,0.0,20228000.0,33640000.0,2447000.0,16966000.0,23242000.0,0.5822727728229281,6276000.0,0.15723018338510872,-15000.0,3948000.0,0.09890770618298426,1327000.0,2621000.0,0.06566289207335405,0.85,0.68,3083529.0,3854412.0,https://www.sec.gov/Archives/edgar/data/56868/000005686808000006/0000056868-08-000006-index.html,https://www.sec.gov/Archives/edgar/data/56868/000005686808000006/pec3200810q.htm,1620596686,17:44:46,20210509
52,2007-12-31,PNRG,USD,2008-03-27,2008-03-27 12:13:50,Q4,40113000.0,12646000.0,27467000.0,0.6847406077830129,0.0,1902000.0,0.0,0.0,23649000.0,36295000.0,3577000.0,21764000.0,25582000.0,0.6377483608805126,3818000.0,0.09518111335477276,600000.0,740000.0,0.018447884725650038,-132000.0,872000.0,0.021738588487522748,0.28279286492846345,0.28279286492846345,3083529.0,3083529.0,https://www.sec.gov/Archives/edgar/data/56868/000119312508066797/d10k.htm,https://www.sec.gov/Archives/edgar/data/56868/000119312508066797/d10k.htm,1620596686,17:44:46,20210509
53,2007-09-30,PNRG,USD,2007-11-14 00:00:00,2007-11-14 15:50:32,Q3,41910000.0,12207000.0,29703000.0,0.7087329992841804,0.0,3152000.0,0.0,0.0,25306000.0,37513000.0,3333000.0,22124000.0,26521000.0,0.6328083989501312,4397000.0,0.1049152946790742,-15000.0,1205000.0,0.028752087807205916,434000.0,771000.0,0.018396564065855405,0.24,0.2,3212500.0,3855000.0,https://www.sec.gov/Archives/edgar/data/56868/000072243907000001/0000722439-07-000001-index.html,https://www.sec.gov/Archives/edgar/data/56868/000072243907000001/pec9200710q.htm,1620596686,17:44:46,20210509
54,2007-06-30,PNRG,USD,2007-08-09 00:00:00,2007-08-09 14:33:14,Q2,36111000.0,12801000.0,23310000.0,0.6455096784913185,0.0,3680000.0,0.0,0.0,16590000.0,29391000.0,2829000.0,12910000.0,19630000.0,0.5436016726205312,6720000.0,0.1860928802857855,2830000.0,4239000.0,0.11738805350170309,1526000.0,2713000.0,0.07512946193680596,0.85,0.69,3191765.0,3931884.0,https://www.sec.gov/Archives/edgar/data/56868/000005686807000003/0000056868-07-000003-index.html,https://www.sec.gov/Archives/edgar/data/56868/000005686807000003/ex32pec62007.htm,1620596686,17:44:46,20210509
55,2007-03-31,PNRG,USD,2007-04-02 00:00:00,2007-04-02 13:05:17,Q1,28738000.0,11465000.0,17273000.0,0.6010508734080312,0.0,3110000.0,0.0,0.0,10800000.0,22265000.0,0.0,7690000.0,14163000.0,0.4928317906604496,6473000.0,0.22524184007237805,2593000.0,5053000.0,0.1758299116152829,1819000.0,3234000.0,0.11253392720439835,1.01,0.82,3201980.0,3943902.0,https://www.sec.gov/Archives/edgar/data/56868/000095013407007227/0000950134-07-007227-index.html,https://www.sec.gov/Archives/edgar/data/56868/000095013407007227/d44173e10vk.htm,1620596686,17:44:46,20210509
56,2006-12-31,PNRG,USD,2007-04-02 00:00:00,2007-04-02 13:05:17,Q4,21177000.0,10411000.0,10766000.0,0.508381734901072,0.0,3271000.0,0.0,0.0,6887000.0,17298000.0,493000.0,734000.0,4613000.0,0.2178306653444775,3879000.0,0.1831704207394815,-12000.0,3374000.0,0.15932379468291072,981000.0,2393000.0,0.1129999527789583,0.7473500771397698,0.7473500771397698,3201980.0,3201980.0,https://www.sec.gov/Archives/edgar/data/56868/000095013407007227/0000950134-07-007227-index.html,https://www.sec.gov/Archives/edgar/data/56868/000095013407007227/d44173e10vk.htm,1620596686,17:44:46,20210509
57,2006-09-30,PNRG,USD,2006-11-14,2006-11-14 15:40:11,Q3,24842000.0,9814000.0,15028000.0,0.6049432412849207,0.0,2448000.0,0.0,0.0,5978000.0,15792000.0,937000.0,5884000.0,14934000.0,0.6011593269463006,9050000.0,0.3643023911118267,2925000.0,11038000.0,0.44432815393285563,4429000.0,6609000.0,0.26604138153127765,2.02,1.64,3271782.0,4029878.0,https://www.sec.gov/Archives/edgar/data/56868/000005686806000008/pec9200610q.htm,https://www.sec.gov/Archives/edgar/data/56868/000005686806000008/pec9200610q.htm,1620596686,17:44:46,20210509
58,2006-06-30,PNRG,USD,2006-08-14,2006-08-14 16:08:55,Q2,21352000.0,8653000.0,12699000.0,0.5947452229299363,0.0,4000000.0,0.0,0.0,4995000.0,13648000.0,208000.0,4502000.0,12206000.0,0.571656050955414,7704000.0,0.3608092918696141,2963000.0,7579000.0,0.354955039340577,2259000.0,5320000.0,0.24915698763581867,1.61,1.31,3304348.0,4061069.0,https://www.sec.gov/Archives/edgar/data/56868/000005686806000007/pec6200610q.htm,https://www.sec.gov/Archives/edgar/data/56868/000005686806000007/pec6200610q.htm,1620596686,17:44:46,20210509
59,2006-03-31,PNRG,USD,2006-05-15,2006-05-15 16:22:51,Q1,22636000.0,9120000.0,13516000.0,0.5971019614772928,0.0,3364000.0,0.0,0.0,6565000.0,15685000.0,453000.0,3317000.0,10268000.0,0.45361371267008305,6951000.0,0.3070772221240502,21000.0,6519000.0,0.28799257819402724,2541000.0,3978000.0,0.1757377628556282,1.2,0.98,3315000.0,4059184.0,https://www.sec.gov/Archives/edgar/data/56868/000095013406006803/d34472e10vk.htm,https://www.sec.gov/Archives/edgar/data/56868/000095013406006803/d34472e10vk.htm,1620596686,17:44:46,20210509
60,2005-12-31,PNRG,USD,2006-04-06,2006-04-06 15:48:44,Q4,22967000.0,9064000.0,13903000.0,0.6053468019332086,0.0,2093000.0,0.0,0.0,4559000.0,13623000.0,277000.0,2466000.0,11810000.0,0.5142160491139461,9344000.0,0.40684460312622456,-4931000.0,9074000.0,0.3950886053903427,2247000.0,6827000.0,0.29725257978839204,2.0594268476621416,2.0594268476621416,3315000.0,3315000.0,https://www.sec.gov/Archives/edgar/data/56868/000095013406006803/d34472e10vk.htm,https://www.sec.gov/Archives/edgar/data/56868/000095013406006803/d34472e10vk.htm,1620596686,17:44:46,20210509
61,2005-09-30,PNRG,USD,2005-11-14,2005-11-14 16:40:47,Q3,19293000.0,7973000.0,11320000.0,0.5867413051365781,0.0,4219000.0,0.0,0.0,6894000.0,14867000.0,0.0,2675000.0,7101000.0,0.3680609547504276,4426000.0,0.2294096304359094,21926000.0,24256000.0,1.2572435598403566,9702000.0,14554000.0,0.7543668688125227,4.32,3.54,3368981.0,4111299.0,https://www.sec.gov/Archives/edgar/data/56868/000005686805000002/pec10q9-2005v5.htm,https://www.sec.gov/Archives/edgar/data/56868/000005686805000002/pec10q9-2005v5.htm,1620596686,17:44:46,20210509
62,2005-06-30,PNRG,USD,2005-08-15,2005-08-15 16:36:05,Q2,17882000.0,8044000.0,9838000.0,0.5501621742534392,0.0,2224000.0,0.0,0.0,5260000.0,13304000.0,474000.0,3034000.0,7612000.0,0.42567945419975395,4578000.0,0.25601163180852254,-532000.0,3859000.0,0.21580360138686946,1544000.0,2315000.0,0.12945979196957835,0.68,0.56,3404412.0,4133929.0,https://www.sec.gov/Archives/edgar/data/56868/000005686805000001/pec10q6-2005bac3.htm,https://www.sec.gov/Archives/edgar/data/56868/000005686805000001/pec10q6-2005bac3.htm,1620596686,17:44:46,20210509
63,2005-03-31,PNRG,USD,2005-05-17,2005-05-16 17:47:16,Q1,16091000.0,6947000.0,9144000.0,0.5682679758871418,0.0,1957000.0,0.0,0.0,5056000.0,12003000.0,353000.0,3099000.0,7187000.0,0.4466471940836492,4088000.0,0.25405506183580884,30000.0,3765000.0,0.23398172891678579,1506000.0,2259000.0,0.14038903735007147,0.65,0.54,3475385.0,4183333.0,https://www.sec.gov/Archives/edgar/data/56868/000095013405006966/d22569e10vk.htm,https://www.sec.gov/Archives/edgar/data/56868/000095013405006966/d22569e10vk.htm,1620596686,17:44:46,20210509
64,2004-12-31,PNRG,USD,2005-04-06,2005-04-06 16:22:32,Q4,17319000.0,6307000.0,11012000.0,0.635833477683469,0.0,2789000.0,0.0,0.0,7101000.0,13408000.0,331000.0,4026000.0,7937000.0,0.45828281078584215,3911000.0,0.22582135227207115,14000.0,3925000.0,0.22662971303193025,792000.0,3133000.0,0.18089959004561465,0.9014828572949471,0.9014828572949471,3475385.0,3475385.0,https://www.sec.gov/Archives/edgar/data/56868/000095013405006966/d22569e10vk.htm,https://www.sec.gov/Archives/edgar/data/56868/000095013405006966/d22569e10vk.htm,1620596686,17:44:46,20210509
65,2004-09-30,PNRG,USD,2004-11-12,2004-11-12 14:37:17,Q3,15909000.0,7822000.0,8087000.0,0.5083286190206802,0.0,1879000.0,0.0,0.0,5383000.0,13205000.0,0.0,2532000.0,5236000.0,0.32912188069646114,2704000.0,0.16996668552391728,-2000.0,2702000.0,0.16984097051983155,946000.0,1756000.0,0.11037777358727764,0.5,0.41,3512000.0,4282927.0,https://www.sec.gov/Archives/edgar/data/56868/000005686804000003/pec9-3010q.htm,https://www.sec.gov/Archives/edgar/data/56868/000005686804000003/pec9-3010q.htm,1620596686,17:44:46,20210509
66,2004-06-30,PNRG,USD,2004-08-13,2004-08-13 13:13:23,Q2,15430000.0,7373000.0,8057000.0,0.5221646143875567,0.0,3061000.0,0.0,0.0,6083000.0,13456000.0,265000.0,3070000.0,5044000.0,0.3268956578094621,1974000.0,0.12793259883344135,48000.0,2022000.0,0.13104342190537913,790000.0,1232000.0,0.07984445884640311,0.34,0.29,3623529.0,4248276.0,https://www.sec.gov/Archives/edgar/data/56868/000005686804000002/pec-62004.htm,https://www.sec.gov/Archives/edgar/data/56868/000005686804000002/pec-62004.htm,1620596686,17:44:46,20210509
67,2004-03-31,PNRG,USD,2004-05-14,2004-05-14 15:26:05,Q1,13771000.0,8359000.0,5412000.0,0.3929997821508968,0.0,1323000.0,0.0,0.0,3778000.0,12137000.0,224000.0,2528000.0,4162000.0,0.3022293224892891,1634000.0,0.11865514486965362,15000.0,1649000.0,0.11974439038559291,495000.0,1154000.0,0.08379928835959626,0.32,0.27,3606250.0,4274074.0,https://www.sec.gov/Archives/edgar/data/56868/000095013404004499/d13330e10vk.htm,https://www.sec.gov/Archives/edgar/data/56868/000095013404004499/d13330e10vk.htm,1620596686,17:44:46,20210509
68,2003-12-31,PNRG,USD,2004-03-31,2004-03-31 16:25:08,Q4,13164000.0,8104000.0,5060000.0,0.38438164691583104,0.0,1042000.0,0.0,0.0,3095000.0,11199000.0,231000.0,2205000.0,4170000.0,0.31677301731996355,1965000.0,0.14927073837739288,160000.0,1936000.0,0.1470677605591006,891000.0,1045000.0,0.07938316621087815,0.2897746967071057,0.2897746967071057,3606250.0,3606250.0,https://www.sec.gov/Archives/edgar/data/56868/000095013404004499/d13330e10vk.htm,https://www.sec.gov/Archives/edgar/data/56868/000095013404004499/d13330e10vk.htm,1620596686,17:44:46,20210509
69,2003-09-30,PNRG,USD,2003-11-14,2003-11-14 16:24:37,Q3,12464000.0,6884000.0,5580000.0,0.44768934531450577,0.0,1666000.0,0.0,0.0,3583000.0,10467000.0,195000.0,1981000.0,3978000.0,0.3191591784338896,1997000.0,0.1602214377406932,88000.0,2085000.0,0.16728177150192555,320000.0,1765000.0,0.14160783055198972,0.48,0.41,3677083.0,4304878.0,https://www.sec.gov/Archives/edgar/data/56868/000005686803000003/pec10q9-2003.htm,https://www.sec.gov/Archives/edgar/data/56868/000005686803000003/pec10q9-2003.htm,1620596686,17:44:46,20210509
70,2003-06-30,PNRG,USD,2003-08-14,2003-08-14 15:29:30,Q2,10934000.0,6394000.0,4540000.0,0.4152185842326687,0.0,1229000.0,0.0,0.0,2859000.0,9253000.0,0.0,1723000.0,3404000.0,0.31132248033656484,1681000.0,0.1537406255716115,5000.0,1686000.0,0.15419791476129505,619000.0,1067000.0,0.09758551307847083,0.29,0.25,3679310.0,4268000.0,https://www.sec.gov/Archives/edgar/data/56868/000005686803000002/pec10q62003prelim.htm,https://www.sec.gov/Archives/edgar/data/56868/000005686803000002/pec10q62003prelim.htm,1620596686,17:44:46,20210509
71,2003-03-31,PNRG,USD,2003-05-15,2003-05-15 14:51:56,Q1,11818000.0,6384000.0,5434000.0,0.45980707395498394,0.0,1514000.0,0.0,0.0,3009000.0,9393000.0,0.0,1616000.0,4041000.0,0.3419360297850736,2425000.0,0.20519546454560839,16000.0,2441000.0,0.20654933152817737,615000.0,1826000.0,0.15451006938568285,0.49,0.42,3726531.0,4347619.0,https://www.sec.gov/Archives/edgar/data/56868/000005686803000001/q32003pecdtd5142003.htm,https://www.sec.gov/Archives/edgar/data/56868/000005686803000001/q32003pecdtd5142003.htm,1620596686,17:44:46,20210509
72,2002-12-31,PNRG,USD,2002-12-31,2002-12-31,Q4,9839000.0,5956000.0,3883000.0,0.3946539282447403,0.0,2073000.0,0.0,0.0,3064000.0,9020000.0,202000.0,1159000.0,1978000.0,0.20103669072060168,819000.0,0.08324016668360605,393000.0,716000.0,0.07277162313243216,146000.0,570000.0,0.05793271673950605,0.15295726776457783,0.15295726776457783,3726531.0,3726531.0,,,1620596686,17:44:46,20210509
73,2002-09-30,PNRG,USD,2002-11-14,2002-11-14 16:48:36,Q3,9431000.0,6326000.0,3105000.0,0.32923337928109425,0.0,956000.0,0.0,0.0,2317000.0,8643000.0,195000.0,1624000.0,2412000.0,0.2557523062241544,788000.0,0.08355423603011346,14000.0,802000.0,0.08503870215247587,160000.0,642000.0,0.06807337503976249,0.17,0.15,3776471.0,4280000.0,https://www.sec.gov/Archives/edgar/data/56868/000005686802000021/qtr3pecqaf.htm,https://www.sec.gov/Archives/edgar/data/56868/000005686802000021/qtr3pecqaf.htm,1620596686,17:44:46,20210509
74,2002-06-30,PNRG,USD,2002-08-14 00:00:00,2002-08-14 14:25:52,Q2,8399000.0,5732000.0,2667000.0,0.31753780211929994,0.0,990000.0,0.0,0.0,2074000.0,7806000.0,197000.0,1230000.0,1823000.0,0.21704964876771043,593000.0,0.07060364329086796,1000.0,594000.0,0.07072270508393856,119000.0,475000.0,0.05655435170853673,0.13,0.11,3653846.0,4318182.0,https://www.sec.gov/Archives/edgar/data/56868/000005686802000018/0000056868-02-000018-index.html,https://www.sec.gov/Archives/edgar/data/56868/000005686802000018/qtr2pecq.htm,1620596686,17:44:46,20210509
75,2002-03-31,PNRG,USD,2002-04-01 00:00:00,2002-04-01 00:00:00,Q1,7716000.0,6111000.0,1605000.0,0.20800933125972007,0.0,867000.0,0.0,0.0,1520000.0,7631000.0,172000.0,1218000.0,1303000.0,0.1688698807672369,85000.0,0.011016070502851218,3000.0,88000.0,0.011404872991187144,18000.0,70000.0,0.009072058061171591,0.02,0.02,3500000.0,3500000.0,https://www.sec.gov/Archives/edgar/data/56868/000095013402003070/0000950134-02-003070-index.html,https://www.sec.gov/Archives/edgar/data/56868/000095013402003070/d95488e10-k.txt,1620596686,17:44:46,20210509
76,2001-12-31,PNRG,USD,2001-12-31,2001-12-31,Q4,8693000.0,5854000.0,2839000.0,0.3265846083055332,0.0,2321000.0,0.0,0.0,2906000.0,8760000.0,166000.0,899000.0,832000.0,0.09570919130334753,-67000.0,-0.007707350741976302,439000.0,14000.0,0.0016104911998159439,-193000.0,207000.0,0.02381226274013574,0.05914285714285714,0.05914285714285714,3500000.0,3500000.0,,,1620596686,17:44:46,20210509
77,2001-09-30,PNRG,USD,2001-11-13 00:00:00,2001-11-13 00:00:00,Q3,10027000.0,6535000.0,3492000.0,0.34825969881320434,0.0,929000.0,0.0,0.0,2490000.0,9025000.0,203000.0,1715000.0,2717000.0,0.2709683853595293,1002000.0,0.0999301884910741,48000.0,1050000.0,0.10471726338885011,420000.0,630000.0,0.06283035803331007,0.16,0.14,3937500.0,4500000.0,https://www.sec.gov/Archives/edgar/data/56868/000005686801500003/0000056868-01-500003-index.html,https://www.sec.gov/Archives/edgar/data/56868/000005686801500003/q3qtraf.htm,1620596686,17:44:46,20210509
78,2001-06-30,PNRG,USD,2001-08-10 00:00:00,2001-08-10 00:00:00,Q2,10975000.0,5961000.0,5014000.0,0.45685649202733486,0.0,1223000.0,0.0,0.0,2737000.0,8698000.0,234000.0,1680000.0,3957000.0,0.3605466970387244,2277000.0,0.20747152619589979,37000.0,2314000.0,0.21084282460136675,743000.0,1571000.0,0.14314350797266515,0.41,0.34,3831707.0,4620588.0,https://www.sec.gov/Archives/edgar/data/56868/000005686801500002/0000056868-01-500002-index.html,https://www.sec.gov/Archives/edgar/data/56868/000005686801500002/qtwosndc.htm,1620596686,17:44:46,20210509
79,2001-03-31,PNRG,USD,2001-05-11 00:00:00,2001-05-11 00:00:00,Q1,12217000.0,6100000.0,6117000.0,0.5006957518212327,0.0,1100000.0,0.0,0.0,2361000.0,8461000.0,293000.0,1305000.0,5061000.0,0.41425881967749856,3756000.0,0.30744045182941804,198000.0,3756000.0,0.30744045182941804,751000.0,3005000.0,0.24596873209462225,0.76,0.64,3953947.0,4695312.0,https://www.sec.gov/Archives/edgar/data/56868/000035644801500002/0000356448-01-500002-index.html,https://www.sec.gov/Archives/edgar/data/56868/000035644801500002/qsb_af.htm,1620596686,17:44:46,20210509
80,2000-12-31,PNRG,USD,2001-04-02,2001-04-02,Q4,11420000.0,6304000.0,5116000.0,0.4479859894921191,0.0,1481000.0,0.0,0.0,3454000.0,9758000.0,340000.0,1973000.0,3635000.0,0.3183012259194396,1662000.0,0.1455341506129597,244000.0,1467000.0,0.12845884413309983,246000.0,1221000.0,0.10691768826619966,0.3088053532331111,0.3088053532331111,3953947.0,3953947.0,https://www.sec.gov/Archives/edgar/data/56868/000095013401003010/0000950134-01-003010-index.htm,https://www.sec.gov/Archives/edgar/data/56868/000095013401003010/d85595e10ksb.txt,1620596686,17:44:46,20210509
81,2000-09-30,PNRG,USD,2000-09-30,2000-09-30,Q3,11002000.0,5562000.0,5440000.0,0.4944555535357208,0.0,845000.0,0.0,0.0,2558000.0,8120000.0,388000.0,1713000.0,4595000.0,0.4176513361207053,2882000.0,0.2619523722959462,2000.0,2607000.0,0.2369569169241956,313000.0,2294000.0,0.20850754408289401,0.54,0.47,4248148.0,4880851.0,,,1620596686,17:44:46,20210509
82,2000-06-30,PNRG,USD,2000-06-30,2000-06-30,Q2,8728000.0,4858000.0,3870000.0,0.4434005499541705,0.0,814000.0,0.0,0.0,2055000.0,6913000.0,0.0,1240000.0,3055000.0,0.35002291475710356,1815000.0,0.2079514207149404,13000.0,1514000.0,0.1734647112740605,182000.0,1332000.0,0.15261228230980753,0.31,0.27,4296774.0,4933333.0,,,1620596686,17:44:46,20210509
83,2000-03-31,PNRG,USD,2000-05-15 00:00:00,2000-05-15 00:00:00,Q1,7712000.0,4482000.0,3230000.0,0.41882780082987553,0.0,1187000.0,0.0,0.0,2261000.0,6743000.0,378000.0,1074000.0,2043000.0,0.2649118257261411,969000.0,0.12564834024896265,-2000.0,589000.0,0.07637448132780084,71000.0,518000.0,0.06716804979253112,0.12,0.1,4316667.0,5180000.0,https://www.sec.gov/Archives/edgar/data/56868/000072243900000008/0000722439-00-000008-index.html,https://www.sec.gov/Archives/edgar/data/56868/0000722439-00-000008.txt,1620596686,17:44:46,20210509
84,1999-12-31,PNRG,USD,1999-12-31,1999-12-31,Q4,7362000.0,3397000.0,3965000.0,0.5385764737842977,0.0,3652000.0,0.0,0.0,5381000.0,8778000.0,0.0,1729000.0,313000.0,0.042515620755229556,-1416000.0,-0.19233903830480847,0.0,0.0,0.0,0.0,-1738000.0,-0.2360771529475686,-0.4026254515347142,-0.4026254515347142,4316667.0,4316667.0,,,1620596686,17:44:46,20210509
85,1999-09-30,PNRG,USD,1999-09-30,1999-09-30,Q3,6500000.0,3600000.0,2900000.0,0.4461538461538462,0.0,900000.0,0.0,0.0,2400000.0,6000000.0,400000.0,1600000.0,2100000.0,0.3230769230769231,500000.0,0.07692307692307693,0.0,0.0,0.0,0.0,0.0,0.0,0.0,0.0,4000000.0,4000000.0,,,1620596686,17:44:46,20210509
86,1999-06-30,PNRG,USD,1999-06-30,1999-06-30,Q2,6000000.0,3700000.0,2300000.0,0.38333333333333336,0.0,600000.0,0.0,0.0,2000000.0,5700000.0,0.0,1400000.0,1700000.0,0.2833333333333333,300000.0,0.05,0.0,0.0,0.0,0.0,0.0,0.0,0.0,0.0,5000000.0,5000000.0,,,1620596686,17:44:46,20210509
87,1999-03-31,PNRG,USD,1999-05-14,1999-05-14,Q1,5300000.0,4100000.0,1200000.0,0.22641509433962265,0.0,600000.0,0.0,0.0,1400000.0,5500000.0,300000.0,800000.0,600000.0,0.11320754716981132,-200000.0,-0.03773584905660377,0.0,0.0,0.0,0.0,-500000.0,-0.09433962264150944,-0.1,-0.1,5000000.0,5000000.0,https://www.sec.gov/Archives/edgar/data/56868/0000722439-99-000007-index.html,https://www.sec.gov/Archives/edgar/data/56868/,1620596686,17:44:46,20210509
88,1998-12-31,PNRG,USD,1998-12-31,1998-12-31,Q4,5600000.0,4400000.0,1200000.0,0.21428571428571427,0.0,500000.0,0.0,0.0,3700000.0,8100000.0,200000.0,3200000.0,700000.0,0.125,-2500000.0,-0.44642857142857145,300000.0,0.0,0.0,0.0,-2000000.0,-0.35714285714285715,-0.4,-0.4,5000000.0,5000000.0,,,1620596686,17:44:46,20210509
89,1998-09-30,PNRG,USD,1998-09-30,1998-09-30,Q3,6100000.0,3700000.0,2400000.0,0.39344262295081966,0.0,800000.0,0.0,0.0,2200000.0,5900000.0,300000.0,1400000.0,1600000.0,0.26229508196721313,200000.0,0.03278688524590164,200000.0,0.0,0.0,0.0,0.0,0.0,0.0,0.0,4285714.0,5000000.0,,,1620596686,17:44:46,20210509
90,1998-06-30,PNRG,USD,1998-08-13,1998-08-13,Q2,6500000.0,3900000.0,2600000.0,0.4,0.0,800000.0,0.0,0.0,2100000.0,6000000.0,0.0,1300000.0,1800000.0,0.27692307692307694,500000.0,0.07692307692307693,0.0,0.0,0.0,0.0,200000.0,0.03076923076923077,0.05,0.04,4000000.0,5000000.0,https://www.sec.gov/Archives/edgar/data/56868/0000722439-98-000004-index.html,https://www.sec.gov/Archives/edgar/data/56868/,1620596686,17:44:46,20210509
91,1998-03-31,PNRG,USD,1998-03-31,1998-03-31,Q1,6200000.0,3700000.0,2500000.0,0.4032258064516129,0.0,900000.0,0.0,0.0,2000000.0,5700000.0,0.0,1100000.0,1600000.0,0.25806451612903225,500000.0,0.08064516129032258,100000.0,0.0,0.0,0.0,100000.0,0.016129032258064516,0.03,0.02,3333333.0,5000000.0,,,1620596686,17:44:46,20210509
92,1997-12-31,PNRG,USD,1997-12-31,1997-12-31,Q4,7500000.0,3400000.0,4100000.0,0.5466666666666666,0.0,800000.0,0.0,0.0,3600000.0,7000000.0,0.0,2800000.0,3300000.0,0.44,500000.0,0.06666666666666667,100000.0,0.0,0.0,0.0,200000.0,0.02666666666666667,0.0600000060000006,0.0600000060000006,3333333.0,3333333.0,,,1620596686,17:44:46,20210509
93,1997-09-30,PNRG,USD,1997-09-30,1997-09-30,Q3,6900000.0,4700000.0,2200000.0,0.3188405797101449,0.0,600000.0,0.0,0.0,2000000.0,6700000.0,0.0,1400000.0,1600000.0,0.2318840579710145,200000.0,0.028985507246376812,100000.0,0.0,0.0,0.0,100000.0,0.014492753623188406,0.01,0.01,5384615.0,5384615.0,,,1620596686,17:44:46,20210509
94,1997-06-30,PNRG,USD,1997-06-30,1997-06-30,Q2,6800000.0,4400000.0,2400000.0,0.35294117647058826,0.0,800000.0,0.0,0.0,2100000.0,6500000.0,300000.0,1300000.0,1600000.0,0.23529411764705882,300000.0,0.04411764705882353,100000.0,100000.0,0.014705882352941176,0.0,100000.0,0.014705882352941176,0.02,0.02,5000000.0,5000000.0,,,1620596686,17:44:46,20210509
95,1997-03-31,PNRG,USD,1997-03-31,1997-03-31,Q1,7400000.0,3800000.0,3600000.0,0.4864864864864865,0.0,1400000.0,0.0,0.0,2700000.0,6500000.0,300000.0,1300000.0,2200000.0,0.2972972972972973,900000.0,0.12162162162162163,100000.0,700000.0,0.0945945945945946,100000.0,600000.0,0.08108108108108109,0.11,0.11,5454545.0,5454545.0,,,1620596686,17:44:46,20210509
96,1996-12-31,PNRG,USD,1996-12-31,1996-12-31,Q4,7200000.0,3700000.0,3500000.0,0.4861111111111111,0.0,400000.0,0.0,0.0,2700000.0,6400000.0,300000.0,2300000.0,3100000.0,0.4305555555555556,800000.0,0.1111111111111111,200000.0,0.0,0.0,0.0,500000.0,0.06944444444444445,0.0916666743055562,0.0916666743055562,5454545.0,5454545.0,,,1620596686,17:44:46,20210509
97,1996-09-30,PNRG,USD,1996-09-30,1996-09-30,Q3,6000000.0,3400000.0,2600000.0,0.43333333333333335,0.0,900000.0,0.0,0.0,2100000.0,5500000.0,300000.0,1200000.0,1700000.0,0.2833333333333333,500000.0,0.08333333333333333,100000.0,0.0,0.0,0.0,300000.0,0.05,0.05,0.05,6000000.0,6000000.0,,,1620596686,17:44:46,20210509
98,1996-06-30,PNRG,USD,1996-06-30,1996-06-30,Q2,5400000.0,3200000.0,2200000.0,0.4074074074074074,0.0,1100000.0,0.0,0.0,2000000.0,5200000.0,200000.0,900000.0,1100000.0,0.2037037037037037,200000.0,0.037037037037037035,100000.0,0.0,0.0,0.0,100000.0,0.018518518518518517,0.01,0.01,5226000.0,5226000.0,,,1620596686,17:44:46,20210509
99,1996-03-31,PNRG,USD,1996-03-31,1996-03-31,Q1,4400000.0,2800000.0,1600000.0,0.36363636363636365,0.0,900000.0,0.0,0.0,1500000.0,4300000.0,100000.0,600000.0,700000.0,0.1590909090909091,100000.0,0.022727272727272728,0.0,0.0,0.0,0.0,0.0,0.0,0.01,0.01,5226000.0,5226000.0,,,1620596686,17:44:46,20210509
100,1995-12-31,PNRG,USD,1995-12-31,1995-12-31,Q4,4900000.0,2400000.0,2500000.0,0.5102040816326531,0.0,100000.0,0.0,0.0,1700000.0,4100000.0,0.0,1600000.0,2400000.0,0.4897959183673469,800000.0,0.16326530612244897,-800000.0,0.0,0.0,0.0,0.0,0.0,0.0,0.0,5226000.0,5226000.0,,,1620596686,17:44:46,20210509
101,1995-09-30,PNRG,USD,1995-11-14 00:00:00,1995-11-14 00:00:00,Q3,4400000.0,2800000.0,1600000.0,0.36363636363636365,0.0,700000.0,0.0,0.0,1300000.0,4100000.0,200000.0,600000.0,900000.0,0.20454545454545456,300000.0,0.06818181818181818,100000.0,0.0,0.0,0.0,100000.0,0.022727272727272728,0.01,0.01,5000000.0,5000000.0,https://www.sec.gov/Archives/edgar/data/56868/000005686895000012/0000056868-95-000012-index.html,https://www.sec.gov/Archives/edgar/data/56868/0000056868-95-000012.txt,1620596686,17:44:46,20210509
102,1995-06-30,PNRG,USD,1995-06-30,1995-06-30,Q2,4500000.0,2900000.0,1600000.0,0.35555555555555557,0.0,800000.0,0.0,0.0,1300000.0,4200000.0,200000.0,500000.0,800000.0,0.17777777777777778,300000.0,0.06666666666666667,0.0,0.0,0.0,0.0,200000.0,0.044444444444444446,0.03,0.03,5000000.0,5000000.0,,,1620596686,17:44:46,20210509
103,1995-03-31,PNRG,USD,1995-03-31,1995-03-31,Q1,4400000.0,2700000.0,1700000.0,0.38636363636363635,0.0,0.0,0.0,0.0,1300000.0,4000000.0,200000.0,500000.0,900000.0,0.20454545454545456,400000.0,0.09090909090909091,0.0,0.0,0.0,0.0,200000.0,0.045454545454545456,0.04,0.04,5000000.0,5000000.0,,,1620596686,17:44:46,20210509
104,1994-12-31,PNRG,USD,1994-12-31,1994-12-31,Q4,4300000.0,2500000.0,1800000.0,0.4186046511627907,0.0,0.0,0.0,0.0,1700000.0,4200000.0,100000.0,900000.0,1000000.0,0.23255813953488372,100000.0,0.023255813953488372,100000.0,100000.0,0.023255813953488372,0.0,100000.0,0.023255813953488372,0.0,0.0,0.0,0.0,,,1620596686,17:44:46,20210509
105,1994-09-30,PNRG,USD,1994-09-30,1994-09-30,Q3,4500000.0,2700000.0,1800000.0,0.4,0.0,0.0,0.0,0.0,1600000.0,4300000.0,100000.0,600000.0,800000.0,0.17777777777777778,200000.0,0.044444444444444446,0.0,0.0,0.0,0.0,100000.0,0.022222222222222223,0.02,0.02,5000000.0,5000000.0,,,1620596686,17:44:46,20210509
106,1994-06-30,PNRG,USD,1994-06-30,1994-06-30,Q2,4100000.0,2500000.0,1600000.0,0.3902439024390244,0.0,0.0,0.0,0.0,1400000.0,3900000.0,100000.0,600000.0,800000.0,0.1951219512195122,200000.0,0.04878048780487805,0.0,0.0,0.0,0.0,100000.0,0.024390243902439025,0.01,0.01,7500000.0,7500000.0,,,1620596686,17:44:46,20210509
107,1994-03-31,PNRG,USD,1994-03-31,1994-03-31,Q1,4000000.0,2300000.0,1700000.0,0.425,0.0,0.0,0.0,0.0,1300000.0,3600000.0,100000.0,400000.0,800000.0,0.2,400000.0,0.1,0.0,0.0,0.0,0.0,300000.0,0.075,0.04,0.04,7500000.0,7500000.0,,,1620596686,17:44:46,20210509
108,1993-12-31,PNRG,USD,1993-12-31,1993-12-31,Q4,5300000.0,2500000.0,2800000.0,0.5283018867924528,0.0,0.0,0.0,0.0,2200000.0,4700000.0,100000.0,1600000.0,2200000.0,0.41509433962264153,600000.0,0.11320754716981132,0.0,0.0,0.0,0.0,0.0,0.0,0.0,0.0,6000000.0,6000000.0,,,1620596686,17:44:46,20210509
109,1993-09-30,PNRG,USD,1993-09-30,1993-09-30,Q3,4100000.0,2500000.0,1600000.0,0.3902439024390244,0.0,0.0,0.0,0.0,1200000.0,3700000.0,100000.0,500000.0,900000.0,0.21951219512195122,400000.0,0.0975609756097561,0.0,0.0,0.0,0.0,400000.0,0.0975609756097561,0.05,0.05,6000000.0,6000000.0,,,1620596686,17:44:46,20210509
110,1993-06-30,PNRG,USD,1993-06-30,1993-06-30,Q2,3900000.0,2400000.0,1500000.0,0.38461538461538464,0.0,0.0,0.0,0.0,2000000.0,4400000.0,100000.0,300000.0,-200000.0,-0.05128205128205128,-500000.0,-0.1282051282051282,0.0,0.0,0.0,0.0,-600000.0,-0.15384615384615385,-0.09,-0.09,6666667.0,6666667.0,,,1620596686,17:44:46,20210509
111,1993-03-31,PNRG,USD,1993-03-31,1993-03-31,Q1,3900000.0,2100000.0,1800000.0,0.46153846153846156,0.0,0.0,0.0,0.0,1400000.0,3500000.0,0.0,400000.0,800000.0,0.20512820512820512,400000.0,0.10256410256410256,0.0,0.0,0.0,0.0,200000.0,0.05128205128205128,0.03,0.03,6666667.0,6666667.0,,,1620596686,17:44:46,20210509
112,1992-12-31,PNRG,USD,1992-12-31,1992-12-31,Q4,6500000.0,1600000.0,4900000.0,0.7538461538461538,0.0,0.0,0.0,0.0,3100000.0,4700000.0,100000.0,1700000.0,3500000.0,0.5384615384615384,1800000.0,0.27692307692307694,-1900000.0,0.0,0.0,-200000.0,200000.0,0.03076923076923077,0.03333333333333333,0.03333333333333333,6000000.0,6000000.0,,,1620596686,17:44:46,20210509
113,1992-09-30,PNRG,USD,1992-09-30,1992-09-30,Q3,3300000.0,2100000.0,1200000.0,0.36363636363636365,0.0,0.0,0.0,0.0,1400000.0,3500000.0,100000.0,500000.0,300000.0,0.09090909090909091,-200000.0,-0.06060606060606061,600000.0,400000.0,0.12121212121212122,100000.0,300000.0,0.09090909090909091,0.05,0.04,6000000.0,7500000.0,,,1620596686,17:44:46,20210509
114,1992-06-30,PNRG,USD,1992-06-30,1992-06-30,Q2,4200000.0,2000000.0,2200000.0,0.5238095238095238,0.0,0.0,0.0,0.0,2000000.0,4000000.0,100000.0,500000.0,700000.0,0.16666666666666666,200000.0,0.047619047619047616,0.0,100000.0,0.023809523809523808,0.0,200000.0,0.047619047619047616,0.02,0.02,7500000.0,7500000.0,,,1620596686,17:44:46,20210509
115,1992-03-31,PNRG,USD,1992-03-31,1992-03-31,Q1,4300000.0,2000000.0,2300000.0,0.5348837209302325,0.0,0.0,0.0,0.0,1300000.0,3300000.0,0.0,500000.0,1500000.0,0.3488372093023256,1000000.0,0.23255813953488372,0.0,800000.0,0.18604651162790697,200000.0,600000.0,0.13953488372093023,0.08,0.08,7500000.0,7500000.0,,,1620596686,17:44:46,20210509
116,1991-12-31,PNRG,USD,1991-12-31,1991-12-31,Q4,3100000.0,1000000.0,2100000.0,0.6774193548387096,0.0,0.0,0.0,0.0,2100000.0,3100000.0,100000.0,400000.0,400000.0,0.12903225806451613,0.0,0.03225806451612903,200000.0,100000.0,0.03225806451612903,0.0,100000.0,0.03225806451612903,0.02,0.02,5000000.0,5000000.0,,,1620596686,17:44:46,20210509
117,1991-09-30,PNRG,USD,1991-09-30,1991-09-30,Q3,2500000.0,1200000.0,1300000.0,0.52,0.0,0.0,0.0,0.0,1200000.0,2400000.0,100000.0,200000.0,300000.0,0.12,100000.0,0.04,100000.0,100000.0,0.04,0.0,100000.0,0.04,0.02,0.02,5000000.0,5000000.0,,,1620596686,17:44:46,20210509
118,1991-06-30,PNRG,USD,1991-06-30,1991-06-30,Q2,2700000.0,1200000.0,1500000.0,0.5555555555555556,0.0,0.0,0.0,0.0,1300000.0,2500000.0,100000.0,200000.0,400000.0,0.14814814814814814,200000.0,0.07407407407407407,100000.0,200000.0,0.07407407407407407,0.0,100000.0,0.037037037037037035,0.02,0.02,5000000.0,5000000.0,,,1620596686,17:44:46,20210509
119,1991-03-31,PNRG,USD,1991-03-31,1991-03-31,Q1,2600000.0,1100000.0,1500000.0,0.5769230769230769,0.0,0.0,0.0,0.0,1200000.0,2300000.0,100000.0,200000.0,500000.0,0.19230769230769232,300000.0,0.11538461538461539,100000.0,300000.0,0.11538461538461539,100000.0,200000.0,0.07692307692307693,0.03,0.03,6666667.0,6666667.0,,,1620596686,17:44:46,20210509
120,1990-12-31,PNRG,USD,1990-12-31,1990-12-31,Q4,2800000.0,1300000.0,1500000.0,0.5357142857142857,0.0,0.0,0.0,0.0,1000000.0,2300000.0,100000.0,0.0,200000.0,0.07142857142857142,500000.0,0.17857142857142858,300000.0,0.0,0.0,0.0,200000.0,0.07142857142857142,0.028133352088901394,0.028133352088901394,7109000.0,7109000.0,,,1620596686,17:44:46,20210509
121,1990-09-30,PNRG,USD,1990-09-30,1990-09-30,Q3,2600000.0,1000000.0,1600000.0,0.6153846153846154,0.0,0.0,0.0,0.0,1500000.0,2500000.0,100000.0,0.0,300000.0,0.11538461538461539,100000.0,0.038461538461538464,100000.0,100000.0,0.038461538461538464,-100000.0,200000.0,0.07692307692307693,0.02,0.02,7109000.0,7109000.0,,,1620596686,17:44:46,20210509
122,1990-06-30,PNRG,USD,1990-06-30,1990-06-30,Q2,2200000.0,0.0,0.0,0.0,0.0,0.0,0.0,0.0,0.0,0.0,0.0,0.0,2200000.0,1.0,2200000.0,1.0,0.0,0.0,0.0,0.0,0.0,0.0,0.1,0.1,7132000.0,7132000.0,,,1620596686,17:44:46,20210509
123,1990-03-31,PNRG,USD,1990-03-31,1990-03-31,Q1,2400000.0,0.0,0.0,0.0,0.0,0.0,0.0,0.0,0.0,0.0,0.0,0.0,2400000.0,1.0,2400000.0,1.0,0.0,0.0,0.0,0.0,0.0,0.0,0.02,0.02,7132000.0,7132000.0,,,1620596686,17:44:46,20210509
124,1989-12-31,PNRG,USD,1989-12-31,1989-12-31,Q4,1400000.0,0.0,0.0,0.0,0.0,0.0,0.0,0.0,0.0,0.0,0.0,0.0,-3300000.0,-2.357142857142857,-3300000.0,-2.357142857142857,0.0,0.0,0.0,0.0,0.0,0.0,0.0,0.0,7138000.0,7138000.0,,,1620596686,17:44:46,20210509
125,1989-09-30,PNRG,USD,1989-09-30,1989-09-30,Q3,1500000.0,0.0,0.0,0.0,0.0,0.0,0.0,0.0,0.0,0.0,0.0,0.0,1500000.0,1.0,1500000.0,1.0,0.0,0.0,0.0,0.0,0.0,0.0,0.04,0.04,7138000.0,7138000.0,,,1620596686,17:44:46,20210509
126,1989-06-30,PNRG,USD,1989-06-30,1989-06-30,Q2,1500000.0,0.0,0.0,0.0,0.0,0.0,0.0,0.0,0.0,0.0,0.0,0.0,1500000.0,1.0,1500000.0,1.0,0.0,0.0,0.0,0.0,0.0,0.0,0.04,0.04,7138000.0,7138000.0,,,1620596686,17:44:46,20210509
127,1989-03-31,PNRG,USD,1989-03-31,1989-03-31,Q1,1400000.0,0.0,0.0,0.0,0.0,0.0,0.0,0.0,0.0,0.0,0.0,0.0,1400000.0,1.0,1400000.0,1.0,0.0,0.0,0.0,0.0,0.0,0.0,0.03,0.03,7138000.0,7138000.0,,,1620596686,17:44:46,20210509
128,1988-12-31,PNRG,USD,1988-12-31,1988-12-31,Q4,500000.0,0.0,0.0,0.0,0.0,0.0,0.0,0.0,0.0,0.0,0.0,0.0,-1600000.0,-3.2,-1600000.0,-3.2,0.0,0.0,0.0,0.0,0.0,0.0,0.0,0.0,5643000.0,5643000.0,,,1620596686,17:44:46,20210509
129,1988-09-30,PNRG,USD,1988-09-30,1988-09-30,Q3,400000.0,0.0,0.0,0.0,0.0,0.0,0.0,0.0,0.0,0.0,0.0,0.0,400000.0,1.0,400000.0,1.0,0.0,0.0,0.0,0.0,0.0,0.0,0.0,0.0,5643000.0,5643000.0,,,1620596686,17:44:46,20210509
130,1988-06-30,PNRG,USD,1988-06-30,1988-06-30,Q2,400000.0,0.0,0.0,0.0,0.0,0.0,0.0,0.0,0.0,0.0,0.0,0.0,400000.0,1.0,400000.0,1.0,0.0,0.0,0.0,0.0,0.0,0.0,0.0,0.0,5643000.0,5643000.0,,,1620596686,17:44:46,20210509
131,1988-03-31,PNRG,USD,1988-03-31,1988-03-31,Q1,400000.0,0.0,0.0,0.0,0.0,0.0,0.0,0.0,0.0,0.0,0.0,0.0,400000.0,1.0,400000.0,1.0,0.0,0.0,0.0,0.0,0.0,0.0,0.0,0.0,5643000.0,5643000.0,,,1620596686,17:44:46,20210509
132,1987-12-31,PNRG,USD,1987-12-31,1987-12-31,Q4,500000.0,0.0,0.0,0.0,0.0,0.0,0.0,0.0,0.0,0.0,0.0,0.0,-1900000.0,-3.8,-1900000.0,-3.8,0.0,0.0,0.0,0.0,0.0,0.0,0.0,0.0,5718000.0,5718000.0,,,1620596686,17:44:46,20210509
133,1987-09-30,PNRG,USD,1987-09-30,1987-09-30,Q3,400000.0,0.0,0.0,0.0,0.0,0.0,0.0,0.0,0.0,0.0,0.0,0.0,400000.0,1.0,400000.0,1.0,0.0,0.0,0.0,0.0,0.0,0.0,-0.1,-0.1,5718000.0,5718000.0,,,1620596686,17:44:46,20210509
134,1987-06-30,PNRG,USD,1987-06-30,1987-06-30,Q2,500000.0,0.0,0.0,0.0,0.0,0.0,0.0,0.0,0.0,0.0,0.0,0.0,500000.0,1.0,500000.0,1.0,0.0,0.0,0.0,0.0,0.0,0.0,-0.05,-0.05,2818000.0,2818000.0,,,1620596686,17:44:46,20210509
135,1987-03-31,PNRG,USD,1987-03-31,1987-03-31,Q1,500000.0,0.0,0.0,0.0,0.0,0.0,0.0,0.0,0.0,0.0,0.0,0.0,500000.0,1.0,500000.0,1.0,0.0,0.0,0.0,0.0,0.0,0.0,-0.08,-0.08,2054000.0,2054000.0,,,1620596686,17:44:46,20210509
136,1986-12-31,PNRG,USD,1986-12-31,1986-12-31,Q4,400000.0,0.0,0.0,0.0,0.0,0.0,0.0,0.0,0.0,0.0,0.0,0.0,-2700000.0,-6.75,-2700000.0,-6.75,0.0,0.0,0.0,0.0,0.0,0.0,0.0,0.0,2054000.0,2054000.0,,,1620596686,17:44:46,20210509
137,1986-09-30,PNRG,USD,1986-09-30,1986-09-30,Q3,300000.0,0.0,0.0,0.0,0.0,0.0,0.0,0.0,0.0,0.0,0.0,0.0,300000.0,1.0,300000.0,1.0,0.0,0.0,0.0,0.0,0.0,0.0,-0.23,-0.23,2054000.0,2054000.0,,,1620596686,17:44:46,20210509
138,1986-06-30,PNRG,USD,1986-06-30,1986-06-30,Q2,400000.0,0.0,0.0,0.0,0.0,0.0,0.0,0.0,0.0,0.0,0.0,0.0,400000.0,1.0,400000.0,1.0,0.0,0.0,0.0,0.0,0.0,0.0,-0.15,-0.15,2055000.0,2055000.0,,,1620596686,17:44:46,20210509
139,1986-03-31,PNRG,USD,1986-03-31,1986-03-31,Q1,800000.0,0.0,0.0,0.0,0.0,0.0,0.0,0.0,0.0,0.0,0.0,0.0,800000.0,1.0,800000.0,1.0,0.0,0.0,0.0,0.0,0.0,0.0,0.05,0.05,2225000.0,2225000.0,,,1620596686,17:44:46,20210509
140,1985-12-31,PNRG,USD,1985-12-31,1985-12-31,Q4,1000000.0,0.0,0.0,0.0,0.0,0.0,0.0,0.0,0.0,0.0,0.0,0.0,-3100000.0,-3.1,-3100000.0,-3.1,0.0,0.0,0.0,0.0,0.0,0.0,0.0,0.0,2231000.0,2231000.0,,,1620596686,17:44:46,20210509
141,1985-09-30,PNRG,USD,1985-09-30,1985-09-30,Q3,800000.0,0.0,0.0,0.0,0.0,0.0,0.0,0.0,0.0,0.0,0.0,0.0,800000.0,1.0,800000.0,1.0,0.0,0.0,0.0,0.0,0.0,0.0,-0.09,-0.09,2231000.0,2231000.0,,,1620596686,17:44:46,20210509
