,date,symbol,reportedCurrency,fillingDate,acceptedDate,period,revenue,costOfRevenue,grossProfit,grossProfitRatio,researchAndDevelopmentExpenses,generalAndAdministrativeExpenses,sellingAndMarketingExpenses,otherExpenses,operatingExpenses,costAndExpenses,interestExpense,depreciationAndAmortization,ebitda,ebitdaratio,operatingIncome,operatingIncomeRatio,totalOtherIncomeExpensesNet,incomeBeforeTax,incomeBeforeTaxRatio,incomeTaxExpense,netIncome,netIncomeRatio,eps,epsdiluted,weightedAverageShsOut,weightedAverageShsOutDil,link,finalLink,timestamp,est_time,est_date
0,2020-12-31,FBSS,USD,2021-03-26,2021-03-26 16:09:37,Q4,9334000.0,0.0,0.0,0.0,0.0,5115000.0,158000.0,0.0,0.0,0.0,650000.0,277000.0,0.0,0.0,0.0,0.1939147203771159,0.0,1810000.0,0.1939147203771159,454000.0,1356000.0,0.14527533747589458,0.35733814703305244,0.35733814703305244,3794725.0,3794725.0,https://www.sec.gov/Archives/edgar/data/1083643/000156459021015821/0001564590-21-015821-index.htm,https://www.sec.gov/Archives/edgar/data/1083643/000156459021015821/fbss-10k_20201231.htm,1620591962,16:26:02,20210509
1,2020-09-30,FBSS,USD,2020-11-06,2020-11-06 13:47:50,Q3,7772000.0,0.0,7772000.0,1.0,0.0,3509000.0,114000.0,807.0,7000000.0,921.0,498000.0,274000.0,275757.0,0.03548082861554298,1757.0,0.00022606793618116315,-27000.0,1757000.0,0.22606793618116314,210000.0,1547000.0,0.19904786412763767,0.4076711751180916,0.40696828620051306,3794725.0,3801279.0,https://www.sec.gov/Archives/edgar/data/1083643/000156459020051853/0001564590-20-051853-index.htm,https://www.sec.gov/Archives/edgar/data/1083643/000156459020051853/fbss-10q_20200930.htm,1620591962,16:26:02,20210509
2,2020-06-30,FBSS,USD,2020-08-07,2020-08-07 15:32:02,Q2,7600000.0,0.0,0.0,0.0,0.0,2877000.0,107000.0,0.0,6000000.0,0.0,575000.0,269000.0,0.0,0.0,0.0,0.23684210526315788,0.0,1800000.0,0.23684210526315788,222000.0,1578000.0,0.20763157894736842,0.41584041004288846,0.41509220544696723,3794725.0,3801565.0,https://www.sec.gov/Archives/edgar/data/1083643/000156459020038342/0001564590-20-038342-index.htm,https://www.sec.gov/Archives/edgar/data/1083643/000156459020038342/fbss-10q_20200630.htm,1620591962,16:26:02,20210509
3,2020-03-31,FBSS,USD,2020-05-08,2020-05-08 15:03:00,Q1,7531000.0,0.0,0.0,0.0,0.0,3411000.0,109000.0,0.0,7000000.0,0.0,818000.0,266000.0,0.0,0.0,0.0,0.20926835745584915,0.0,1576000.0,0.20926835745584915,180000.0,1396000.0,0.18536714911698313,0.3684713138747398,0.36786562048073396,3788626.0,3794864.0,https://www.sec.gov/Archives/edgar/data/1083643/000156459020023473/0001564590-20-023473-index.htm,https://www.sec.gov/Archives/edgar/data/1083643/000156459020009178/fbss-10k_20191231.htm,1620591962,16:26:02,20210509
4,2019-12-31,FBSS,USD,2020-03-06,2020-03-06 16:22:32,Q4,7729000.0,0.0,0.0,0.0,0.0,4885000.0,161000.0,0.0,7000000.0,0.0,1057000.0,289000.0,0.0,0.0,0.0,0.23638245568637598,0.0,1827000.0,0.23638245568637598,255000.0,1572000.0,0.2033898305084746,0.42,0.41,3784447.0,3789073.0,https://www.sec.gov/Archives/edgar/data/1083643/000156459020009178/0001564590-20-009178-index.htm,https://www.sec.gov/Archives/edgar/data/1083643/000156459020009178/fbss-10k_20191231.htm,1620591962,16:26:02,20210509
5,2019-09-30,FBSS,USD,2019-11-01,2019-11-01 13:06:51,Q3,7801000.0,0.0,0.0,0.0,0.0,3388000.0,129000.0,0.0,7000000.0,0.0,1120000.0,323000.0,0.0,0.0,0.0,0.3053454685296757,0.0,2382000.0,0.3053454685296757,330000.0,2052000.0,0.26304319958979616,0.542149480017353,0.541303972780746,3784934.0,3790846.0,https://www.sec.gov/Archives/edgar/data/1083643/000156459019039356/0001564590-19-039356-index.htm,https://www.sec.gov/Archives/edgar/data/1083643/000156459019039356/fbss-10q_20190930.htm,1620591962,16:26:02,20210509
6,2019-06-30,FBSS,USD,2019-08-02,2019-08-02 13:54:00,Q2,7484000.0,0.0,0.0,0.0,0.0,3341000.0,171000.0,0.0,7000000.0,0.0,1145000.0,320000.0,0.0,0.0,0.0,0.23650454302512025,0.0,1770000.0,0.23650454302512025,206000.0,1564000.0,0.2089791555318012,0.41321724500347956,0.41223353082236375,3784934.0,3793966.0,https://www.sec.gov/Archives/edgar/data/1083643/000156459019028273/0001564590-19-028273-index.htm,https://www.sec.gov/Archives/edgar/data/1083643/000156459019028273/fbss-10q_20190630.htm,1620591962,16:26:02,20210509
7,2019-03-31,FBSS,USD,2019-05-03,2019-05-03 14:12:50,Q1,7613000.0,0.0,0.0,0.0,0.0,3460000.0,186000.0,0.0,7000000.0,0.0,1046000.0,324000.0,0.0,0.0,0.0,0.2423486142125312,0.0,1845000.0,0.2423486142125312,213000.0,1632000.0,0.2143701563115723,0.4318722801242162,0.4307307378639239,3778895.0,3788910.0,https://www.sec.gov/Archives/edgar/data/1083643/000156459019015625/0001564590-19-015625-index.htm,https://www.sec.gov/Archives/edgar/data/1083643/000156459019007174/fbss-10k_20181231.htm,1620591962,16:26:02,20210509
8,2018-12-31,FBSS,USD,2019-03-11,2019-03-11 16:00:31,Q4,7315000.0,0.0,0.0,0.0,0.0,3592000.0,142000.0,0.0,7000000.0,0.0,843000.0,312000.0,0.0,0.0,0.0,0.23280929596719072,0.0,1703000.0,0.23280929596719072,130000.0,1573000.0,0.21503759398496242,0.4168172649791883,0.41621585435779057,3773836.0,3779289.0,https://www.sec.gov/Archives/edgar/data/1083643/000156459019007174/0001564590-19-007174-index.htm,https://www.sec.gov/Archives/edgar/data/1083643/000156459019007174/fbss-10k_20181231.htm,1620591962,16:26:02,20210509
9,2018-09-30,FBSS,USD,2018-11-09,2018-11-09 14:10:40,Q3,7165000.0,0.0,0.0,0.0,0.0,3445000.0,190000.0,0.0,7000000.0,0.0,853000.0,316000.0,0.0,0.0,0.0,0.2073970690858339,0.0,1486000.0,0.2073970690858339,169000.0,1317000.0,0.18381018841591068,0.3489817787524418,0.348362287256315,3773836.0,3780547.0,https://www.sec.gov/Archives/edgar/data/1083643/000156459018028859/0001564590-18-028859-index.htm,https://www.sec.gov/Archives/edgar/data/1083643/000156459018028859/fbss-10q_20180930.htm,1620591962,16:26:02,20210509
10,2018-06-30,FBSS,USD,2018-08-10,2018-08-10 14:23:22,Q2,7478000.0,0.0,0.0,0.0,0.0,3409000.0,170000.0,0.0,6000000.0,0.0,686000.0,314000.0,0.0,0.0,0.0,0.2530088258892752,0.0,1892000.0,0.2530088258892752,233000.0,1659000.0,0.22185076223589195,0.4396170482378352,0.43852240944670845,3773739.0,3783159.0,https://www.sec.gov/Archives/edgar/data/1083643/000156459018021252/0001564590-18-021252-index.htm,https://www.sec.gov/Archives/edgar/data/1083643/000156459018021252/fbss-10q_20180630.htm,1620591962,16:26:02,20210509
11,2018-03-31,FBSS,USD,2018-05-11,2018-05-11 14:19:17,Q1,7581000.0,0.0,0.0,0.0,0.0,3324000.0,108000.0,0.0,6000000.0,0.0,652000.0,313000.0,0.0,0.0,0.0,0.2374356944994064,0.0,1800000.0,0.2374356944994064,214000.0,1586000.0,0.20920722859781032,0.42089094598822724,0.41989730783873613,3768197.0,3777114.0,https://www.sec.gov/Archives/edgar/data/1083643/000156459018013180/0001564590-18-013180-index.htm,https://www.sec.gov/Archives/edgar/data/1083643/000108364318000009/form10k.htm,1620591962,16:26:02,20210509
12,2017-12-31,FBSS,USD,2018-03-29,2018-03-29 12:13:40,Q4,7008000.0,0.0,0.0,0.0,0.0,4588000.0,98000.0,0.0,6000000.0,0.0,556000.0,319000.0,0.0,0.0,0.0,0.2285958904109589,0.0,1602000.0,0.2285958904109589,2145000.0,-543000.0,-0.07748287671232877,-0.14431214797337108,-0.14392875129217803,3762677.0,3772700.0,https://www.sec.gov/Archives/edgar/data/1083643/000108364318000009/0001083643-18-000009-index.htm,https://www.sec.gov/Archives/edgar/data/1083643/000108364318000009/form10k.htm,1620591962,16:26:02,20210509
13,2017-09-30,FBSS,USD,2017-11-13,2017-11-13 14:19:48,Q3,6776000.0,0.0,0.0,0.0,0.0,3065000.0,142000.0,0.0,6000000.0,0.0,515000.0,325000.0,0.0,0.0,0.0,0.2461629279811098,0.0,1668000.0,0.2461629279811098,387000.0,1281000.0,0.1890495867768595,0.3402066044698527,0.3394444822782687,3765359.0,3773813.0,https://www.sec.gov/Archives/edgar/data/1083643/000108364317000053/0001083643-17-000053-index.htm,https://www.sec.gov/Archives/edgar/data/1083643/000108364317000053/form10q.htm,1620591962,16:26:02,20210509
14,2017-06-30,FBSS,USD,2017-08-11,2017-08-11 11:47:52,Q2,6597000.0,0.0,0.0,0.0,0.0,3147000.0,95000.0,0.0,6000000.0,0.0,509000.0,337000.0,0.0,0.0,0.0,0.18371987266939518,0.0,1212000.0,0.18371987266939518,222000.0,990000.0,0.15006821282401092,0.26265513566403065,0.2620065146993594,3769201.0,3778532.0,https://www.sec.gov/Archives/edgar/data/1083643/000108364317000045/0001083643-17-000045-index.htm,https://www.sec.gov/Archives/edgar/data/1083643/000108364317000045/form10q.htm,1620591962,16:26:02,20210509
15,2017-03-31,FBSS,USD,2017-05-12,2017-05-12 14:25:08,Q1,6351000.0,0.0,0.0,0.0,0.0,3227000.0,140000.0,0.0,6000000.0,0.0,469000.0,356000.0,0.0,0.0,0.0,0.1406077783026295,0.0,893000.0,0.1406077783026295,125000.0,768000.0,0.1209258384506377,0.2041738125285624,0.20378509587982624,3761501.0,3768676.0,https://www.sec.gov/Archives/edgar/data/1083643/000108364317000022/0001083643-17-000022-index.htm,https://www.sec.gov/Archives/edgar/data/1083643/000108364317000011/form10k.htm,1620591962,16:26:02,20210509
16,2016-12-31,FBSS,USD,2017-03-24,2017-03-24 16:16:37,Q4,6363000.0,0.0,0.0,0.0,0.0,4594000.0,126000.0,0.0,6000000.0,0.0,489000.0,362000.0,0.0,0.0,0.0,0.15810152443815811,0.0,1006000.0,0.15810152443815811,198000.0,808000.0,0.12698412698412698,0.2152543971305097,0.21472218191752224,3753698.0,3763002.0,https://www.sec.gov/Archives/edgar/data/1083643/000108364317000011/0001083643-17-000011-index.htm,https://www.sec.gov/Archives/edgar/data/1083643/000108364317000011/form10k.htm,1620591962,16:26:02,20210509
17,2016-09-30,FBSS,USD,2016-11-10,2016-11-10 16:21:52,Q3,6256000.0,0.0,0.0,0.0,0.0,3052000.0,119000.0,0.0,6000000.0,0.0,458000.0,361000.0,0.0,0.0,0.0,0.1301150895140665,0.0,814000.0,0.1301150895140665,116000.0,698000.0,0.11157289002557545,0.18591994681304444,0.18540924841518922,3754304.0,3764645.0,https://www.sec.gov/Archives/edgar/data/1083643/000108364316000084/0001083643-16-000084-index.htm,https://www.sec.gov/Archives/edgar/data/1083643/000108364316000084/form10q.htm,1620591962,16:26:02,20210509
18,2016-06-30,FBSS,USD,2016-08-12,2016-08-12 12:00:41,Q2,6206000.0,0.0,0.0,0.0,0.0,3067000.0,157000.0,0.0,5000000.0,0.0,456000.0,365000.0,0.0,0.0,0.0,0.34224943602964875,0.0,2124000.0,0.34224943602964875,562000.0,1562000.0,0.2516919110538189,0.41585864426887154,0.4149314765371126,3756084.0,3764477.0,https://www.sec.gov/Archives/edgar/data/1083643/000108364316000076/0001083643-16-000076-index.htm,https://www.sec.gov/Archives/edgar/data/1083643/000108364316000076/form10q.htm,1620591962,16:26:02,20210509
19,2016-03-31,FBSS,USD,2016-05-13,2016-05-13 09:24:10,Q1,6203000.0,0.0,0.0,0.0,0.0,3112000.0,132000.0,0.0,6000000.0,0.0,390000.0,362000.0,0.0,0.0,0.0,0.10752861518620023,0.0,667000.0,0.10752861518620023,61000.0,606000.0,0.09769466387231984,0.16155963163337586,0.16101656185533592,3750937.0,3763588.0,https://www.sec.gov/Archives/edgar/data/1083643/000108364316000060/0001083643-16-000060-index.htm,https://www.sec.gov/Archives/edgar/data/1083643/000108364316000051/form10k.htm,1620591962,16:26:02,20210509
20,2015-12-31,FBSS,USD,2016-03-18,2016-03-18 12:38:31,Q4,6561000.0,0.0,0.0,0.0,0.0,3732000.0,168000.0,0.0,13000000.0,0.0,388000.0,353000.0,0.0,0.0,0.0,-0.8913275415333028,0.0,-5848000.0,-0.8913275415333028,-2098000.0,-3750000.0,-0.5715592135345222,-1.0014522392739125,-0.9954110224649668,3744562.0,3767288.0,https://www.sec.gov/Archives/edgar/data/1083643/000108364316000051/0001083643-16-000051-index.htm,https://www.sec.gov/Archives/edgar/data/1083643/000108364316000051/form10k.htm,1620591962,16:26:02,20210509
21,2015-09-30,FBSS,USD,2015-11-13,2015-11-13 09:36:44,Q3,6896000.0,0.0,0.0,0.0,0.0,3144000.0,172000.0,0.0,6000000.0,0.0,398000.0,358000.0,0.0,0.0,0.0,0.2296983758700696,0.0,1584000.0,0.2296983758700696,238000.0,1346000.0,0.19518561484918792,0.3594545904167163,0.357558782026216,3744562.0,3764416.0,https://www.sec.gov/Archives/edgar/data/1083643/000108364315000038/0001083643-15-000038-index.htm,https://www.sec.gov/Archives/edgar/data/1083643/000108364315000038/form10q.htm,1620591962,16:26:02,20210509
22,2015-06-30,FBSS,USD,2015-08-13,2015-08-13 09:25:22,Q2,6604000.0,0.0,0.0,0.0,0.0,3057000.0,168000.0,0.0,6000000.0,0.0,466000.0,356000.0,0.0,0.0,0.0,0.20502725620835857,0.0,1354000.0,0.20502725620835857,305000.0,1049000.0,0.15884312537855844,0.28013957306622245,0.2788747708720752,3744562.0,3761545.0,https://www.sec.gov/Archives/edgar/data/1083643/000108364315000031/0001083643-15-000031-index.htm,https://www.sec.gov/Archives/edgar/data/1083643/000108364315000031/form10q.htm,1620591962,16:26:02,20210509
23,2015-03-31,FBSS,USD,2015-05-14,2015-05-14 09:52:58,Q1,6089000.0,0.0,0.0,0.0,0.0,3047000.0,116000.0,0.0,6000000.0,0.0,511000.0,354000.0,0.0,0.0,0.0,0.14353752668746922,0.0,874000.0,0.14353752668746922,131000.0,743000.0,0.12202332074232222,0.19881667951527263,0.19806878931718783,3737111.0,3751222.0,https://www.sec.gov/Archives/edgar/data/1083643/000108364315000021/0001083643-15-000021-index.htm,https://www.sec.gov/Archives/edgar/data/1083643/000108364315000011/form10k.htm,1620591962,16:26:02,20210509
24,2014-12-31,FBSS,USD,2015-03-17,2015-03-17 11:58:38,Q4,6373000.0,0.0,0.0,0.0,0.0,4154000.0,186000.0,0.0,6000000.0,0.0,571000.0,377000.0,0.0,0.0,0.0,0.22297191275694336,0.0,1421000.0,0.22297191275694336,269000.0,1152000.0,0.18076259218578378,0.31,0.3,3730877.0,3754334.0,https://www.sec.gov/Archives/edgar/data/1083643/000108364315000011/0001083643-15-000011-index.htm,https://www.sec.gov/Archives/edgar/data/1083643/000108364315000011/form10k.htm,1620591962,16:26:02,20210509
25,2014-09-30,FBSS,USD,2014-11-13,2014-11-13 09:06:58,Q3,6821000.0,0.0,0.0,0.0,0.0,3138000.0,151000.0,0.0,6000000.0,0.0,585000.0,328000.0,0.0,0.0,0.0,0.2638909250842985,0.0,1800000.0,0.2638909250842985,378000.0,1422000.0,0.20847383081659582,0.3811436292324834,0.37906697276369145,3730877.0,3751316.0,https://www.sec.gov/Archives/edgar/data/1083643/000108364314000028/0001083643-14-000028-index.htm,https://www.sec.gov/Archives/edgar/data/1083643/000108364314000028/form10q.htm,1620591962,16:26:02,20210509
26,2014-06-30,FBSS,USD,2014-08-14,2014-08-14 08:43:41,Q2,6520000.0,0.0,0.0,0.0,0.0,2959000.0,142000.0,0.0,6000000.0,0.0,607000.0,302000.0,0.0,0.0,0.0,0.25598159509202456,0.0,1669000.0,0.25598159509202456,430000.0,1239000.0,0.19003067484662578,0.3320934997321005,0.3305499374516281,3730877.0,3748299.0,https://www.sec.gov/Archives/edgar/data/1083643/000108364314000021/0001083643-14-000021-index.htm,https://www.sec.gov/Archives/edgar/data/1083643/000108364314000021/form10q.htm,1620591962,16:26:02,20210509
27,2014-03-31,FBSS,USD,2014-05-14,2014-05-14 08:52:35,Q1,6279000.0,0.0,0.0,0.0,0.0,3058000.0,141000.0,0.0,6000000.0,0.0,602000.0,281000.0,0.0,0.0,0.0,0.2064022933588151,0.0,1296000.0,0.2064022933588151,303000.0,993000.0,0.1581462016244625,0.2669002559070832,0.2658707857271566,3720491.0,3734897.0,https://www.sec.gov/Archives/edgar/data/1083643/000108364314000015/0001083643-14-000015-index.htm,https://www.sec.gov/Archives/edgar/data/1083643/000108364314000008/form10k.htm,1620591962,16:26:02,20210509
28,2013-12-31,FBSS,USD,2014-03-20,2014-03-20 15:34:14,Q4,6890000.0,0.0,0.0,0.0,0.0,4053000.0,147000.0,0.0,6000000.0,0.0,621000.0,272000.0,0.0,0.0,0.0,0.2725689404934688,0.0,1878000.0,0.2725689404934688,477000.0,1401000.0,0.20333817126269957,0.38,0.37,3713342.0,3734812.0,https://www.sec.gov/Archives/edgar/data/1083643/000108364314000008/0001083643-14-000008-index.htm,https://www.sec.gov/Archives/edgar/data/1083643/000108364314000008/form10k.htm,1620591962,16:26:02,20210509
29,2013-09-30,FBSS,USD,2013-11-14,2013-11-14 10:22:42,Q3,6841000.0,0.0,0.0,0.0,0.0,2771000.0,162000.0,0.0,6000000.0,0.0,639000.0,275000.0,0.0,0.0,0.0,0.2312527408273644,0.0,1582000.0,0.2312527408273644,418000.0,1164000.0,0.17015056278321883,0.3134642594191432,0.3119064666463731,3713342.0,3731888.0,https://www.sec.gov/Archives/edgar/data/1083643/000108364313000032/0001083643-13-000032-index.htm,https://www.sec.gov/Archives/edgar/data/1083643/000108364313000032/form10q.htm,1620591962,16:26:02,20210509
30,2013-06-30,FBSS,USD,2013-08-14,2013-08-14 12:33:24,Q2,6663000.0,0.0,0.0,0.0,0.0,2875000.0,150000.0,0.0,6000000.0,0.0,774000.0,276000.0,0.0,0.0,0.0,0.15563559957976889,0.0,1037000.0,0.15563559957976889,233000.0,804000.0,0.12066636650157586,0.21651655032043912,0.21562162588360617,3713342.0,3728754.0,https://www.sec.gov/Archives/edgar/data/1083643/000108364313000023/0001083643-13-000023-index.htm,https://www.sec.gov/Archives/edgar/data/1083643/000108364313000023/form10q.htm,1620591962,16:26:02,20210509
31,2013-03-31,FBSS,USD,2013-05-15,2013-05-15 10:37:54,Q1,6283000.0,0.0,0.0,0.0,0.0,2852000.0,140000.0,0.0,6000000.0,0.0,829000.0,281000.0,0.0,0.0,0.0,0.2029285373229349,0.0,1275000.0,0.2029285373229349,313000.0,962000.0,0.15311157090561833,0.2597866239053923,0.25890943148925405,3703039.0,3715585.0,https://www.sec.gov/Archives/edgar/data/1083643/000108364313000011/0001083643-13-000011-index.htm,https://www.sec.gov/Archives/edgar/data/1083643/000114036113014127/form10k.htm,1620591962,16:26:02,20210509
32,2012-12-31,FBSS,USD,2013-03-27,2013-03-27 13:21:51,Q4,6469291.0,0.0,0.0,0.0,0.0,2734000.0,170503.0,0.0,8000000.0,0.0,698324.0,301089.0,0.0,0.0,0.0,-0.07099294188497626,0.0,-459274.0,-0.07099294188497626,-267199.0,-192075.0,-0.0296902705412386,-0.05198015782807781,-0.05170674663007689,3695160.0,3714699.0,https://www.sec.gov/Archives/edgar/data/1083643/000114036113014127/0001140361-13-014127-index.htm,https://www.sec.gov/Archives/edgar/data/1083643/000114036113014127/form10k.htm,1620591962,16:26:02,20210509
33,2012-09-30,FBSS,USD,2012-11-13,2012-11-13 14:52:04,Q3,6855087.0,0.0,0.0,0.0,0.0,2774786.0,202320.0,0.0,6000000.0,0.0,977267.0,303214.0,0.0,0.0,0.0,0.24279108346837902,0.0,1664354.0,0.24279108346837902,451868.0,1212486.0,0.1768739040073452,0.3281281460072094,0.3266344437506095,3695160.0,3712058.0,https://www.sec.gov/Archives/edgar/data/1083643/000108364312000019/0001083643-12-000019-index.htm,https://www.sec.gov/Archives/edgar/data/1083643/000108364312000019/form10q.htm,1620591962,16:26:02,20210509
34,2012-06-30,FBSS,USD,2012-08-10,2012-08-10 11:50:46,Q2,7088256.0,0.0,0.0,0.0,0.0,2472099.0,154451.0,0.0,8000000.0,0.0,1041566.0,297176.0,0.0,0.0,0.0,-0.008288780766383156,0.0,-58753.0,-0.008288780766383156,-137527.0,78774.0,0.011113311934557668,0.021318156723930764,0.021236226942462102,3695160.0,3709416.0,https://www.sec.gov/Archives/edgar/data/1083643/000114036112036220/0001140361-12-036220-index.htm,https://www.sec.gov/Archives/edgar/data/1083643/000114036112036220/form10q.htm,1620591962,16:26:02,20210509
35,2012-03-31,FBSS,USD,2012-05-11,2012-05-11 14:12:35,Q1,6877368.0,0.0,0.0,0.0,0.0,3133116.0,164726.0,0.0,7000000.0,0.0,1111842.0,280521.0,0.0,0.0,0.0,0.18418005260151848,0.0,1266674.0,0.18418005260151848,312859.0,953815.0,0.1386889577524425,0.2591726604043769,0.25835734120943354,3680230.0,3691844.0,https://www.sec.gov/Archives/edgar/data/1083643/000114036112024673/0001140361-12-024673-index.htm,https://www.sec.gov/Archives/edgar/data/1083643/000114036112016480/form10k.htm,1620591962,16:26:02,20210509
36,2011-12-31,FBSS,USD,2012-03-19,2012-03-19 15:39:52,Q4,7206663.0,0.0,0.0,0.0,0.0,2939075.0,191567.0,0.0,7000000.0,0.0,1221888.0,278372.0,0.0,0.0,0.0,0.1746134098403103,0.0,1258380.0,0.1746134098403103,347875.0,910505.0,0.12634210868469914,0.2503699845846631,0.2503699845846631,3636638.0,3636638.0,https://www.sec.gov/Archives/edgar/data/1083643/000114036112016480/0001140361-12-016480-index.htm,https://www.sec.gov/Archives/edgar/data/1083643/000114036112016480/form10k.htm,1620591962,16:26:02,20210509
37,2011-09-30,FBSS,USD,2011-11-14,2011-11-14 09:36:21,Q3,7254686.0,0.0,0.0,0.0,0.0,3042722.0,168662.0,0.0,7000000.0,0.0,1286909.0,285063.0,0.0,0.0,0.0,0.21660785869988033,0.0,1571422.0,0.21660785869988033,423548.0,1147874.0,0.15822518024901422,0.31564153484619584,0.31417632700696685,3636638.0,3653598.0,https://www.sec.gov/Archives/edgar/data/1083643/000114036111053068/0001140361-11-053068-index.htm,https://www.sec.gov/Archives/edgar/data/1083643/000114036111053068/form10q.htm,1620591962,16:26:02,20210509
38,2011-06-30,FBSS,USD,2011-08-09,2011-08-09 15:39:41,Q2,7102282.0,0.0,0.0,0.0,0.0,3140640.0,164370.0,0.0,7000000.0,0.0,1264936.0,261056.0,0.0,0.0,0.0,0.21551932181797342,0.0,1530679.0,0.21551932181797342,392529.0,1138150.0,0.16025131077588864,0.31014306665453145,0.3087547565160234,3669758.0,3686259.0,https://www.sec.gov/Archives/edgar/data/1083643/000114036111040572/0001140361-11-040572-index.htm,https://www.sec.gov/Archives/edgar/data/1083643/000114036111040572/form10q.htm,1620591962,16:26:02,20210509
39,2011-03-31,FBSS,USD,2011-05-09,2011-05-09 13:07:41,Q1,6974649.0,0.0,0.0,0.0,0.0,3472412.0,137516.0,189127.0,7000000.0,0.0,1300756.0,338961.0,0.0,0.0,0.0,0.17094609348800205,0.0,1192289.0,0.17094609348800205,271403.0,920886.0,0.13203331092360346,0.25192799384136255,0.25095482281241,3655354.0,3669529.0,https://www.sec.gov/Archives/edgar/data/1083643/000114036111025917/0001140361-11-025917-index.htm,https://www.sec.gov/Archives/edgar/data/1083643/000114036111016162/form10k.htm,1620591962,16:26:02,20210509
40,2010-12-31,FBSS,USD,2011-03-11,2011-03-11 17:25:13,Q4,6949278.0,0.0,0.0,0.0,0.0,3355707.0,178548.0,306154.0,7000000.0,0.0,1444423.0,21170.0,0.0,0.0,0.0,0.1475682797551055,0.0,1025493.0,0.1475682797551055,155011.0,870482.0,0.12526222148545504,0.23936448994923332,0.23936448994923332,3636638.0,3636638.0,https://www.sec.gov/Archives/edgar/data/1083643/000114036111016162/0001140361-11-016162-index.htm,https://www.sec.gov/Archives/edgar/data/1083643/000114036111016162/form10k.htm,1620591962,16:26:02,20210509
41,2010-09-30,FBSS,USD,2010-11-08,2010-11-08 14:52:35,Q3,7569754.0,0.0,0.0,0.0,0.0,3304035.0,175817.0,560587.0,7000000.0,0.0,1561985.0,347206.0,0.0,0.0,0.0,0.17447026680127253,0.0,1320697.0,0.17447026680127253,338328.0,982369.0,0.12977555149084105,0.2701310936089872,0.268877145214115,3636638.0,3653598.0,https://www.sec.gov/Archives/edgar/data/1083643/000114036110044151/0001140361-10-044151-index.htm,https://www.sec.gov/Archives/edgar/data/1083643/000114036110044151/form10q.htm,1620591962,16:26:02,20210509
42,2010-06-30,FBSS,USD,2010-08-09,2010-08-09 08:21:11,Q2,7070641.0,0.0,0.0,0.0,0.0,3647010.0,164444.0,45000.0,7000000.0,0.0,1549708.0,346845.0,0.0,0.0,0.0,0.19320355820639176,0.0,1366073.0,0.19320355820639176,355501.0,1010572.0,0.14292508981858928,0.27828631900933276,0.2769939539858248,3631411.0,3648354.0,https://www.sec.gov/Archives/edgar/data/1083643/000095012310074693/0000950123-10-074693-index.htm,https://www.sec.gov/Archives/edgar/data/1083643/000095012310074693/w79414e10vq.htm,1620591962,16:26:02,20210509
43,2010-03-31,FBSS,USD,2010-05-10,2010-05-10 06:00:55,Q1,6927624.0,0.0,0.0,0.0,0.0,3255641.0,156418.0,475673.0,7000000.0,0.0,1567970.0,519204.0,0.0,0.0,0.0,0.1512735102251508,0.0,1047966.0,0.1512735102251508,244073.0,803893.0,0.11604166161442941,0.22313155189220757,0.22218454163640244,3602776.0,3618132.0,https://www.sec.gov/Archives/edgar/data/1083643/000095012310046704/0000950123-10-046704-index.htm,https://www.sec.gov/Archives/edgar/data/1083643/000095012310024590/w77663e10vk.htm,1620591962,16:26:02,20210509
44,2009-12-31,FBSS,USD,2010-03-15,2010-03-15 14:25:07,Q4,7064562.0,0.0,0.0,0.0,0.0,4953822.0,214675.0,359505.0,7000000.0,0.0,1590838.0,-13153.0,0.0,0.0,0.0,0.14641318173724005,0.0,1034345.0,0.14641318173724005,219391.0,814954.0,0.1153580363510151,0.2265270032649526,0.2265270032649526,3597602.0,3597602.0,https://www.sec.gov/Archives/edgar/data/1083643/000095012310024590/0000950123-10-024590-index.htm,https://www.sec.gov/Archives/edgar/data/1083643/000095012310024590/w77663e10vk.htm,1620591962,16:26:02,20210509
45,2009-09-30,FBSS,USD,2009-11-09,2009-11-09 10:24:12,Q3,6905805.0,0.0,0.0,0.0,0.0,2909795.0,184127.0,245741.0,7000000.0,0.0,1623942.0,265332.0,0.0,0.0,0.0,0.18519434012399713,0.0,1278916.0,0.18519434012399713,322982.0,955934.0,0.13842470211655267,0.27,0.26,3597602.0,3610160.0,https://www.sec.gov/Archives/edgar/data/1083643/000095012309059846/0000950123-09-059846-index.htm,https://www.sec.gov/Archives/edgar/data/1083643/000095012309059846/w76174e10vq.htm,1620591962,16:26:02,20210509
46,2009-06-30,FBSS,USD,2009-08-07,2009-08-07 09:06:17,Q2,6545318.0,0.0,0.0,0.0,0.0,2656100.0,187380.0,166388.0,7000000.0,0.0,1712476.0,267665.0,0.0,0.0,0.0,0.1521230901233523,0.0,995694.0,0.1521230901233523,272013.0,723681.0,0.11056468150210579,0.2,0.2,3596537.0,3596537.0,https://www.sec.gov/Archives/edgar/data/1083643/000095012309031714/0000950123-09-031714-index.htm,https://www.sec.gov/Archives/edgar/data/1083643/000095012309031714/w75181e10vq.htm,1620591962,16:26:02,20210509
47,2009-03-31,FBSS,USD,2009-05-11,2009-05-11 07:43:54,Q1,6059431.0,0.0,0.0,0.0,0.0,3039376.0,120978.0,0.0,7000000.0,0.0,1871724.0,288468.0,0.0,0.0,0.0,0.2086770193438955,0.0,1264464.0,0.2086770193438955,341555.0,922909.0,0.1523095155304186,0.2610171849957167,0.25962573637034436,3535817.0,3554767.0,https://www.sec.gov/Archives/edgar/data/1083643/000095013309001547/0000950133-09-001547-index.htm,https://www.sec.gov/Archives/edgar/data/1083643/000095013309000740/w73112e10vk.htm,1620591962,16:26:02,20210509
48,2008-12-31,FBSS,USD,2009-03-16,2009-03-16 08:08:18,Q4,6207828.0,0.0,0.0,0.0,0.0,1497647.0,151439.0,0.0,8000000.0,0.0,2258290.0,25879.0,0.0,0.0,0.0,0.1463307295240783,0.0,908396.0,0.1463307295240783,141604.0,766792.0,0.12352017485020526,0.21726172008589692,0.21726172008589692,3529347.0,3529347.0,https://www.sec.gov/Archives/edgar/data/1083643/000095013309000740/0000950133-09-000740-index.htm,https://www.sec.gov/Archives/edgar/data/1083643/000095013309000740/w73112e10vk.htm,1620591962,16:26:02,20210509
49,2008-09-30,FBSS,USD,2008-11-07,2008-11-07 08:53:14,Q3,6100960.0,0.0,0.0,0.0,0.0,2141693.0,142873.0,0.0,7000000.0,0.0,2351143.0,295130.0,0.0,0.0,0.0,0.23174959350659569,0.0,1413895.0,0.23174959350659569,478892.0,935003.0,0.15325506149851825,0.26,0.26,3529347.0,3529347.0,https://www.sec.gov/Archives/edgar/data/1083643/000095013308003631/0000950133-08-003631-index.htm,https://www.sec.gov/Archives/edgar/data/1083643/000095013308003631/w71391e10vq.htm,1620591962,16:26:02,20210509
50,2008-06-30,FBSS,USD,2008-08-08,2008-08-08 09:27:48,Q2,6518222.0,0.0,0.0,0.0,0.0,2298802.0,155854.0,0.0,7000000.0,0.0,2194288.0,259361.0,0.0,0.0,0.0,0.19772784664284218,0.0,1288834.0,0.19772784664284218,346420.0,942414.0,0.14458145181308646,0.27,0.26,3490422.0,3624669.0,https://www.sec.gov/Archives/edgar/data/1083643/000095013308002721/0000950133-08-002721-index.htm,https://www.sec.gov/Archives/edgar/data/1083643/000095013308002721/w64609e10vq.htm,1620591962,16:26:02,20210509
51,2008-03-31,FBSS,USD,2008-05-09,2008-05-09 08:34:37,Q1,6258833.0,0.0,0.0,0.0,0.0,2328224.0,169742.0,0.0,7000000.0,0.0,2583976.0,329622.0,0.0,0.0,0.0,0.2248404774500294,0.0,1407239.0,0.2248404774500294,398733.0,1008506.0,0.16113323362358445,0.29,0.28,3477607.0,3601807.0,https://www.sec.gov/Archives/edgar/data/1083643/000095013308001867/0000950133-08-001867-index.htm,https://www.sec.gov/Archives/edgar/data/1083643/000095013308001076/w51024e10vk.htm,1620591962,16:26:02,20210509
52,2007-12-31,FBSS,USD,2008-03-14,2008-03-14 16:24:25,Q4,6378491.0,0.0,0.0,0.0,0.0,2327199.0,126787.0,0.0,7000000.0,0.0,2939986.0,307776.0,0.0,0.0,0.0,0.2787052611660031,0.0,1777719.0,0.2787052611660031,486345.0,1291374.0,0.202457603216811,0.3628243893475716,0.3628243893475716,3559226.0,3559226.0,https://www.sec.gov/Archives/edgar/data/1083643/000095013308001076/0000950133-08-001076-index.htm,https://www.sec.gov/Archives/edgar/data/1083643/000095013308001076/w51024e10vk.htm,1620591962,16:26:02,20210509
53,2007-09-30,FBSS,USD,2007-11-13,2007-11-13 08:07:40,Q3,6147543.0,0.0,0.0,0.0,0.0,2295427.0,139700.0,0.0,8000000.0,0.0,3096963.0,325034.0,0.0,0.0,0.0,0.28371383494186214,0.0,1744143.0,0.28371383494186214,534006.0,1210137.0,0.19684888743356493,0.34,0.34,3559226.0,3559226.0,https://www.sec.gov/Archives/edgar/data/1083643/000095013307004604/0000950133-07-004604-index.htm,https://www.sec.gov/Archives/edgar/data/1083643/000095013307004604/w41606e10vq.htm,1620591962,16:26:02,20210509
54,2007-06-30,FBSS,USD,2007-08-13,2007-08-13 11:11:25,Q2,6214775.0,0.0,0.0,0.0,0.0,2313208.0,161692.0,0.0,7000000.0,0.0,3044247.0,318711.0,0.0,0.0,0.0,0.29441548567727716,0.0,1829726.0,0.29441548567727716,550295.0,1279431.0,0.20586923903117973,0.36,0.36,3553975.0,3553975.0,https://www.sec.gov/Archives/edgar/data/1083643/000095013307003438/0000950133-07-003438-index.htm,https://www.sec.gov/Archives/edgar/data/1083643/000095013307003438/w37963e10vq.htm,1620591962,16:26:02,20210509
55,2007-03-31,FBSS,USD,2007-05-14,2007-04-02 08:47:15,Q1,5997877.0,0.0,0.0,0.0,0.0,2348233.0,120401.0,0.0,7000000.0,0.0,3186519.0,324587.0,0.0,0.0,0.0,0.2815492881898045,0.0,1688698.0,0.2815492881898045,516218.0,1172480.0,0.1954825015584681,0.33,0.33,3552970.0,3552970.0,https://www.sec.gov/Archives/edgar/data/1083643/000095013307002315/0000950133-07-002315-index.htm,https://www.sec.gov/Archives/edgar/data/1083643/000095013307001491/w32527e10vk.htm,1620591962,16:26:02,20210509
56,2006-12-31,FBSS,USD,2007-04-02,2007-04-02 08:47:15,Q4,6195394.0,0.0,0.0,0.0,0.0,2281909.0,0.0,0.0,7000000.0,0.0,3252146.0,364286.0,0.0,0.0,0.0,0.33793589237423804,0.0,2093646.0,0.33793589237423804,658859.0,1434787.0,0.23158930650738274,0.4159276694417654,0.4159276694417654,3449607.0,3449607.0,https://www.sec.gov/Archives/edgar/data/1083643/000095013307001491/0000950133-07-001491-index.htm,https://www.sec.gov/Archives/edgar/data/1083643/000095013307001491/w32527e10vk.htm,1620591962,16:26:02,20210509
57,2006-09-30,FBSS,USD,2006-11-13,2006-11-13 08:37:16,Q3,6322111.0,0.0,0.0,0.0,0.0,2265102.0,0.0,0.0,7000000.0,0.0,2972206.0,360619.0,0.0,0.0,0.0,0.337895522555678,0.0,2136213.0,0.337895522555678,652882.0,1483331.0,0.23462590264549293,0.43,0.41,3449607.0,3617880.0,https://www.sec.gov/Archives/edgar/data/1083643/000095013306004902/0000950133-06-004902-index.htm,https://www.sec.gov/Archives/edgar/data/1083643/000095013306004902/w26700e10vq.htm,1620591962,16:26:02,20210509
58,2006-06-30,FBSS,USD,2006-08-11,2006-08-11 09:13:49,Q2,6335914.0,0.0,0.0,0.0,0.0,2321056.0,0.0,0.0,7000000.0,0.0,2494869.0,366080.0,0.0,0.0,0.0,0.2904880022045754,0.0,1840507.0,0.2904880022045754,552695.0,1287812.0,0.20325591540541743,0.37,0.36,3480573.0,3577256.0,https://www.sec.gov/Archives/edgar/data/1083643/000095013306003720/0000950133-06-003720-index.htm,https://www.sec.gov/Archives/edgar/data/1083643/000095013306003720/w24024e10vq.htm,1620591962,16:26:02,20210509
59,2006-03-31,FBSS,USD,2006-05-12,2006-05-12 09:35:33,Q1,6304576.0,0.0,0.0,0.0,0.0,2183767.0,0.0,0.0,6000000.0,0.0,2182415.0,355783.0,0.0,0.0,0.0,0.31674152234821185,0.0,1996921.0,0.31674152234821185,599309.0,1397612.0,0.22168215594514207,0.4,0.39,3494030.0,3583621.0,https://www.sec.gov/Archives/edgar/data/1083643/000095013306002476/0000950133-06-002476-index.htm,https://www.sec.gov/Archives/edgar/data/1083643/000095013306001488/w19018e10vk.htm,1620591962,16:26:02,20210509
60,2005-12-31,FBSS,USD,2006-03-28,2006-03-28 16:19:17,Q4,6152598.0,0.0,0.0,0.0,0.0,2028365.0,0.0,0.0,6000000.0,0.0,1933485.0,175191.0,0.0,0.0,0.0,0.38685543895440594,0.0,2380166.0,0.38685543895440594,710745.0,1669421.0,0.2713359462132907,0.48741322422390476,0.48741322422390476,3425063.0,3425063.0,https://www.sec.gov/Archives/edgar/data/1083643/000095013306001488/0000950133-06-001488-index.htm,https://www.sec.gov/Archives/edgar/data/1083643/000095013306001488/w19018e10vk.htm,1620591962,16:26:02,20210509
61,2005-09-30,FBSS,USD,2005-11-14,2005-11-14 08:55:54,Q3,6267131.0,0.0,0.0,0.0,0.0,2102809.0,0.0,0.0,6000000.0,0.0,1583851.0,339943.0,0.0,0.0,0.0,0.3456899177630083,0.0,2166484.0,0.3456899177630083,693707.0,1472777.0,0.23500019386861387,0.43,0.41,3425063.0,3592139.0,https://www.sec.gov/Archives/edgar/data/1083643/000095013305005147/0000950133-05-005147-index.htm,https://www.sec.gov/Archives/edgar/data/1083643/000095013305005147/w14586e10vq.htm,1620591962,16:26:02,20210509
62,2005-06-30,FBSS,USD,2005-08-12,2005-08-12 11:00:04,Q2,6108303.0,0.0,0.0,0.0,0.0,2074304.0,0.0,0.0,6000000.0,0.0,1490742.0,366753.0,0.0,0.0,0.0,0.2944709848218073,0.0,1798718.0,0.2944709848218073,549567.0,1249151.0,0.20450049711024487,0.36,0.35,3469864.0,3569003.0,https://www.sec.gov/Archives/edgar/data/1083643/000095013305003700/0000950133-05-003700-index.htm,https://www.sec.gov/Archives/edgar/data/1083643/000095013305003700/w11793e10vq.htm,1620591962,16:26:02,20210509
63,2005-03-31,FBSS,USD,2005-05-13,2005-05-13 09:26:25,Q1,5817331.0,0.0,0.0,0.0,0.0,2057922.0,0.0,0.0,5000000.0,0.0,1330142.0,412419.0,0.0,0.0,0.0,0.3219414539072987,0.0,1872840.0,0.3219414539072987,562572.0,1310268.0,0.22523524963595848,0.38,0.37,3448074.0,3541265.0,https://www.sec.gov/Archives/edgar/data/1083643/000095013305002222/0000950133-05-002222-index.htm,https://www.sec.gov/Archives/edgar/data/1083643/000095013305001376/w06403e10vk.htm,1620591962,16:26:02,20210509
64,2004-12-31,FBSS,USD,2005-03-30,2005-03-30 16:19:34,Q4,5921155.0,0.0,0.0,0.0,0.0,1969768.0,0.0,0.0,0.0,0.0,1204943.0,417523.0,0.0,0.0,0.0,0.37444333073530417,0.0,2217137.0,0.37444333073530417,724956.0,1492181.0,0.2520084341652938,0.44810751594162335,0.44810751594162335,3329962.0,3329962.0,https://www.sec.gov/Archives/edgar/data/1083643/000095013305001376/0000950133-05-001376-index.htm,https://www.sec.gov/Archives/edgar/data/1083643/000095013305001376/w06403e10vk.htm,1620591962,16:26:02,20210509
65,2004-09-30,FBSS,USD,2004-11-12,2004-11-12 07:28:13,Q3,5802165.0,0.0,0.0,0.0,0.0,1960821.0,0.0,0.0,0.0,0.0,1145159.0,314963.0,0.0,0.0,0.0,0.3336583844134043,0.0,1935941.0,0.3336583844134043,603956.0,1331985.0,0.22956689442647701,0.4,0.38,3329962.0,3505224.0,https://www.sec.gov/Archives/edgar/data/1083643/000095013304004239/0000950133-04-004239-index.htm,https://www.sec.gov/Archives/edgar/data/1083643/000095013304004239/w68293e10vq.htm,1620591962,16:26:02,20210509
66,2004-06-30,FBSS,USD,2004-08-13,2004-08-13 07:28:22,Q2,5539704.0,0.0,0.0,0.0,0.0,1951551.0,0.0,0.0,0.0,0.0,1039084.0,325266.0,0.0,0.0,0.0,0.2804126357653766,0.0,1553403.0,0.2804126357653766,469322.0,1084081.0,0.19569294677116322,0.33,0.31,3285094.0,3497035.0,https://www.sec.gov/Archives/edgar/data/1083643/000095013304003196/0000950133-04-003196-index.htm,https://www.sec.gov/Archives/edgar/data/1083643/000095013304003196/w99623e10vq.htm,1620591962,16:26:02,20210509
67,2004-03-31,FBSS,USD,2004-05-14,2004-05-14 13:02:55,Q1,5343281.0,0.0,0.0,0.0,0.0,1887032.0,0.0,0.0,0.0,0.0,1022083.0,376391.0,0.0,0.0,0.0,0.28296677640573276,0.0,1511971.0,0.28296677640573276,442034.0,1069937.0,0.20023970290913018,0.32,0.3,3343553.0,3566457.0,https://www.sec.gov/Archives/edgar/data/1083643/000100515004001144/0001005150-04-001144-index.htm,https://www.sec.gov/Archives/edgar/data/1083643/000100515004001144/e11170.htm,1620591962,16:26:02,20210509
68,2003-12-31,FBSS,USD,2004-03-30 00:00:00,2004-03-30 11:01:34,Q4,5353225.0,0.0,0.0,0.0,0.0,1694996.0,0.0,0.0,0.0,0.0,993442.0,380739.0,0.0,0.0,0.0,0.2863998804458994,0.0,1533163.0,0.2863998804458994,440132.0,1093031.0,0.20418177827384426,0.32637884432319964,0.32637884432319964,3348964.0,3348964.0,https://www.sec.gov/Archives/edgar/data/1083643/000100515004000826/0001005150-04-000826-index.html,https://www.sec.gov/Archives/edgar/data/1083643/000100515004000826/form10k.txt,1620591962,16:26:02,20210509
69,2003-09-30,FBSS,USD,2003-11-14 00:00:00,2003-11-14 08:46:16,Q3,5301764.0,0.0,0.0,0.0,0.0,1655112.0,0.0,0.0,0.0,0.0,956291.0,490508.0,0.0,0.0,0.0,0.3258613548245452,0.0,1727640.0,0.3258613548245452,522013.0,1205627.0,0.22740110649964804,0.36,0.34,3348964.0,3545962.0,https://www.sec.gov/Archives/edgar/data/1083643/000100515003001764/0001005150-03-001764-index.html,https://www.sec.gov/Archives/edgar/data/1083643/000100515003001764/e3650.htm,1620591962,16:26:02,20210509
70,2003-06-30,FBSS,USD,2003-08-14 00:00:00,2003-08-14 08:52:38,Q2,4804595.0,0.0,0.0,0.0,0.0,1585051.0,0.0,0.0,0.0,0.0,1030082.0,491319.0,0.0,0.0,0.0,0.28084614832259536,0.0,1349352.0,0.28084614832259536,403154.0,946198.0,0.19693605808606138,0.28,0.27,3379279.0,3504437.0,https://www.sec.gov/Archives/edgar/data/1083643/000100515003001329/0001005150-03-001329-index.html,https://www.sec.gov/Archives/edgar/data/1083643/000100515003001329/form10q.txt,1620591962,16:26:02,20210509
71,2003-03-31,FBSS,USD,2003-05-14 00:00:00,2003-05-14 09:59:01,Q1,4703537.0,0.0,0.0,0.0,0.0,1586297.0,0.0,0.0,0.0,0.0,1021411.0,465796.0,0.0,0.0,0.0,0.3289022707804786,0.0,1547004.0,0.3289022707804786,456010.0,1090994.0,0.2319518268911247,0.33,0.32,3306042.0,3409356.0,https://www.sec.gov/Archives/edgar/data/1083643/000100515003000913/0001005150-03-000913-index.html,https://www.sec.gov/Archives/edgar/data/1083643/000100515003000913/form10q.txt,1620591962,16:26:02,20210509
72,2002-12-31,FBSS,USD,2003-03-25 00:00:00,2003-03-25 16:33:43,Q4,4918872.0,0.0,0.0,0.0,0.0,1334349.0,0.0,0.0,0.0,0.0,1127349.0,732975.0,0.0,0.0,0.0,0.2927876553811524,0.0,1440185.0,0.2927876553811524,425321.0,1014864.0,0.20632047347440632,0.3050991148835568,0.3050991148835568,3326342.0,3326342.0,https://www.sec.gov/Archives/edgar/data/1083643/000100515003000646/0001005150-03-000646-index.html,https://www.sec.gov/Archives/edgar/data/1083643/000100515003000646/form10k.txt,1620591962,16:26:02,20210509
73,2002-09-30,FBSS,USD,2002-11-14 00:00:00,2002-11-14 11:38:45,Q3,4623542.0,0.0,0.0,0.0,0.0,1444599.0,81123.0,0.0,0.0,0.0,1263651.0,79316.0,0.0,0.0,0.0,0.3254325363541631,0.0,1504651.0,0.3254325363541631,473485.0,1031166.0,0.2230251179723251,0.31,0.3,3326342.0,3437220.0,https://www.sec.gov/Archives/edgar/data/1083643/000100515002001266/0001005150-02-001266-index.html,https://www.sec.gov/Archives/edgar/data/1083643/000100515002001266/form10q.txt,1620591962,16:26:02,20210509
74,2002-06-30,FBSS,USD,2002-08-14 00:00:00,2002-08-14 12:43:20,Q2,4472953.0,0.0,0.0,0.0,0.0,1373564.0,127065.0,0.0,0.0,0.0,1358369.0,307564.0,0.0,0.0,0.0,0.31668989144308024,0.0,1416539.0,0.31668989144308024,444291.0,972248.0,0.21736155063556448,0.29,0.28,3352579.0,3472314.0,https://www.sec.gov/Archives/edgar/data/1083643/000100515002000980/0001005150-02-000980-index.html,https://www.sec.gov/Archives/edgar/data/1083643/000100515002000980/form10q.txt,1620591962,16:26:02,20210509
75,2002-03-31,FBSS,USD,2002-05-14 00:00:00,2002-05-14 14:18:57,Q1,4298968.0,0.0,0.0,0.0,0.0,1397041.0,126393.0,0.0,0.0,0.0,1332793.0,309515.0,0.0,0.0,0.0,0.3047670975917941,0.0,1310184.0,0.3047670975917941,398646.0,911538.0,0.2120364701481844,0.275,0.265,3314684.0,3439766.0,https://www.sec.gov/Archives/edgar/data/1083643/000100515002000668/0001005150-02-000668-index.html,https://www.sec.gov/Archives/edgar/data/1083643/000100515002000668/form10q.txt,1620591962,16:26:02,20210509
76,2001-12-31,FBSS,USD,2002-03-25 00:00:00,2002-03-25 00:00:00,Q4,4286043.0,0.0,0.0,0.0,0.0,1078194.0,0.0,0.0,0.0,0.0,1621413.0,254530.0,0.0,0.0,0.0,0.3411302686417285,0.0,1462099.0,0.3411302686417285,463881.0,620302.0,0.144726032846614,0.18144095772904398,0.18144095772904398,3418754.0,3418754.0,https://www.sec.gov/Archives/edgar/data/1083643/000100515002000424/0001005150-02-000424-index.html,https://www.sec.gov/Archives/edgar/data/1083643/000100515002000424/form10k.txt,1620591962,16:26:02,20210509
77,2001-09-30,FBSS,USD,2001-11-14 00:00:00,2001-11-14 00:00:00,Q3,4005447.0,0.0,0.0,0.0,0.0,1212041.0,82480.0,0.0,0.0,0.0,1886762.0,207000.0,0.0,0.0,0.0,0.34971103100353096,0.0,1400749.0,0.34971103100353096,443498.0,957251.0,0.23898730903192578,0.28,0.275,3418754.0,3480913.0,https://www.sec.gov/Archives/edgar/data/1083643/000100515001500857/0001005150-01-500857-index.html,https://www.sec.gov/Archives/edgar/data/1083643/000100515001500857/form10q.txt,1620591962,16:26:02,20210509
78,2001-06-30,FBSS,USD,2001-08-10 00:00:00,2001-08-10 00:00:00,Q2,3854184.0,0.0,0.0,0.0,0.0,1190795.0,83182.0,0.0,0.0,0.0,1903160.0,196213.0,0.0,0.0,0.0,0.3067614312134553,0.0,1182315.0,0.3067614312134553,371086.0,811229.0,0.21048009124629233,0.235,0.235,3452038.0,3452038.0,https://www.sec.gov/Archives/edgar/data/1083643/000100515001500475/0001005150-01-500475-index.html,https://www.sec.gov/Archives/edgar/data/1083643/000100515001500475/form10q.txt,1620591962,16:26:02,20210509
79,2001-03-31,FBSS,USD,2001-05-15 00:00:00,2001-05-15 00:00:00,Q1,4254241.0,0.0,0.0,0.0,0.0,1135924.0,68798.0,0.0,0.0,0.0,1809375.0,183164.0,0.0,0.0,0.0,0.38546288280330143,0.0,1639852.0,0.38546288280330143,513000.0,1126852.0,0.26487733064487884,0.33,0.325,3414703.0,3467237.0,https://www.sec.gov/Archives/edgar/data/1083643/000100515001500168/0001005150-01-500168-index.html,https://www.sec.gov/Archives/edgar/data/1083643/000100515001500168/form10-q.txt,1620591962,16:26:02,20210509
80,2000-12-31,FBSS,USD,2001-03-30 00:00:00,2001-03-30 00:00:00,Q4,3589334.0,0.0,0.0,0.0,0.0,813253.0,0.0,0.0,0.0,0.0,1800644.0,108025.0,0.0,0.0,0.0,0.2686484456447909,0.0,964269.0,0.2686484456447909,297601.0,666668.0,0.18573584960329687,0.18799249234684096,0.18799249234684096,3546248.0,3546248.0,https://www.sec.gov/Archives/edgar/data/1083643/000100515001000289/0001005150-01-000289-index.html,https://www.sec.gov/Archives/edgar/data/1083643/000100515001000289/0001005150-01-000289-0001.txt,1620591962,16:26:02,20210509
81,2000-09-30,FBSS,USD,2000-11-13 00:00:00,2000-11-13 00:00:00,Q3,3834771.0,0.0,0.0,0.0,0.0,1010940.0,89838.0,0.0,0.0,0.0,1457560.0,194007.0,0.0,0.0,0.0,0.36573292120963674,0.0,1402502.0,0.36573292120963674,445015.0,957487.0,0.24968557444499292,0.27,0.27,3546248.0,3546248.0,https://www.sec.gov/Archives/edgar/data/1083643/000100515000001567/0001005150-00-001567-index.html,https://www.sec.gov/Archives/edgar/data/1083643/000100515000001567/0001005150-00-001567-0001.txt,1620591962,16:26:02,20210509
82,2000-06-30,FBSS,USD,2000-08-10 00:00:00,2000-08-10 00:00:00,Q2,3734163.0,0.0,0.0,0.0,0.0,1014409.0,110414.0,0.0,0.0,0.0,1379064.0,191115.0,0.0,0.0,0.0,0.2906865608169756,0.0,1085471.0,0.2906865608169756,341674.0,743797.0,0.1991870735155375,0.21,0.205,3541890.0,3628278.0,https://www.sec.gov/Archives/edgar/data/1083643/000100515000001128/0001005150-00-001128-index.html,https://www.sec.gov/Archives/edgar/data/1083643/000100515000001128/0001005150-00-001128-0001.txt,1620591962,16:26:02,20210509
83,2000-03-31,FBSS,USD,2000-04-12 00:00:00,2000-04-12 00:00:00,Q1,3490805.0,0.0,0.0,0.0,0.0,1014108.0,26721.0,0.0,0.0,0.0,1447087.0,190997.0,0.0,0.0,0.0,0.3076616998084969,0.0,1073987.0,0.3076616998084969,341000.0,732987.0,0.20997649539289648,0.205,0.205,3575546.0,3575546.0,https://www.sec.gov/Archives/edgar/data/1083643/000100515000000519/0001005150-00-000519-index.html,https://www.sec.gov/Archives/edgar/data/1083643/0001005150-00-000519.txt,1620591962,16:26:02,20210509
84,1999-12-31,FBSS,USD,1999-12-31,1999-12-31,Q4,3660000.0,1480000.0,3660000.0,1.0,0.0,2790000.0,0.0,0.0,4270000.0,0.0,1480000.0,190000.00000000006,1060000.0,0.2896174863387978,870000.0,0.23770491803278687,0.0,870000.0,0.23770491803278687,270000.0,610000.0,0.16666666666666666,0.16851,0.16851,3620000.0,3620000.0,,,1620591962,16:26:02,20210509
85,1999-09-30,FBSS,USD,1999-11-12 00:00:00,1999-11-12 00:00:00,Q3,3480000.0,1510000.0,3480000.0,1.0,0.0,2280000.0,0.0,0.0,3790000.0,0.0,1510000.0,209999.99999999997,1410000.0,0.4051724137931034,1200000.0,0.3448275862068966,0.0,1200000.0,0.3448275862068966,380000.0,820000.0,0.23563218390804597,0.22466,0.22466,3650000.0,3650000.0,https://www.sec.gov/Archives/edgar/data/1083643/000100515099000999/0001005150-99-000999-index.html,https://www.sec.gov/Archives/edgar/data/1083643/0001005150-99-000999.txt,1620591962,16:26:02,20210509
86,1999-06-30,FBSS,USD,1999-08-16 00:00:00,1999-08-16 00:00:00,Q2,3420000.0,1490000.0,3420000.0,1.0,0.0,2330000.0,0.0,0.0,3820000.0,0.0,1490000.0,180000.0,1270000.0,0.3713450292397661,1090000.0,0.31871345029239767,0.0,1090000.0,0.31871345029239767,300000.0,790000.0,0.2309941520467836,0.21526,0.21526,3670000.0,3670000.0,https://www.sec.gov/Archives/edgar/data/1083643/000100515099000714/0001005150-99-000714-index.html,https://www.sec.gov/Archives/edgar/data/1083643/0001005150-99-000714.txt,1620591962,16:26:02,20210509
