,date,symbol,reportedCurrency,fillingDate,acceptedDate,period,revenue,costOfRevenue,grossProfit,grossProfitRatio,researchAndDevelopmentExpenses,generalAndAdministrativeExpenses,sellingAndMarketingExpenses,otherExpenses,operatingExpenses,costAndExpenses,interestExpense,depreciationAndAmortization,ebitda,ebitdaratio,operatingIncome,operatingIncomeRatio,totalOtherIncomeExpensesNet,incomeBeforeTax,incomeBeforeTaxRatio,incomeTaxExpense,netIncome,netIncomeRatio,eps,epsdiluted,weightedAverageShsOut,weightedAverageShsOutDil,link,finalLink,timestamp,est_time,est_date
0,2021-03-31,OTIS,USD,2021-04-28,2021-04-28,Q1,3408000000,2389000000,1019000000,0.2990023474178404,35000000,0.0,482000000.0,-2000000.0,510000000,2899000000,0.0,51000000,560000000,0.1643192488262911,509000000,0.13937793427230047,-2000000.0,475000000,0.13937793427230047,123000000,308000000,0.0903755868544601,0.71,0.71,431600000,433700000,https://www.sec.gov/Archives/edgar/data/1781335/000178133521000034/0001781335-21-000034-index.htm,https://www.sec.gov/ix?doc=/Archives/edgar/data/1781335/000178133521000034/otis-20210331.htm,1620596245,17:37:25,20210509
1,2020-12-31,OTIS,USD,2021-02-05,2021-02-05 06:04:52,Q4,3493000000,2481000000,1012000000,0.28972230174634983,40000000,537000000.0,0.0,-6000000.0,572000000,3053000000,0.0,51000000,491000000,0.14056684798167765,440000000,0.1259662181505869,-6000000.0,397000000,0.11365588319496135,118000000,251000000,0.07185800171772115,0.5791416705122289,0.5759522716842589,433400000,435800000,https://www.sec.gov/Archives/edgar/data/1781335/000178133521000023/0001781335-21-000023-index.htm,https://www.sec.gov/Archives/edgar/data/1781335/000178133521000023/otis-20201231.htm,1620596245,17:37:25,20210509
2,2020-09-30,OTIS,USD,2020-10-28,2020-10-28 16:11:18,Q3,3268000000,2289000000,979000000,0.2995716034271726,37000000,481000000.0,0.0,-2000000.0,525000000,2814000000,0.0,48000000,502000000,0.1536107711138311,454000000,0.13892288861689106,-2000000.0,413000000,0.12637698898408814,103000000,266000000,0.08139534883720931,0.6140350877192983,0.611353711790393,433200000,435100000,https://www.sec.gov/Archives/edgar/data/1781335/000178133520000029/0001781335-20-000029-index.htm,https://www.sec.gov/Archives/edgar/data/1781335/000178133520000029/otis-20200930.htm,1620596245,17:37:25,20210509
3,2020-06-30,OTIS,USD,2020-07-31,2020-07-31 10:06:29,Q2,3029000000,2138000000,891000000,0.2941564872895345,37000000,441000000.0,0.0,-1000000.0,475000000,2613000000,0.0,49000000,465000000,0.1535160118851106,416000000,0.13733905579399142,-1000000.0,374000000,0.12347309343017497,109000000,224000000,0.07395179927368768,0.5172015700761948,0.516010135913384,433100000,434100000,https://www.sec.gov/Archives/edgar/data/1781335/000178133520000016/0001781335-20-000016-index.htm,https://www.sec.gov/Archives/edgar/data/1781335/000178133520000016/otis-20200630.htm,1620596245,17:37:25,20210509
4,2020-03-31,OTIS,USD,2020-05-08 00:00:00,2020-05-08 07:36:22,Q1,2966000000,2069000000,897000000,0.30242751180040456,38000000,465000000.0,0.0,3000000.0,568000000,2637000000,5000000.0,43000000,372000000,0.12542144302090358,329000000,0.11092380310182064,3000000.0,327000000,0.11024949426837491,125000000,165000000,0.05563047875927175,0.38,0.38,433100000,433100000,https://www.sec.gov/Archives/edgar/data/1781335/000178133520000005/0001781335-20-000005-index.html,https://www.sec.gov/Archives/edgar/data/1781335/000178133520000005/otis-20200331.htm,1620596245,17:37:25,20210509
5,2019-12-31,OTIS,USD,2019-12-31,2019-12-31,Q4,3353000000,2387000000,966000000,0.2881002087682672,45000000,481000000.0,481000000.0,-5000000.0,530000000,2917000000,0.0,45000000,481000000,0.14345362362063824,436000000,0.13033104682373994,-5000000.0,437000000,0.13033104682373994,183000000,218000000,0.06501640322099612,0.503347956592011,0.503347956592011,433100000,433100000,,,1620596245,17:37:25,20210509
6,2019-09-30,OTIS,USD,2019-09-30,2019-09-30,Q3,3313000000,2338000000,975000000,0.29429520072441895,39000000,444000000.0,444000000.0,16000000.0,493000000,2831000000,0.0,44000000,526000000,0.15876848777543012,482000000,0.15212798068216118,16000000.0,504000000,0.15212798068216118,143000000,317000000,0.09568367038937518,0.731933,0.731933,433100000,433100000,,,1620596245,17:37:25,20210509
7,2019-06-30,OTIS,USD,2019-06-30,2019-06-30,Q2,3351000000,2367000000,984000000,0.2936436884512086,40000000,444000000.0,444000000.0,11000000.0,503000000,2870000000,0.0,46000000,527000000,0.15726648761563713,481000000,0.1477170993733214,11000000.0,495000000,0.1477170993733214,143000000,308000000,0.09191286183228888,0.711152,0.711152,433100000,433100000,,,1620596245,17:37:25,20210509
8,2019-03-31,OTIS,USD,2019-03-31,2019-03-31,Q1,3101000000,2200000000,901000000,0.290551435020961,39000000,441000000.0,441000000.0,11000000.0,486000000,2686000000,1000000.0,45000000,460000000,0.14833924540470816,415000000,0.13705256368913254,11000000.0,425000000,0.13705256368913254,125000000,273000000,0.08803611738148984,0.630339,0.630339,433100000,433100000,,,1620596245,17:37:25,20210509
