,date,symbol,reportedCurrency,fillingDate,acceptedDate,period,revenue,costOfRevenue,grossProfit,grossProfitRatio,researchAndDevelopmentExpenses,generalAndAdministrativeExpenses,sellingAndMarketingExpenses,otherExpenses,operatingExpenses,costAndExpenses,interestExpense,depreciationAndAmortization,ebitda,ebitdaratio,operatingIncome,operatingIncomeRatio,totalOtherIncomeExpensesNet,incomeBeforeTax,incomeBeforeTaxRatio,incomeTaxExpense,netIncome,netIncomeRatio,eps,epsdiluted,weightedAverageShsOut,weightedAverageShsOutDil,link,finalLink,timestamp,est_time,est_date
0,2020-12-31,RUCHIRA.NS,INR,2020-12-31,2020-12-31,Q4,1170464000,990894000,179570000,0.1534177898679498,0.0,0.0,16923000.0,824000.0,161780000,1152674000,13417000.0,35361000,53151000,0.04541019629822019,17790000.0,0.01519910052765399,0.0,5197000.0,0.004440119473986385,1191000.0,4006000.0,0.003422574295322197,0.17,0.17,23564706,23564706,https://www.nseindia.com/companies-listing/corporate-filings-annual-reports,https://www.nseindia.com/companies-listing/corporate-filings-annual-reports,1620597460,17:57:40,20210509
1,2020-09-30,RUCHIRA.NS,INR,2020-09-30,2020-09-30,Q3,989033000,831936000,157097000,0.1588389871723188,0.0,0.0,14931000.0,1381000.0,156362000,988298000,15413000.0,34780000,35515000,0.03590881194055203,735000.0,0.0007431501274477191,0.0,-13297000.0,-0.013444445230846695,-5827000.0,-7470000.0,-0.0075528319075298805,-0.31,-0.31,24096774,24096774,https://www.nseindia.com/companies-listing/corporate-filings-annual-reports,https://www.nseindia.com/companies-listing/corporate-filings-annual-reports,1620597460,17:57:40,20210509
2,2020-06-30,RUCHIRA.NS,INR,2020-06-30,2020-06-30,Q2,581269000,470830000,110439000,0.18999637001113082,0.0,0.0,9503000.0,2019000.0,155969000,626799000,15273000.0,33986000,-11544000,-0.01985999597432514,-45530000.0,-0.0783286223762148,0.0,-58784000.0,-0.10113045767106107,-13472000.0,-45312000.0,-0.07795358087219514,-1.87,-1.87,24231016,24231016,https://www.nseindia.com/companies-listing/corporate-filings-annual-reports,https://www.nseindia.com/companies-listing/corporate-filings-annual-reports,1620597460,17:57:40,20210509
3,2020-03-31,RUCHIRA.NS,INR,2020-03-31,2020-03-31,Q1,1074544714,871929357,202615357,0.1885592608294195,0.0,17042515.0,-25358955.0,-5124083.0,181654463,1053583820,10114267.0,34167843,55128737,0.05130427452830967,20960894.0,0.019506767589012586,0.0,13602095.0,0.012658472767844261,7414693.0,6187402.0,0.005758161497968152,0.2567730435617647,0.2567730435617647,24096774,24096774,https://www.nseindia.com/companies-listing/corporate-filings-annual-reports,https://www.nseindia.com/companies-listing/corporate-filings-annual-reports,1620597460,17:57:40,20210509
4,2019-12-31,RUCHIRA.NS,INR,2019-12-31,2019-12-31,Q4,1179497000,974189000,205308000,0.17406402898862822,0.0,0.0,21044000.0,2370000.0,171941000,1146130000,17920000.0,34751000,68118000,0.05775173654532398,33367000.0,0.028289177505326422,0.0,18973000.0,0.01608567041713544,4774000.0,14199000.0,0.012038182377742377,0.58,0.58,24481034,24481034,https://www.nseindia.com/companies-listing/corporate-filings-annual-reports,https://www.nseindia.com/companies-listing/corporate-filings-annual-reports,1620597460,17:57:40,20210509
5,2019-09-30,RUCHIRA.NS,INR,2019-09-30,2019-09-30,Q3,1249664000,984245000,265419000,0.21239229104783366,0.0,0.0,20427000.0,1805000.0,169561000,1153806000,17429000.0,34351000,130209000,0.10419520767182218,95858000.0,0.07670701884666599,0.0,80226000.0,0.06419805643757041,-81923000.0,162149000.0,0.1297540778961385,6.69,6.69,24237519,24237519,https://www.nseindia.com/companies-listing/corporate-filings-annual-reports,https://www.nseindia.com/companies-listing/corporate-filings-annual-reports,1620597460,17:57:40,20210509
6,2019-06-30,RUCHIRA.NS,INR,2019-06-30,2019-06-30,Q2,1306434000,986420000,320014000,0.2449522899740821,0.0,0.0,17817000.0,1667000.0,165361000,1151781000,17765000.0,33929000,188582000,0.14434866208319747,154653000.0,0.11837796628073059,0.0,138560000.0,0.10605970144683925,47353000.0,91207000.0,0.06981370662429177,3.76,3.76,24257181,24257181,https://www.nseindia.com/companies-listing/corporate-filings-annual-reports,https://www.nseindia.com/companies-listing/corporate-filings-annual-reports,1620597460,17:57:40,20210509
7,2019-03-31,RUCHIRA.NS,INR,2019-03-31,2019-03-31,Q1,1286367805,943432805,342935000,0.26659171557857825,0.0,16843079.0,-34978608.0,-8234864.0,164633959,1108066764,15719963.0,31440716,209741757,0.16304960073219493,178301041.0,0.13860813393102606,0.0,165389539.0,0.12857095642252955,62775974.0,102613565.0,0.07977000403861942,4.258394297925523,4.258394297925523,24096774,24096774,https://www.nseindia.com/companies-listing/corporate-filings-annual-reports,https://www.nseindia.com/companies-listing/corporate-filings-annual-reports,1620597460,17:57:40,20210509
8,2018-12-31,RUCHIRA.NS,INR,2018-12-31,2018-12-31,Q4,1244439000,914788000,329651000,0.26489928393436724,0.0,0.0,26246000.0,3075000.0,169668000,1084456000,16738000.0,33078000,193061000,0.15513898230447615,159983000.0,0.12855833029983793,0.0,140548000.0,0.1129408512590814,47109000.0,93439000.0,0.07508523921220726,3.85,3.85,24269870,24269870,https://www.nseindia.com/companies-listing/corporate-filings-annual-reports,https://www.nseindia.com/companies-listing/corporate-filings-annual-reports,1620597460,17:57:40,20210509
9,2018-09-30,RUCHIRA.NS,INR,2018-09-30,2018-09-30,Q3,1299918000,939828000,360090000,0.2770097806169312,0.0,0.0,26839000.0,3653000.0,168369000,1108197000,25509000.0,33680000,225401000,0.1733963219218443,191721000.0,0.1474869953335518,0.0,170648000.0,0.13127597279212996,61768000.0,108880000.0,0.08375912942200969,4.855988,4.855988,22421804,22421804,https://www.nseindia.com/companies-listing/corporate-filings-annual-reports,https://www.nseindia.com/companies-listing/corporate-filings-annual-reports,1620597460,17:57:40,20210509
10,2018-06-30,RUCHIRA.NS,INR,2018-06-30,2018-06-30,Q2,1109179000,649274000,459905000,0.4146355096877961,0.0,0.0,0.0,2443000.0,296331000,945605000,19079000.0,32685000,196259000,0.17694078232638735,163574000.0,0.14747304087077018,0.0,147608000.0,0.13307861039561694,50190000.0,97418000.0,0.08782892571893265,4.31,4.3,22602784,22655349,https://www.nseindia.com/companies-listing/corporate-filings-annual-reports,https://www.nseindia.com/companies-listing/corporate-filings-annual-reports,1620597460,17:57:40,20210509
11,2018-03-31,RUCHIRA.NS,INR,2018-03-31,2018-03-31,Q1,1073321000,816489000,256832000,0.23928722162335406,0.0,0.0,30630000.0,16247000.0,160354000,976843000,23774000.0,33193000,129671000,0.1208128789057514,96478000.0,0.08988736827100187,0.0,88951000.0,0.08287455476972871,29750000.0,59201000.0,0.05515684496995773,2.640332,2.640332,22421804,22421804,https://www.nseindia.com/companies-listing/corporate-filings-annual-reports,https://www.nseindia.com/companies-listing/corporate-filings-annual-reports,1620597460,17:57:40,20210509
12,2017-12-31,RUCHIRA.NS,INR,2017-12-31,2017-12-31,Q4,1175406000,820939000,354467000,0.30156984054871255,0.0,0.0,22808000.0,0.0,149513000,970452000,20691000.0,29686000,234640000,0.199624640337041,204954000.0,0.17436868622416424,0.0,184410000.0,0.15689047018647173,65496000.0,118914000.0,0.10116844732798709,5.3,5.23,22436604,22736902,https://www.nseindia.com/companies-listing/corporate-filings-annual-reports,https://www.nseindia.com/companies-listing/corporate-filings-annual-reports,1620597460,17:57:40,20210509
13,2017-09-30,RUCHIRA.NS,INR,2017-09-30,2017-09-30,Q3,1040248000,758318000,281930000,0.27102191015988497,0.0,0.0,15109000.0,0.0,138913000,897231000,14604000.0,28351000,171368000,0.16473763948596873,143017000.0,0.13748356161223094,0.0,128413000.0,0.123444601671909,44473000.0,83940000.0,0.08069229645238443,3.74,3.7,22443850,22686486,https://www.nseindia.com/companies-listing/corporate-filings-annual-reports,https://www.nseindia.com/companies-listing/corporate-filings-annual-reports,1620597460,17:57:40,20210509
14,2017-06-30,RUCHIRA.NS,INR,2017-06-30,2017-06-30,Q2,1187041000,843089000,343952000,0.28975578771078675,0.0,25025000.0,0.0,0.0,145047000,988136000,18100000.0,28424000,227329000,0.19150897062527747,198905000.0,0.16756371515389948,0.0,181323000.0,0.1527520953362184,63212000.0,118111000.0,0.09950035424218709,5.27,5.25,22411954,22497333,https://www.nseindia.com/companies-listing/corporate-filings-annual-reports,https://www.nseindia.com/companies-listing/corporate-filings-annual-reports,1620597460,17:57:40,20210509
15,2017-03-31,RUCHIRA.NS,INR,2017-03-31,2017-03-31,Q1,1147459000,844515000,302944000,0.2640129189801117,0.0,0.0,44818000.0,0.0,170674000,1015189000,13915000.0,27358000,159628000,0.13911433872582812,132270000.0,0.11527209251049493,0.0,118157000.0,0.10297274238120926,25556000.0,92601000.0,0.08070092264734513,4.13,4.13,22421550,22421550,https://www.nseindia.com/companies-listing/corporate-filings-annual-reports,https://www.nseindia.com/companies-listing/corporate-filings-annual-reports,1620597460,17:57:40,20210509
16,2016-12-31,RUCHIRA.NS,INR,2016-12-31,2016-12-31,Q4,1025905000,767346000,258559000,0.25203015873789486,0.0,0.0,17477000.0,0.0,122278000,889624000,20238000.0,26788000,163069000,0.1589513648924608,136281000.0,0.1328397853602429,0.0,116043000.0,0.11311281258985968,35529000.0,80514000.0,0.07848095096524532,3.59,3.59,22427298,22427298,https://www.nseindia.com/companies-listing/corporate-filings-annual-reports,https://www.nseindia.com/companies-listing/corporate-filings-annual-reports,1620597460,17:57:40,20210509
17,2016-09-30,RUCHIRA.NS,INR,2016-09-30,2016-09-30,Q3,1038075000,780269000,257806000,0.24835007104496304,0.0,0.0,18578000.0,0.0,121367000,901636000,23282000.0,26118000,162557000,0.1565946583821015,136439000.0,0.13143462659249092,0.0,113157000.0,0.1090065746694603,38190000.0,74967000.0,0.0722173253377646,3.34,3.34,22445210,22445210,https://www.nseindia.com/companies-listing/corporate-filings-annual-reports,https://www.nseindia.com/companies-listing/corporate-filings-annual-reports,1620597460,17:57:40,20210509
18,2016-06-30,RUCHIRA.NS,INR,2016-06-30,2016-06-30,Q2,962319000,713124000,249195000,0.2589525926433958,0.0,0.0,16005000.0,0.0,117360000,830484000,21743000.0,25677000,157512000,0.1636796114386186,131835000.0,0.13699719116010386,0.0,110170000.0,0.11448386657646789,37763000.0,72407000.0,0.07524220139059917,3.23,3.23,22417028,22417028,https://www.nseindia.com/companies-listing/corporate-filings-annual-reports,https://www.nseindia.com/companies-listing/corporate-filings-annual-reports,1620597460,17:57:40,20210509
19,2016-03-31,RUCHIRA.NS,INR,2016-03-31,2016-03-31,Q1,896788000,688640000,208148000,0.23210390861608318,0.0,0.0,32049000.0,0.0,132912000,821552000,18008000.0,23966000,99202000,0.11061923219311588,75236000.0,0.08389496737244477,0.0,57289000.0,0.06388243375245878,17032000.0,40257000.0,0.04489020816514048,1.8,1.8,22365000,22365000,https://www.nseindia.com/companies-listing/corporate-filings-annual-reports,https://www.nseindia.com/companies-listing/corporate-filings-annual-reports,1620597460,17:57:40,20210509
20,2015-12-31,RUCHIRA.NS,INR,2015-12-31,2015-12-31,Q4,900905000,674982000,225923000,0.25077338898108015,0.0,0.0,20054000.0,0.0,119916000,794898000,16730000.0,24481000,130488000,0.14484102097335458,106007000.0,0.1176672346140825,0.0,89277000.0,0.09909701910856306,34959000.0,54318000.0,0.06029270566818921,2.42,2.42,22445455,22445455,https://www.nseindia.com/companies-listing/corporate-filings-annual-reports,https://www.nseindia.com/companies-listing/corporate-filings-annual-reports,1620597460,17:57:40,20210509
21,2015-09-30,RUCHIRA.NS,INR,2015-09-30,2015-09-30,Q3,899362000,708732000,190630000,0.21196136816988043,0.0,0.0,16260000.0,0.0,107342000,816074000,18400000.0,23514000,106802000,0.11875307162188307,83288000.0,0.09260787091293605,0.0,65289000.0,0.07259479497688362,21750000.0,43539000.0,0.048410984675803514,1.94,1.94,22442784,22442784,https://www.nseindia.com/companies-listing/corporate-filings-annual-reports,https://www.nseindia.com/companies-listing/corporate-filings-annual-reports,1620597460,17:57:40,20210509
22,2015-06-30,RUCHIRA.NS,INR,2015-06-30,2015-06-30,Q2,928757000,702706000,226051000,0.2433908977267466,0.0,0.0,12140000.0,0.0,99352000,802058000,20902000.0,23079000,149778000,0.1612671559945174,126699000.0,0.13641781434756348,0.0,105841000.0,0.11395984094870887,49249000.0,56592000.0,0.06093305353284013,2.52,2.52,22457143,22457143,https://www.nseindia.com/companies-listing/corporate-filings-annual-reports,https://www.nseindia.com/companies-listing/corporate-filings-annual-reports,1620597460,17:57:40,20210509
23,2015-03-31,RUCHIRA.NS,INR,2015-03-31,2015-03-31,Q1,889416069,686769560,202646509,0.22784219451740084,0.0,0.0,-5756898.0,0.0,129666381,816435941,0.0,23653818,96633946,0.10864875210614168,72980128.0,0.08205397962064478,0.0,62824565.0,0.07063574314621474,26186856.0,36637709.0,0.04119299198314799,1.5204404124801103,1.5204404124801103,24096774,24096774,https://www.nseindia.com/companies-listing/corporate-filings-annual-reports,https://www.nseindia.com/companies-listing/corporate-filings-annual-reports,1620597460,17:57:40,20210509
24,2014-12-31,RUCHIRA.NS,INR,2014-12-31,2014-12-31,Q4,822736000,655397000,167339000,0.20339331207094377,0.0,0.0,15946000.0,0.0,99441000,754838000,0.0,24413000,92311000,0.11220002528149978,67898000.0,0.08252708037572198,0.0,43266000.0,0.05258795044826044,18695000.0,24571000.0,0.0298649870675405,1.1,1.1,22337273,22337273,https://www.nseindia.com/companies-listing/corporate-filings-annual-reports,https://www.nseindia.com/companies-listing/corporate-filings-annual-reports,1620597460,17:57:40,20210509
25,2014-09-30,RUCHIRA.NS,INR,2014-09-30,2014-09-30,Q3,923927000,753290000,170637000,0.18468666896843583,0.0,0.0,12722000.0,0.0,93420000,846710000,0.0,24122000,101339000,0.10968290784878026,77217000.0,0.08357478458795987,0.0,50715000.0,0.05489070023930462,16201000.0,34514000.0,0.0373557651199716,1.54,1.54,22411688,22411688,https://www.nseindia.com/companies-listing/corporate-filings-annual-reports,https://www.nseindia.com/companies-listing/corporate-filings-annual-reports,1620597460,17:57:40,20210509
26,2014-06-30,RUCHIRA.NS,INR,2014-06-30,2014-06-30,Q2,829527000,663402000,166125000,0.20026472917698881,0.0,0.0,9719000.0,0.0,88201000,751603000,0.0,23602000,101526000,0.12239022961277933,77924000.0,0.09393787061783401,0.0,47631000.0,0.057419469167368876,15030000.0,32601000.0,0.03930070992264266,1.45,1.45,22483448,22483448,https://www.nseindia.com/companies-listing/corporate-filings-annual-reports,https://www.nseindia.com/companies-listing/corporate-filings-annual-reports,1620597460,17:57:40,20210509
27,2014-03-31,RUCHIRA.NS,INR,2014-03-31,2014-03-31,Q1,855470290,650501348,204968942,0.23959796663423577,0.0,0.0,-8465713.0,0.0,134753303,785254651,0.0,30075740,100291379,0.11723537353938966,70215639.0,0.08207840742195734,0.0,57170314.0,0.06682910519312132,20495067.0,36675247.0,0.04287144443087556,1.5219982143667863,1.5219982143667863,24096774,24096774,https://www.nseindia.com/companies-listing/corporate-filings-annual-reports,https://www.nseindia.com/companies-listing/corporate-filings-annual-reports,1620597460,17:57:40,20210509
28,2013-12-31,RUCHIRA.NS,INR,2013-12-31,2013-12-31,Q4,671965000,506134000,165831000,0.24678517482309348,0.0,0.0,10153000.0,0.0,90747000,596881000,0.0,29762000,104846000,0.15602895984165843,75084000.0,0.11173796254269196,0.0,42344000.0,0.06301518680288408,22160000.0,20184000.0,0.030037278727314667,0.9,0.9,22421804,22421804,https://www.nseindia.com/companies-listing/corporate-filings-annual-reports,https://www.nseindia.com/companies-listing/corporate-filings-annual-reports,1620597460,17:57:40,20210509
29,2013-09-30,RUCHIRA.NS,INR,2013-09-30,2013-09-30,Q3,837321000,668241000,169080000,0.2019297258757394,0.0,0.0,14299000.0,0.0,89179000,757420000,0.0,28247000,108148000,0.12915954574171673,79901000.0,0.09542457432693077,0.0,46401000.0,0.05541602324556532,13149000.0,33252000.0,0.039712368374852654,1.48,1.48,22421804,22421804,https://www.nseindia.com/companies-listing/corporate-filings-annual-reports,https://www.nseindia.com/companies-listing/corporate-filings-annual-reports,1620597460,17:57:40,20210509
30,2013-06-30,RUCHIRA.NS,INR,2013-06-30,2013-06-30,Q2,836529000,597232000,239297000,0.28605941933871987,0.0,0.0,13840000.0,0.0,92959000,690191000,0.0,28725000,175063000,0.2092730795943715,146338000.0,0.17493476018165538,0.0,108235000.0,0.1293858312144588,45537000.0,62698000.0,0.07495018104572584,2.8,2.8,22421804,22421804,https://www.nseindia.com/companies-listing/corporate-filings-annual-reports,https://www.nseindia.com/companies-listing/corporate-filings-annual-reports,1620597460,17:57:40,20210509
31,2013-03-31,RUCHIRA.NS,INR,2013-03-31,2013-03-31,Q1,772529228,589476915,183052313,0.23695195775816005,0.0,0.0,-4458585.0,0.0,110278604,699755519,0.0,27618470,100392179,0.129952596434319,72773709.0,0.09420188435899542,0.0,51309533.0,0.06641759449391343,19789362.0,31520171.0,0.04080126661563671,1.3080660091678662,1.3080660091678662,24096774,24096774,https://www.nseindia.com/companies-listing/corporate-filings-annual-reports,https://www.nseindia.com/companies-listing/corporate-filings-annual-reports,1620597460,17:57:40,20210509
32,2012-12-31,RUCHIRA.NS,INR,2012-12-31,2012-12-31,Q4,699769000,518474000,181295000,0.25907835299934695,0.0,0.0,10807000.0,0.0,77741000,596215000,0.0,27747000,131301000,0.18763477661914146,103554000.0,0.14798312014393322,0.0,63226000.0,0.09035267352512043,17326000.0,45900000.0,0.06559307428594294,2.05,2.05,22421804,22421804,https://www.nseindia.com/companies-listing/corporate-filings-annual-reports,https://www.nseindia.com/companies-listing/corporate-filings-annual-reports,1620597460,17:57:40,20210509
33,2012-09-30,RUCHIRA.NS,INR,2012-09-30,2012-09-30,Q3,781321000,585404000,195917000,0.2507509717516872,0.0,0.0,8295000.0,0.0,75013000,660417000,0.0,27925000,148829000,0.1904838088314534,120904000.0,0.15474305695098428,0.0,77716000.0,0.09946744039901653,45446000.0,32270000.0,0.04130184648819115,1.44,1.44,22421804,22421804,https://www.nseindia.com/companies-listing/corporate-filings-annual-reports,https://www.nseindia.com/companies-listing/corporate-filings-annual-reports,1620597460,17:57:40,20210509
34,2012-06-30,RUCHIRA.NS,INR,2012-06-30,2012-06-30,Q2,720510000,542596000,177914000,0.246927870536148,0.0,0.0,9515000.0,0.0,75616000,618212000,0.0,26628000,128926000,0.1789371417468182,102298000.0,0.14197998639852327,0.0,54768000.0,0.07601282424948995,0.0,54768000.0,0.07601282424948995,2.44,2.44,22421804,22421804,https://www.nseindia.com/companies-listing/corporate-filings-annual-reports,https://www.nseindia.com/companies-listing/corporate-filings-annual-reports,1620597460,17:57:40,20210509
35,2012-03-31,RUCHIRA.NS,INR,2012-03-31,2012-03-31,Q1,695996341,521379026,174617315,0.25088826580483414,0.0,0.0,1600086.0,0.0,101078218,622457244,0.0,26532260,100071357,0.1437814412303067,73539097.0,0.10566017760142218,0.0,37746930.0,0.054234379947695734,36993696.0,753234.0,0.0010822384481472438,0.03125870707838319,0.03125870707838319,24096774,24096774,https://www.nseindia.com/companies-listing/corporate-filings-annual-reports,https://www.nseindia.com/companies-listing/corporate-filings-annual-reports,1620597460,17:57:40,20210509
36,2011-12-31,RUCHIRA.NS,INR,2011-12-31,2011-12-31,Q4,720608000,570280000,150328000,0.20861272703050757,0.0,0.0,8028000.0,0.0,67981000,638261000,0.0,26814000,109161000,0.15148457968826323,82347000.0,0.11427433500599493,0.0,30284000.0,0.04202562280740708,0.0,30284000.0,0.04202562280740708,1.35,1.35,22421804,22421804,https://www.nseindia.com/companies-listing/corporate-filings-annual-reports,https://www.nseindia.com/companies-listing/corporate-filings-annual-reports,1620597460,17:57:40,20210509
