,date,symbol,reportedCurrency,fillingDate,acceptedDate,period,revenue,costOfRevenue,grossProfit,grossProfitRatio,researchAndDevelopmentExpenses,generalAndAdministrativeExpenses,sellingAndMarketingExpenses,otherExpenses,operatingExpenses,costAndExpenses,interestExpense,depreciationAndAmortization,ebitda,ebitdaratio,operatingIncome,operatingIncomeRatio,totalOtherIncomeExpensesNet,incomeBeforeTax,incomeBeforeTaxRatio,incomeTaxExpense,netIncome,netIncomeRatio,eps,epsdiluted,weightedAverageShsOut,weightedAverageShsOutDil,link,finalLink,timestamp,est_time,est_date
0,2020-12-31,RICOAUTO.NS,INR,2020-12-31,2020-12-31,Q4,4459100000,2946500000,1512600000,0.3392164338095131,0.0,0.0,0.0,32700000.0,1354000000,4300500000,102500000.0,233100000,391700000,0.08784283824090063,158600000.0,0.03556771545827633,0.0,88200000,0.019779776188020005,43300000.0,43800000,0.009822609943710614,0.32,0.32,136875000,136875000,https://www.nseindia.com/companies-listing/corporate-filings-annual-reports,https://www.nseindia.com/companies-listing/corporate-filings-annual-reports,1620597264,17:54:24,20210509
1,2020-09-30,RICOAUTO.NS,INR,2020-09-30,2020-09-30,Q3,3974700000,2631800000,1342900000,0.3378619770045538,0.0,0.0,0.0,49800000.0,1320800000,3952600000,104200000.0,204100000,226200000,0.056909955468337235,22100000.0,0.005560168062998466,0.0,-56400000,-0.014189750169824138,-11500000.0,-47100000,-0.011849950939693562,-0.35,-0.35,134571429,134571429,https://www.nseindia.com/companies-listing/corporate-filings-annual-reports,https://www.nseindia.com/companies-listing/corporate-filings-annual-reports,1620597264,17:54:24,20210509
2,2020-06-30,RICOAUTO.NS,INR,2020-06-30,2020-06-30,Q2,1433900000,945000000,488900000,0.34095822581769997,0.0,0.0,0.0,28000000.0,758800000,1703800000,92400000.0,143800000,-126100000,-0.08794197642792384,-269900000.0,-0.1882279098960876,0.0,-335900000,-0.23425622428342283,-89200000.0,-243500000,-0.1698165841411535,-1.8,-1.8,135277778,135277778,https://www.nseindia.com/companies-listing/corporate-filings-annual-reports,https://www.nseindia.com/companies-listing/corporate-filings-annual-reports,1620597264,17:54:24,20210509
3,2020-03-31,RICOAUTO.NS,INR,2020-03-31,2020-03-31,Q1,2898500000,2335700000,562800000,0.1941693979644644,0.0,0.0,0.0,-97700000.0,541600000,2877300000,49300000.0,199500000,220700000,0.07614283249956874,21200000.0,0.007314127997239951,0.0,-28200000,-0.009729170260479559,10200000.0,-40800000,-0.01407624633431085,-0.30318471241023975,-0.30318471241023975,134571429,134571429,https://www.nseindia.com/companies-listing/corporate-filings-annual-reports,https://www.nseindia.com/companies-listing/corporate-filings-annual-reports,1620597264,17:54:24,20210509
4,2019-12-31,RICOAUTO.NS,INR,2019-12-31,2019-12-31,Q4,3423800000,2348600000,1075200000,0.31403703487353235,0.0,0.0,0.0,59400000.0,953500000,3302100000,78200000.0,207300000,329000000,0.09609206145218763,121700000.0,0.03554530054325603,0.0,99400000,0.02903206963023541,-6800000.0,107500000,0.031397862024650974,0.794619,0.794619,135285000,135285000,https://www.nseindia.com/companies-listing/corporate-filings-annual-reports,https://www.nseindia.com/companies-listing/corporate-filings-annual-reports,1620597264,17:54:24,20210509
5,2019-09-30,RICOAUTO.NS,INR,2019-09-30,2019-09-30,Q3,3626600000,2584400000,1042200000,0.28737660618761374,0.0,0.0,0.0,48100000.0,939700000,3524100000,69700000.0,198500000,301000000,0.08299784922516958,102500000.0,0.02826338719461755,0.0,62800000,0.017316494788507143,3500000.0,59200000,0.0163238294821596,0.44,0.44,134545455,134545455,https://www.nseindia.com/companies-listing/corporate-filings-annual-reports,https://www.nseindia.com/companies-listing/corporate-filings-annual-reports,1620597264,17:54:24,20210509
6,2019-06-30,RICOAUTO.NS,INR,2019-06-30,2019-06-30,Q2,3653200000,2698300000,954900000,0.26138727690791635,0.0,0.0,0.0,34100000.0,858600000,3556900000,73000000.0,190400000,286700000,0.07847914157451003,96300000.0,0.02636045111135443,0.0,54900000,0.015027920727033833,15300000.0,40000000,0.010949304719150335,0.3,0.3,133333333,133333333,https://www.nseindia.com/companies-listing/corporate-filings-annual-reports,https://www.nseindia.com/companies-listing/corporate-filings-annual-reports,1620597264,17:54:24,20210509
7,2019-03-31,RICOAUTO.NS,INR,2019-03-31,2019-03-31,Q1,3149600000,2590300000,559300000,0.1775781051562103,0.0,0.0,0.0,-60000000.0,454200000,3044500000,54900000.0,145900000,251000000,0.07969265938531878,105100000.0,0.03336931673863348,0.0,104300000,0.03311531623063246,35800000.0,65600000,0.02082804165608331,0.4874734591694051,0.4874734591694051,134571429,134571429,https://www.nseindia.com/companies-listing/corporate-filings-annual-reports,https://www.nseindia.com/companies-listing/corporate-filings-annual-reports,1620597264,17:54:24,20210509
8,2018-12-31,RICOAUTO.NS,INR,2018-12-31,2018-12-31,Q4,3345400000,2368900000,976500000,0.29189334608716444,0.0,0.0,0.0,42900000.0,756500000,3125400000,57100000.0,144900000,364900000,0.10907514796436898,220000000.0,0.06576194177078974,0.0,171500000,0.051264422789502,62600000.0,108000000,0.032283135051114964,0.8,0.8,135000000,135000000,https://www.nseindia.com/companies-listing/corporate-filings-annual-reports,https://www.nseindia.com/companies-listing/corporate-filings-annual-reports,1620597264,17:54:24,20210509
9,2018-09-30,RICOAUTO.NS,INR,2018-09-30,2018-09-30,Q3,3612200000,1893400000,1718800000,0.47583190299540445,0.0,0.0,0.0,30300000.0,1438700000,3332100000,66600000.0,145400000,425500000,0.11779524943247882,280100000.0,0.07754277171806655,0.0,249300000,0.06901611206466973,68500000.0,179200000,0.049609656165217876,1.32,1.32,135757576,135757576,https://www.nseindia.com/companies-listing/corporate-filings-annual-reports,https://www.nseindia.com/companies-listing/corporate-filings-annual-reports,1620597264,17:54:24,20210509
10,2018-06-30,RICOAUTO.NS,INR,2018-06-30,2018-06-30,Q2,3491400000,1838700000,1652700000,0.4733631208111359,0.0,0.0,0.0,38100000.0,1398100000,3236800000,55800000.0,140800000,395400000,0.11324969926104142,254600000.0,0.07292203700521281,0.0,196200000,0.05619522254682935,44100000.0,152400000,0.04365011170304176,1.13,1.13,134867257,134867257,https://www.nseindia.com/companies-listing/corporate-filings-annual-reports,https://www.nseindia.com/companies-listing/corporate-filings-annual-reports,1620597264,17:54:24,20210509
11,2018-03-31,RICOAUTO.NS,INR,2018-03-31,2018-03-31,Q1,3324400000,1723900000,1600500000,0.48144025989652267,0.0,0.0,0.0,14100000.0,1355300000,3079200000,57900000.0,141000000,386200000,0.11617133918902658,245200000.0,0.07375767055709301,0.0,188800000,0.05679220310431957,2100000.0,185900000,0.05591986523884009,1.37,1.37,135693431,135693431,https://www.nseindia.com/companies-listing/corporate-filings-annual-reports,https://www.nseindia.com/companies-listing/corporate-filings-annual-reports,1620597264,17:54:24,20210509
12,2017-12-31,RICOAUTO.NS,INR,2017-12-31,2017-12-31,Q4,3033800000,1601200000,1432600000,0.47221306612169556,0.0,0.0,0.0,0.0,1202900000,2804100000,43800000.0,134000000,363700000,0.11988265541565034,229700000.0,0.0757136264750478,0.0,163000000,0.05372799789043444,29700000.0,132200000,0.04357571362647505,0.98,0.98,134897959,134897959,https://www.nseindia.com/companies-listing/corporate-filings-annual-reports,https://www.nseindia.com/companies-listing/corporate-filings-annual-reports,1620597264,17:54:24,20210509
13,2017-09-30,RICOAUTO.NS,INR,2017-09-30,2017-09-30,Q3,2999900000,1553300000,1446600000,0.48221607386912896,0.0,0.0,0.0,0.0,1207600000,2760900000,49000000.0,132900000,371900000,0.12397079902663422,239000000.0,0.0796693223107437,0.0,169800000,0.056601886729557654,49700000.0,119400000,0.039801326710890365,0.88,0.88,135681818,135681818,https://www.nseindia.com/companies-listing/corporate-filings-annual-reports,https://www.nseindia.com/companies-listing/corporate-filings-annual-reports,1620597264,17:54:24,20210509
14,2017-06-30,RICOAUTO.NS,INR,2017-06-30,2017-06-30,Q2,2735000000,1361500000,1373500000,0.5021937842778793,0.0,0.0,0.0,0.0,1167700000,2529200000,36700000.0,131100000,336900000,0.12318098720292504,205800000.0,0.07524680073126143,0.0,179500000,0.06563071297989032,39600000.0,140500000,0.05137111517367459,1.04,1.04,135096154,135096154,https://www.nseindia.com/companies-listing/corporate-filings-annual-reports,https://www.nseindia.com/companies-listing/corporate-filings-annual-reports,1620597264,17:54:24,20210509
15,2017-03-31,RICOAUTO.NS,INR,2017-03-31,2017-03-31,Q1,2645400000,1410700000,1234700000,0.4667347093067211,0.0,0.0,0.0,18100000.0,1138700000,2549400000,18800000.0,108900000,204900000,0.07745520526196416,96000000.0,0.03628940802903153,0.0,85000000,0.03213124669237166,19200000.0,68900000,0.0260452105541695,0.51,0.51,135098039,135098039,https://www.nseindia.com/companies-listing/corporate-filings-annual-reports,https://www.nseindia.com/companies-listing/corporate-filings-annual-reports,1620597264,17:54:24,20210509
16,2016-12-31,RICOAUTO.NS,INR,2016-12-31,2016-12-31,Q4,2511700000,1261400000,1250300000,0.4977903412031692,0.0,0.0,0.0,0.0,1094400000,2355800000,58900000.0,130400000,286300000,0.11398654297885893,155900000.0,0.06206951467133814,0.0,96400000,0.038380379822431025,4200000.0,91400000,0.036389696221682526,0.68,0.68,134411765,134411765,https://www.nseindia.com/companies-listing/corporate-filings-annual-reports,https://www.nseindia.com/companies-listing/corporate-filings-annual-reports,1620597264,17:54:24,20210509
17,2016-09-30,RICOAUTO.NS,INR,2016-09-30,2016-09-30,Q3,2816000000,1393200000,1422800000,0.5052556818181818,0.0,0.0,0.0,0.0,1157900000,2551100000,38500000.0,117400000,382300000,0.1357599431818182,264900000.0,0.09406960227272727,0.0,225500000,0.080078125,52200000.0,170100000,0.06040482954545454,1.26,1.26,135000000,135000000,https://www.nseindia.com/companies-listing/corporate-filings-annual-reports,https://www.nseindia.com/companies-listing/corporate-filings-annual-reports,1620597264,17:54:24,20210509
18,2016-06-30,RICOAUTO.NS,INR,2016-06-30,2016-06-30,Q2,2662200000,1326600000,1335600000,0.5016903313049358,0.0,0.0,0.0,0.0,1078300000,2404900000,53200000.0,118000000,375300000,0.140973630831643,257300000.0,0.09664938772443843,0.0,199300000,0.07486289534971076,43900000.0,155800000,0.05852302606866502,1.15,1.15,135478261,135478261,https://www.nseindia.com/companies-listing/corporate-filings-annual-reports,https://www.nseindia.com/companies-listing/corporate-filings-annual-reports,1620597264,17:54:24,20210509
19,2016-03-31,RICOAUTO.NS,INR,2016-03-31,2016-03-31,Q1,2530500000,1209000000,1321500000,0.5222288085358625,0.0,0.0,0.0,0.0,1197600000,2406600000,0.0,112300000,236200000,0.09334123690970164,123900000.0,0.04896265560165975,0.0,96900000,0.038292827504445764,25100000.0,69800000,0.027583481525390238,0.5186836501528121,0.5186836501528121,134571429,134571429,https://www.nseindia.com/companies-listing/corporate-filings-annual-reports,https://www.nseindia.com/companies-listing/corporate-filings-annual-reports,1620597264,17:54:24,20210509
20,2015-12-31,RICOAUTO.NS,INR,2015-12-31,2015-12-31,Q4,2587700000,1247900000,1339800000,0.5177570815782355,0.0,0.0,0.0,0.0,1151400000,2399300000,0.0,116100000,304500000,0.11767206399505352,188400000.0,0.07280596668856514,0.0,129600000,0.050083085365382383,41800000.0,87600000,0.03385245584882328,0.65,0.65,134769231,134769231,https://www.nseindia.com/companies-listing/corporate-filings-annual-reports,https://www.nseindia.com/companies-listing/corporate-filings-annual-reports,1620597264,17:54:24,20210509
21,2015-09-30,RICOAUTO.NS,INR,2015-09-30,2015-09-30,Q3,2437700000,1149400000,1288300000,0.5284899700537392,0.0,0.0,0.0,0.0,1089400000,2238800000,66600000.0,116900000,315800000,0.1295483447511999,198900000.0,0.08159330516470444,0.0,126600000,0.051934200270747015,32500000.0,94200000,0.03864298313984493,0.69,0.69,136521739,136521739,https://www.nseindia.com/companies-listing/corporate-filings-annual-reports,https://www.nseindia.com/companies-listing/corporate-filings-annual-reports,1620597264,17:54:24,20210509
22,2015-06-30,RICOAUTO.NS,INR,2015-06-30,2015-06-30,Q2,2513700000,1323500000,1190200000,0.4734853005529697,0.0,0.0,0.0,0.0,1062900000,2386400000,62400000.0,122000000,249300000,0.0991765127103473,127300000.0,0.050642479213907785,0.0,58600000,0.02331224887615865,15300000.0,42800000,0.017026693718423042,0.32,0.32,133750000,133750000,https://www.nseindia.com/companies-listing/corporate-filings-annual-reports,https://www.nseindia.com/companies-listing/corporate-filings-annual-reports,1620597264,17:54:24,20210509
23,2015-03-31,RICOAUTO.NS,INR,2015-03-31,2015-03-31,Q1,-96703000000,-57273100000,-39429900000,0.40774226239103234,0.0,0.0,0.0,0.0,-34982500000,-92255600000,0.0,-5841000000,-10288400000,0.10639173552009762,-4447400000.0,0.04599030019751197,0.0,-18414500000,0.19042325470771332,-4458100000.0,-14526700000,0.1502197449923994,-107.94787651396642,-107.94787651396642,134571429,134571429,https://www.nseindia.com/companies-listing/corporate-filings-annual-reports,https://www.nseindia.com/companies-listing/corporate-filings-annual-reports,1620597264,17:54:24,20210509
24,2014-12-31,RICOAUTO.NS,INR,2014-12-31,2014-12-31,Q4,35667000000,21232000000,14435000000,0.40471584377716097,0.0,0.0,0.0,0.0,13502000000,34734000000,0.0,2297000000,3230000000,0.09055990130933356,933000000.0,0.02615863403145765,0.0,19848000000,0.5564807805534527,3828000000.0,16020000000,0.44915468079737575,11.84,11.84,135285000,135285000,https://www.nseindia.com/companies-listing/corporate-filings-annual-reports,https://www.nseindia.com/companies-listing/corporate-filings-annual-reports,1620597264,17:54:24,20210509
25,2014-09-30,RICOAUTO.NS,INR,2014-09-30,2014-09-30,Q3,3880600000,2253000000,1627600000,0.41941967736947894,0.0,0.0,0.0,0.0,1412600000,3665600000,0.0,218900000,433900000,0.11181260629799515,215000000.0,0.05540380353553574,0.0,31000000,0.00798845539349585,14100000.0,16900000,0.004354996650002577,0.12,0.12,140833333,140833333,https://www.nseindia.com/companies-listing/corporate-filings-annual-reports,https://www.nseindia.com/companies-listing/corporate-filings-annual-reports,1620597264,17:54:24,20210509
26,2014-06-30,RICOAUTO.NS,INR,2014-06-30,2014-06-30,Q2,3939000000,2548000000,1391000000,0.35313531353135313,0.0,0.0,0.0,0.0,1235600000,3783600000,0.0,220100000,375500000,0.09532876364559532,155400000.0,0.039451637471439455,0.0,12200000,0.003097232800203097,25000000.0,-12800000,-0.0032495557248032494,-0.09,-0.09,142222222,142222222,https://www.nseindia.com/companies-listing/corporate-filings-annual-reports,https://www.nseindia.com/companies-listing/corporate-filings-annual-reports,1620597264,17:54:24,20210509
27,2014-03-31,RICOAUTO.NS,INR,2014-03-31,2014-03-31,Q1,3682600000,2227400000,1455200000,0.3951555965893662,0.0,0.0,0.0,0.0,1323900000,3551300000,0.0,236100000,367400000,0.0997664693423125,131300000.0,0.03565415738880139,0.0,57200000,0.015532504208982783,40500000.0,16700000,0.004534839515559659,0.12409766414830893,0.12409766414830893,134571429,134571429,https://www.nseindia.com/companies-listing/corporate-filings-annual-reports,https://www.nseindia.com/companies-listing/corporate-filings-annual-reports,1620597264,17:54:24,20210509
28,2013-12-31,RICOAUTO.NS,INR,2013-12-31,2013-12-31,Q4,3617600000,2158900000,1458700000,0.4032231313578063,0.0,0.0,0.0,0.0,1202500000,3361400000,0.0,236700000,492900000,0.13625055285272003,256200000.0,0.0708204334365325,0.0,127500000,0.03524436090225564,38400000.0,89100000,0.024629588677576295,0.66,0.66,135285000,135285000,https://www.nseindia.com/companies-listing/corporate-filings-annual-reports,https://www.nseindia.com/companies-listing/corporate-filings-annual-reports,1620597264,17:54:24,20210509
29,2013-09-30,RICOAUTO.NS,INR,2013-09-30,2013-09-30,Q3,3652800000,2503700000,1149100000,0.31458059570740254,0.0,0.0,0.0,0.0,994500000,3498200000,0.0,233300000,387900000,0.10619250985545335,154600000.0,0.042323696890056946,0.0,-45100000,-0.012346692947875602,14200000.0,-59300000,-0.0162341217696014,-0.44,-0.44,134772727,134772727,https://www.nseindia.com/companies-listing/corporate-filings-annual-reports,https://www.nseindia.com/companies-listing/corporate-filings-annual-reports,1620597264,17:54:24,20210509
30,2013-06-30,RICOAUTO.NS,INR,2013-06-30,2013-06-30,Q2,3710300000,2516900000,1193400000,0.3216451499878716,0.0,0.0,0.0,0.0,978600000,3495500000,0.0,237100000,451900000,0.12179608117941945,214800000.0,0.057892892757998006,0.0,-13900000,-0.003746327790205644,-5600000.0,-19500000,-0.005255639705684176,-0.14,-0.14,139285714,139285714,https://www.nseindia.com/companies-listing/corporate-filings-annual-reports,https://www.nseindia.com/companies-listing/corporate-filings-annual-reports,1620597264,17:54:24,20210509
31,2013-03-31,RICOAUTO.NS,INR,2013-03-31,2013-03-31,Q1,4026700000,714200000,3312500000,0.8226339185933891,0.0,0.0,0.0,-495300000.0,3170700000,3884900000,0.0,258200000,400000000,0.09933692601882435,141800000.0,0.03521494027367323,0.0,134000000,0.033277870216306155,39900000.0,94100000,0.023369011845928427,0.6992568979853814,0.6992568979853814,134571429,134571429,https://www.nseindia.com/companies-listing/corporate-filings-annual-reports,https://www.nseindia.com/companies-listing/corporate-filings-annual-reports,1620597264,17:54:24,20210509
32,2012-12-31,RICOAUTO.NS,INR,2012-12-31,2012-12-31,Q4,3778400000,3055100000,723300000,0.19143023502011433,0.0,0.0,0.0,178600000.0,535500000,3590600000,178600000.0,219500000,407300000,0.10779695109040864,187800000.0,0.04970357823417319,0.0,12800000,0.0033876773237349143,86000000.0,-73200000,-0.01937327969510904,-0.54,-0.54,135285000,135285000,https://www.nseindia.com/companies-listing/corporate-filings-annual-reports,https://www.nseindia.com/companies-listing/corporate-filings-annual-reports,1620597264,17:54:24,20210509
33,2012-09-30,RICOAUTO.NS,INR,2012-09-30,2012-09-30,Q3,3450900000,2911300000,539600000,0.15636500623025879,0.0,0.0,0.0,123700000.0,545400000,3456700000,123700000.0,198000000,192200000,0.05569561563650062,-5800000.0,-0.0016807209713408096,0.0,-131900000,-0.03822191312411255,-117800000.0,-14100000,-0.004085890637225071,-0.1,-0.1,135285000,135285000,https://www.nseindia.com/companies-listing/corporate-filings-annual-reports,https://www.nseindia.com/companies-listing/corporate-filings-annual-reports,1620597264,17:54:24,20210509
34,2012-06-30,RICOAUTO.NS,INR,2012-06-30,2012-06-30,Q2,3804000000,3118400000,685600000,0.18023133543638276,0.0,0.0,0.0,223300000.0,470400000,3588800000,223300000.0,195000000,410200000,0.10783385909568875,215200000.0,0.0565720294426919,0.0,122600000,0.03222923238696109,75700000.0,46900000,0.012329127234490011,0.35,0.35,135285000,135285000,https://www.nseindia.com/companies-listing/corporate-filings-annual-reports,https://www.nseindia.com/companies-listing/corporate-filings-annual-reports,1620597264,17:54:24,20210509
