,date,symbol,reportedCurrency,fillingDate,acceptedDate,period,revenue,costOfRevenue,grossProfit,grossProfitRatio,researchAndDevelopmentExpenses,generalAndAdministrativeExpenses,sellingAndMarketingExpenses,otherExpenses,operatingExpenses,costAndExpenses,interestExpense,depreciationAndAmortization,ebitda,ebitdaratio,operatingIncome,operatingIncomeRatio,totalOtherIncomeExpensesNet,incomeBeforeTax,incomeBeforeTaxRatio,incomeTaxExpense,netIncome,netIncomeRatio,eps,epsdiluted,weightedAverageShsOut,weightedAverageShsOutDil,link,finalLink,timestamp,est_time,est_date
0,2020-09-30,SEK.AX,AUD,2020-09-30,2020-09-30,Q3,394350000,94375000.0,299975000,0.7606821351591226,0.0,158075000.0,35225000.0,4475000.0,13225000.0,0.0,18900000.0,33475000.0,93450000.0,0.23697223278813237,59975000.0,0.15208571066311652,-56275000.0,-11550000.0,-0.029288702928870293,11150000.0,-27925000.0,-0.07081272980854571,-0.07951672556086826,-0.07951672556086826,351183978,351183978,,,1620597744,18:02:24,20210509
1,2020-06-30,SEK.AX,AUD,2020-06-30,2020-06-30,Q2,394350000,94375000.0,299975000,0.7606821351591226,0.0,158075000.0,35225000.0,4475000.0,13225000.0,0.0,18900000.0,33475000.0,93450000.0,0.23697223278813237,59975000.0,0.15208571066311652,-56275000.0,-11550000.0,-0.029288702928870293,11150000.0,-27925000.0,-0.07081272980854571,-0.07951672556086826,-0.07951672556086826,351183978,351183978,,,1620597744,18:02:24,20210509
2,2020-03-31,SEK.AX,AUD,2020-03-31,2020-03-31,Q1,394350000,94375000.0,299975000,0.7606821351591226,0.0,158075000.0,35225000.0,4475000.0,13225000.0,0.0,18900000.0,33475000.0,93450000.0,0.23697223278813237,59975000.0,0.15208571066311652,-56275000.0,-11550000.0,-0.029288702928870293,11150000.0,-27925000.0,-0.07081272980854571,-0.07951672556086826,-0.07951672556086826,351183978,351183978,,,1620597744,18:02:24,20210509
3,2020-01-31,SEK.AX,AUD,2020-01-31,2020-01-31,Q1,394350000,94375000.0,299975000,0.7606821351591226,0.0,158075000.0,35225000.0,4475000.0,13225000.0,0.0,18900000.0,33475000.0,93450000.0,0.23697223278813237,59975000.0,0.15208571066311652,-56275000.0,-11550000.0,-0.029288702928870293,11150000.0,-27925000.0,-0.07081272980854571,-0.07951672556086826,-0.07951672556086826,351183978,351183978,,,1620597744,18:02:24,20210509
4,2019-06-30,SEK.AX,AUD,2019-06-30,2019-06-30,Q2,384325000,57175000.0,327150000,0.8512326806739088,0.0,172475000.0,37450000.0,-7300000.0,1600000.0,0.0,16700000.0,21450000.0,115625000.0,0.300852143368243,94175000.0,0.24504000520392896,-11425000.0,71050000.0,0.18486957653028036,21450000.0,45075000.0,0.11728354907955506,0.12825,0.12525,351183978,359880240,,,1620597744,18:02:24,20210509
5,2019-03-31,SEK.AX,AUD,2019-03-31,2019-03-31,Q1,384325000,57175000.0,327150000,0.8512326806739088,0.0,172475000.0,37450000.0,-7300000.0,1600000.0,0.0,16700000.0,21450000.0,115625000.0,0.300852143368243,94175000.0,0.24504000520392896,-11425000.0,71050000.0,0.18486957653028036,21450000.0,45075000.0,0.11728354907955506,0.12825,0.12525,351183978,359880240,,,1620597744,18:02:24,20210509
6,2019-01-31,SEK.AX,AUD,2019-01-31,2019-01-31,Q1,384325000,57175000.0,327150000,0.8512326806739088,0.0,172475000.0,37450000.0,-7300000.0,1600000.0,0.0,16700000.0,21450000.0,115625000.0,0.300852143368243,94175000.0,0.24504000520392896,-11425000.0,71050000.0,0.18486957653028036,21450000.0,45075000.0,0.11728354907955506,0.12825,0.12525,351183978,359880240,,,1620597744,18:02:24,20210509
7,2018-06-30,SEK.AX,AUD,2018-06-30,2018-06-30,Q2,323625000,32600000.0,291025000,0.8992661259173426,0.0,148425000.0,36250000.0,18050000.0,9875000.0,0.0,10850000.0,16900000.0,96475000.0,0.2981073773657783,79575000.0,0.2458864426419467,-28925000.0,43725000.0,0.1351100811123986,20975000.0,13300000.0,0.04109694862881422,0.038,0.03525,350366293,377304965,,,1620597744,18:02:24,20210509
8,2018-03-31,SEK.AX,AUD,2018-03-31,2018-03-31,Q1,323625000,32600000.0,291025000,0.8992661259173426,0.0,148425000.0,36250000.0,18050000.0,9875000.0,0.0,10850000.0,16900000.0,96475000.0,0.2981073773657783,79575000.0,0.2458864426419467,-28925000.0,43725000.0,0.1351100811123986,20975000.0,13300000.0,0.04109694862881422,0.038,0.03525,350366293,377304965,,,1620597744,18:02:24,20210509
9,2018-01-31,SEK.AX,AUD,2018-01-31,2018-01-31,Q1,323625000,32600000.0,291025000,0.8992661259173426,0.0,148425000.0,36250000.0,18050000.0,9875000.0,0.0,10850000.0,16900000.0,96475000.0,0.2981073773657783,79575000.0,0.2458864426419467,-28925000.0,43725000.0,0.1351100811123986,20975000.0,13300000.0,0.04109694862881422,0.038,0.03525,350366293,377304965,,,1620597744,18:02:24,20210509
10,2017-06-30,SEK.AX,AUD,2017-06-30,2017-06-30,Q2,259100000,16075000.0,243025000,0.9379583172520263,0.0,122025000.0,27550000.0,44325000.0,9025000.0,0.0,7325000.0,13350000.0,84425000.0,0.32583944423002703,71075000.0,0.27431493631802395,41375000.0,109325000.0,0.42194133539174067,18825000.0,85050000.0,0.32825164029332304,0.24475,0.2415,347630540,352173913,,,1620597744,18:02:24,20210509
11,2017-03-31,SEK.AX,AUD,2017-03-31,2017-03-31,Q1,259100000,16075000.0,243025000,0.9379583172520263,0.0,122025000.0,27550000.0,44325000.0,9025000.0,0.0,7325000.0,13350000.0,84425000.0,0.32583944423002703,71075000.0,0.27431493631802395,41375000.0,109325000.0,0.42194133539174067,18825000.0,85050000.0,0.32825164029332304,0.24475,0.2415,347630540,352173913,,,1620597744,18:02:24,20210509
12,2017-01-31,SEK.AX,AUD,2017-01-31,2017-01-31,Q1,259100000,16075000.0,243025000,0.9379583172520263,0.0,122025000.0,27550000.0,44325000.0,9025000.0,0.0,7325000.0,13350000.0,84425000.0,0.32583944423002703,71075000.0,0.27431493631802395,41375000.0,109325000.0,0.42194133539174067,18825000.0,85050000.0,0.32825164029332304,0.24475,0.2415,347630540,352173913,,,1620597744,18:02:24,20210509
13,2016-06-30,SEK.AX,AUD,2016-06-30,2016-06-30,Q2,237600000,9825000.0,227775000,0.95864898989899,21050000.0,49925000.0,80125000.0,70000000.0,3825000.0,0.0,10375000.0,13350000.0,86200000.0,0.3627946127946128,72850000.0,0.3066077441077441,73050000.0,139200000.0,0.5858585858585859,39350000.0,89275000.0,0.375736531986532,0.25925,0.25425,344487384,351130777,,,1620597744,18:02:24,20210509
14,2016-03-31,SEK.AX,AUD,2016-03-31,2016-03-31,Q1,237600000,9825000.0,227775000,0.95864898989899,21050000.0,49925000.0,80125000.0,70000000.0,3825000.0,0.0,10375000.0,13350000.0,86200000.0,0.3627946127946128,72850000.0,0.3066077441077441,73050000.0,139200000.0,0.5858585858585859,39350000.0,89275000.0,0.375736531986532,0.25925,0.25425,344487384,351130777,,,1620597744,18:02:24,20210509
15,2016-01-31,SEK.AX,AUD,2016-01-31,2016-01-31,Q1,237600000,9825000.0,227775000,0.95864898989899,21050000.0,49925000.0,80125000.0,70000000.0,3825000.0,0.0,10375000.0,13350000.0,86200000.0,0.3627946127946128,72850000.0,0.3066077441077441,73050000.0,139200000.0,0.5858585858585859,39350000.0,89275000.0,0.375736531986532,0.25925,0.25425,344487384,351130777,,,1620597744,18:02:24,20210509
16,2015-09-30,SEK.AX,AUD,2015-09-30,2015-09-30,Q3,214600000,7300000.0,207300000,0.9659832246039143,17975000.0,39850000.0,72000000.0,25375000.0,0.0,0.0,7475000.0,7850000.0,77475000.0,0.36102050326188256,69625000.0,0.3244408201304753,30800000.0,95975000.0,0.4472273998136067,17175000.0,70300000.0,0.3275862068965517,0.20525,0.19975,342571482,351939925,,,1620597744,18:02:24,20210509
17,2015-06-30,SEK.AX,AUD,2015-06-30,2015-06-30,Q2,214600000,7300000.0,207300000,0.9659832246039143,17975000.0,39850000.0,72000000.0,25375000.0,0.0,0.0,7475000.0,7850000.0,77475000.0,0.36102050326188256,69625000.0,0.3244408201304753,30800000.0,95975000.0,0.4472273998136067,17175000.0,70300000.0,0.3275862068965517,0.20525,0.19975,342571482,351939925,,,1620597744,18:02:24,20210509
18,2015-03-31,SEK.AX,AUD,2015-03-31,2015-03-31,Q1,214600000,7300000.0,207300000,0.9659832246039143,17975000.0,39850000.0,72000000.0,25375000.0,0.0,0.0,7475000.0,7850000.0,77475000.0,0.36102050326188256,69625000.0,0.3244408201304753,30800000.0,95975000.0,0.4472273998136067,17175000.0,70300000.0,0.3275862068965517,0.20525,0.19975,342571482,351939925,,,1620597744,18:02:24,20210509
19,2015-01-31,SEK.AX,AUD,2015-01-31,2015-01-31,Q1,214600000,7300000.0,207300000,0.9659832246039143,17975000.0,39850000.0,72000000.0,25375000.0,0.0,0.0,7475000.0,7850000.0,77475000.0,0.36102050326188256,69625000.0,0.3244408201304753,30800000.0,95975000.0,0.4472273998136067,17175000.0,70300000.0,0.3275862068965517,0.20525,0.19975,342571482,351939925,,,1620597744,18:02:24,20210509
20,2014-09-30,SEK.AX,AUD,2014-09-30,2014-09-30,Q3,178325000,7300000.0,171025000,0.9590635076405439,13825000.0,36225000.0,57725000.0,69000000.0,0.0,0.0,6925000.0,8450000.0,71700000.0,0.4020748633113697,63250000.0,0.35468947147062946,4675000.0,62950000.0,0.3530071498668162,13350000.0,48900000.0,0.2742184214215618,0.14425,0.142,339348510,344366197,,,1620597744,18:02:24,20210509
21,2014-06-30,SEK.AX,AUD,2014-06-30,2014-06-30,Q2,178325000,7300000.0,171025000,0.9590635076405439,13825000.0,36225000.0,57725000.0,69000000.0,0.0,0.0,6925000.0,8450000.0,71700000.0,0.4020748633113697,63250000.0,0.35468947147062946,4675000.0,62950000.0,0.3530071498668162,13350000.0,48900000.0,0.2742184214215618,0.14425,0.142,339348510,344366197,,,1620597744,18:02:24,20210509
22,2014-03-31,SEK.AX,AUD,2014-03-31,2014-03-31,Q1,178325000,7300000.0,171025000,0.9590635076405439,13825000.0,36225000.0,57725000.0,69000000.0,0.0,0.0,6925000.0,8450000.0,71700000.0,0.4020748633113697,63250000.0,0.35468947147062946,4675000.0,62950000.0,0.3530071498668162,13350000.0,48900000.0,0.2742184214215618,0.14425,0.142,339348510,344366197,,,1620597744,18:02:24,20210509
23,2014-01-31,SEK.AX,AUD,2014-01-31,2014-01-31,Q1,178325000,7300000.0,171025000,0.9590635076405439,13825000.0,36225000.0,57725000.0,69000000.0,0.0,0.0,6925000.0,8450000.0,71700000.0,0.4020748633113697,63250000.0,0.35468947147062946,4675000.0,62950000.0,0.3530071498668162,13350000.0,48900000.0,0.2742184214215618,0.14425,0.142,339348510,344366197,,,1620597744,18:02:24,20210509
24,2013-09-30,SEK.AX,AUD,2013-09-30,2013-09-30,Q3,155050500,10979750.0,144070750,0.9291859748920513,10545250.0,32336250.0,50501000.0,40227500.0,0.0,0.0,7324000.0,7728750.0,58417000.0,0.37676111976420584,50688250.0,0.32691445690275106,46997750.0,91966250.0,0.5931373971705992,13547250.0,75019750.0,0.48384074865930776,0.22075,0.22075,337169937,337169937,,,1620597744,18:02:24,20210509
25,2013-06-30,SEK.AX,AUD,2013-06-30,2013-06-30,Q2,155050500,10979750.0,144070750,0.9291859748920513,10545250.0,32336250.0,50501000.0,40227500.0,0.0,0.0,7324000.0,7728750.0,58417000.0,0.37676111976420584,50688250.0,0.32691445690275106,46997750.0,91966250.0,0.5931373971705992,13547250.0,75019750.0,0.48384074865930776,0.22075,0.22075,337169937,337169937,,,1620597744,18:02:24,20210509
26,2013-03-31,SEK.AX,AUD,2013-03-31,2013-03-31,Q1,155050500,10979750.0,144070750,0.9291859748920513,10545250.0,32336250.0,50501000.0,40227500.0,0.0,0.0,7324000.0,7728750.0,58417000.0,0.37676111976420584,50688250.0,0.32691445690275106,46997750.0,91966250.0,0.5931373971705992,13547250.0,75019750.0,0.48384074865930776,0.22075,0.22075,337169937,337169937,,,1620597744,18:02:24,20210509
27,2013-01-31,SEK.AX,AUD,2013-01-31,2013-01-31,Q1,155050500,10979750.0,144070750,0.9291859748920513,10545250.0,32336250.0,50501000.0,40227500.0,0.0,0.0,7324000.0,7728750.0,58417000.0,0.37676111976420584,50688250.0,0.32691445690275106,46997750.0,91966250.0,0.5931373971705992,13547250.0,75019750.0,0.48384074865930776,0.22075,0.22075,337169937,337169937,,,1620597744,18:02:24,20210509
28,2012-09-30,SEK.AX,AUD,2012-09-30,2012-09-30,Q3,110563500,8848500.0,101715000,0.9199690675494173,6328250.0,24792500.0,33605000.0,7338500.0,0.0,0.0,6669250.0,5112500.0,42101750.0,0.3807924857660982,36989250.0,0.334552089975444,15056250.0,46120250.0,0.417138115200767,11755750.0,32920000.0,0.29774744829894134,0.09775,0.09725,337090873,338508997,,,1620597744,18:02:24,20210509
29,2012-06-30,SEK.AX,AUD,2012-06-30,2012-06-30,Q2,110563500,8848500.0,101715000,0.9199690675494173,6328250.0,24792500.0,33605000.0,7338500.0,0.0,0.0,6669250.0,5112500.0,42101750.0,0.3807924857660982,36989250.0,0.334552089975444,15056250.0,46120250.0,0.417138115200767,11755750.0,32920000.0,0.29774744829894134,0.09775,0.09725,337090873,338508997,,,1620597744,18:02:24,20210509
30,2012-03-31,SEK.AX,AUD,2012-03-31,2012-03-31,Q1,110563500,8848500.0,101715000,0.9199690675494173,6328250.0,24792500.0,33605000.0,7338500.0,0.0,0.0,6669250.0,5112500.0,42101750.0,0.3807924857660982,36989250.0,0.334552089975444,15056250.0,46120250.0,0.417138115200767,11755750.0,32920000.0,0.29774744829894134,0.09775,0.09725,337090873,338508997,,,1620597744,18:02:24,20210509
31,2012-01-31,SEK.AX,AUD,2012-01-31,2012-01-31,Q1,110563500,8848500.0,101715000,0.9199690675494173,6328250.0,24792500.0,33605000.0,7338500.0,0.0,0.0,6669250.0,5112500.0,42101750.0,0.3807924857660982,36989250.0,0.334552089975444,15056250.0,46120250.0,0.417138115200767,11755750.0,32920000.0,0.29774744829894134,0.09775,0.09725,337090873,338508997,,,1620597744,18:02:24,20210509
32,2011-09-30,SEK.AX,AUD,2011-09-30,2011-09-30,Q3,85763500,7535250.0,78228250,0.9121391967445358,4990750.0,16505000.0,25968500.0,27290250.0,0.0,0.0,4103250.0,3148750.0,33912750.0,0.395421712033674,30764000.0,0.358707375515225,6171250.0,33252250.0,0.3877203005940756,9073750.0,24422000.0,0.2847598337288007,0.0725,0.07225,336584488,338020761,,,1620597744,18:02:24,20210509
33,2011-06-30,SEK.AX,AUD,2011-06-30,2011-06-30,Q2,85763500,7535250.0,78228250,0.9121391967445358,4990750.0,16505000.0,25968500.0,27290250.0,0.0,0.0,4103250.0,3148750.0,33912750.0,0.395421712033674,30764000.0,0.358707375515225,6171250.0,33252250.0,0.3877203005940756,9073750.0,24422000.0,0.2847598337288007,0.0725,0.07225,336584488,338020761,,,1620597744,18:02:24,20210509
34,2011-03-31,SEK.AX,AUD,2011-03-31,2011-03-31,Q1,85763500,7535250.0,78228250,0.9121391967445358,4990750.0,16505000.0,25968500.0,27290250.0,0.0,0.0,4103250.0,3148750.0,33912750.0,0.395421712033674,30764000.0,0.358707375515225,6171250.0,33252250.0,0.3877203005940756,9073750.0,24422000.0,0.2847598337288007,0.0725,0.07225,336584488,338020761,,,1620597744,18:02:24,20210509
35,2011-01-31,SEK.AX,AUD,2011-01-31,2011-01-31,Q1,85763500,7535250.0,78228250,0.9121391967445358,4990750.0,16505000.0,25968500.0,27290250.0,0.0,0.0,4103250.0,3148750.0,33912750.0,0.395421712033674,30764000.0,0.358707375515225,6171250.0,33252250.0,0.3877203005940756,9073750.0,24422000.0,0.2847598337288007,0.0725,0.07225,336584488,338020761,,,1620597744,18:02:24,20210509
36,2010-09-30,SEK.AX,AUD,2010-09-30,2010-09-30,Q3,70183000,5789500.0,64393500,0.9175085134576749,4882750.0,12614500.0,20269750.0,1642750.0,0.0,0.0,1557000.0,2403750.0,29030250.0,0.41363649316786116,26626500.0,0.37938674607811007,4499500.0,29795500.0,0.4245401308009062,7415250.0,22380250.0,0.3188842027271562,0.06625,0.06625,335992316,335992316,,,1620597744,18:02:24,20210509
37,2010-06-30,SEK.AX,AUD,2010-06-30,2010-06-30,Q2,70183000,5789500.0,64393500,0.9175085134576749,4882750.0,12614500.0,20269750.0,1642750.0,0.0,0.0,1557000.0,2403750.0,29030250.0,0.41363649316786116,26626500.0,0.37938674607811007,4499500.0,29795500.0,0.4245401308009062,7415250.0,22380250.0,0.3188842027271562,0.06625,0.06625,335992316,335992316,,,1620597744,18:02:24,20210509
38,2010-03-31,SEK.AX,AUD,2010-03-31,2010-03-31,Q1,70183000,5789500.0,64393500,0.9175085134576749,4882750.0,12614500.0,20269750.0,1642750.0,0.0,0.0,1557000.0,2403750.0,29030250.0,0.41363649316786116,26626500.0,0.37938674607811007,4499500.0,29795500.0,0.4245401308009062,7415250.0,22380250.0,0.3188842027271562,0.06625,0.06625,335992316,335992316,,,1620597744,18:02:24,20210509
39,2010-01-31,SEK.AX,AUD,2010-01-31,2010-01-31,Q1,70183000,5789500.0,64393500,0.9175085134576749,4882750.0,12614500.0,20269750.0,1642750.0,0.0,0.0,1557000.0,2403750.0,29030250.0,0.41363649316786116,26626500.0,0.37938674607811007,4499500.0,29795500.0,0.4245401308009062,7415250.0,22380250.0,0.3188842027271562,0.06625,0.06625,335992316,335992316,,,1620597744,18:02:24,20210509
40,2009-09-30,SEK.AX,AUD,2009-09-30,2009-09-30,Q3,52086250,2020250.0,50066000,0.9612133720511651,4286250.0,9251000.0,15640000.0,1267500.0,0.0,0.0,2003750.0,1468000.0,22356750.0,0.42922556336845136,20888750.0,0.4010415416736663,908500.0,20044750.0,0.38483764909165086,6219500.0,13825250.0,0.26542993592358827,0.047,0.04675,294331141,295727273,,,1620597744,18:02:24,20210509
41,2009-06-30,SEK.AX,AUD,2009-06-30,2009-06-30,Q2,52086250,2020250.0,50066000,0.9612133720511651,4286250.0,9251000.0,15640000.0,1267500.0,0.0,0.0,2003750.0,1468000.0,22356750.0,0.42922556336845136,20888750.0,0.4010415416736663,908500.0,20044750.0,0.38483764909165086,6219500.0,13825250.0,0.26542993592358827,0.047,0.04675,294331141,295727273,,,1620597744,18:02:24,20210509
42,2009-03-31,SEK.AX,AUD,2009-03-31,2009-03-31,Q1,52086250,2020250.0,50066000,0.9612133720511651,4286250.0,9251000.0,15640000.0,1267500.0,0.0,0.0,2003750.0,1468000.0,22356750.0,0.42922556336845136,20888750.0,0.4010415416736663,908500.0,20044750.0,0.38483764909165086,6219500.0,13825250.0,0.26542993592358827,0.047,0.04675,294331141,295727273,,,1620597744,18:02:24,20210509
43,2009-01-31,SEK.AX,AUD,2009-01-31,2009-01-31,Q1,52086250,2020250.0,50066000,0.9612133720511651,4286250.0,9251000.0,15640000.0,1267500.0,0.0,0.0,2003750.0,1468000.0,22356750.0,0.42922556336845136,20888750.0,0.4010415416736663,908500.0,20044750.0,0.38483764909165086,6219500.0,13825250.0,0.26542993592358827,0.047,0.04675,294331141,295727273,,,1620597744,18:02:24,20210509
44,2008-09-30,SEK.AX,AUD,2008-09-30,2008-09-30,Q3,52541250,1014250.0,51527000,0.9806961197154617,7968750.0,8873000.0,8469750.0,1393250.0,0.0,0.0,429000.0,1134000.0,27349500.0,0.5205338662479481,26215500.0,0.49895082435229465,679500.0,26640250.0,0.5070349487307592,7570250.0,19070000.0,0.36295291794542384,0.0665,0.06575,286509151,290038023,,,1620597744,18:02:24,20210509
45,2008-06-30,SEK.AX,AUD,2008-06-30,2008-06-30,Q2,52541250,1014250.0,51527000,0.9806961197154617,7968750.0,8873000.0,8469750.0,1393250.0,0.0,0.0,429000.0,1134000.0,27349500.0,0.5205338662479481,26215500.0,0.49895082435229465,679500.0,26640250.0,0.5070349487307592,7570250.0,19070000.0,0.36295291794542384,0.0665,0.06575,286509151,290038023,,,1620597744,18:02:24,20210509
46,2008-03-31,SEK.AX,AUD,2008-03-31,2008-03-31,Q1,52541250,1014250.0,51527000,0.9806961197154617,7968750.0,8873000.0,8469750.0,1393250.0,0.0,0.0,429000.0,1134000.0,27349500.0,0.5205338662479481,26215500.0,0.49895082435229465,679500.0,26640250.0,0.5070349487307592,7570250.0,19070000.0,0.36295291794542384,0.0665,0.06575,286509151,290038023,,,1620597744,18:02:24,20210509
47,2008-01-31,SEK.AX,AUD,2008-01-31,2008-01-31,Q1,52541250,1014250.0,51527000,0.9806961197154617,7968750.0,8873000.0,8469750.0,1393250.0,0.0,0.0,429000.0,1134000.0,27349500.0,0.5205338662479481,26215500.0,0.49895082435229465,679500.0,26640250.0,0.5070349487307592,7570250.0,19070000.0,0.36295291794542384,0.0665,0.06575,286509151,290038023,,,1620597744,18:02:24,20210509
48,2007-09-30,SEK.AX,AUD,2007-09-30,2007-09-30,Q3,39247750,892750.0,38355000,0.9772534731290329,0.0,5241000.0,6469000.0,0.0,6490500.0,0.0,445500.0,806000.0,20154500.0,0.5135198833054124,19348500.0,0.49298367422336314,505000.0,19884500.0,0.5066405080546018,6005750.0,13878750.0,0.3536189972673593,0.049,0.04825,283661416,287642487,,,1620597744,18:02:24,20210509
49,2007-06-30,SEK.AX,AUD,2007-06-30,2007-06-30,Q2,39247750,892750.0,38355000,0.9772534731290329,0.0,5241000.0,6469000.0,0.0,6490500.0,0.0,445500.0,806000.0,20154500.0,0.5135198833054124,19348500.0,0.49298367422336314,505000.0,19884500.0,0.5066405080546018,6005750.0,13878750.0,0.3536189972673593,0.049,0.04825,283661416,287642487,,,1620597744,18:02:24,20210509
50,2007-03-31,SEK.AX,AUD,2007-03-31,2007-03-31,Q1,39247750,892750.0,38355000,0.9772534731290329,0.0,5241000.0,6469000.0,0.0,6490500.0,0.0,445500.0,806000.0,20154500.0,0.5135198833054124,19348500.0,0.49298367422336314,505000.0,19884500.0,0.5066405080546018,6005750.0,13878750.0,0.3536189972673593,0.049,0.04825,283661416,287642487,,,1620597744,18:02:24,20210509
51,2007-01-31,SEK.AX,AUD,2007-01-31,2007-01-31,Q1,39247750,892750.0,38355000,0.9772534731290329,0.0,5241000.0,6469000.0,0.0,6490500.0,0.0,445500.0,806000.0,20154500.0,0.5135198833054124,19348500.0,0.49298367422336314,505000.0,19884500.0,0.5066405080546018,6005750.0,13878750.0,0.3536189972673593,0.049,0.04825,283661416,287642487,,,1620597744,18:02:24,20210509
52,2006-09-30,SEK.AX,AUD,2006-09-30,2006-09-30,Q3,26561000,595000.0,25966000,0.9775987349873875,0.0,4388500.0,5063000.0,380500.0,4875000.0,0.0,190500.0,380500.0,12020000.0,0.45254320243966717,11639500.0,0.43821768758706375,380500.0,12217250.0,0.4599695041602349,3678000.0,8539250.0,0.3214958021158842,0.03025,0.02975,281751138,287033613,,,1620597744,18:02:24,20210509
53,2006-06-30,SEK.AX,AUD,2006-06-30,2006-06-30,Q2,26561000,595000.0,25966000,0.9775987349873875,0.0,4388500.0,5063000.0,380500.0,4875000.0,0.0,190500.0,380500.0,12020000.0,0.45254320243966717,11639500.0,0.43821768758706375,380500.0,12217250.0,0.4599695041602349,3678000.0,8539250.0,0.3214958021158842,0.03025,0.02975,281751138,287033613,,,1620597744,18:02:24,20210509
54,2006-03-31,SEK.AX,AUD,2006-03-31,2006-03-31,Q1,26561000,595000.0,25966000,0.9775987349873875,0.0,4388500.0,5063000.0,380500.0,4875000.0,0.0,190500.0,380500.0,12020000.0,0.45254320243966717,11639500.0,0.43821768758706375,380500.0,12217250.0,0.4599695041602349,3678000.0,8539250.0,0.3214958021158842,0.03025,0.02975,281751138,287033613,,,1620597744,18:02:24,20210509
55,2006-01-31,SEK.AX,AUD,2006-01-31,2006-01-31,Q1,26561000,595000.0,25966000,0.9775987349873875,0.0,4388500.0,5063000.0,380500.0,4875000.0,0.0,190500.0,380500.0,12020000.0,0.45254320243966717,11639500.0,0.43821768758706375,380500.0,12217250.0,0.4599695041602349,3678000.0,8539250.0,0.3214958021158842,0.03025,0.02975,281751138,287033613,,,1620597744,18:02:24,20210509
56,2005-09-30,SEK.AX,AUD,2005-09-30,2005-09-30,Q3,17401750,391500.0,17010250,0.9775022627034637,0.0,3295250.0,3653000.0,431250.0,3577000.0,0.0,0.0,889000.0,7374000.0,0.4237504848650279,6485000.0,0.37266366888387664,431250.0,6916250.0,0.39744565920094244,6916250.0,4813000.0,0.2765813783096528,0.01775,0.01725,269479364,279014493,,,1620597744,18:02:24,20210509
57,2005-06-30,SEK.AX,AUD,2005-06-30,2005-06-30,Q2,17401750,391500.0,17010250,0.9775022627034637,0.0,3295250.0,3653000.0,431250.0,3577000.0,0.0,0.0,889000.0,7374000.0,0.4237504848650279,6485000.0,0.37266366888387664,431250.0,6916250.0,0.39744565920094244,6916250.0,4813000.0,0.2765813783096528,0.01775,0.01725,269479364,279014493,,,1620597744,18:02:24,20210509
58,2005-03-31,SEK.AX,AUD,2005-03-31,2005-03-31,Q1,17401750,391500.0,17010250,0.9775022627034637,0.0,3295250.0,3653000.0,431250.0,3577000.0,0.0,0.0,889000.0,7374000.0,0.4237504848650279,6485000.0,0.37266366888387664,431250.0,6916250.0,0.39744565920094244,6916250.0,4813000.0,0.2765813783096528,0.01775,0.01725,269479364,279014493,,,1620597744,18:02:24,20210509
59,2005-01-31,SEK.AX,AUD,2005-01-31,2005-01-31,Q1,17401750,391500.0,17010250,0.9775022627034637,0.0,3295250.0,3653000.0,431250.0,3577000.0,0.0,0.0,889000.0,7374000.0,0.4237504848650279,6485000.0,0.37266366888387664,431250.0,6916250.0,0.39744565920094244,6916250.0,4813000.0,0.2765813783096528,0.01775,0.01725,269479364,279014493,,,1620597744,18:02:24,20210509
