,date,symbol,reportedCurrency,fillingDate,acceptedDate,period,revenue,costOfRevenue,grossProfit,grossProfitRatio,researchAndDevelopmentExpenses,generalAndAdministrativeExpenses,sellingAndMarketingExpenses,otherExpenses,operatingExpenses,costAndExpenses,interestExpense,depreciationAndAmortization,ebitda,ebitdaratio,operatingIncome,operatingIncomeRatio,totalOtherIncomeExpensesNet,incomeBeforeTax,incomeBeforeTaxRatio,incomeTaxExpense,netIncome,netIncomeRatio,eps,epsdiluted,weightedAverageShsOut,weightedAverageShsOutDil,link,finalLink,timestamp,est_time,est_date
0,2020-12-31,RVSB,USD,2021-02-11,2021-02-11 16:00:28,Q3,14341000.0,0.0,0.0,0.0,0.0,6499000.0,144000.0,0.0,10000000.0,0.0,763000.0,834000.0,0.0,0.0,0.0,0.3649675754828812,0.0,5234000.0,0.3649675754828812,1199000.0,4035000.0,0.2813611324175441,0.18077390855904646,0.18063677619716745,22320699.0,22337644.0,https://www.sec.gov/Archives/edgar/data/1041368/000093905721000059/0000939057-21-000059-index.htm,https://www.sec.gov/Archives/edgar/data/1041368/000093905721000059/riv10q123120.htm,1620597478,17:57:58,20210509
1,2020-09-30,RVSB,USD,2020-11-13,2020-11-13 14:40:59,Q2,13883000.0,0.0,13883000.0,1.0,0.0,6245000.0,110000.0,0.0,12000000.0,0.0,885000.0,781000.0,781000.0,0.0,0.0,0.23388316646258014,0.0,3247000.0,0.23388316646258014,704000.0,2543000.0,0.1831736656342289,0.1142320205515219,0.11415713696234817,22261709.0,22276312.0,https://www.sec.gov/Archives/edgar/data/1041368/000093905720000424/0000939057-20-000424-index.htm,https://www.sec.gov/Archives/edgar/data/1041368/000093905720000424/riv10q93020.htm,1620597478,17:57:58,20210509
2,2020-06-30,RVSB,USD,2020-08-14 00:00:00,2020-08-14 14:35:07,Q1,13751000.0,0.0,0.0,0.0,0.0,5987000.0,129000.0,0.0,14000000.0,0.0,1110000.0,732000.0,0.0,0.0,0.0,0.04116064286233728,0.0,566000.0,0.04116064286233728,86000.0,480000.0,0.0349065522507454,0.02164265301592399,0.021623506373190635,22178427.0,22198065.0,https://www.sec.gov/Archives/edgar/data/1041368/000093905720000327/0000939057-20-000327-index.htm,https://www.sec.gov/Archives/edgar/data/1041368/000093905720000327/riv10q63020.htm,1620597478,17:57:58,20210509
3,2020-03-31,RVSB,USD,2020-06-17,2020-06-17 17:03:39,Q4,13942000.0,0.0,0.0,0.0,0.0,6176000.0,167000.0,0.0,10000000.0,0.0,1241000.0,719000.0,0.0,0.0,0.0,0.2778654425476976,0.0,3874000.0,0.2778654425476976,980000.0,2894000.0,0.207574236121073,0.12781256653684167,0.12754880548824793,22642531.0,22689354.0,https://www.sec.gov/Archives/edgar/data/1041368/000093905720000265/0000939057-20-000265-index.htm,https://www.sec.gov/Archives/edgar/data/1041368/000093905720000265/riv10k33120.htm,1620597478,17:57:58,20210509
4,2019-12-31,RVSB,USD,2020-02-07 00:00:00,2020-02-07 14:42:20,Q3,14655000.0,0.0,0.0,0.0,0.0,6662000.0,181000.0,0.0,11000000.0,0.0,1274000.0,748000.0,0.0,0.0,0.0,0.3689525759126578,0.0,5407000.0,0.3689525759126578,1279000.0,4128000.0,0.2816786079836233,0.18212531774867693,0.1817040965514297,22665712.0,22718255.0,https://www.sec.gov/Archives/edgar/data/1041368/000093905720000046/0000939057-20-000046-index.html,https://www.sec.gov/Archives/edgar/data/1041368/000093905720000046/riv10q123119.htm,1620597478,17:57:58,20210509
5,2019-09-30,RVSB,USD,2019-11-07 00:00:00,2019-11-07 16:36:46,Q2,14888000.0,0.0,0.0,0.0,0.0,6442000.0,298000.0,0.0,10000000.0,0.0,1163000.0,729000.0,0.0,0.0,0.0,0.39528479312197745,0.0,5885000.0,0.39528479312197745,1351000.0,4534000.0,0.304540569586244,0.20023757344565363,0.19971196372448452,22643103.0,22702696.0,https://www.sec.gov/Archives/edgar/data/1041368/000093905719000403/0000939057-19-000403-index.html,https://www.sec.gov/Archives/edgar/data/1041368/000093905719000403/riv10q93019.htm,1620597478,17:57:58,20210509
6,2019-06-30,RVSB,USD,2019-08-08 00:00:00,2019-08-08 14:56:23,Q1,14606000.0,0.0,0.0,0.0,0.0,6561000.0,210000.0,0.0,10000000.0,0.0,1086000.0,767000.0,0.0,0.0,0.0,0.3705326578118581,0.0,5412000.0,0.3705326578118581,1220000.0,4192000.0,0.28700534027112146,0.19,0.18,22619580.0,22685343.0,https://www.sec.gov/Archives/edgar/data/1041368/000093905719000307/0000939057-19-000307-index.html,https://www.sec.gov/Archives/edgar/data/1041368/000093905719000307/riverview10q63019.htm,1620597478,17:57:58,20210509
7,2019-03-31,RVSB,USD,2019-06-14 00:00:00,2019-06-14 14:37:01,Q4,14542000.0,0.0,0.0,0.0,0.0,6425000.0,160000.0,0.0,10000000.0,0.0,930000.0,673000.0,0.0,0.0,0.0,0.3837161325814881,0.0,5580000.0,0.3837161325814881,1373000.0,4207000.0,0.2892999587402008,0.18610916906392264,0.18562480395668954,22605012.0,22663997.0,https://www.sec.gov/Archives/edgar/data/1041368/000093905719000262/0000939057-19-000262-index.html,https://www.sec.gov/Archives/edgar/data/1041368/000093905719000262/riv10k33119.htm,1620597478,17:57:58,20210509
8,2018-12-31,RVSB,USD,2019-02-08 00:00:00,2019-02-08 15:20:47,Q3,14462000.0,0.0,0.0,0.0,0.0,6585000.0,151000.0,0.0,9000000.0,0.0,656000.0,641000.0,0.0,0.0,0.0,0.3913013414465496,0.0,5659000.0,0.3913013414465496,1271000.0,4388000.0,0.30341584843036923,0.19417035802748406,0.19361170501888927,22598712.0,22663919.0,https://www.sec.gov/Archives/edgar/data/1041368/000093905719000055/0000939057-19-000055-index.html,https://www.sec.gov/Archives/edgar/data/1041368/000093905719000055/riv10q123118.htm,1620597478,17:57:58,20210509
9,2018-09-30,RVSB,USD,2018-11-07 00:00:00,2018-11-07 15:19:11,Q2,14618000.0,0.0,0.0,0.0,0.0,6078000.0,266000.0,0.0,10000000.0,0.0,611000.0,716000.0,0.0,0.0,0.0,0.37303324668217264,0.0,5453000.0,0.37303324668217264,1224000.0,4229000.0,0.2893008619510193,0.18729097226955427,0.1866388228081733,22579839.0,22658737.0,https://www.sec.gov/Archives/edgar/data/1041368/000093905718000545/0000939057-18-000545-index.html,https://www.sec.gov/Archives/edgar/data/1041368/000093905718000545/riv10q93018.htm,1620597478,17:57:58,20210509
10,2018-06-30,RVSB,USD,2018-08-09 00:00:00,2018-08-09 15:25:01,Q1,14539000.0,0.0,0.0,0.0,0.0,6378000.0,192000.0,0.0,9000000.0,0.0,618000.0,688000.0,0.0,0.0,0.0,0.39342458215833276,0.0,5720000.0,0.39342458215833276,1278000.0,4442000.0,0.30552307586491506,0.1968083638149259,0.1960997949295886,22570179.0,22651732.0,https://www.sec.gov/Archives/edgar/data/1041368/000093905718000406/0000939057-18-000406-index.html,https://www.sec.gov/Archives/edgar/data/1041368/000093905718000406/riv10q63018.htm,1620597478,17:57:58,20210509
11,2018-03-31,RVSB,USD,2018-06-13 00:00:00,2018-06-13 17:16:06,Q4,13320000.0,0.0,0.0,0.0,0.0,6465000.0,120000.0,0.0,10000000.0,0.0,587000.0,710000.0,0.0,0.0,0.0,0.3147897897897898,0.0,4193000.0,0.3147897897897898,1184000.0,3009000.0,0.2259009009009009,0.13334525124057836,0.13290690050507273,22565483.0,22639908.0,https://www.sec.gov/Archives/edgar/data/1041368/000093905718000331/0000939057-18-000331-index.html,https://www.sec.gov/Archives/edgar/data/1041368/000093905718000331/riv10k33118.htm,1620597478,17:57:58,20210509
12,2017-12-31,RVSB,USD,2018-02-08 00:00:00,2018-02-08 15:15:36,Q3,13686000.0,0.0,0.0,0.0,0.0,6127000.0,137000.0,0.0,9000000.0,0.0,582000.0,887000.0,0.0,0.0,0.0,0.37468946368551803,0.0,5128000.0,0.37468946368551803,3608000.0,1520000.0,0.11106239953236885,0.06744437126138546,0.0671908466263277,22537092.0,22622129.0,https://www.sec.gov/Archives/edgar/data/1041368/000093905718000053/0000939057-18-000053-index.html,https://www.sec.gov/Archives/edgar/data/1041368/000093905718000053/riv10q123117.htm,1620597478,17:57:58,20210509
13,2017-09-30,RVSB,USD,2017-11-09 00:00:00,2017-11-09 10:43:06,Q2,13438000.0,0.0,0.0,0.0,0.0,6070000.0,256000.0,0.0,9000000.0,0.0,590000.0,437000.0,0.0,0.0,0.0,0.348191695192737,0.0,4679000.0,0.348191695192737,1620000.0,3059000.0,0.22763804137520463,0.1358412014135123,0.13529722930381416,22518941.0,22609480.0,https://www.sec.gov/Archives/edgar/data/1041368/000093905717000466/0000939057-17-000466-index.html,https://www.sec.gov/Archives/edgar/data/1041368/000093905717000466/riv10q93017.htm,1620597478,17:57:58,20210509
14,2017-06-30,RVSB,USD,2017-08-08 00:00:00,2017-08-08 16:05:41,Q1,13171000.0,0.0,0.0,0.0,0.0,6287000.0,234000.0,0.0,10000000.0,0.0,590000.0,883000.0,0.0,0.0,0.0,0.3034697441348417,0.0,3997000.0,0.3034697441348417,1343000.0,2654000.0,0.20150330271050035,0.11793012457935738,0.11748852561196736,22504852.0,22589440.0,https://www.sec.gov/Archives/edgar/data/1041368/000093905717000351/0000939057-17-000351-index.html,https://www.sec.gov/Archives/edgar/data/1041368/000093905717000351/riv10q63017.htm,1620597478,17:57:58,20210509
15,2017-03-31,RVSB,USD,2017-06-05 00:00:00,2017-06-05 17:25:15,Q4,11931000.0,0.0,0.0,0.0,0.0,6089000.0,146000.0,0.0,9000000.0,0.0,538000.0,812000.0,0.0,0.0,0.0,0.25253541195205764,0.0,3013000.0,0.25253541195205764,979000.0,2034000.0,0.17048026150364595,0.09044286589875308,0.09005588246441065,22489336.0,22585976.0,https://www.sec.gov/Archives/edgar/data/1041368/000093905717000272/0000939057-17-000272-index.html,https://www.sec.gov/Archives/edgar/data/1041368/000093905717000272/riv10k33117.htm,1620597478,17:57:58,20210509
16,2016-12-31,RVSB,USD,2017-02-08 00:00:00,2017-02-08 16:44:27,Q3,10835000.0,0.0,0.0,0.0,0.0,5564000.0,163000.0,0.0,8000000.0,0.0,450000.0,840000.0,0.0,0.0,0.0,0.2754037840332257,0.0,2984000.0,0.2754037840332257,991000.0,1993000.0,0.18394093216428242,0.088615457070124,0.0883276652352237,22490433.0,22563712.0,https://www.sec.gov/Archives/edgar/data/1041368/000093905717000062/0000939057-17-000062-index.html,https://www.sec.gov/Archives/edgar/data/1041368/000093905717000062/riv10q123116.htm,1620597478,17:57:58,20210509
17,2016-09-30,RVSB,USD,2016-11-08 00:00:00,2016-11-08 15:53:05,Q2,10669000.0,0.0,0.0,0.0,0.0,5157000.0,252000.0,0.0,9000000.0,0.0,442000.0,873000.0,0.0,0.0,0.0,0.21295341644015373,0.0,2272000.0,0.21295341644015373,592000.0,1680000.0,0.1574655544099728,0.07475298476876788,0.07456614818486244,22474019.0,22530331.0,https://www.sec.gov/Archives/edgar/data/1041368/000093905716001080/0000939057-16-001080-index.html,https://www.sec.gov/Archives/edgar/data/1041368/000093905716001080/riv10q93016.htm,1620597478,17:57:58,20210509
18,2016-06-30,RVSB,USD,2016-08-08,2016-08-08 16:31:12,Q1,10337000.0,0.0,0.0,0.0,0.0,5330000.0,193000.0,0.0,8000000.0,0.0,439000.0,911000.0,0.0,0.0,0.0,0.24397794331043823,0.0,2522000.0,0.24397794331043823,825000.0,1697000.0,0.16416755344877623,0.0755301094305328,0.07537453526624378,22467861.0,22514235.0,https://www.sec.gov/Archives/edgar/data/1041368/000093905716000878/k1033116.htm,https://www.sec.gov/Archives/edgar/data/1041368/000093905716000878/k1033116.htm,1620597478,17:57:58,20210509
19,2016-03-31,RVSB,USD,2016-06-14 00:00:00,2016-06-14 14:02:09,Q4,9625000.0,0.0,0.0,0.0,0.0,5221000.0,136000.0,0.0,8000000.0,0.0,432000.0,899000.0,0.0,0.0,0.0,0.249974025974026,0.0,2406000.0,0.249974025974026,1001000.0,1405000.0,0.14597402597402598,0.06255091165616428,0.06243858631752372,22461703.0,22502111.0,https://www.sec.gov/Archives/edgar/data/1041368/000093905716000878/0000939057-16-000878-index.html,https://www.sec.gov/Archives/edgar/data/1041368/000093905716000878/k1033116.htm,1620597478,17:57:58,20210509
20,2015-12-31,RVSB,USD,2016-02-09 00:00:00,2016-02-09 17:17:51,Q3,9904000.0,0.0,0.0,0.0,0.0,5074000.0,149000.0,0.0,8000000.0,0.0,434000.0,810000.0,0.0,0.0,0.0,0.2579765751211632,0.0,2555000.0,0.2579765751211632,849000.0,1706000.0,0.17225363489499193,0.07597233342342245,0.0758008598554514,22455543.0,22506341.0,https://www.sec.gov/Archives/edgar/data/1041368/000093905716000659/0000939057-16-000659-index.html,https://www.sec.gov/Archives/edgar/data/1041368/000093905716000659/riv10q123115.htm,1620597478,17:57:58,20210509
21,2015-09-30,RVSB,USD,2015-11-06 00:00:00,2015-11-06 17:09:53,Q2,9379000.0,0.0,0.0,0.0,0.0,4863000.0,208000.0,0.0,7000000.0,0.0,439000.0,803000.0,0.0,0.0,0.0,0.25535771404200874,0.0,2395000.0,0.25535771404200874,743000.0,1652000.0,0.17613818104275508,0.07358775870306654,0.07345372244301568,22449386.0,22490351.0,https://www.sec.gov/Archives/edgar/data/1041368/000093905715000519/0000939057-15-000519-index.html,https://www.sec.gov/Archives/edgar/data/1041368/000093905715000519/riv10q93015.htm,1620597478,17:57:58,20210509
22,2015-06-30,RVSB,USD,2015-08-07 00:00:00,2015-08-07 13:43:55,Q1,9673000.0,0.0,0.0,0.0,0.0,5103000.0,176000.0,0.0,8000000.0,0.0,437000.0,782000.0,0.0,0.0,0.0,0.25100796030187117,0.0,2428000.0,0.25100796030187117,833000.0,1595000.0,0.16489196733174816,0.07109640507602479,0.07096140829432532,22434327.0,22477006.0,https://www.sec.gov/Archives/edgar/data/1041368/000093905715000393/0000939057-15-000393-index.html,https://www.sec.gov/Archives/edgar/data/1041368/000093905715000393/riv10q63015.htm,1620597478,17:57:58,20210509
23,2015-03-31,RVSB,USD,2015-06-12 00:00:00,2015-06-12 16:36:25,Q4,9091000.0,0.0,0.0,0.0,0.0,5427000.0,106000.0,0.0,7000000.0,0.0,434000.0,889000.0,0.0,0.0,0.0,0.23671763282367175,0.0,2152000.0,0.23671763282367175,634000.0,1518000.0,0.16697833021669783,0.06775312688714552,0.06758665851827426,22404870.0,22460054.0,https://www.sec.gov/Archives/edgar/data/1041368/000093905715000314/0000939057-15-000314-index.html,https://www.sec.gov/Archives/edgar/data/1041368/000093905715000314/riv10k33115.htm,1620597478,17:57:58,20210509
24,2014-12-31,RVSB,USD,2015-02-13,2015-02-13 15:24:04,Q3,8982000.0,0.0,0.0,0.0,0.0,5183000.0,169000.0,0.0,8000000.0,0.0,485000.0,987000.0,0.0,0.0,0.0,0.19327543976842573,0.0,1736000.0,0.19327543976842573,587000.0,1149000.0,0.12792251169004676,0.05130630129792886,0.051205045457290245,22394910.0,22439195.0,https://www.sec.gov/Archives/edgar/data/1041368/000093905715000097/riv10q123114.htm,https://www.sec.gov/Archives/edgar/data/1041368/000093905715000097/riv10q123114.htm,1620597478,17:57:58,20210509
25,2014-09-30,RVSB,USD,2014-11-13 00:00:00,2014-11-13 16:42:03,Q2,8943000.0,0.0,0.0,0.0,0.0,5029000.0,203000.0,0.0,8000000.0,0.0,490000.0,661000.0,0.0,0.0,0.0,0.18103544671810354,0.0,1619000.0,0.18103544671810354,535000.0,1084000.0,0.12121212121212122,0.04841716731610733,0.048350832930075194,22388753.0,22419469.0,https://www.sec.gov/Archives/edgar/data/1041368/000093905714000490/0000939057-14-000490-index.html,https://www.sec.gov/Archives/edgar/data/1041368/000093905714000490/riv10q93014.htm,1620597478,17:57:58,20210509
26,2014-06-30,RVSB,USD,2014-08-14 00:00:00,2014-08-14 17:17:18,Q1,8569000.0,0.0,0.0,0.0,0.0,4895000.0,150000.0,0.0,8000000.0,0.0,507000.0,746000.0,0.0,0.0,0.0,0.13233749562376007,0.0,1134000.0,0.13233749562376007,394000.0,740000.0,0.08635780137705683,0.0330614032912627,0.03302277790731532,22382595.0,22408775.0,https://www.sec.gov/Archives/edgar/data/1041368/000093905714000372/0000939057-14-000372-index.html,https://www.sec.gov/Archives/edgar/data/1041368/000093905714000372/riv10q63014.htm,1620597478,17:57:58,20210509
27,2014-03-31,RVSB,USD,2014-06-13 00:00:00,2014-06-13 16:22:53,Q4,7804000.0,0.0,0.0,0.0,0.0,4812000.0,148000.0,0.0,7000000.0,0.0,582000.0,568000.0,0.0,0.0,0.0,0.19784725781650436,0.0,1544000.0,0.19784725781650436,-15097000.0,16641000.0,2.1323680164018453,0.7436840816078092,0.7433914948615258,22376437.0,22385244.0,https://www.sec.gov/Archives/edgar/data/1041368/000093905714000293/0000939057-14-000293-index.html,https://www.sec.gov/Archives/edgar/data/1041368/000093905714000293/k1033114.htm,1620597478,17:57:58,20210509
28,2013-12-31,RVSB,USD,2014-02-13,2014-02-13 16:13:39,Q3,8412000.0,0.0,0.0,0.0,0.0,4960000.0,170000.0,0.0,8000000.0,0.0,645000.0,488000.0,0.0,0.0,0.0,0.09522111269614836,0.0,801000.0,0.09522111269614836,0.0,801000.0,0.09522111269614836,0.03580644084112146,0.03580382080853699,22370277.0,22371914.0,https://www.sec.gov/Archives/edgar/data/1041368/000093905714000056/riv10q123113.htm,https://www.sec.gov/Archives/edgar/data/1041368/000093905714000056/riv10q123113.htm,1620597478,17:57:58,20210509
29,2013-09-30,RVSB,USD,2013-11-12 00:00:00,2013-11-12 17:15:55,Q2,7987000.0,0.0,0.0,0.0,0.0,4795000.0,204000.0,0.0,8000000.0,0.0,664000.0,418000.0,0.0,0.0,0.0,0.04256917490922749,0.0,340000.0,0.04256917490922749,-1000.0,341000.0,0.04269437836484287,0.015247637734013232,0.01524672418988923,22364120.0,22365460.0,https://www.sec.gov/Archives/edgar/data/1041368/000093905713000503/0000939057-13-000503-index.html,https://www.sec.gov/Archives/edgar/data/1041368/000093905713000503/riv10q93013.htm,1620597478,17:57:58,20210509
30,2013-06-30,RVSB,USD,2013-08-14 00:00:00,2013-08-14 17:28:45,Q1,8400000.0,0.0,0.0,0.0,0.0,5037000.0,204000.0,0.0,7000000.0,0.0,677000.0,424000.0,0.0,0.0,0.0,0.19726190476190475,0.0,1657000.0,0.19726190476190475,17000.0,1640000.0,0.19523809523809524,0.07335194504758528,0.07334974369855259,22357962.0,22358633.0,https://www.sec.gov/Archives/edgar/data/1041368/000093905713000365/0000939057-13-000365-index.html,https://www.sec.gov/Archives/edgar/data/1041368/000093905713000365/riv10q63013.htm,1620597478,17:57:58,20210509
31,2013-03-31,RVSB,USD,2013-06-14 00:00:00,2013-06-14 16:39:43,Q4,8237000.0,0.0,0.0,0.0,0.0,4922000.0,153000.0,0.0,7000000.0,0.0,700000.0,466000.0,0.0,0.0,0.0,0.19436688114604833,0.0,1601000.0,0.19436688114604833,6000.0,1595000.0,0.19363846060458906,0.0713588934477056,0.0713575366465689,22351804.0,22352229.0,https://www.sec.gov/Archives/edgar/data/1041368/000093905713000246/0000939057-13-000246-index.html,https://www.sec.gov/Archives/edgar/data/1041368/000093905713000246/riv10k2013.htm,1620597478,17:57:58,20210509
32,2012-12-31,RVSB,USD,2013-02-13 00:00:00,2013-02-13 11:57:45,Q3,9471000.0,0.0,0.0,0.0,0.0,4813000.0,193000.0,0.0,9000000.0,0.0,752000.0,493000.0,0.0,0.0,0.0,0.10949213388237779,0.0,1037000.0,0.10949213388237779,6000.0,1031000.0,0.108858621053743,0.05,0.05,22345644.0,22345644.0,https://www.sec.gov/Archives/edgar/data/1041368/000093905713000055/0000939057-13-000055-index.html,https://www.sec.gov/Archives/edgar/data/1041368/000093905713000055/riv10q123112.htm,1620597478,17:57:58,20210509
33,2012-09-30,RVSB,USD,2012-11-14 00:00:00,2012-11-14 15:19:17,Q2,10101000.0,0.0,0.0,0.0,0.0,4548000.0,269000.0,0.0,9000000.0,0.0,861000.0,1236000.0,0.0,0.0,0.0,0.1771111771111771,0.0,1789000.0,0.1771111771111771,2000.0,1787000.0,0.1769131769131769,0.08,0.08,22339487.0,22339487.0,https://www.sec.gov/Archives/edgar/data/1041368/000093905712000331/0000939057-12-000331-index.html,https://www.sec.gov/Archives/edgar/data/1041368/000093905712000331/q1093012.htm,1620597478,17:57:58,20210509
34,2012-06-30,RVSB,USD,2012-08-14 00:00:00,2012-08-14 16:21:52,Q1,10511000.0,0.0,0.0,0.0,0.0,4663000.0,219000.0,0.0,13000000.0,0.0,1172000.0,1234000.0,0.0,0.0,0.0,-0.16791932261440395,0.0,-1765000.0,-0.16791932261440395,15000.0,-1780000.0,-0.16934639901056037,-0.08,-0.08,22333329.0,22333329.0,https://www.sec.gov/Archives/edgar/data/1041368/000093905712000230/0000939057-12-000230-index.html,https://www.sec.gov/Archives/edgar/data/1041368/000093905712000230/riv10q63012.htm,1620597478,17:57:58,20210509
35,2012-03-31,RVSB,USD,2012-06-15,2012-06-15 15:19:29,Q4,9576000.0,0.0,0.0,0.0,0.0,4672000.0,184000.0,0.0,27000000.0,0.0,1295000.0,1253000.0,0.0,0.0,0.0,-1.6868212197159567,0.0,-16153000.0,-1.6868212197159567,-196000.0,-15957000.0,-1.6663533834586466,-0.7144926759463401,-0.7144926759463401,22333329.0,22333329.0,https://www.sec.gov/Archives/edgar/data/1041368/000093905712000186/riv10k2012.htm,https://www.sec.gov/Archives/edgar/data/1041368/000093905712000186/riv10k2012.htm,1620597478,17:57:58,20210509
36,2011-12-31,RVSB,USD,2012-01-31 00:00:00,2012-01-31 16:35:26,Q3,9917000.0,0.0,0.0,0.0,0.0,4868000.0,286000.0,0.0,20000000.0,0.0,1442000.0,1211000.0,0.0,0.0,0.0,-0.8445094282545125,0.0,-8375000.0,-0.8445094282545125,8220000.0,-16595000.0,-1.6733891297771504,-0.74,-0.74,22321011.0,22321011.0,https://www.sec.gov/Archives/edgar/data/1041368/000093905712000032/0000939057-12-000032-index.html,https://www.sec.gov/Archives/edgar/data/1041368/000093905712000032/q10123111.htm,1620597478,17:57:58,20210509
37,2011-09-30,RVSB,USD,2011-11-10 00:00:00,2011-11-10 17:07:58,Q2,10267000.0,0.0,0.0,0.0,0.0,4531000.0,283000.0,0.0,12000000.0,0.0,1530000.0,1166000.0,0.0,0.0,0.0,0.021622674588487385,0.0,222000.0,0.021622674588487385,41000.0,181000.0,0.01762929775007305,0.01,0.01,22314854.0,22314854.0,https://www.sec.gov/Archives/edgar/data/1041368/000093905711000335/0000939057-11-000335-index.html,https://www.sec.gov/Archives/edgar/data/1041368/000093905711000335/q1093011.htm,1620597478,17:57:58,20210509
38,2011-06-30,RVSB,USD,2011-08-10 00:00:00,2011-08-10 16:34:44,Q1,10734000.0,0.0,0.0,0.0,0.0,5358000.0,245000.0,0.0,11000000.0,0.0,1598000.0,1163000.0,0.0,0.0,0.0,0.0956772871250233,0.0,1027000.0,0.0956772871250233,313000.0,714000.0,0.0665176076020123,0.032005456526907713,0.03200451398119883,22308696.0,22309353.0,https://www.sec.gov/Archives/edgar/data/1041368/000093905711000261/0000939057-11-000261-index.html,https://www.sec.gov/Archives/edgar/data/1041368/000093905711000261/q112.htm,1620597478,17:57:58,20210509
39,2011-03-31,RVSB,USD,2011-06-08 00:00:00,2011-06-08 17:27:36,Q4,10426000.0,0.0,0.0,0.0,0.0,4358000.0,172000.0,0.0,11000000.0,0.0,1701000.0,1180000.0,0.0,0.0,0.0,0.1304431229618262,0.0,1360000.0,0.1304431229618262,506000.0,854000.0,0.08191060809514675,0.03828103623806609,0.03828103623806609,22308696.0,22308696.0,https://www.sec.gov/Archives/edgar/data/1041368/000093905711000165/0000939057-11-000165-index.html,https://www.sec.gov/Archives/edgar/data/1041368/000093905711000165/riv10k-33111.htm,1620597478,17:57:58,20210509
40,2010-12-31,RVSB,USD,2011-02-09,2011-02-09 15:23:59,Q3,10671000.0,0.0,0.0,0.0,0.0,5952000.0,187000.0,0.0,12000000.0,0.0,1926000.0,1208000.0,0.0,0.0,0.0,0.07665635835441852,0.0,818000.0,0.07665635835441852,239000.0,579000.0,0.054259207197076186,0.025968343378462638,0.025967568883461363,22296378.0,22297043.0,https://www.sec.gov/Archives/edgar/data/1041368/000093905711000038/q123110.htm,https://www.sec.gov/Archives/edgar/data/1041368/000093905711000038/q123110.htm,1620597478,17:57:58,20210509
41,2010-09-30,RVSB,USD,2010-11-04 00:00:00,2010-11-04 15:44:41,Q2,10700000.0,0.0,0.0,0.0,0.0,4855000.0,255000.0,0.0,11000000.0,0.0,2139000.0,1148000.0,0.0,0.0,0.0,0.15074766355140187,0.0,1613000.0,0.15074766355140187,496000.0,1117000.0,0.10439252336448598,0.06,0.06,18033354.0,18033354.0,https://www.sec.gov/Archives/edgar/data/1041368/000093905710000321/0000939057-10-000321-index.html,https://www.sec.gov/Archives/edgar/data/1041368/000093905710000321/q93010.htm,1620597478,17:57:58,20210509
42,2010-06-30,RVSB,USD,2010-08-06 00:00:00,2010-08-06 15:38:40,Q1,11254000.0,0.0,0.0,0.0,0.0,4720000.0,135000.0,0.0,11000000.0,0.0,2286000.0,1141000.0,0.0,0.0,0.0,0.23893726674960014,0.0,2689000.0,0.23893726674960014,924000.0,1765000.0,0.15683312599964458,0.16,0.16,10735946.0,10735946.0,https://www.sec.gov/Archives/edgar/data/1041368/000093905710000248/0000939057-10-000248-index.html,https://www.sec.gov/Archives/edgar/data/1041368/000093905710000248/q63010.htm,1620597478,17:57:58,20210509
43,2010-03-31,RVSB,USD,2010-05-28 00:00:00,2010-05-28 14:50:45,Q4,10501000.0,0.0,0.0,0.0,0.0,4771000.0,105000.0,88000.0,20000000.0,0.0,2491000.0,1123000.0,0.0,0.0,0.0,-0.701171317017427,0.0,-7363000.0,-0.701171317017427,-2660000.0,-4703000.0,-0.4478621083706314,-0.43806107072446154,-0.43806107072446154,10735946.0,10735946.0,https://www.sec.gov/Archives/edgar/data/1041368/000093905710000161/0000939057-10-000161-index.html,https://www.sec.gov/Archives/edgar/data/1041368/000093905710000161/k33110.htm,1620597478,17:57:58,20210509
44,2009-12-31,RVSB,USD,2010-02-02 00:00:00,2010-02-02 12:12:52,Q3,10704000.0,0.0,0.0,0.0,0.0,4454000.0,212000.0,456000.0,15000000.0,0.0,2787000.0,1241000.0,0.0,0.0,0.0,-0.19095665171898354,0.0,-2044000.0,-0.19095665171898354,-758000.0,-1286000.0,-0.12014200298953662,-0.12,-0.12,10723628.0,10723628.0,https://www.sec.gov/Archives/edgar/data/1041368/000093905710000024/0000939057-10-000024-index.html,https://www.sec.gov/Archives/edgar/data/1041368/000093905710000024/q12810.htm,1620597478,17:57:58,20210509
45,2009-09-30,RVSB,USD,2009-10-30 00:00:00,2009-10-30 09:07:05,Q2,10909000.0,0.0,0.0,0.0,0.0,4484000.0,151000.0,201000.0,13000000.0,0.0,2884000.0,1217000.0,0.0,0.0,0.0,0.022091850765423044,0.0,241000.0,0.022091850765423044,39000.0,202000.0,0.018516820973508114,0.02,0.02,10717471.0,10717471.0,https://www.sec.gov/Archives/edgar/data/1041368/000093905709000289/0000939057-09-000289-index.html,https://www.sec.gov/Archives/edgar/data/1041368/000093905709000289/q210.htm,1620597478,17:57:58,20210509
46,2009-06-30,RVSB,USD,2009-08-06 00:00:00,2009-08-06 16:17:21,Q1,11041000.0,0.0,0.0,0.0,0.0,4926000.0,159000.0,258000.0,14000000.0,0.0,3214000.0,1233000.0,0.0,0.0,0.0,0.04030432026084594,0.0,445000.0,0.04030432026084594,102000.0,343000.0,0.031066026628022825,0.03,0.03,10711313.0,10711313.0,https://www.sec.gov/Archives/edgar/data/1041368/000093905709000194/0000939057-09-000194-index.html,https://www.sec.gov/Archives/edgar/data/1041368/000093905709000194/q110.htm,1620597478,17:57:58,20210509
47,2009-03-31,RVSB,USD,2009-06-12 00:00:00,2009-06-12 16:43:35,Q4,14460000.0,0.0,0.0,0.0,0.0,5535000.0,117000.0,0.0,16000000.0,0.0,4096000.0,706000.0,0.0,0.0,0.0,-0.06438450899031811,0.0,-931000.0,-0.06438450899031811,-211000.0,-720000.0,-0.04979253112033195,-0.06721865003851535,-0.06721865003851535,10711313.0,10711313.0,https://www.sec.gov/Archives/edgar/data/1041368/000093905709000170/0000939057-09-000170-index.html,https://www.sec.gov/Archives/edgar/data/1041368/000093905709000170/k09.htm,1620597478,17:57:58,20210509
48,2008-12-31,RVSB,USD,2009-02-06 00:00:00,2009-02-06 13:47:28,Q3,10273000.0,0.0,0.0,0.0,0.0,3988000.0,174000.0,0.0,13000000.0,0.0,4801000.0,522000.0,0.0,0.0,0.0,0.21084395989487004,0.0,2166000.0,0.21084395989487004,691000.0,1475000.0,0.14358025893117882,0.14,0.14,10699263.0,10699263.0,https://www.sec.gov/Archives/edgar/data/1041368/000093905709000032/0000939057-09-000032-index.html,https://www.sec.gov/Archives/edgar/data/1041368/000093905709000032/q1231.htm,1620597478,17:57:58,20210509
49,2008-09-30,RVSB,USD,2008-11-10 00:00:00,2008-11-10 16:04:28,Q2,10743000.0,0.0,0.0,0.0,0.0,3740000.0,255000.0,0.0,19000000.0,0.0,5087000.0,525000.0,0.0,0.0,0.0,-0.612398771292935,0.0,-6579000.0,-0.612398771292935,-2381000.0,-4198000.0,-0.3907660802382947,-0.39,-0.39,10692838.0,10692838.0,https://www.sec.gov/Archives/edgar/data/1041368/000093905708000416/0000939057-08-000416-index.html,https://www.sec.gov/Archives/edgar/data/1041368/000093905708000416/q1104.htm,1620597478,17:57:58,20210509
50,2008-06-30,RVSB,USD,2008-08-06 00:00:00,2008-08-06 08:54:41,Q1,10549000.0,0.0,0.0,0.0,0.0,384000.0,181000.0,0.0,15000000.0,0.0,5199000.0,561000.0,0.0,0.0,0.0,0.10730874964451607,0.0,1132000.0,0.10730874964451607,339000.0,793000.0,0.07517300218030146,0.07426485055861122,0.07412398165987617,10677999.0,10698292.0,https://www.sec.gov/Archives/edgar/data/1041368/000093905708000277/0000939057-08-000277-index.html,https://www.sec.gov/Archives/edgar/data/1041368/000093905708000277/q-63008.htm,1620597478,17:57:58,20210509
51,2008-03-31,RVSB,USD,2008-06-13 00:00:00,2008-06-13 15:30:16,Q4,10786000.0,0.0,0.0,0.0,0.0,4128000.0,185000.0,0.0,15000000.0,0.0,6036000.0,4106000.0,0.0,0.0,0.0,0.16855182644168368,0.0,1818000.0,0.16855182644168368,656000.0,1162000.0,0.10773224550343037,0.10882188694717053,0.10882188694717053,10677999.0,10677999.0,https://www.sec.gov/Archives/edgar/data/1041368/000093905708000207/0000939057-08-000207-index.html,https://www.sec.gov/Archives/edgar/data/1041368/000093905708000207/k08.htm,1620597478,17:57:58,20210509
52,2007-12-31,RVSB,USD,2008-02-08,2008-02-08 09:12:25,Q3,11008000.0,0.0,0.0,0.0,0.0,4245000.0,217000.0,0.0,14000000.0,0.0,6478000.0,-3015000.0,0.0,0.0,0.0,0.3040515988372093,0.0,3347000.0,0.3040515988372093,1134000.0,2213000.0,0.20103561046511628,0.20711703937750708,0.2054189195373257,10684780.0,10773107.0,https://www.sec.gov/Archives/edgar/data/1041368/000093905708000026/q308.htm,https://www.sec.gov/Archives/edgar/data/1041368/000093905708000026/q308.htm,1620597478,17:57:58,20210509
53,2007-09-30,RVSB,USD,2007-11-06 00:00:00,2007-11-06 09:31:00,Q2,10910000.0,0.0,0.0,0.0,0.0,3908000.0,370000.0,0.0,14000000.0,0.0,6620000.0,544000.0,0.0,0.0,0.0,0.3372135655362053,0.0,3679000.0,0.3372135655362053,1249000.0,2430000.0,0.2227314390467461,0.22284451578729592,0.22037622120621428,10904464.0,11026598.0,https://www.sec.gov/Archives/edgar/data/1041368/000093905707000395/0000939057-07-000395-index.html,https://www.sec.gov/Archives/edgar/data/1041368/000093905707000395/q207.htm,1620597478,17:57:58,20210509
54,2007-06-30,RVSB,USD,2007-08-06 00:00:00,2007-08-06 17:05:57,Q1,11130000.0,0.0,0.0,0.0,0.0,3968000.0,282000.0,0.0,13000000.0,0.0,6596000.0,558000.0,0.0,0.0,0.0,0.3862533692722372,0.0,4299000.0,0.3862533692722372,1460000.0,2839000.0,0.2550763701707098,0.24921380024710701,0.2462787959248363,11391825.0,11527586.0,https://www.sec.gov/Archives/edgar/data/1041368/000093905707000265/0000939057-07-000265-index.html,https://www.sec.gov/Archives/edgar/data/1041368/000093905707000265/q108.txt,1620597478,17:57:58,20210509
55,2007-03-31,RVSB,USD,2007-06-13 00:00:00,2007-06-13 15:51:21,Q4,11278000.0,0.0,0.0,0.0,0.0,3957000.0,175000.0,0.0,14000000.0,0.0,6662000.0,582000.0,0.0,0.0,0.0,0.3836673169001596,0.0,4327000.0,0.3836673169001596,1563000.0,2764000.0,0.24507891470118814,0.2426301316953166,0.2426301316953166,11391825.0,11391825.0,https://www.sec.gov/Archives/edgar/data/1041368/000093905707000209/0000939057-07-000209-index.html,https://www.sec.gov/Archives/edgar/data/1041368/000093905707000209/k07.txt,1620597478,17:57:58,20210509
56,2006-12-31,RVSB,USD,2006-12-31,2006-12-31,Q3,11728000.0,0.0,0.0,0.0,0.0,3688000.0,269000.0,0.0,14000000.0,0.0,6760000.0,555000.0,0.0,0.0,0.0,0.4171214188267394,0.0,4892000.0,0.4171214188267394,1654000.0,3238000.0,0.27609140518417463,0.29,0.28,11313623.0,11522519.0,,,1620597478,17:57:58,20210509
57,2006-09-30,RVSB,USD,2006-09-30,2006-09-30,Q2,11418000.0,0.0,0.0,0.0,0.0,3532000.0,356000.0,0.0,13000000.0,0.0,6175000.0,582000.0,0.0,0.0,0.0,0.3981432825363461,0.0,4546000.0,0.3981432825363461,1573000.0,2973000.0,0.2603783499737257,0.2630292135833488,0.2591131931582961,11302927.0,11473750.0,,,1620597478,17:57:58,20210509
58,2006-06-30,RVSB,USD,2006-06-30,2006-06-30,Q1,11128000.0,0.0,0.0,0.0,0.0,4013000.0,302000.0,0.0,12000000.0,0.0,5185000.0,539000.0,0.0,0.0,0.0,0.3602624011502516,0.0,4009000.0,0.3602624011502516,1378000.0,2631000.0,0.23643062544931703,0.235,0.23,11275208.0,11452390.0,,,1620597478,17:57:58,20210509
59,2006-03-31,RVSB,USD,2006-03-31,2006-03-31,Q4,10641000.0,0.0,0.0,0.0,0.0,4015000.0,156000.0,0.0,12000000.0,0.0,4462000.0,566000.0,0.0,0.0,0.0,0.33568273658490744,0.0,3572000.0,0.33568273658490744,965000.0,2607000.0,0.24499577107414716,0.23121524676085797,0.23121524676085797,11275208.0,11275208.0,,,1620597478,17:57:58,20210509
60,2005-12-31,RVSB,USD,2005-12-31,2005-12-31,Q3,10686000.0,0.0,0.0,0.0,0.0,3681000.0,160000.0,0.0,10000000.0,0.0,3747000.0,486000.0,0.0,0.0,0.0,0.3872356354108179,0.0,4138000.0,0.3872356354108179,1390000.0,2748000.0,0.2571588994946659,0.245,0.24,11322648.0,11462944.0,,,1620597478,17:57:58,20210509
61,2005-09-30,RVSB,USD,2005-11-07,2005-11-07,Q2,10577000.0,0.0,0.0,0.0,0.0,3441000.0,306000.0,0.0,10000000.0,0.0,3541000.0,536000.0,0.0,0.0,0.0,0.36551006901767985,0.0,3866000.0,0.36551006901767985,1304000.0,2562000.0,0.24222369291859697,0.22653877924777455,0.2238764886868971,11309322.0,11443810.0,https://www.sec.gov/Archives/edgar/data/1041368/000093905705000325/0000939057-05-000325-index.htm,https://www.sec.gov/Archives/edgar/data/1041368/000093905705000325/q205x.txt,1620597478,17:57:58,20210509
62,2005-06-30,RVSB,USD,2005-06-30,2005-06-30,Q1,9285000.0,0.0,0.0,0.0,0.0,3399000.0,231000.0,0.0,10000000.0,0.0,3127000.0,319000.0,0.0,0.0,0.0,0.2949919224555735,0.0,2739000.0,0.2949919224555735,918000.0,1821000.0,0.19612277867528272,0.16700366986208304,0.16495464698346776,10903952.0,11039398.0,,,1620597478,17:57:58,20210509
63,2005-03-31,RVSB,USD,2005-06-14,2005-06-14 16:08:29,Q4,6200000.0,0.0,0.0,0.0,0.0,2744000.0,128000.0,0.0,7000000.0,0.0,2145000.0,321000.0,0.0,0.0,0.0,0.40064516129032257,0.0,2484000.0,0.40064516129032257,816000.0,1668000.0,0.26903225806451614,0.15297206003841543,0.15297206003841543,10903952.0,10903952.0,https://www.sec.gov/Archives/edgar/data/1041368/000093905705000153/k05final.htm,https://www.sec.gov/Archives/edgar/data/1041368/000093905705000153/k05final.htm,1620597478,17:57:58,20210509
64,2004-12-31,RVSB,USD,2005-02-10 00:00:00,2005-02-10 15:35:23,Q3,7221000.0,0.0,0.0,0.0,0.0,2796000.0,165000.0,0.0,0.0,0.0,1947000.0,337000.0,0.0,0.0,0.0,0.14665558786871624,0.0,1059000.0,0.14665558786871624,299000.0,760000.0,0.1052485805290126,0.07876086770433419,0.07754931115803979,9649462.0,9800216.0,https://www.sec.gov/Archives/edgar/data/1041368/000093905705000038/0000939057-05-000038-index.html,https://www.sec.gov/Archives/edgar/data/1041368/000093905705000038/q305.txt,1620597478,17:57:58,20210509
65,2004-09-30,RVSB,USD,2004-11-05 00:00:00,2004-11-05 13:31:45,Q2,7464000.0,0.0,0.0,0.0,0.0,2587000.0,222000.0,0.0,0.0,0.0,1764000.0,348000.0,0.0,0.0,0.0,0.37513397642015006,0.0,2800000.0,0.37513397642015006,898000.0,1902000.0,0.25482315112540194,0.2,0.195,9624308.0,9770894.0,https://www.sec.gov/Archives/edgar/data/1041368/000093905704000412/0000939057-04-000412-index.html,https://www.sec.gov/Archives/edgar/data/1041368/000093905704000412/q204.txt,1620597478,17:57:58,20210509
66,2004-06-30,RVSB,USD,2004-08-05 00:00:00,2004-08-05 16:50:54,Q1,8194000.0,0.0,0.0,0.0,0.0,2646000.0,251000.0,0.0,0.0,0.0,1539000.0,486000.0,0.0,0.0,0.0,0.39321454722968024,0.0,3222000.0,0.39321454722968024,1023000.0,2199000.0,0.268367097876495,0.23,0.225,9581570.0,9729166.0,https://www.sec.gov/Archives/edgar/data/1041368/000093905704000246/0000939057-04-000246-index.html,https://www.sec.gov/Archives/edgar/data/1041368/000093905704000246/q104.txt,1620597478,17:57:58,20210509
67,2004-03-31,RVSB,USD,2004-06-02 00:00:00,2004-06-02 16:38:55,Q4,6968000.0,0.0,0.0,0.0,0.0,2586000.0,76000.0,0.0,0.0,0.0,1572000.0,516000.0,0.0,0.0,0.0,0.3356773823191734,0.0,2339000.0,0.3356773823191734,742000.0,1597000.0,0.22919058553386912,0.16667414630378946,0.16667414630378946,9581570.0,9581570.0,https://www.sec.gov/Archives/edgar/data/1041368/000093905704000176/0000939057-04-000176-index.html,https://www.sec.gov/Archives/edgar/data/1041368/000093905704000176/k04.txt,1620597478,17:57:58,20210509
68,2003-12-31,RVSB,USD,2004-02-02 00:00:00,2004-02-02 16:27:47,Q3,6881000.0,0.0,0.0,0.0,0.0,2575000.0,183000.0,0.0,0.0,0.0,1729000.0,550000.0,0.0,0.0,0.0,0.33585234704258105,0.0,2311000.0,0.33585234704258105,772000.0,1539000.0,0.22365935183839558,0.16173611476012822,0.15884821727711243,9515500.0,9688494.0,https://www.sec.gov/Archives/edgar/data/1041368/000093905704000026/0000939057-04-000026-index.html,https://www.sec.gov/Archives/edgar/data/1041368/000093905704000026/q303.txt,1620597478,17:57:58,20210509
69,2003-09-30,RVSB,USD,2003-11-07 00:00:00,2003-11-07 12:03:14,Q2,7454000.0,0.0,0.0,0.0,0.0,2500000.0,244000.0,0.0,0.0,0.0,1822000.0,621000.0,0.0,0.0,0.0,0.38583310973973706,0.0,2876000.0,0.38583310973973706,958000.0,1918000.0,0.25731151059833646,0.20608968146142728,0.2028234547665627,9306628.0,9456500.0,https://www.sec.gov/Archives/edgar/data/1041368/000093905703000332/0000939057-03-000332-index.html,https://www.sec.gov/Archives/edgar/data/1041368/000093905703000332/q203.txt,1620597478,17:57:58,20210509
70,2003-06-30,RVSB,USD,2003-08-07 00:00:00,2003-08-07 10:13:12,Q1,6243000.0,0.0,0.0,0.0,0.0,2249000.0,269000.0,0.0,0.0,0.0,1504000.0,470000.0,0.0,0.0,0.0,0.3584814992791927,0.0,2238000.0,0.3584814992791927,738000.0,1500000.0,0.24026910139356078,0.17157053379024473,0.16882906687274318,8742760.0,8884726.0,https://www.sec.gov/Archives/edgar/data/1041368/000093905703000214/0000939057-03-000214-index.html,https://www.sec.gov/Archives/edgar/data/1041368/000093905703000214/q103.txt,1620597478,17:57:58,20210509
71,2003-03-31,RVSB,USD,2003-06-04 00:00:00,2003-06-04 14:24:00,Q4,3996000.0,0.0,0.0,0.0,0.0,2231000.0,103000.0,0.0,0.0,0.0,1651000.0,305000.0,0.0,0.0,0.0,-0.0045045045045045045,0.0,-18000.0,-0.0045045045045045045,-39000.0,21000.0,0.005255255255255256,0.002401987473063426,0.002401987473063426,8742760.0,8742760.0,https://www.sec.gov/Archives/edgar/data/1041368/000093905703000158/0000939057-03-000158-index.html,https://www.sec.gov/Archives/edgar/data/1041368/000093905703000158/k031136.txt,1620597478,17:57:58,20210509
72,2002-12-31,RVSB,USD,2003-02-03 00:00:00,2003-02-03 12:14:45,Q3,6553000.0,0.0,0.0,0.0,0.0,2095000.0,92000.0,0.0,0.0,0.0,1935000.0,590000.0,0.0,0.0,0.0,0.40714176712955896,0.0,2668000.0,0.40714176712955896,896000.0,1772000.0,0.2704104990080879,0.205,0.2,8645670.0,8754826.0,https://www.sec.gov/Archives/edgar/data/1041368/000093905703000019/0000939057-03-000019-index.html,https://www.sec.gov/Archives/edgar/data/1041368/000093905703000019/q3021136.txt,1620597478,17:57:58,20210509
73,2002-09-30,RVSB,USD,2002-11-13 00:00:00,2002-11-13 09:58:10,Q2,5967000.0,0.0,0.0,0.0,0.0,2035000.0,221000.0,0.0,0.0,0.0,2107000.0,688000.0,0.0,0.0,0.0,0.3633316574493045,0.0,2168000.0,0.3633316574493045,674000.0,1494000.0,0.25037707390648567,0.1718827837647852,0.1692219866253466,8691970.0,8828640.0,https://www.sec.gov/Archives/edgar/data/1041368/000093905702000103/0000939057-02-000103-index.html,https://www.sec.gov/Archives/edgar/data/1041368/000093905702000103/q2021136.htm,1620597478,17:57:58,20210509
74,2002-06-30,RVSB,USD,2002-08-02 00:00:00,2002-08-02 16:03:48,Q1,5466000.0,0.0,0.0,0.0,0.0,2034000.0,189000.0,0.0,0.0,0.0,2724000.0,525000.0,0.0,0.0,0.0,0.27972923527259425,0.0,1529000.0,0.27972923527259425,457000.0,1072000.0,0.19612147822905232,0.12070913916817891,0.11947798818683683,8880852.0,8972364.0,https://www.sec.gov/Archives/edgar/data/1041368/000093905702000070/0000939057-02-000070-index.html,https://www.sec.gov/Archives/edgar/data/1041368/000093905702000070/q1021136.txt,1620597478,17:57:58,20210509
75,2002-03-31,RVSB,USD,2002-06-05 00:00:00,2002-06-05 15:07:46,Q4,5530000.0,0.0,0.0,0.0,0.0,2041000.0,76000.0,0.0,0.0,0.0,2572000.0,442000.0,0.0,0.0,0.0,0.27486437613019893,0.0,1520000.0,0.27486437613019893,464000.0,1056000.0,0.19095840867992767,0.11890751022537027,0.11890751022537027,8880852.0,8880852.0,https://www.sec.gov/Archives/edgar/data/1041368/000093905702000050/0000939057-02-000050-index.html,https://www.sec.gov/Archives/edgar/data/1041368/000093905702000050/k02-1136.htm,1620597478,17:57:58,20210509
76,2001-12-31,RVSB,USD,2002-02-08 00:00:00,2002-02-08 00:00:00,Q3,5637000.0,0.0,0.0,0.0,0.0,1981000.0,101000.0,0.0,0.0,0.0,3246000.0,352000.0,0.0,0.0,0.0,0.3473478800780557,0.0,1958000.0,0.3473478800780557,599000.0,1359000.0,0.24108568387440127,0.15020381962013354,0.1490065571656694,9047706.0,9120404.0,https://www.sec.gov/Archives/edgar/data/1041368/000093905702000008/0000939057-02-000008-index.html,https://www.sec.gov/Archives/edgar/data/1041368/000093905702000008/q3011136.txt,1620597478,17:57:58,20210509
77,2001-09-30,RVSB,USD,2001-11-05 00:00:00,2001-11-05 00:00:00,Q2,5823000.0,0.0,0.0,0.0,0.0,1849000.0,187000.0,0.0,0.0,0.0,3950000.0,455000.0,0.0,0.0,0.0,0.42469517430877557,0.0,2473000.0,0.42469517430877557,777000.0,1696000.0,0.2912588013051692,0.185,0.18,9249542.0,9466978.0,https://www.sec.gov/Archives/edgar/data/1041368/000093905701500110/0000939057-01-500110-index.html,https://www.sec.gov/Archives/edgar/data/1041368/000093905701500110/q1011136.txt,1620597478,17:57:58,20210509
78,2001-06-30,RVSB,USD,2001-08-07 00:00:00,2001-08-07 00:00:00,Q1,5083000.0,0.0,0.0,0.0,0.0,1892000.0,176000.0,0.0,0.0,0.0,4550000.0,418000.0,0.0,0.0,0.0,0.2071611253196931,0.0,1053000.0,0.2071611253196931,296000.0,757000.0,0.14892779854416682,0.08114869678623289,0.08057064022899517,9328554.0,9395482.0,https://www.sec.gov/Archives/edgar/data/1041368/000093905701500058/0000939057-01-500058-index.html,https://www.sec.gov/Archives/edgar/data/1041368/000093905701500058/q-1136.txt,1620597478,17:57:58,20210509
79,2001-03-31,RVSB,USD,2001-03-31,2001-03-31,Q4,4974000.0,0.0,0.0,0.0,0.0,1956000.0,91000.0,0.0,0.0,0.0,4546000.0,433000.0,0.0,0.0,0.0,0.23562525130679535,0.0,1172000.0,0.23562525130679535,375000.0,797000.0,0.16023321270607158,0.08543660678814745,0.08543660678814745,9328554.0,9328554.0,,,1620597478,17:57:58,20210509
80,2000-12-31,RVSB,USD,2001-02-05 00:00:00,2001-02-05 00:00:00,Q3,4674000.0,0.0,0.0,0.0,0.0,1729000.0,115000.0,0.0,0.0,0.0,4217000.0,384000.0,0.0,0.0,0.0,0.2787762088147197,0.0,1303000.0,0.2787762088147197,400000.0,903000.0,0.193196405648267,0.1,0.095,9200944.0,9315740.0,https://www.sec.gov/Archives/edgar/data/1041368/000093905701500002/0000939057-01-500002-index.html,https://www.sec.gov/Archives/edgar/data/1041368/000093905701500002/q1136300.txt,1620597478,17:57:58,20210509
81,2000-09-30,RVSB,USD,2000-11-13 00:00:00,2000-11-13 00:00:00,Q2,4861000.0,0.0,0.0,0.0,0.0,1674000.0,227000.0,0.0,0.0,0.0,4022000.0,354000.0,0.0,0.0,0.0,0.3569224439415758,0.0,1735000.0,0.3569224439415758,556000.0,1179000.0,0.2425426866899815,0.12951694463925081,0.12756297163947306,9103056.0,9242494.0,https://www.sec.gov/Archives/edgar/data/1041368/000093905700000087/0000939057-00-000087-index.html,https://www.sec.gov/Archives/edgar/data/1041368/000093905700000087/0000939057-00-000087-0001.txt,1620597478,17:57:58,20210509
82,2000-06-30,RVSB,USD,2000-08-09 00:00:00,2000-08-09 00:00:00,Q1,4508000.0,0.0,0.0,0.0,0.0,1630000.0,168000.0,0.0,0.0,0.0,3503000.0,330000.0,0.0,0.0,0.0,0.21983141082519964,0.0,991000.0,0.21983141082519964,313000.0,678000.0,0.15039929015084294,0.07478448171265728,0.07357764003734879,9066052.0,9214756.0,https://www.sec.gov/Archives/edgar/data/1041368/000093905700000060/0000939057-00-000060-index.html,https://www.sec.gov/Archives/edgar/data/1041368/000093905700000060/0000939057-00-000060-0001.txt,1620597478,17:57:58,20210509
83,2000-03-31,RVSB,USD,2000-03-31,2000-03-31,Q4,4562000.0,0.0,0.0,0.0,0.0,1561000.0,79000.0,0.0,0.0,0.0,3073000.0,289000.0,0.0,0.0,0.0,0.31893906181499343,0.0,1455000.0,0.31893906181499343,478000.0,977000.0,0.21416045594037703,0.10776465875113005,0.10776465875113005,9066052.0,9066052.0,,,1620597478,17:57:58,20210509
84,1999-12-31,RVSB,USD,2000-02-11 00:00:00,2000-02-11 00:00:00,Q3,4300000.0,0.0,0.0,0.0,0.0,1400000.0,100000.0,0.0,0.0,0.0,2800000.0,300000.0,0.0,0.0,0.0,0.3023255813953488,0.0,1300000.0,0.3023255813953488,400000.0,900000.0,0.20930232558139536,0.08827941651621565,0.08676674149816084,10194902.0,10372638.0,https://www.sec.gov/Archives/edgar/data/1041368/000093905700000007/0000939057-00-000007-index.html,https://www.sec.gov/Archives/edgar/data/1041368/0000939057-00-000007.txt,1620597478,17:57:58,20210509
85,1999-09-30,RVSB,USD,1999-11-05 00:00:00,1999-11-05 00:00:00,Q2,4200000.0,0.0,0.0,0.0,0.0,1300000.0,200000.0,0.0,0.0,0.0,2700000.0,400000.0,0.0,0.0,0.0,0.35714285714285715,0.0,1500000.0,0.35714285714285715,500000.0,1000000.0,0.23809523809523808,0.05,0.0475,10180000.0,10180000.0,https://www.sec.gov/Archives/edgar/data/1041368/000093905799000106/0000939057-99-000106-index.html,https://www.sec.gov/Archives/edgar/data/1041368/0000939057-99-000106.txt,1620597478,17:57:58,20210509
86,1999-06-30,RVSB,USD,1999-08-13 00:00:00,1999-08-13 00:00:00,Q1,4200000.0,0.0,0.0,0.0,0.0,1400000.0,100000.0,0.0,0.0,0.0,2600000.0,300000.0,0.0,0.0,0.0,0.35714285714285715,0.0,1500000.0,0.35714285714285715,500000.0,1000000.0,0.23809523809523808,0.045,0.045,10428000.0,10428000.0,https://www.sec.gov/Archives/edgar/data/1041368/000093905799000086/0000939057-99-000086-index.html,https://www.sec.gov/Archives/edgar/data/1041368/0000939057-99-000086.txt,1620597478,17:57:58,20210509
87,1999-03-31,RVSB,USD,1999-03-31,1999-03-31,Q4,3800000.0,0.0,0.0,0.0,0.0,1000000.0,100000.0,0.0,0.0,0.0,2600000.0,300000.0,0.0,0.0,0.0,0.34210526315789475,0.0,1300000.0,0.34210526315789475,300000.0,1000000.0,0.2631578947368421,0.09589566551591867,0.09589566551591867,10428000.0,10428000.0,,,1620597478,17:57:58,20210509
88,1998-12-31,RVSB,USD,1999-02-11 00:00:00,1999-02-11 00:00:00,Q3,4300000.0,0.0,0.0,0.0,0.0,1700000.0,100000.0,0.0,0.0,0.0,2700000.0,300000.0,0.0,0.0,0.0,0.3953488372093023,0.0,1700000.0,0.3953488372093023,600000.0,1100000.0,0.2558139534883721,0.0475,0.045,11562000.0,11562000.0,https://www.sec.gov/Archives/edgar/data/1041368/000093905799000006/0000939057-99-000006-index.html,https://www.sec.gov/Archives/edgar/data/1041368/0000939057-99-000006.txt,1620597478,17:57:58,20210509
89,1998-09-30,RVSB,USD,1998-11-13 00:00:00,1998-11-13 00:00:00,Q2,3900000.0,0.0,0.0,0.0,0.0,1200000.0,100000.0,0.0,0.0,0.0,2400000.0,300000.0,0.0,0.0,0.0,0.48717948717948717,0.0,1900000.0,0.48717948717948717,700000.0,1200000.0,0.3076923076923077,0.05,0.05,11608000.0,11608000.0,https://www.sec.gov/Archives/edgar/data/1041368/000093905798000197/0000939057-98-000197-index.html,https://www.sec.gov/Archives/edgar/data/1041368/0000939057-98-000197.txt,1620597478,17:57:58,20210509
90,1998-06-30,RVSB,USD,1998-08-05 00:00:00,1998-08-05 00:00:00,Q1,4000000.0,0.0,0.0,0.0,0.0,1200000.0,100000.0,0.0,0.0,0.0,2300000.0,300000.0,0.0,0.0,0.0,0.5,0.0,2000000.0,0.5,700000.0,1300000.0,0.325,0.055,0.0525,11682000.0,11682000.0,https://www.sec.gov/Archives/edgar/data/1041368/000093905798000130/0000939057-98-000130-index.html,https://www.sec.gov/Archives/edgar/data/1041368/0000939057-98-000130.txt,1620597478,17:57:58,20210509
91,1998-03-31,RVSB,USD,1998-05-29,1998-05-29,Q4,4100000.0,0.0,0.0,0.0,0.0,1100000.0,0.0,0.0,0.0,0.0,2300000.0,0.0,0.0,0.0,0.0,0.4878048780487805,0.0,2000000.0,0.4878048780487805,700000.0,1300000.0,0.3170731707317073,0.11128231467214518,0.11128231467214518,11682000.0,11682000.0,https://www.sec.gov/Archives/edgar/data/1041368/0000939057-98-000097-index.html,https://www.sec.gov/Archives/edgar/data/1041368/,1620597478,17:57:58,20210509
92,1997-12-31,RVSB,USD,1998-02-10 00:00:00,1998-02-10 00:00:00,Q3,3500000.0,0.0,0.0,0.0,0.0,1100000.0,0.0,0.0,0.0,0.0,2400000.0,300000.0,0.0,0.0,0.0,0.4857142857142857,0.0,1700000.0,0.4857142857142857,600000.0,1100000.0,0.3142857142857143,0.0475,0.045,23333333.0,23333333.0,https://www.sec.gov/Archives/edgar/data/1041368/000093905798000028/0000939057-98-000028-index.html,https://www.sec.gov/Archives/edgar/data/1041368/0000939057-98-000028.txt,1620597478,17:57:58,20210509
93,1997-09-30,RVSB,USD,1997-11-10,1997-11-10,Q2,3000000.0,0.0,0.0,0.0,0.0,1100000.0,100000.0,0.0,0.0,0.0,2500000.0,0.0,0.0,0.0,0.0,0.4,0.0,1200000.0,0.4,400000.0,800000.0,0.26666666666666666,0.0325,0.03,23333333.0,23333333.0,https://www.sec.gov/Archives/edgar/data/1041368/0000939057-97-000165-index.html,https://www.sec.gov/Archives/edgar/data/1041368/,1620597478,17:57:58,20210509
94,1997-06-30,RVSB,USD,1997-06-30,1997-06-30,Q1,0.0,0.0,0.0,0.0,0.0,0.0,0.0,0.0,0.0,0.0,0.0,0.0,0.0,0.0,0.0,0.0,0.0,0.0,0.0,0.0,700000.0,0.0,0.03,0.03,23333333.0,23333333.0,,,1620597478,17:57:58,20210509
