,date,symbol,reportedCurrency,fillingDate,acceptedDate,period,revenue,costOfRevenue,grossProfit,grossProfitRatio,researchAndDevelopmentExpenses,generalAndAdministrativeExpenses,sellingAndMarketingExpenses,otherExpenses,operatingExpenses,costAndExpenses,interestExpense,depreciationAndAmortization,ebitda,ebitdaratio,operatingIncome,operatingIncomeRatio,totalOtherIncomeExpensesNet,incomeBeforeTax,incomeBeforeTaxRatio,incomeTaxExpense,netIncome,netIncomeRatio,eps,epsdiluted,weightedAverageShsOut,weightedAverageShsOutDil,link,finalLink,timestamp,est_time,est_date
0,2020-03-27,JASN,USD,2020-06-10,2020-06-10 17:31:25,Q1,84032000.0,65857000.0,18175000.0,0.2162866527037319,0.0,20539000.0,3931000.0,0.0,24470000.0,90327000.0,7455000.0,7480000.0,410000.0,0.004879093678598629,-7070000.0,-0.08413461538461539,-113000.0,-14247000.0,-0.16954255521706016,-557000.0,-14600000.0,-0.17374333587204874,-0.50526,-0.50526,28896000.0,28896000.0,https://www.sec.gov/Archives/edgar/data/1579252/000157925220000108/0001579252-20-000108-index.htm,https://www.sec.gov/Archives/edgar/data/1579252/000157925220000007/jasn-20191231.htm,1620593866,16:57:46,20210509
1,2019-12-31,JASN,USD,2020-03-02,2020-02-28 20:19:42,Q4,41243000.0,24073000.0,17170000.0,0.41631307130907064,0.0,14501000.0,0.0,487000.0,14501000.0,38574000.0,8240000.0,6678000.0,9347000.0,0.22663239822515335,2669000.0,0.06471401207477633,20789000.0,15218000.0,0.36898382755861603,9440000.0,-28269000.0,-0.6854254055233615,-1.01,-1.01,28838000.0,28838000.0,https://www.sec.gov/Archives/edgar/data/1579252/000157925220000007/jasn-20191231.htm,https://www.sec.gov/Archives/edgar/data/1579252/000157925220000007/jasn-20191231.htm,1620593866,16:57:46,20210509
2,2019-09-27,JASN,USD,2019-11-08,2019-11-08 08:28:19,Q3,85610000.0,70840000.0,14770000.0,0.17252657399836469,0.0,8878000.0,11538000.0,0.0,42304000.0,113144000.0,8145000.0,8111000.0,-19423000.0,-0.22687770120313047,-27534000.0,-0.32162130592220534,932000.0,-34737000.0,-0.4057586730522135,-4691000.0,-33167000.0,-0.38741969396098586,-1.15839,-1.15839,28632000.0,28632000.0,https://www.sec.gov/Archives/edgar/data/1579252/000157925219000142/jasn-20190927.htm,https://www.sec.gov/Archives/edgar/data/1579252/000157925219000142/jasn-20190927.htm,1620593866,16:57:46,20210509
3,2019-06-28,JASN,USD,2019-08-12,2019-08-12 16:29:51,Q2,211044000.0,168378000.0,42666000.0,0.20216637288906578,0.0,16883000.0,26400000.0,0.0,45805000.00000001,214183000.0,8362000.0,11311000.0,8172000.0,0.03872178313527037,-3139000.0,-0.014873675631621841,-321000.0,-19896000.0,-0.09427417979189173,-733000.0,-20172000.0,-0.09558196395064536,-0.70804,-0.70804,28490000.0,28490000.0,https://www.sec.gov/Archives/edgar/data/1579252/000157925219000122/jasonindustriesq2201910q.htm,https://www.sec.gov/Archives/edgar/data/1579252/000157925219000122/jasonindustriesq2201910q.htm,1620593866,16:57:46,20210509
4,2019-03-29,JASN,USD,2019-05-13,2019-05-13 16:38:01,Q1,141978000.0,113398000.0,28580000.0,0.20129879277071094,0.0,0.0,25221000.0,0.0,26801999.999999993,140200000.0,8231000.0,9361000.0,11139000.0,0.0784558170984237,1778000.0,0.012523066954035132,24000.0,-6345000.0,-0.04469002239783629,711000.0,-7056000.0,-0.04969784051050163,-0.25234,-0.25234,27962000.0,27962000.0,https://www.sec.gov/Archives/edgar/data/1579252/000157925219000028/jasonindustries1231201810k.htm,https://www.sec.gov/Archives/edgar/data/1579252/000157925219000028/jasonindustries1231201810k.htm,1620593866,16:57:46,20210509
5,2018-12-31,JASN,USD,2019-03-05,2019-03-05 16:32:03,Q4,131975000.0,106966000.0,25009000.0,0.18949801098692934,0.0,25544000.0,0.0,48000.0,25544000.0,132510000.0,8659000.0,10947000.0,10412000.0,0.07889372987308202,-535000.0,-0.004053798067815874,258000.0,-8936000.0,-0.06770979352150028,3463000.0,-12399000.0,-0.09394961166887668,-0.48,-0.48,27683000.0,27683000.0,https://www.sec.gov/Archives/edgar/data/1579252/000157925219000028/jasonindustries1231201810k.htm,https://www.sec.gov/Archives/edgar/data/1579252/000157925219000028/jasonindustries1231201810k.htm,1620593866,16:57:46,20210509
6,2018-09-28,JASN,USD,2018-11-01,2018-11-01 08:23:59,Q3,107000000.0,84600000.0,22500000.0,0.2102803738317757,0.0,-4314000.0,24514000.0,0.0,20300000.00000001,104900000.00000001,8348000.0,9810000.000000002,11910000.000000002,0.11130841121495329,2100000.0,0.019626168224299065,100000.0,-5700000.0,-0.05327102803738318,-1400000.0,-4500000.0,-0.04205607476635514,-0.16245,-0.16245,27700000.0,27700000.0,https://www.sec.gov/Archives/edgar/data/1579252/000157925218000096/jasonindustriesq3201810q.htm,https://www.sec.gov/Archives/edgar/data/1579252/000157925218000096/jasonindustriesq3201810q.htm,1620593866,16:57:46,20210509
7,2018-06-29,JASN,USD,2018-08-02,2018-08-02 16:38:03,Q2,81200000.0,59400000.0,21800000.0,0.2684729064039409,0.0,-8888000.0,28888000.0,0.0,20300000.000000004,79700000.0,8403000.0,11040000.0,12540000.0,0.15443349753694582,1500000.0,0.01847290640394089,500000.0,-6000000.0,-0.07389162561576355,-1400000.0,-400000.0,-0.0049261083743842365,-0.01418,-0.01418,28200000.0,28200000.0,https://www.sec.gov/Archives/edgar/data/1579252/000157925218000087/jasonindustriesq2201810q.htm,https://www.sec.gov/Archives/edgar/data/1579252/000157925218000087/jasonindustriesq2201810q.htm,1620593866,16:57:46,20210509
8,2018-03-30,JASN,USD,2018-05-03,2018-05-03 16:34:04,Q1,167300000.0,131600000.0,35700000.0,0.21338912133891214,0.0,-24000.0,27524000.0,0.0,28300000.00000001,159900000.0,8027000.0,10809999.999999998,18110000.0,0.1082486551105798,7300000.0,0.04363419007770472,100000.0,-500000.0,-0.002988643156007173,100000.0,-600000.0,-0.0035863717872086074,-0.02198,-0.02198,27300000.0,27300000.0,https://www.sec.gov/Archives/edgar/data/1579252/000157925218000016/jasonindustries1231201710k.htm,https://www.sec.gov/Archives/edgar/data/1579252/000157925218000016/jasonindustries1231201710k.htm,1620593866,16:57:46,20210509
9,2017-12-31,JASN,USD,2018-03-01,2018-03-01 16:23:41,Q4,145516000.0,116890000.0,28626000.0,0.19672063553148794,0.0,25787000.0,0.0,0.0,25787000.0,142677000.0,8125000.0,9695000.0,12534000.0,0.0861348580224855,2839000.0,0.019509882074823386,-1302000.0,-6588000.0,-0.04527337200032986,-8946000.0,2358000.0,0.016204403639462326,0.08981146448295563,0.0880343475826022,26255000.0,26785000.0,https://www.sec.gov/Archives/edgar/data/1579252/000157925218000016/jasonindustries1231201710k.htm,https://www.sec.gov/Archives/edgar/data/1579252/000157925218000016/jasonindustries1231201710k.htm,1620593866,16:57:46,20210509
10,2017-09-29,JASN,USD,2017-11-08,2017-11-08 17:02:38,Q3,155400000.0,123500000.0,32000000.0,0.2059202059202059,0.0,30000.0,26170000.0,0.0,26400000.000000007,149900000.0,8203000.0,9750000.0,15250000.0,0.09813384813384814,5500000.0,0.035392535392535396,100000.0,-3200000.0,-0.02059202059202059,-1600000.0,-1600000.0,-0.010296010296010296,-0.06107,-0.06107,26200000.0,26200000.0,https://www.sec.gov/Archives/edgar/data/1579252/000157925217000079/jasonindustriesq3201710q.htm,https://www.sec.gov/Archives/edgar/data/1579252/000157925217000079/jasonindustriesq3201710q.htm,1620593866,16:57:46,20210509
11,2017-06-30,JASN,USD,2017-08-03,2017-08-03 16:12:26,Q2,172477000.0,136758000.0,35719000.0,0.20709427923723164,0.0,25242000.0,0.0,0.0,25242000.0,162000000.0,8395000.0,9412000.0,19889000.0,0.11531392591475965,10477000.0,0.0607443311282084,-5363000.0,-3281000.0,-0.019022826231903385,200000.0,-3481000.0,-0.020182401131745104,-0.17,-0.17,26042000.0,26042000.0,https://www.sec.gov/Archives/edgar/data/1579252/000157925217000058/jasonindustriesq2201710q.htm,https://www.sec.gov/Archives/edgar/data/1579252/000157925217000058/jasonindustriesq2201710q.htm,1620593866,16:57:46,20210509
12,2017-03-31,JASN,USD,2017-05-04,2017-05-04 16:32:29,Q1,175193000.0,140429000.0,34764000.0,0.19843258577682898,0.0,26656000.0,0.0,0.0,26656000.0,167085000.0,8366000.0,9848000.0,17956000.0,0.1024926795020349,8108000.0,0.04628038791504227,-95000.0,-353000.0,-0.00201492068747039,28000.0,-386000.0,-0.002203284377800483,-0.05,-0.05,25784000.0,25784000.0,https://www.sec.gov/Archives/edgar/data/1579252/000157925217000018/jasonindustries1231201610k.htm,https://www.sec.gov/Archives/edgar/data/1579252/000157925217000018/jasonindustries1231201610k.htm,1620593866,16:57:46,20210509
13,2016-12-31,JASN,USD,2017-03-02,2017-03-02 16:55:56,Q4,158750000.0,133174000.0,25576000.0,0.16110866141732283,0.0,27282000.0,0.0,0.0,27282000.0,160456000.0,7950000.0,10972000.0,9266000.0,0.058368503937007876,-1706000.0,-0.010746456692913386,-65098000.0,-74754000.0,-0.4708913385826772,-4895000.0,-60366000.0,-0.3802582677165354,-2.69,-2.69,22758000.0,22758000.0,https://www.sec.gov/Archives/edgar/data/1579252/000157925217000018/jasonindustries1231201610k.htm,https://www.sec.gov/Archives/edgar/data/1579252/000157925217000018/jasonindustries1231201610k.htm,1620593866,16:57:46,20210509
14,2016-09-30,JASN,USD,2016-11-04,2016-11-04 16:06:28,Q3,170108000.0,139129000.0,30979000.0,0.1821137159921932,0.0,25941000.0,0.0,0.0,25941000.0,165070000.0,7906000.0,10937000.0,15975000.0,0.09391092717567663,5038000.0,0.029616478942789286,-241000.0,-3109000.0,-0.018276624262233403,-657000.0,-2037000.0,-0.011974745455828063,-0.13,-0.13,22499000.0,22499000.0,https://www.sec.gov/Archives/edgar/data/1579252/000157925216000224/jasonindustriesq3201610q.htm,https://www.sec.gov/Archives/edgar/data/1579252/000157925216000224/jasonindustriesq3201610q.htm,1620593866,16:57:46,20210509
15,2016-07-01,JASN,USD,2016-08-04,2016-08-04 16:16:57,Q2,185700000.0,148700000.0,36900000.0,0.1987075928917609,0.0,27000.0,28273000.0,0.0,30100000.000000022,178800000.00000003,7963000.0,11340000.000000002,18240000.0,0.09822294022617124,6900000.0,0.03715670436187399,300000.0,-600000.0,-0.0032310177705977385,1900000.0,-2100000.0,-0.011308562197092083,-0.09211,-0.09211,22800000.0,22800000.0,https://www.sec.gov/Archives/edgar/data/1579252/000157925216000208/jasonindustriesq2201610q.htm,https://www.sec.gov/Archives/edgar/data/1579252/000157925216000208/jasonindustriesq2201610q.htm,1620593866,16:57:46,20210509
16,2016-04-01,JASN,USD,2016-05-10,2016-05-09 18:40:15,Q1,191000000.0,153100000.0,37900000.0,0.19842931937172775,0.0,-1000.0,32301000.0,0.0,35700000.00000002,188800000.00000003,8024000.0,10300000.0,12500000.0,0.06544502617801047,2200000.0,0.011518324607329843,100000.0,-5600000.0,-0.02931937172774869,-2600000.0,-2500000.0,-0.013089005235602094,-0.11161,-0.11161,22400000.0,22400000.0,https://www.sec.gov/Archives/edgar/data/1579252/000157925216000155/jasonindustries1231201510k.htm,https://www.sec.gov/Archives/edgar/data/1579252/000157925216000155/jasonindustries1231201510k.htm,1620593866,16:57:46,20210509
17,2015-12-31,JASN,USD,2016-03-08,2016-03-08 17:27:07,Q4,173778000.0,142500000.0,31278000.0,0.17998826088457687,0.0,33653000.0,0.0,0.0,33653000.0,176153000.0,8415000.0,11670000.0,9295000.0,0.053487783263704264,-2375000.0,-0.013666862318590385,-94214000.0,-105004000.0,-0.6042421940636905,-20338000.0,-70357000.0,-0.40486712932592156,-3.2,-3.2,22289000.0,22289000.0,https://www.sec.gov/Archives/edgar/data/1579252/000157925216000155/jasonindustries1231201510k.htm,https://www.sec.gov/Archives/edgar/data/1579252/000157925216000155/jasonindustries1231201510k.htm,1620593866,16:57:46,20210509
18,2015-09-25,JASN,USD,2015-10-30,2015-10-30 16:18:50,Q3,171200000.0,135700000.0,35400000.0,0.20677570093457945,0.0,-4000.0,31704000.0,0.0,32700000.00000002,168400000.00000003,7996000.0,11690000.0,14490000.0,0.08463785046728972,2800000.0,0.016355140186915886,0.0,-5000000.0,-0.029205607476635514,-1800000.0,-2600000.0,-0.015186915887850467,-0.11712,-0.11712,22200000.0,22200000.0,https://www.sec.gov/Archives/edgar/data/1579252/000157925215000114/jasonindustriesq3201510q.htm,https://www.sec.gov/Archives/edgar/data/1579252/000157925215000114/jasonindustriesq3201510q.htm,1620593866,16:57:46,20210509
19,2015-06-26,JASN,USD,2015-08-03,2015-08-03 16:15:10,Q2,187600000.0,146000000.0,41600000.0,0.22174840085287847,0.0,-21000.0,32521000.0,0.0,34199999.99999999,180200000.0,7918000.0,11480000.0,18880000.0,0.10063965884861407,7400000.0,0.039445628997867806,100000.0,-200000.0,-0.0010660980810234541,600000.0,-700000.0,-0.0037313432835820895,-0.03182,-0.03182,22000000.0,22000000.0,https://www.sec.gov/Archives/edgar/data/1579252/000157925215000075/jasonindustriesq2201510q.htm,https://www.sec.gov/Archives/edgar/data/1579252/000157925215000075/jasonindustriesq2201510q.htm,1620593866,16:57:46,20210509
20,2015-03-27,JASN,USD,2015-05-05,2015-05-05 16:40:59,Q1,175800000.0,136900000.0,38900000.0,0.22127417519908987,0.0,7000.0,31493000.0,0.0,33400000.000000007,170300000.0,7506000.0,10410000.0,15910000.0,0.09050056882821388,5500000.0,0.03128555176336746,0.0,-1600000.0,-0.009101251422070534,-700000.0,-700000.0,-0.003981797497155859,-0.03182,-0.03182,22000000.0,22000000.0,https://www.sec.gov/Archives/edgar/data/1579252/000157925215000010/jasonindustries1231201410k.htm,https://www.sec.gov/Archives/edgar/data/1579252/000157925215000010/jasonindustries1231201410k.htm,1620593866,16:57:46,20210509
21,2014-12-31,JASN,USD,2015-03-11,2015-03-11 16:37:16,Q4,164167000.0,132913000.0,31254000.0,0.19037930887449975,0.0,25698000.0,0.0,0.0,25698000.0,158611000.0,8363000.0,9998000.0,15554000.0,0.09474498528936998,5556000.0,0.0338435861043937,-3297000.0,-6104000.0,-0.037181650392588035,-1913000.0,-3483000.0,-0.021216200576242485,-0.2,-0.2,21991000.0,21991000.0,https://www.sec.gov/Archives/edgar/data/1579252/000157925215000010/jasonindustries1231201410k.htm,https://www.sec.gov/Archives/edgar/data/1579252/000157925215000010/jasonindustries1231201410k.htm,1620593866,16:57:46,20210509
22,2014-09-26,JASN,USD,2014-11-07,2014-11-07 17:19:56,Q3,161200000.0,138500000.0,22700000.0,0.14081885856079404,0.0,-50181000.0,80081000.0,178000.0,54300000.00000001,192800000.0,-7700000.0,10370000.0,-21330000.0,-0.13232009925558313,-31700000.0,-0.1966501240694789,100000.0,-39300000.0,-0.24379652605459057,-11600000.0,-26100000.0,-0.1619106699751861,-1.18636,-1.18636,22000000.0,22000000.0,https://www.sec.gov/Archives/edgar/data/1579252/000157925214000011/jasonindustries09262014q3.htm,https://www.sec.gov/Archives/edgar/data/1579252/000157925214000011/jasonindustries09262014q3.htm,1620593866,16:57:46,20210509
23,2014-06-27,JASN,USD,2014-08-11,2014-08-11 17:05:38,Q2,190600000.0,149000000.0,41600000.0,0.21825813221406087,0.0,27300000.0,0.0,0.0,32599999.999999993,181600000.0,-3200000.0,12860000.000000002,21860000.0,0.11469045120671563,9000000.0,0.0472193074501574,0.0,5800000.0,0.030430220356768102,600000.0,5200000.0,0.02728226652675761,1.0,1.0,5200000.0,5200000.0,https://www.sec.gov/Archives/edgar/data/1579252/000121390014005623/f10q0614_jasonindustries.htm,https://www.sec.gov/Archives/edgar/data/1579252/000121390014005623/f10q0614_jasonindustries.htm,1620593866,16:57:46,20210509
24,2014-03-31,JASN,USD,2014-05-15,2014-05-15 16:50:47,Q1,0.0,0.0,0.0,0.0,0.0,3545867.0,0.0,0.0,3545867.0,3545867.0,0.0,0.0,-3545867.0,0.0,-3545867.0,0.0,0.0,-3531501.0,0.0,0.0,-3531501.0,0.0,-0.43,-0.43,8267875.0,8267875.0,https://www.sec.gov/Archives/edgar/data/1579252/000121390014001330/f10k2013_quinparioacq.htm,https://www.sec.gov/Archives/edgar/data/1579252/000121390014001330/f10k2013_quinparioacq.htm,1620593866,16:57:46,20210509
25,2013-12-31,JASN,USD,2014-03-07,2014-03-07 16:34:15,Q4,165113000.0,131779000.0,33334000.0,0.201885981115963,0.0,27793000.0,0.0,0.0,27793000.0,159572000.0,3879000.0,7169000.0,12710000.0,0.07697758504781574,5541000.0,0.033558835464197245,-2009000.0,-347000.0,-0.002101591031596543,2372000.0,-2719000.0,-0.016467510129426512,-0.32886322059779566,-0.32886322059779566,8267875.0,8267875.0,https://www.sec.gov/Archives/edgar/data/1579252/000121390014001330/f10k2013_quinparioacq.htm,https://www.sec.gov/Archives/edgar/data/1579252/000121390014001330/f10k2013_quinparioacq.htm,1620593866,16:57:46,20210509
26,2013-09-30,JASN,USD,2013-11-12,2013-11-12 16:31:11,Q3,0.0,0.0,0.0,0.0,0.0,202840.0,0.0,0.0,202840.0,202840.0,0.0,0.0,-202840.0,0.0,-202840.0,0.0,0.0,-196641.0,0.0,0.0,-196641.0,0.0,-0.03,-0.03,7262075.0,7262075.0,https://www.sec.gov/Archives/edgar/data/1579252/000121390013006257/f10q0913_quinpario.htm,https://www.sec.gov/Archives/edgar/data/1579252/000121390013006257/f10q0913_quinpario.htm,1620593866,16:57:46,20210509
