,date,symbol,reportedCurrency,fillingDate,acceptedDate,period,revenue,costOfRevenue,grossProfit,grossProfitRatio,researchAndDevelopmentExpenses,generalAndAdministrativeExpenses,sellingAndMarketingExpenses,otherExpenses,operatingExpenses,costAndExpenses,interestExpense,depreciationAndAmortization,ebitda,ebitdaratio,operatingIncome,operatingIncomeRatio,totalOtherIncomeExpensesNet,incomeBeforeTax,incomeBeforeTaxRatio,incomeTaxExpense,netIncome,netIncomeRatio,eps,epsdiluted,weightedAverageShsOut,weightedAverageShsOutDil,link,finalLink,timestamp,est_time,est_date
0,2019-06-30,MRN.PA,EUR,2019-06-30,2019-06-30,Q2,237550000,162500000,75050000,0.3159334876868028,0.0,28700000.0,20000000,0.0,500000.0,212025000,2850000.0,325000.0,25850000,0.10881919595874552,25525000.0,0.10745106293411913,0.0,19425000.0,0.08177225847190066,4475000.0,14325000.0,0.06030309408545569,0.69,0.67,20727550,21358871,https://www.infogreffe.com/recherche-entreprise-dirigeants/resultats-entreprise-dirigeants.html?ga_cat=globale&ga_q=M.R.N#phrase=M.R.N,https://www.infogreffe.com/recherche-entreprise-dirigeants/resultats-entreprise-dirigeants.html?ga_cat=globale&ga_q=M.R.N#phrase=M.R.N,1620595300,17:21:40,20210509
1,2019-03-31,MRN.PA,EUR,2019-03-31,2019-03-31,Q1,237550000,162500000,75050000,0.3159334876868028,0.0,28700000.0,20000000,0.0,500000.0,212025000,2850000.0,325000.0,25850000,0.10881919595874552,25525000.0,0.10745106293411913,0.0,19425000.0,0.08177225847190066,4475000.0,14325000.0,0.06030309408545569,0.69,0.67,20727550,21358871,https://www.infogreffe.com/recherche-entreprise-dirigeants/resultats-entreprise-dirigeants.html?ga_cat=globale&ga_q=M.R.N#phrase=M.R.N,https://www.infogreffe.com/recherche-entreprise-dirigeants/resultats-entreprise-dirigeants.html?ga_cat=globale&ga_q=M.R.N#phrase=M.R.N,1620595300,17:21:40,20210509
2,2019-01-31,MRN.PA,EUR,2019-01-31,2019-01-31,Q1,237550000,162500000,75050000,0.3159334876868028,0.0,28700000.0,20000000,0.0,500000.0,212025000,2850000.0,325000.0,25850000,0.10881919595874552,25525000.0,0.10745106293411913,0.0,19425000.0,0.08177225847190066,4475000.0,14325000.0,0.06030309408545569,0.69,0.67,20727550,21358871,https://www.infogreffe.com/recherche-entreprise-dirigeants/resultats-entreprise-dirigeants.html?ga_cat=globale&ga_q=M.R.N#phrase=M.R.N,https://www.infogreffe.com/recherche-entreprise-dirigeants/resultats-entreprise-dirigeants.html?ga_cat=globale&ga_q=M.R.N#phrase=M.R.N,1620595300,17:21:40,20210509
3,2018-06-30,MRN.PA,EUR,2018-06-30,2018-06-30,Q2,219625000,148350000,71275000,0.32453044963005123,0.0,27550000.0,19500000,0.0,1025000.0,196725000,1925000.0,300000.0,23200000,0.10563460443938531,22900000.0,0.10426863972680706,0.0,19375000.0,0.08821855435401252,4575000.0,14125000.0,0.064314171883893,0.6875,0.665,20536284,21227620,https://www.infogreffe.com/recherche-entreprise-dirigeants/resultats-entreprise-dirigeants.html?ga_cat=globale&ga_q=M.R.N#phrase=M.R.N,https://www.infogreffe.com/recherche-entreprise-dirigeants/resultats-entreprise-dirigeants.html?ga_cat=globale&ga_q=M.R.N#phrase=M.R.N,1620595300,17:21:40,20210509
4,2018-03-31,MRN.PA,EUR,2018-03-31,2018-03-31,Q1,219625000,148350000,71275000,0.32453044963005123,0.0,27550000.0,19500000,0.0,1025000.0,196725000,1925000.0,300000.0,23200000,0.10563460443938531,22900000.0,0.10426863972680706,0.0,19375000.0,0.08821855435401252,4575000.0,14125000.0,0.064314171883893,0.6875,0.665,20536284,21227620,https://www.infogreffe.com/recherche-entreprise-dirigeants/resultats-entreprise-dirigeants.html?ga_cat=globale&ga_q=M.R.N#phrase=M.R.N,https://www.infogreffe.com/recherche-entreprise-dirigeants/resultats-entreprise-dirigeants.html?ga_cat=globale&ga_q=M.R.N#phrase=M.R.N,1620595300,17:21:40,20210509
5,2018-01-31,MRN.PA,EUR,2018-01-31,2018-01-31,Q1,219625000,148350000,71275000,0.32453044963005123,0.0,27550000.0,19500000,0.0,1025000.0,196725000,1925000.0,300000.0,23200000,0.10563460443938531,22900000.0,0.10426863972680706,0.0,19375000.0,0.08821855435401252,4575000.0,14125000.0,0.064314171883893,0.6875,0.665,20536284,21227620,https://www.infogreffe.com/recherche-entreprise-dirigeants/resultats-entreprise-dirigeants.html?ga_cat=globale&ga_q=M.R.N#phrase=M.R.N,https://www.infogreffe.com/recherche-entreprise-dirigeants/resultats-entreprise-dirigeants.html?ga_cat=globale&ga_q=M.R.N#phrase=M.R.N,1620595300,17:21:40,20210509
6,2017-06-30,MRN.PA,EUR,2017-06-30,2017-06-30,Q2,202300000,138300000,64000000,0.31636183885318836,0.0,25150000.0,19300000,0.0,600000.0,183650000,2250000.0,300000.0,18950000,0.09367276322293623,18650000.0,0.09218981710331191,0.0,13575000.0,0.0671033119130005,3775000.0,9400000.0,0.046465645081562035,0.4575,0.44,20612368,21346759,https://www.infogreffe.com/recherche-entreprise-dirigeants/resultats-entreprise-dirigeants.html?ga_cat=globale&ga_q=M.R.N#phrase=M.R.N,https://www.infogreffe.com/recherche-entreprise-dirigeants/resultats-entreprise-dirigeants.html?ga_cat=globale&ga_q=M.R.N#phrase=M.R.N,1620595300,17:21:40,20210509
7,2017-03-31,MRN.PA,EUR,2017-03-31,2017-03-31,Q1,202300000,138300000,64000000,0.31636183885318836,0.0,25150000.0,19300000,0.0,600000.0,183650000,2250000.0,300000.0,18950000,0.09367276322293623,18650000.0,0.09218981710331191,0.0,13575000.0,0.0671033119130005,3775000.0,9400000.0,0.046465645081562035,0.4575,0.44,20612368,21346759,https://www.infogreffe.com/recherche-entreprise-dirigeants/resultats-entreprise-dirigeants.html?ga_cat=globale&ga_q=M.R.N#phrase=M.R.N,https://www.infogreffe.com/recherche-entreprise-dirigeants/resultats-entreprise-dirigeants.html?ga_cat=globale&ga_q=M.R.N#phrase=M.R.N,1620595300,17:21:40,20210509
8,2017-01-31,MRN.PA,EUR,2017-01-31,2017-01-31,Q1,202300000,138300000,64000000,0.31636183885318836,0.0,25150000.0,19300000,0.0,600000.0,183650000,2250000.0,300000.0,18950000,0.09367276322293623,18650000.0,0.09218981710331191,0.0,13575000.0,0.0671033119130005,3775000.0,9400000.0,0.046465645081562035,0.4575,0.44,20612368,21346759,https://www.infogreffe.com/recherche-entreprise-dirigeants/resultats-entreprise-dirigeants.html?ga_cat=globale&ga_q=M.R.N#phrase=M.R.N,https://www.infogreffe.com/recherche-entreprise-dirigeants/resultats-entreprise-dirigeants.html?ga_cat=globale&ga_q=M.R.N#phrase=M.R.N,1620595300,17:21:40,20210509
9,2016-06-30,MRN.PA,EUR,2016-06-30,2016-06-30,Q2,190900000,132750000,58150000,0.3046097433211105,0.0,23775000.0,18825000,0.0,575000.0,176225000,2450000.0,300000.0,14975000,0.0784442116291252,14675000.0,0.07687270822420116,0.0,5300000.0,0.02776322682032478,2975000.0,450000.0,0.002357255107386066,0.0225,0.02,20428364,21323011,https://www.infogreffe.com/recherche-entreprise-dirigeants/resultats-entreprise-dirigeants.html?ga_cat=globale&ga_q=M.R.N#phrase=M.R.N,https://www.infogreffe.com/recherche-entreprise-dirigeants/resultats-entreprise-dirigeants.html?ga_cat=globale&ga_q=M.R.N#phrase=M.R.N,1620595300,17:21:40,20210509
10,2016-03-31,MRN.PA,EUR,2016-03-31,2016-03-31,Q1,190900000,132750000,58150000,0.3046097433211105,0.0,23775000.0,18825000,0.0,575000.0,176225000,2450000.0,300000.0,14975000,0.0784442116291252,14675000.0,0.07687270822420116,0.0,5300000.0,0.02776322682032478,2975000.0,450000.0,0.002357255107386066,0.0225,0.02,20428364,21323011,https://www.infogreffe.com/recherche-entreprise-dirigeants/resultats-entreprise-dirigeants.html?ga_cat=globale&ga_q=M.R.N#phrase=M.R.N,https://www.infogreffe.com/recherche-entreprise-dirigeants/resultats-entreprise-dirigeants.html?ga_cat=globale&ga_q=M.R.N#phrase=M.R.N,1620595300,17:21:40,20210509
11,2016-01-31,MRN.PA,EUR,2016-01-31,2016-01-31,Q1,190900000,132750000,58150000,0.3046097433211105,0.0,23775000.0,18825000,0.0,575000.0,176225000,2450000.0,300000.0,14975000,0.0784442116291252,14675000.0,0.07687270822420116,0.0,5300000.0,0.02776322682032478,2975000.0,450000.0,0.002357255107386066,0.0225,0.02,20428364,21323011,https://www.infogreffe.com/recherche-entreprise-dirigeants/resultats-entreprise-dirigeants.html?ga_cat=globale&ga_q=M.R.N#phrase=M.R.N,https://www.infogreffe.com/recherche-entreprise-dirigeants/resultats-entreprise-dirigeants.html?ga_cat=globale&ga_q=M.R.N#phrase=M.R.N,1620595300,17:21:40,20210509
12,2015-09-30,MRN.PA,EUR,2015-09-30,2015-09-30,Q3,193050000,135125000,57925000,0.30005180005180004,0.0,24125000.0,18675000,0.0,600000.0,178800000,2325000.0,275000.0,14525000,0.07523957523957524,14250000.0,0.07381507381507381,0.0,6350000.0,0.03289303289303289,4775000.0,325000.0,0.0016835016835016834,0.0175,0.015,20529504,21297719,https://www.infogreffe.com/recherche-entreprise-dirigeants/resultats-entreprise-dirigeants.html?ga_cat=globale&ga_q=M.R.N#phrase=M.R.N,https://www.infogreffe.com/recherche-entreprise-dirigeants/resultats-entreprise-dirigeants.html?ga_cat=globale&ga_q=M.R.N#phrase=M.R.N,1620595300,17:21:40,20210509
13,2015-06-30,MRN.PA,EUR,2015-06-30,2015-06-30,Q2,193050000,135125000,57925000,0.30005180005180004,0.0,24125000.0,18675000,0.0,600000.0,178800000,2325000.0,275000.0,14525000,0.07523957523957524,14250000.0,0.07381507381507381,0.0,6350000.0,0.03289303289303289,4775000.0,325000.0,0.0016835016835016834,0.0175,0.015,20529504,21297719,https://www.infogreffe.com/recherche-entreprise-dirigeants/resultats-entreprise-dirigeants.html?ga_cat=globale&ga_q=M.R.N#phrase=M.R.N,https://www.infogreffe.com/recherche-entreprise-dirigeants/resultats-entreprise-dirigeants.html?ga_cat=globale&ga_q=M.R.N#phrase=M.R.N,1620595300,17:21:40,20210509
14,2015-03-31,MRN.PA,EUR,2015-03-31,2015-03-31,Q1,193050000,135125000,57925000,0.30005180005180004,0.0,24125000.0,18675000,0.0,600000.0,178800000,2325000.0,275000.0,14525000,0.07523957523957524,14250000.0,0.07381507381507381,0.0,6350000.0,0.03289303289303289,4775000.0,325000.0,0.0016835016835016834,0.0175,0.015,20529504,21297719,https://www.infogreffe.com/recherche-entreprise-dirigeants/resultats-entreprise-dirigeants.html?ga_cat=globale&ga_q=M.R.N#phrase=M.R.N,https://www.infogreffe.com/recherche-entreprise-dirigeants/resultats-entreprise-dirigeants.html?ga_cat=globale&ga_q=M.R.N#phrase=M.R.N,1620595300,17:21:40,20210509
15,2015-01-31,MRN.PA,EUR,2015-01-31,2015-01-31,Q1,193050000,135125000,57925000,0.30005180005180004,0.0,24125000.0,18675000,0.0,600000.0,178800000,2325000.0,275000.0,14525000,0.07523957523957524,14250000.0,0.07381507381507381,0.0,6350000.0,0.03289303289303289,4775000.0,325000.0,0.0016835016835016834,0.0175,0.015,20529504,21297719,https://www.infogreffe.com/recherche-entreprise-dirigeants/resultats-entreprise-dirigeants.html?ga_cat=globale&ga_q=M.R.N#phrase=M.R.N,https://www.infogreffe.com/recherche-entreprise-dirigeants/resultats-entreprise-dirigeants.html?ga_cat=globale&ga_q=M.R.N#phrase=M.R.N,1620595300,17:21:40,20210509
16,2014-09-30,MRN.PA,EUR,2014-09-30,2014-09-30,Q3,182725000,127125000,55600000,0.30428239157203446,0.0,22325000.0,17825000,0.0,525000.0,168050000,2275000.0,250000.0,14925000,0.08168012039950745,14675000.0,0.08031194417841019,0.0,2950000.0,0.016144479408947872,2275000.0,525000.0,0.0028731700643042824,0.025585033466929443,0.02467443609043759,20519809,21277082,https://www.infogreffe.com/recherche-entreprise-dirigeants/resultats-entreprise-dirigeants.html?ga_cat=globale&ga_q=M.R.N#phrase=M.R.N,https://www.infogreffe.com/recherche-entreprise-dirigeants/resultats-entreprise-dirigeants.html?ga_cat=globale&ga_q=M.R.N#phrase=M.R.N,1620595300,17:21:40,20210509
17,2014-06-30,MRN.PA,EUR,2014-06-30,2014-06-30,Q2,182725000,127125000,55600000,0.30428239157203446,0.0,22325000.0,17825000,0.0,525000.0,168050000,2275000.0,250000.0,14925000,0.08168012039950745,14675000.0,0.08031194417841019,0.0,2950000.0,0.016144479408947872,2275000.0,525000.0,0.0028731700643042824,0.025585033466929443,0.02467443609043759,20519809,21277082,https://www.infogreffe.com/recherche-entreprise-dirigeants/resultats-entreprise-dirigeants.html?ga_cat=globale&ga_q=M.R.N#phrase=M.R.N,https://www.infogreffe.com/recherche-entreprise-dirigeants/resultats-entreprise-dirigeants.html?ga_cat=globale&ga_q=M.R.N#phrase=M.R.N,1620595300,17:21:40,20210509
18,2014-03-31,MRN.PA,EUR,2014-03-31,2014-03-31,Q1,182725000,127125000,55600000,0.30428239157203446,0.0,22325000.0,17825000,0.0,525000.0,168050000,2275000.0,250000.0,14925000,0.08168012039950745,14675000.0,0.08031194417841019,0.0,2950000.0,0.016144479408947872,2275000.0,525000.0,0.0028731700643042824,0.025585033466929443,0.02467443609043759,20519809,21277082,https://www.infogreffe.com/recherche-entreprise-dirigeants/resultats-entreprise-dirigeants.html?ga_cat=globale&ga_q=M.R.N#phrase=M.R.N,https://www.infogreffe.com/recherche-entreprise-dirigeants/resultats-entreprise-dirigeants.html?ga_cat=globale&ga_q=M.R.N#phrase=M.R.N,1620595300,17:21:40,20210509
19,2014-01-31,MRN.PA,EUR,2014-01-31,2014-01-31,Q1,182725000,127125000,55600000,0.30428239157203446,0.0,22325000.0,17825000,0.0,525000.0,168050000,2275000.0,250000.0,14925000,0.08168012039950745,14675000.0,0.08031194417841019,0.0,2950000.0,0.016144479408947872,2275000.0,525000.0,0.0028731700643042824,0.025585033466929443,0.02467443609043759,20519809,21277082,https://www.infogreffe.com/recherche-entreprise-dirigeants/resultats-entreprise-dirigeants.html?ga_cat=globale&ga_q=M.R.N#phrase=M.R.N,https://www.infogreffe.com/recherche-entreprise-dirigeants/resultats-entreprise-dirigeants.html?ga_cat=globale&ga_q=M.R.N#phrase=M.R.N,1620595300,17:21:40,20210509
20,2013-09-30,MRN.PA,EUR,2013-09-30,2013-09-30,Q3,184700000,131350000,53350000,0.28884677855982677,0.0,20300000.0,18175000,0.0,-75000.0,170050000,2550000.0,300000.0,14950000,0.08094206821873308,14650000.0,0.07931781266919329,0.0,-425000.0,-0.0023010286951813752,5775000.0,-7300000.0,-0.03952355170546833,-0.35695372755042215,-0.3461588342698194,20450830,21088585,https://www.infogreffe.com/recherche-entreprise-dirigeants/resultats-entreprise-dirigeants.html?ga_cat=globale&ga_q=M.R.N#phrase=M.R.N,https://www.infogreffe.com/recherche-entreprise-dirigeants/resultats-entreprise-dirigeants.html?ga_cat=globale&ga_q=M.R.N#phrase=M.R.N,1620595300,17:21:40,20210509
21,2013-06-30,MRN.PA,EUR,2013-06-30,2013-06-30,Q2,184700000,131350000,53350000,0.28884677855982677,0.0,20300000.0,18175000,0.0,-75000.0,170050000,2550000.0,300000.0,14950000,0.08094206821873308,14650000.0,0.07931781266919329,0.0,-425000.0,-0.0023010286951813752,5775000.0,-7300000.0,-0.03952355170546833,-0.35695372755042215,-0.3461588342698194,20450830,21088585,https://www.infogreffe.com/recherche-entreprise-dirigeants/resultats-entreprise-dirigeants.html?ga_cat=globale&ga_q=M.R.N#phrase=M.R.N,https://www.infogreffe.com/recherche-entreprise-dirigeants/resultats-entreprise-dirigeants.html?ga_cat=globale&ga_q=M.R.N#phrase=M.R.N,1620595300,17:21:40,20210509
22,2013-03-31,MRN.PA,EUR,2013-03-31,2013-03-31,Q1,184700000,131350000,53350000,0.28884677855982677,0.0,20300000.0,18175000,0.0,-75000.0,170050000,2550000.0,300000.0,14950000,0.08094206821873308,14650000.0,0.07931781266919329,0.0,-425000.0,-0.0023010286951813752,5775000.0,-7300000.0,-0.03952355170546833,-0.35695372755042215,-0.3461588342698194,20450830,21088585,https://www.infogreffe.com/recherche-entreprise-dirigeants/resultats-entreprise-dirigeants.html?ga_cat=globale&ga_q=M.R.N#phrase=M.R.N,https://www.infogreffe.com/recherche-entreprise-dirigeants/resultats-entreprise-dirigeants.html?ga_cat=globale&ga_q=M.R.N#phrase=M.R.N,1620595300,17:21:40,20210509
23,2013-01-31,MRN.PA,EUR,2013-01-31,2013-01-31,Q1,184700000,131350000,53350000,0.28884677855982677,0.0,20300000.0,18175000,0.0,-75000.0,170050000,2550000.0,300000.0,14950000,0.08094206821873308,14650000.0,0.07931781266919329,0.0,-425000.0,-0.0023010286951813752,5775000.0,-7300000.0,-0.03952355170546833,-0.35695372755042215,-0.3461588342698194,20450830,21088585,https://www.infogreffe.com/recherche-entreprise-dirigeants/resultats-entreprise-dirigeants.html?ga_cat=globale&ga_q=M.R.N#phrase=M.R.N,https://www.infogreffe.com/recherche-entreprise-dirigeants/resultats-entreprise-dirigeants.html?ga_cat=globale&ga_q=M.R.N#phrase=M.R.N,1620595300,17:21:40,20210509
24,2012-09-30,MRN.PA,EUR,2012-09-30,2012-09-30,Q3,202675000,142150000,60525000,0.29863081287775994,0.0,21625000.0,19175000,0.0,650000.0,183825000,3000000.0,225000.0,19075000,0.09411619588010361,18850000.0,0.09300604415936845,0.0,12775000.0,0.06303194769951893,4275000.0,1400000.0,0.006907610706796596,0.07,0.0675,20268873,21017625,https://www.infogreffe.com/recherche-entreprise-dirigeants/resultats-entreprise-dirigeants.html?ga_cat=globale&ga_q=M.R.N#phrase=M.R.N,https://www.infogreffe.com/recherche-entreprise-dirigeants/resultats-entreprise-dirigeants.html?ga_cat=globale&ga_q=M.R.N#phrase=M.R.N,1620595300,17:21:40,20210509
25,2012-06-30,MRN.PA,EUR,2012-06-30,2012-06-30,Q2,202675000,142150000,60525000,0.29863081287775994,0.0,21625000.0,19175000,0.0,650000.0,183825000,3000000.0,225000.0,19075000,0.09411619588010361,18850000.0,0.09300604415936845,0.0,12775000.0,0.06303194769951893,4275000.0,1400000.0,0.006907610706796596,0.07,0.0675,20268873,21017625,https://www.infogreffe.com/recherche-entreprise-dirigeants/resultats-entreprise-dirigeants.html?ga_cat=globale&ga_q=M.R.N#phrase=M.R.N,https://www.infogreffe.com/recherche-entreprise-dirigeants/resultats-entreprise-dirigeants.html?ga_cat=globale&ga_q=M.R.N#phrase=M.R.N,1620595300,17:21:40,20210509
26,2012-03-31,MRN.PA,EUR,2012-03-31,2012-03-31,Q1,202675000,142150000,60525000,0.29863081287775994,0.0,21625000.0,19175000,0.0,650000.0,183825000,3000000.0,225000.0,19075000,0.09411619588010361,18850000.0,0.09300604415936845,0.0,12775000.0,0.06303194769951893,4275000.0,1400000.0,0.006907610706796596,0.07,0.0675,20268873,21017625,https://www.infogreffe.com/recherche-entreprise-dirigeants/resultats-entreprise-dirigeants.html?ga_cat=globale&ga_q=M.R.N#phrase=M.R.N,https://www.infogreffe.com/recherche-entreprise-dirigeants/resultats-entreprise-dirigeants.html?ga_cat=globale&ga_q=M.R.N#phrase=M.R.N,1620595300,17:21:40,20210509
27,2012-01-31,MRN.PA,EUR,2012-01-31,2012-01-31,Q1,202675000,142150000,60525000,0.29863081287775994,0.0,21625000.0,19175000,0.0,650000.0,183825000,3000000.0,225000.0,19075000,0.09411619588010361,18850000.0,0.09300604415936845,0.0,12775000.0,0.06303194769951893,4275000.0,1400000.0,0.006907610706796596,0.07,0.0675,20268873,21017625,https://www.infogreffe.com/recherche-entreprise-dirigeants/resultats-entreprise-dirigeants.html?ga_cat=globale&ga_q=M.R.N#phrase=M.R.N,https://www.infogreffe.com/recherche-entreprise-dirigeants/resultats-entreprise-dirigeants.html?ga_cat=globale&ga_q=M.R.N#phrase=M.R.N,1620595300,17:21:40,20210509
28,2011-09-30,MRN.PA,EUR,2011-09-30,2011-09-30,Q3,207400000,141300000,66100000,0.31870781099324974,0.0,20100000.0,18950000,0.0,2975000.0,182800000,2550000.0,225000.0,24825000,0.11969623915139826,24600000.0,0.11861137897782063,0.0,22050000.0,0.10631629701060752,7375000.0,14925000.0,0.07196239151398265,0.7075,0.6825,20080554,20816799,https://www.infogreffe.com/recherche-entreprise-dirigeants/resultats-entreprise-dirigeants.html?ga_cat=globale&ga_q=M.R.N#phrase=M.R.N,https://www.infogreffe.com/recherche-entreprise-dirigeants/resultats-entreprise-dirigeants.html?ga_cat=globale&ga_q=M.R.N#phrase=M.R.N,1620595300,17:21:40,20210509
29,2011-06-30,MRN.PA,EUR,2011-06-30,2011-06-30,Q2,207400000,141300000,66100000,0.31870781099324974,0.0,20100000.0,18950000,0.0,2975000.0,182800000,2550000.0,225000.0,24825000,0.11969623915139826,24600000.0,0.11861137897782063,0.0,22050000.0,0.10631629701060752,7375000.0,14925000.0,0.07196239151398265,0.7075,0.6825,20080554,20816799,https://www.infogreffe.com/recherche-entreprise-dirigeants/resultats-entreprise-dirigeants.html?ga_cat=globale&ga_q=M.R.N#phrase=M.R.N,https://www.infogreffe.com/recherche-entreprise-dirigeants/resultats-entreprise-dirigeants.html?ga_cat=globale&ga_q=M.R.N#phrase=M.R.N,1620595300,17:21:40,20210509
30,2011-03-31,MRN.PA,EUR,2011-03-31,2011-03-31,Q1,207400000,141300000,66100000,0.31870781099324974,0.0,20100000.0,18950000,0.0,2975000.0,182800000,2550000.0,225000.0,24825000,0.11969623915139826,24600000.0,0.11861137897782063,0.0,22050000.0,0.10631629701060752,7375000.0,14925000.0,0.07196239151398265,0.7075,0.6825,20080554,20816799,https://www.infogreffe.com/recherche-entreprise-dirigeants/resultats-entreprise-dirigeants.html?ga_cat=globale&ga_q=M.R.N#phrase=M.R.N,https://www.infogreffe.com/recherche-entreprise-dirigeants/resultats-entreprise-dirigeants.html?ga_cat=globale&ga_q=M.R.N#phrase=M.R.N,1620595300,17:21:40,20210509
31,2011-01-31,MRN.PA,EUR,2011-01-31,2011-01-31,Q1,207400000,141300000,66100000,0.31870781099324974,0.0,20100000.0,18950000,0.0,2975000.0,182800000,2550000.0,225000.0,24825000,0.11969623915139826,24600000.0,0.11861137897782063,0.0,22050000.0,0.10631629701060752,7375000.0,14925000.0,0.07196239151398265,0.7075,0.6825,20080554,20816799,https://www.infogreffe.com/recherche-entreprise-dirigeants/resultats-entreprise-dirigeants.html?ga_cat=globale&ga_q=M.R.N#phrase=M.R.N,https://www.infogreffe.com/recherche-entreprise-dirigeants/resultats-entreprise-dirigeants.html?ga_cat=globale&ga_q=M.R.N#phrase=M.R.N,1620595300,17:21:40,20210509
32,2010-09-30,MRN.PA,EUR,2010-09-30,2010-09-30,Q3,185300000,127525000,57775000,0.3117916891527253,0.0,18625000.0,18400000,0.0,2925000.0,166900000,2700000.0,225000.0,18625000,0.10051268213707501,18400000.0,0.0992984349703184,0.0,15700000.0,0.08472746896923908,4975000.0,9950000.0,0.05369670804101457,0.485,0.47,19768883,20424027,https://www.infogreffe.com/recherche-entreprise-dirigeants/resultats-entreprise-dirigeants.html?ga_cat=globale&ga_q=M.R.N#phrase=M.R.N,https://www.infogreffe.com/recherche-entreprise-dirigeants/resultats-entreprise-dirigeants.html?ga_cat=globale&ga_q=M.R.N#phrase=M.R.N,1620595300,17:21:40,20210509
33,2010-06-30,MRN.PA,EUR,2010-06-30,2010-06-30,Q2,185300000,127525000,57775000,0.3117916891527253,0.0,18625000.0,18400000,0.0,2925000.0,166900000,2700000.0,225000.0,18625000,0.10051268213707501,18400000.0,0.0992984349703184,0.0,15700000.0,0.08472746896923908,4975000.0,9950000.0,0.05369670804101457,0.485,0.47,19768883,20424027,https://www.infogreffe.com/recherche-entreprise-dirigeants/resultats-entreprise-dirigeants.html?ga_cat=globale&ga_q=M.R.N#phrase=M.R.N,https://www.infogreffe.com/recherche-entreprise-dirigeants/resultats-entreprise-dirigeants.html?ga_cat=globale&ga_q=M.R.N#phrase=M.R.N,1620595300,17:21:40,20210509
34,2010-03-31,MRN.PA,EUR,2010-03-31,2010-03-31,Q1,185300000,127525000,57775000,0.3117916891527253,0.0,18625000.0,18400000,0.0,2925000.0,166900000,2700000.0,225000.0,18625000,0.10051268213707501,18400000.0,0.0992984349703184,0.0,15700000.0,0.08472746896923908,4975000.0,9950000.0,0.05369670804101457,0.485,0.47,19768883,20424027,https://www.infogreffe.com/recherche-entreprise-dirigeants/resultats-entreprise-dirigeants.html?ga_cat=globale&ga_q=M.R.N#phrase=M.R.N,https://www.infogreffe.com/recherche-entreprise-dirigeants/resultats-entreprise-dirigeants.html?ga_cat=globale&ga_q=M.R.N#phrase=M.R.N,1620595300,17:21:40,20210509
35,2010-01-31,MRN.PA,EUR,2010-01-31,2010-01-31,Q1,185300000,127525000,57775000,0.3117916891527253,0.0,18625000.0,18400000,0.0,2925000.0,166900000,2700000.0,225000.0,18625000,0.10051268213707501,18400000.0,0.0992984349703184,0.0,15700000.0,0.08472746896923908,4975000.0,9950000.0,0.05369670804101457,0.485,0.47,19768883,20424027,https://www.infogreffe.com/recherche-entreprise-dirigeants/resultats-entreprise-dirigeants.html?ga_cat=globale&ga_q=M.R.N#phrase=M.R.N,https://www.infogreffe.com/recherche-entreprise-dirigeants/resultats-entreprise-dirigeants.html?ga_cat=globale&ga_q=M.R.N#phrase=M.R.N,1620595300,17:21:40,20210509
36,2009-09-30,MRN.PA,EUR,2009-09-30,2009-09-30,Q3,146825000,103125000,43700000,0.29763323684658605,0.0,15325000.0,15075000,0.0,575000.0,134300000,2600000.0,200000.0,12725000,0.08666780180486974,12525000.0,0.08530563596117827,0.0,8800000.0,0.05993529712242465,2375000.0,3725000.0,0.025370338838753618,0.2225,0.2125,16456243,17246275,https://www.infogreffe.com/recherche-entreprise-dirigeants/resultats-entreprise-dirigeants.html?ga_cat=globale&ga_q=M.R.N#phrase=M.R.N,https://www.infogreffe.com/recherche-entreprise-dirigeants/resultats-entreprise-dirigeants.html?ga_cat=globale&ga_q=M.R.N#phrase=M.R.N,1620595300,17:21:40,20210509
37,2009-06-30,MRN.PA,EUR,2009-06-30,2009-06-30,Q2,146825000,103125000,43700000,0.29763323684658605,0.0,15325000.0,15075000,0.0,575000.0,134300000,2600000.0,200000.0,12725000,0.08666780180486974,12525000.0,0.08530563596117827,0.0,8800000.0,0.05993529712242465,2375000.0,3725000.0,0.025370338838753618,0.2225,0.2125,16456243,17246275,https://www.infogreffe.com/recherche-entreprise-dirigeants/resultats-entreprise-dirigeants.html?ga_cat=globale&ga_q=M.R.N#phrase=M.R.N,https://www.infogreffe.com/recherche-entreprise-dirigeants/resultats-entreprise-dirigeants.html?ga_cat=globale&ga_q=M.R.N#phrase=M.R.N,1620595300,17:21:40,20210509
38,2009-03-31,MRN.PA,EUR,2009-03-31,2009-03-31,Q1,146825000,103125000,43700000,0.29763323684658605,0.0,15325000.0,15075000,0.0,575000.0,134300000,2600000.0,200000.0,12725000,0.08666780180486974,12525000.0,0.08530563596117827,0.0,8800000.0,0.05993529712242465,2375000.0,3725000.0,0.025370338838753618,0.2225,0.2125,16456243,17246275,https://www.infogreffe.com/recherche-entreprise-dirigeants/resultats-entreprise-dirigeants.html?ga_cat=globale&ga_q=M.R.N#phrase=M.R.N,https://www.infogreffe.com/recherche-entreprise-dirigeants/resultats-entreprise-dirigeants.html?ga_cat=globale&ga_q=M.R.N#phrase=M.R.N,1620595300,17:21:40,20210509
39,2009-01-31,MRN.PA,EUR,2009-01-31,2009-01-31,Q1,146825000,103125000,43700000,0.29763323684658605,0.0,15325000.0,15075000,0.0,575000.0,134300000,2600000.0,200000.0,12725000,0.08666780180486974,12525000.0,0.08530563596117827,0.0,8800000.0,0.05993529712242465,2375000.0,3725000.0,0.025370338838753618,0.2225,0.2125,16456243,17246275,https://www.infogreffe.com/recherche-entreprise-dirigeants/resultats-entreprise-dirigeants.html?ga_cat=globale&ga_q=M.R.N#phrase=M.R.N,https://www.infogreffe.com/recherche-entreprise-dirigeants/resultats-entreprise-dirigeants.html?ga_cat=globale&ga_q=M.R.N#phrase=M.R.N,1620595300,17:21:40,20210509
40,2008-09-30,MRN.PA,EUR,2008-09-30,2008-09-30,Q3,165475000,111425000,54050000,0.32663544342045625,0.0,16575000.0,16175000,0.0,-2025000.0,142150000,3025000.0,6275000.0,29600000,0.17887898474089742,23325000.0,0.14095784861761596,0.0,20300000.0,0.12267714156216951,6050000.0,7450000.0,0.04502190663242182,0.4783185,0.46431875,15255145,15688731,https://www.infogreffe.com/recherche-entreprise-dirigeants/resultats-entreprise-dirigeants.html?ga_cat=globale&ga_q=M.R.N#phrase=M.R.N,https://www.infogreffe.com/recherche-entreprise-dirigeants/resultats-entreprise-dirigeants.html?ga_cat=globale&ga_q=M.R.N#phrase=M.R.N,1620595300,17:21:40,20210509
41,2008-06-30,MRN.PA,EUR,2008-06-30,2008-06-30,Q2,165475000,111425000,54050000,0.32663544342045625,0.0,16575000.0,16175000,0.0,-2025000.0,142150000,3025000.0,6275000.0,29600000,0.17887898474089742,23325000.0,0.14095784861761596,0.0,20300000.0,0.12267714156216951,6050000.0,7450000.0,0.04502190663242182,0.4783185,0.46431875,15255145,15688731,https://www.infogreffe.com/recherche-entreprise-dirigeants/resultats-entreprise-dirigeants.html?ga_cat=globale&ga_q=M.R.N#phrase=M.R.N,https://www.infogreffe.com/recherche-entreprise-dirigeants/resultats-entreprise-dirigeants.html?ga_cat=globale&ga_q=M.R.N#phrase=M.R.N,1620595300,17:21:40,20210509
42,2008-03-31,MRN.PA,EUR,2008-03-31,2008-03-31,Q1,165475000,111425000,54050000,0.32663544342045625,0.0,16575000.0,16175000,0.0,-2025000.0,142150000,3025000.0,6275000.0,29600000,0.17887898474089742,23325000.0,0.14095784861761596,0.0,20300000.0,0.12267714156216951,6050000.0,7450000.0,0.04502190663242182,0.4783185,0.46431875,15255145,15688731,https://www.infogreffe.com/recherche-entreprise-dirigeants/resultats-entreprise-dirigeants.html?ga_cat=globale&ga_q=M.R.N#phrase=M.R.N,https://www.infogreffe.com/recherche-entreprise-dirigeants/resultats-entreprise-dirigeants.html?ga_cat=globale&ga_q=M.R.N#phrase=M.R.N,1620595300,17:21:40,20210509
43,2008-01-31,MRN.PA,EUR,2008-01-31,2008-01-31,Q1,165475000,111425000,54050000,0.32663544342045625,0.0,16575000.0,16175000,0.0,-2025000.0,142150000,3025000.0,6275000.0,29600000,0.17887898474089742,23325000.0,0.14095784861761596,0.0,20300000.0,0.12267714156216951,6050000.0,7450000.0,0.04502190663242182,0.4783185,0.46431875,15255145,15688731,https://www.infogreffe.com/recherche-entreprise-dirigeants/resultats-entreprise-dirigeants.html?ga_cat=globale&ga_q=M.R.N#phrase=M.R.N,https://www.infogreffe.com/recherche-entreprise-dirigeants/resultats-entreprise-dirigeants.html?ga_cat=globale&ga_q=M.R.N#phrase=M.R.N,1620595300,17:21:40,20210509
44,2007-09-30,MRN.PA,EUR,2007-09-30,2007-09-30,Q3,173425000,121950000,51475000,0.29681418480611216,0.0,250000.0,16450000,325000.0,18075000.0,156725000,2225000.0,6200000.0,22900000,0.13204555283263658,16700000.0,0.09629522848493585,0.0,7850000.0,0.04526452356926625,3775000.0,3850000.0,0.022199798183652877,0.25199225,0.24499225,15257103,15691146,https://www.infogreffe.com/recherche-entreprise-dirigeants/resultats-entreprise-dirigeants.html?ga_cat=globale&ga_q=M.R.N#phrase=M.R.N,https://www.infogreffe.com/recherche-entreprise-dirigeants/resultats-entreprise-dirigeants.html?ga_cat=globale&ga_q=M.R.N#phrase=M.R.N,1620595300,17:21:40,20210509
45,2007-06-30,MRN.PA,EUR,2007-06-30,2007-06-30,Q2,173425000,121950000,51475000,0.29681418480611216,0.0,250000.0,16450000,325000.0,18075000.0,156725000,2225000.0,6200000.0,22900000,0.13204555283263658,16700000.0,0.09629522848493585,0.0,7850000.0,0.04526452356926625,3775000.0,3850000.0,0.022199798183652877,0.25199225,0.24499225,15257103,15691146,https://www.infogreffe.com/recherche-entreprise-dirigeants/resultats-entreprise-dirigeants.html?ga_cat=globale&ga_q=M.R.N#phrase=M.R.N,https://www.infogreffe.com/recherche-entreprise-dirigeants/resultats-entreprise-dirigeants.html?ga_cat=globale&ga_q=M.R.N#phrase=M.R.N,1620595300,17:21:40,20210509
46,2007-03-31,MRN.PA,EUR,2007-03-31,2007-03-31,Q1,173425000,121950000,51475000,0.29681418480611216,0.0,250000.0,16450000,325000.0,18075000.0,156725000,2225000.0,6200000.0,22900000,0.13204555283263658,16700000.0,0.09629522848493585,0.0,7850000.0,0.04526452356926625,3775000.0,3850000.0,0.022199798183652877,0.25199225,0.24499225,15257103,15691146,https://www.infogreffe.com/recherche-entreprise-dirigeants/resultats-entreprise-dirigeants.html?ga_cat=globale&ga_q=M.R.N#phrase=M.R.N,https://www.infogreffe.com/recherche-entreprise-dirigeants/resultats-entreprise-dirigeants.html?ga_cat=globale&ga_q=M.R.N#phrase=M.R.N,1620595300,17:21:40,20210509
47,2007-01-31,MRN.PA,EUR,2007-01-31,2007-01-31,Q1,173425000,121950000,51475000,0.29681418480611216,0.0,250000.0,16450000,325000.0,18075000.0,156725000,2225000.0,6200000.0,22900000,0.13204555283263658,16700000.0,0.09629522848493585,0.0,7850000.0,0.04526452356926625,3775000.0,3850000.0,0.022199798183652877,0.25199225,0.24499225,15257103,15691146,https://www.infogreffe.com/recherche-entreprise-dirigeants/resultats-entreprise-dirigeants.html?ga_cat=globale&ga_q=M.R.N#phrase=M.R.N,https://www.infogreffe.com/recherche-entreprise-dirigeants/resultats-entreprise-dirigeants.html?ga_cat=globale&ga_q=M.R.N#phrase=M.R.N,1620595300,17:21:40,20210509
48,2006-09-30,MRN.PA,EUR,2006-09-30,2006-09-30,Q3,159950000,111100000,48850000,0.30540793998124416,0.0,-125000.0,15850000,325000.0,15625000.0,142450000,2075000.0,5400000.0,22900000,0.14316974054391998,17500000.0,0.10940919037199125,0.0,12825000.0,0.08018130665833073,2750000.0,8825000.0,0.0551734917161613,0.590315,0.5693155,14918439,15464783,https://www.infogreffe.com/recherche-entreprise-dirigeants/resultats-entreprise-dirigeants.html?ga_cat=globale&ga_q=M.R.N#phrase=M.R.N,https://www.infogreffe.com/recherche-entreprise-dirigeants/resultats-entreprise-dirigeants.html?ga_cat=globale&ga_q=M.R.N#phrase=M.R.N,1620595300,17:21:40,20210509
49,2006-06-30,MRN.PA,EUR,2006-06-30,2006-06-30,Q2,159950000,111100000,48850000,0.30540793998124416,0.0,-125000.0,15850000,325000.0,15625000.0,142450000,2075000.0,5400000.0,22900000,0.14316974054391998,17500000.0,0.10940919037199125,0.0,12825000.0,0.08018130665833073,2750000.0,8825000.0,0.0551734917161613,0.590315,0.5693155,14918439,15464783,https://www.infogreffe.com/recherche-entreprise-dirigeants/resultats-entreprise-dirigeants.html?ga_cat=globale&ga_q=M.R.N#phrase=M.R.N,https://www.infogreffe.com/recherche-entreprise-dirigeants/resultats-entreprise-dirigeants.html?ga_cat=globale&ga_q=M.R.N#phrase=M.R.N,1620595300,17:21:40,20210509
50,2006-03-31,MRN.PA,EUR,2006-03-31,2006-03-31,Q1,159950000,111100000,48850000,0.30540793998124416,0.0,-125000.0,15850000,325000.0,15625000.0,142450000,2075000.0,5400000.0,22900000,0.14316974054391998,17500000.0,0.10940919037199125,0.0,12825000.0,0.08018130665833073,2750000.0,8825000.0,0.0551734917161613,0.590315,0.5693155,14918439,15464783,https://www.infogreffe.com/recherche-entreprise-dirigeants/resultats-entreprise-dirigeants.html?ga_cat=globale&ga_q=M.R.N#phrase=M.R.N,https://www.infogreffe.com/recherche-entreprise-dirigeants/resultats-entreprise-dirigeants.html?ga_cat=globale&ga_q=M.R.N#phrase=M.R.N,1620595300,17:21:40,20210509
51,2006-01-31,MRN.PA,EUR,2006-01-31,2006-01-31,Q1,159950000,111100000,48850000,0.30540793998124416,0.0,-125000.0,15850000,325000.0,15625000.0,142450000,2075000.0,5400000.0,22900000,0.14316974054391998,17500000.0,0.10940919037199125,0.0,12825000.0,0.08018130665833073,2750000.0,8825000.0,0.0551734917161613,0.590315,0.5693155,14918439,15464783,https://www.infogreffe.com/recherche-entreprise-dirigeants/resultats-entreprise-dirigeants.html?ga_cat=globale&ga_q=M.R.N#phrase=M.R.N,https://www.infogreffe.com/recherche-entreprise-dirigeants/resultats-entreprise-dirigeants.html?ga_cat=globale&ga_q=M.R.N#phrase=M.R.N,1620595300,17:21:40,20210509
52,2005-09-30,MRN.PA,EUR,2005-09-30,2005-09-30,Q3,145850000,101775000,44075000,0.3021940349674323,0.0,-1225000.0,14925000,375000.0,14450000.0,129925000,1775000.0,5275000.0,21200000,0.14535481659238944,15925000.0,0.10918752142612273,0.0,11600000.0,0.07953376756942064,2775000.0,5525000.0,0.03788138498457319,0.37332175,0.35698875,14793857,15412554,https://www.infogreffe.com/recherche-entreprise-dirigeants/resultats-entreprise-dirigeants.html?ga_cat=globale&ga_q=M.R.N#phrase=M.R.N,https://www.infogreffe.com/recherche-entreprise-dirigeants/resultats-entreprise-dirigeants.html?ga_cat=globale&ga_q=M.R.N#phrase=M.R.N,1620595300,17:21:40,20210509
53,2005-06-30,MRN.PA,EUR,2005-06-30,2005-06-30,Q2,145850000,101775000,44075000,0.3021940349674323,0.0,-1225000.0,14925000,375000.0,14450000.0,129925000,1775000.0,5275000.0,21200000,0.14535481659238944,15925000.0,0.10918752142612273,0.0,11600000.0,0.07953376756942064,2775000.0,5525000.0,0.03788138498457319,0.37332175,0.35698875,14793857,15412554,https://www.infogreffe.com/recherche-entreprise-dirigeants/resultats-entreprise-dirigeants.html?ga_cat=globale&ga_q=M.R.N#phrase=M.R.N,https://www.infogreffe.com/recherche-entreprise-dirigeants/resultats-entreprise-dirigeants.html?ga_cat=globale&ga_q=M.R.N#phrase=M.R.N,1620595300,17:21:40,20210509
54,2005-03-31,MRN.PA,EUR,2005-03-31,2005-03-31,Q1,145850000,101775000,44075000,0.3021940349674323,0.0,-1225000.0,14925000,375000.0,14450000.0,129925000,1775000.0,5275000.0,21200000,0.14535481659238944,15925000.0,0.10918752142612273,0.0,11600000.0,0.07953376756942064,2775000.0,5525000.0,0.03788138498457319,0.37332175,0.35698875,14793857,15412554,https://www.infogreffe.com/recherche-entreprise-dirigeants/resultats-entreprise-dirigeants.html?ga_cat=globale&ga_q=M.R.N#phrase=M.R.N,https://www.infogreffe.com/recherche-entreprise-dirigeants/resultats-entreprise-dirigeants.html?ga_cat=globale&ga_q=M.R.N#phrase=M.R.N,1620595300,17:21:40,20210509
55,2005-01-31,MRN.PA,EUR,2005-01-31,2005-01-31,Q1,145850000,101775000,44075000,0.3021940349674323,0.0,-1225000.0,14925000,375000.0,14450000.0,129925000,1775000.0,5275000.0,21200000,0.14535481659238944,15925000.0,0.10918752142612273,0.0,11600000.0,0.07953376756942064,2775000.0,5525000.0,0.03788138498457319,0.37332175,0.35698875,14793857,15412554,https://www.infogreffe.com/recherche-entreprise-dirigeants/resultats-entreprise-dirigeants.html?ga_cat=globale&ga_q=M.R.N#phrase=M.R.N,https://www.infogreffe.com/recherche-entreprise-dirigeants/resultats-entreprise-dirigeants.html?ga_cat=globale&ga_q=M.R.N#phrase=M.R.N,1620595300,17:21:40,20210509
56,2004-09-30,MRN.PA,EUR,2004-09-30,2004-09-30,Q3,159000000,116575000,42425000,0.2668238993710692,0.0,-225000.0,14925000,725000.0,17650000.0,148925000,2175000.0,5700000.0,15775000,0.09921383647798743,10075000.0,0.06336477987421384,0.0,6550000.0,0.04119496855345912,1600000.0,4850000.0,0.03050314465408805,0.38732125,0.366322,12526099,13202386,https://www.infogreffe.com/recherche-entreprise-dirigeants/resultats-entreprise-dirigeants.html?ga_cat=globale&ga_q=M.R.N#phrase=M.R.N,https://www.infogreffe.com/recherche-entreprise-dirigeants/resultats-entreprise-dirigeants.html?ga_cat=globale&ga_q=M.R.N#phrase=M.R.N,1620595300,17:21:40,20210509
57,2004-06-30,MRN.PA,EUR,2004-06-30,2004-06-30,Q2,159000000,116575000,42425000,0.2668238993710692,0.0,-225000.0,14925000,725000.0,17650000.0,148925000,2175000.0,5700000.0,15775000,0.09921383647798743,10075000.0,0.06336477987421384,0.0,6550000.0,0.04119496855345912,1600000.0,4850000.0,0.03050314465408805,0.38732125,0.366322,12526099,13202386,https://www.infogreffe.com/recherche-entreprise-dirigeants/resultats-entreprise-dirigeants.html?ga_cat=globale&ga_q=M.R.N#phrase=M.R.N,https://www.infogreffe.com/recherche-entreprise-dirigeants/resultats-entreprise-dirigeants.html?ga_cat=globale&ga_q=M.R.N#phrase=M.R.N,1620595300,17:21:40,20210509
58,2004-03-31,MRN.PA,EUR,2004-03-31,2004-03-31,Q1,159000000,116575000,42425000,0.2668238993710692,0.0,-225000.0,14925000,725000.0,17650000.0,148925000,2175000.0,5700000.0,15775000,0.09921383647798743,10075000.0,0.06336477987421384,0.0,6550000.0,0.04119496855345912,1600000.0,4850000.0,0.03050314465408805,0.38732125,0.366322,12526099,13202386,https://www.infogreffe.com/recherche-entreprise-dirigeants/resultats-entreprise-dirigeants.html?ga_cat=globale&ga_q=M.R.N#phrase=M.R.N,https://www.infogreffe.com/recherche-entreprise-dirigeants/resultats-entreprise-dirigeants.html?ga_cat=globale&ga_q=M.R.N#phrase=M.R.N,1620595300,17:21:40,20210509
59,2004-01-31,MRN.PA,EUR,2004-01-31,2004-01-31,Q1,159000000,116575000,42425000,0.2668238993710692,0.0,-225000.0,14925000,725000.0,17650000.0,148925000,2175000.0,5700000.0,15775000,0.09921383647798743,10075000.0,0.06336477987421384,0.0,6550000.0,0.04119496855345912,1600000.0,4850000.0,0.03050314465408805,0.38732125,0.366322,12526099,13202386,https://www.infogreffe.com/recherche-entreprise-dirigeants/resultats-entreprise-dirigeants.html?ga_cat=globale&ga_q=M.R.N#phrase=M.R.N,https://www.infogreffe.com/recherche-entreprise-dirigeants/resultats-entreprise-dirigeants.html?ga_cat=globale&ga_q=M.R.N#phrase=M.R.N,1620595300,17:21:40,20210509
60,2003-09-30,MRN.PA,EUR,2003-09-30,2003-09-30,Q3,157350000,109750000,47600000,0.3025103272958373,0.0,14550000.0,14850000,0.0,875000.0,147525000,0.0,7500000.0,17325000,0.11010486177311725,9825000.0,0.06244041944709247,0.0,7125000.0,0.04528122020972355,1825000.0,-9550000.0,-0.06069272322847156,-0.7959585,-0.7959585,11998113,11998113,https://www.infogreffe.com/recherche-entreprise-dirigeants/resultats-entreprise-dirigeants.html?ga_cat=globale&ga_q=M.R.N#phrase=M.R.N,https://www.infogreffe.com/recherche-entreprise-dirigeants/resultats-entreprise-dirigeants.html?ga_cat=globale&ga_q=M.R.N#phrase=M.R.N,1620595300,17:21:40,20210509
61,2003-06-30,MRN.PA,EUR,2003-06-30,2003-06-30,Q2,157350000,109750000,47600000,0.3025103272958373,0.0,14550000.0,14850000,0.0,875000.0,147525000,0.0,7500000.0,17325000,0.11010486177311725,9825000.0,0.06244041944709247,0.0,7125000.0,0.04528122020972355,1825000.0,-9550000.0,-0.06069272322847156,-0.7959585,-0.7959585,11998113,11998113,https://www.infogreffe.com/recherche-entreprise-dirigeants/resultats-entreprise-dirigeants.html?ga_cat=globale&ga_q=M.R.N#phrase=M.R.N,https://www.infogreffe.com/recherche-entreprise-dirigeants/resultats-entreprise-dirigeants.html?ga_cat=globale&ga_q=M.R.N#phrase=M.R.N,1620595300,17:21:40,20210509
62,2003-03-31,MRN.PA,EUR,2003-03-31,2003-03-31,Q1,157350000,109750000,47600000,0.3025103272958373,0.0,14550000.0,14850000,0.0,875000.0,147525000,0.0,7500000.0,17325000,0.11010486177311725,9825000.0,0.06244041944709247,0.0,7125000.0,0.04528122020972355,1825000.0,-9550000.0,-0.06069272322847156,-0.7959585,-0.7959585,11998113,11998113,https://www.infogreffe.com/recherche-entreprise-dirigeants/resultats-entreprise-dirigeants.html?ga_cat=globale&ga_q=M.R.N#phrase=M.R.N,https://www.infogreffe.com/recherche-entreprise-dirigeants/resultats-entreprise-dirigeants.html?ga_cat=globale&ga_q=M.R.N#phrase=M.R.N,1620595300,17:21:40,20210509
63,2003-01-31,MRN.PA,EUR,2003-01-31,2003-01-31,Q1,157350000,109750000,47600000,0.3025103272958373,0.0,14550000.0,14850000,0.0,875000.0,147525000,0.0,7500000.0,17325000,0.11010486177311725,9825000.0,0.06244041944709247,0.0,7125000.0,0.04528122020972355,1825000.0,-9550000.0,-0.06069272322847156,-0.7959585,-0.7959585,11998113,11998113,https://www.infogreffe.com/recherche-entreprise-dirigeants/resultats-entreprise-dirigeants.html?ga_cat=globale&ga_q=M.R.N#phrase=M.R.N,https://www.infogreffe.com/recherche-entreprise-dirigeants/resultats-entreprise-dirigeants.html?ga_cat=globale&ga_q=M.R.N#phrase=M.R.N,1620595300,17:21:40,20210509
64,2002-09-30,MRN.PA,EUR,2002-09-30,2002-09-30,Q3,180225000,124900000,55325000,0.3069773893743931,0.0,15475000.0,15775000,0.0,800000.0,165325000,0.0,8375000.0,23275000,0.12914412539880704,14900000.0,0.08267443473435983,0.0,11375000.0,0.06311555000693578,3200000.0,-2700000.0,-0.0149812734082397,-0.13026141536264538,-0.13026141536264538,20727550,20727550,https://www.infogreffe.com/recherche-entreprise-dirigeants/resultats-entreprise-dirigeants.html?ga_cat=globale&ga_q=M.R.N#phrase=M.R.N,https://www.infogreffe.com/recherche-entreprise-dirigeants/resultats-entreprise-dirigeants.html?ga_cat=globale&ga_q=M.R.N#phrase=M.R.N,1620595300,17:21:40,20210509
65,2002-06-30,MRN.PA,EUR,2002-06-30,2002-06-30,Q2,180225000,124900000,55325000,0.3069773893743931,0.0,15475000.0,15775000,0.0,800000.0,165325000,0.0,8375000.0,23275000,0.12914412539880704,14900000.0,0.08267443473435983,0.0,11375000.0,0.06311555000693578,3200000.0,-2700000.0,-0.0149812734082397,-0.13026141536264538,-0.13026141536264538,20727550,20727550,https://www.infogreffe.com/recherche-entreprise-dirigeants/resultats-entreprise-dirigeants.html?ga_cat=globale&ga_q=M.R.N#phrase=M.R.N,https://www.infogreffe.com/recherche-entreprise-dirigeants/resultats-entreprise-dirigeants.html?ga_cat=globale&ga_q=M.R.N#phrase=M.R.N,1620595300,17:21:40,20210509
66,2002-03-31,MRN.PA,EUR,2002-03-31,2002-03-31,Q1,180225000,124900000,55325000,0.3069773893743931,0.0,15475000.0,15775000,0.0,800000.0,165325000,0.0,8375000.0,23275000,0.12914412539880704,14900000.0,0.08267443473435983,0.0,11375000.0,0.06311555000693578,3200000.0,-2700000.0,-0.0149812734082397,-0.13026141536264538,-0.13026141536264538,20727550,20727550,https://www.infogreffe.com/recherche-entreprise-dirigeants/resultats-entreprise-dirigeants.html?ga_cat=globale&ga_q=M.R.N#phrase=M.R.N,https://www.infogreffe.com/recherche-entreprise-dirigeants/resultats-entreprise-dirigeants.html?ga_cat=globale&ga_q=M.R.N#phrase=M.R.N,1620595300,17:21:40,20210509
67,2002-01-31,MRN.PA,EUR,2002-01-31,2002-01-31,Q1,180225000,124900000,55325000,0.3069773893743931,0.0,15475000.0,15775000,0.0,800000.0,165325000,0.0,8375000.0,23275000,0.12914412539880704,14900000.0,0.08267443473435983,0.0,11375000.0,0.06311555000693578,3200000.0,-2700000.0,-0.0149812734082397,-0.13026141536264538,-0.13026141536264538,20727550,20727550,https://www.infogreffe.com/recherche-entreprise-dirigeants/resultats-entreprise-dirigeants.html?ga_cat=globale&ga_q=M.R.N#phrase=M.R.N,https://www.infogreffe.com/recherche-entreprise-dirigeants/resultats-entreprise-dirigeants.html?ga_cat=globale&ga_q=M.R.N#phrase=M.R.N,1620595300,17:21:40,20210509
68,2001-09-30,MRN.PA,EUR,2001-09-30,2001-09-30,Q3,200925000,140150000,60775000,0.30247604827672014,0.0,15375000.0,16500000,0.0,925000.0,181925000,0.0,8975000.0,27975000,0.13923105636431504,19000000.0,0.09456264775413711,0.0,12850000.0,0.06395421177056115,4100000.0,-2025000.0,-0.010078387458006719,-0.09769606152198403,-0.09769606152198403,20727550,20727550,https://www.infogreffe.com/recherche-entreprise-dirigeants/resultats-entreprise-dirigeants.html?ga_cat=globale&ga_q=M.R.N#phrase=M.R.N,https://www.infogreffe.com/recherche-entreprise-dirigeants/resultats-entreprise-dirigeants.html?ga_cat=globale&ga_q=M.R.N#phrase=M.R.N,1620595300,17:21:40,20210509
69,2001-06-30,MRN.PA,EUR,2001-06-30,2001-06-30,Q2,200925000,140150000,60775000,0.30247604827672014,0.0,15375000.0,16500000,0.0,925000.0,181925000,0.0,8975000.0,27975000,0.13923105636431504,19000000.0,0.09456264775413711,0.0,12850000.0,0.06395421177056115,4100000.0,-2025000.0,-0.010078387458006719,-0.09769606152198403,-0.09769606152198403,20727550,20727550,https://www.infogreffe.com/recherche-entreprise-dirigeants/resultats-entreprise-dirigeants.html?ga_cat=globale&ga_q=M.R.N#phrase=M.R.N,https://www.infogreffe.com/recherche-entreprise-dirigeants/resultats-entreprise-dirigeants.html?ga_cat=globale&ga_q=M.R.N#phrase=M.R.N,1620595300,17:21:40,20210509
70,2001-03-31,MRN.PA,EUR,2001-03-31,2001-03-31,Q1,200925000,140150000,60775000,0.30247604827672014,0.0,15375000.0,16500000,0.0,925000.0,181925000,0.0,8975000.0,27975000,0.13923105636431504,19000000.0,0.09456264775413711,0.0,12850000.0,0.06395421177056115,4100000.0,-2025000.0,-0.010078387458006719,-0.09769606152198403,-0.09769606152198403,20727550,20727550,https://www.infogreffe.com/recherche-entreprise-dirigeants/resultats-entreprise-dirigeants.html?ga_cat=globale&ga_q=M.R.N#phrase=M.R.N,https://www.infogreffe.com/recherche-entreprise-dirigeants/resultats-entreprise-dirigeants.html?ga_cat=globale&ga_q=M.R.N#phrase=M.R.N,1620595300,17:21:40,20210509
71,2001-01-31,MRN.PA,EUR,2001-01-31,2001-01-31,Q1,200925000,140150000,60775000,0.30247604827672014,0.0,15375000.0,16500000,0.0,925000.0,181925000,0.0,8975000.0,27975000,0.13923105636431504,19000000.0,0.09456264775413711,0.0,12850000.0,0.06395421177056115,4100000.0,-2025000.0,-0.010078387458006719,-0.09769606152198403,-0.09769606152198403,20727550,20727550,https://www.infogreffe.com/recherche-entreprise-dirigeants/resultats-entreprise-dirigeants.html?ga_cat=globale&ga_q=M.R.N#phrase=M.R.N,https://www.infogreffe.com/recherche-entreprise-dirigeants/resultats-entreprise-dirigeants.html?ga_cat=globale&ga_q=M.R.N#phrase=M.R.N,1620595300,17:21:40,20210509
