,date,symbol,reportedCurrency,fillingDate,acceptedDate,period,revenue,costOfRevenue,grossProfit,grossProfitRatio,researchAndDevelopmentExpenses,generalAndAdministrativeExpenses,sellingAndMarketingExpenses,otherExpenses,operatingExpenses,costAndExpenses,interestExpense,depreciationAndAmortization,ebitda,ebitdaratio,operatingIncome,operatingIncomeRatio,totalOtherIncomeExpensesNet,incomeBeforeTax,incomeBeforeTaxRatio,incomeTaxExpense,netIncome,netIncomeRatio,eps,epsdiluted,weightedAverageShsOut,weightedAverageShsOutDil,link,finalLink,timestamp,est_time,est_date
0,2018-09-30,HMNY,USD,2018-11-15,2018-11-15 09:26:51,Q3,74702020.0,109635380.0,-34933360.0,-0.4676360826655022,85940.0,0.0,1615177000.0,39911122.0,19594730.0,167754129.0,95575954.0,1387100.0000000002,-46148200.0,-0.6177637498959199,-47535300.0,-0.6363321902138657,0.0,-146649550.0,-1.9631269676509417,10280.0,-138532570.0,-1.8544688617523328,-0.21555,-0.21555,642704390.0,642704390.0,https://www.sec.gov/Archives/edgar/data/1040792/000121390018015878/f10q0918_heliosandmatheson.htm,https://www.sec.gov/Archives/edgar/data/1040792/000121390018015878/f10q0918_heliosandmatheson.htm,1620593147,16:45:47,20210509
1,2018-06-30,HMNY,USD,2018-08-14,2018-08-14 17:29:57,Q2,74168730.0,178766720.0,-104597990.0,-1.4102707434790915,154690.0,0.0,935488000.0,1377653.0,22040874.0,200807593.0,58195051.0,1377650.0,-125261210.0,-1.6888682063182152,-126638860.0,-1.7074427457501296,0.0,-83646580.0,-1.127787680873058,28720.0,-63334770.0,-0.8539281985818012,-132.46903,-132.46903,478110.0,478110.0,https://www.sec.gov/Archives/edgar/data/1040792/000121390018011086/f10q0618_heliosandmatheson.htm,https://www.sec.gov/Archives/edgar/data/1040792/000121390018011086/f10q0618_heliosandmatheson.htm,1620593147,16:45:47,20210509
2,2018-03-31,HMNY,USD,2018-05-15,2018-05-15 17:02:45,Q1,49442860.0,135968980.0,-86526120.0,-1.7500225512844525,224770.0,0.0,1440910000.0,1271275.0,21205877.0,157174853.0,35534899.0,1271280.0,-91453010.0,-1.8496707107962607,-92724290.0,-1.875382815638092,0.0,-26038270.0,-0.5266335725724605,7950.0,5175880.0,0.10468407369638406,35.35196,35.35196,146410.0,146410.0,https://www.sec.gov/Archives/edgar/data/1040792/000121390018006360/f10q0318_heliosandmathe.htm,https://www.sec.gov/Archives/edgar/data/1040792/000121390018006360/f10q0318_heliosandmathe.htm,1620593147,16:45:47,20210509
3,2017-12-31,HMNY,USD,2018-04-17,2018-04-17 08:25:19,Q4,6769530.0,17569350.0,-10799820.0,-1.5953574324953135,457450.0,0.0,0.0,8919127000.0,28781297.0,52607632000.0,-11645871.0,649600.0,-48851500.0,-7.216379866844522,-49501100.0,-7.312339261366742,0.0,-95630830.0,-14.126657242083276,14420.0,-90794950.0,-13.41229745639653,-1666.26812,-1666.26812,54490.0,54490.0,https://www.sec.gov/Archives/edgar/data/1040792/000121390018004551/f10k2017_heliosandmatheson.htm,https://www.sec.gov/Archives/edgar/data/1040792/000121390018004551/f10k2017_heliosandmatheson.htm,1620593147,16:45:47,20210509
4,2017-09-30,HMNY,USD,2017-11-14,2017-11-14 16:42:45,Q3,1173020.0,946310.0,226710.0,0.1932703619716629,621750.0,0.0,0.0,437785.0,3302979.0,4249287.0,11563078.0,442380.0000000001,-3317770.0,-2.828400197780089,-3760150.0,-3.205529317488193,0.0,-43462970.0,-37.05219859848937,-2750.0,-43460220.0,-37.0498542224344,-1448.674,-1448.674,30000.0,30000.0,https://www.sec.gov/Archives/edgar/data/1040792/000121390017012103/f10q0917_helioandmatheson.htm,https://www.sec.gov/Archives/edgar/data/1040792/000121390017012103/f10q0917_helioandmatheson.htm,1620593147,16:45:47,20210509
5,2017-06-30,HMNY,USD,2017-08-11,2017-08-11 17:12:00,Q2,1140000.0,920000.0,220000.0,0.19298245614035087,900000.0,0.0,0.0,433671.0,2967286.0,3884850.0,2184374.0,430000.0,-2310000.0,-2.026315789473684,-2740000.0,-2.4035087719298245,0.0,-5210000.0,-4.5701754385964914,10000.0,-5220000.0,-4.578947368421052,-174.0,-174.0,30000.0,30000.0,https://www.sec.gov/Archives/edgar/data/1040792/000143774917014554/hmny20170630_10q.htm,https://www.sec.gov/Archives/edgar/data/1040792/000143774917014554/hmny20170630_10q.htm,1620593147,16:45:47,20210509
6,2017-03-31,HMNY,USD,2017-05-19,2017-05-19 16:03:31,Q1,1360000.0,1110000.0,250000.0,0.18382352941176472,0.0,0.0,0.0,430925.0,4611097.0,5716582.0,3108832.0,430000.0,-3930000.0,-2.889705882352941,-4360000.0,-3.2058823529411766,0.0,-6470000.0,-4.757352941176471,30000.0,-6500000.0,-4.779411764705882,-325.0,-325.0,20000.0,20000.0,https://www.sec.gov/Archives/edgar/data/1040792/000143774917009662/hmny20170331_10q.htm,https://www.sec.gov/Archives/edgar/data/1040792/000143774917009662/hmny20170331_10q.htm,1620593147,16:45:47,20210509
7,2016-12-31,HMNY,USD,2017-04-14,2017-04-14 06:14:39,Q4,1150000.0,940000.0,210000.0,0.1826086956521739,0.0,0.0,0.0,249901.0,1911742.0,2850200.0,4965488.0,250000.0,-1450000.0,-1.2608695652173914,-1700000.0,-1.4782608695652173,40000.0,-6230000.0,-5.417391304347826,-50000.0,-6180000.0,-5.373913043478261,-618.0,-618.0,10000.0,10000.0,https://www.sec.gov/Archives/edgar/data/1040792/000143774917006576/hmny20161231_10k.htm,https://www.sec.gov/Archives/edgar/data/1040792/000143774917006576/hmny20161231_10k.htm,1620593147,16:45:47,20210509
8,2016-09-30,HMNY,USD,2016-11-21,2016-11-21 06:55:00,Q3,1720000.0,1130000.0,590000.0,0.3430232558139535,0.0,0.0,0.0,2251.0,743781.0,1873872.0,244925.0,0.0,-675075.0,-0.392485,-150000.0,-0.0872093023255814,-40000.0,-920000.0,-0.5348837209302325,0.0,-920000.0,-0.5348837209302325,-92.0,-92.0,10000.0,10000.0,https://www.sec.gov/Archives/edgar/data/1040792/000143774916042436/hmny20160901_10q.htm,https://www.sec.gov/Archives/edgar/data/1040792/000143774916042436/hmny20160901_10q.htm,1620593147,16:45:47,20210509
9,2016-06-30,HMNY,USD,2016-08-15,2016-08-15 16:06:18,Q2,1860000.0,1340000.0,520000.0,0.27956989247311825,0.0,0.0,0.0,3913.0,616669.0,1954099.0,0.0,10000.0,-90000.0,-0.04838709677419355,-100000.0,-0.053763440860215055,0.0,-90000.0,-0.04838709677419355,30000.0,-120000.0,-0.06451612903225806,-12.0,-12.0,10000.0,10000.0,https://www.sec.gov/Archives/edgar/data/1040792/000143774916037470/hmny20160630_10q.htm,https://www.sec.gov/Archives/edgar/data/1040792/000143774916037470/hmny20160630_10q.htm,1620593147,16:45:47,20210509
10,2016-03-31,HMNY,USD,2016-05-16,2016-05-16 14:14:00,Q1,2030000.0,1450000.0,570000.0,0.28078817733990147,0.0,0.0,0.0,3314.0,722916.0,2177864.0,0.0,0.0,-150000.0,-0.073892,-150000.0,-0.07389162561576355,0.0,-150000.0,-0.07389162561576355,0.0,-150000.0,-0.07389162561576355,-15.0,-15.0,10000.0,10000.0,https://www.sec.gov/Archives/edgar/data/1040792/000143774916031973/hmny20160331_10q.htm,https://www.sec.gov/Archives/edgar/data/1040792/000143774916031973/hmny20160331_10q.htm,1620593147,16:45:47,20210509
11,2015-12-31,HMNY,USD,2016-03-28,2016-03-28 16:07:37,Q4,2370000.0,1600000.0,770000.0,0.32489451476793246,0.0,0.0,0.0,348260.0,678529.0,2621760.0,0.0,0.0,90000.0,0.037975,90000.0,0.0379746835443038,0.0,90000.0,0.0379746835443038,60000.0,30000.0,0.012658227848101266,3.0,3.0,10000.0,10000.0,https://www.sec.gov/Archives/edgar/data/1040792/000143774916028509/hmny20151231_10k.htm,https://www.sec.gov/Archives/edgar/data/1040792/000143774916028509/hmny20151231_10k.htm,1620593147,16:45:47,20210509
12,2015-09-30,HMNY,USD,2015-11-16,2015-11-16 16:46:35,Q3,2460000.0,1710000.0,750000.0,0.3048780487804878,0.0,0.0,0.0,2971.0,3008478.0,2377724.0,0.0,0.0,-2260000.0,-0.918699,80000.0,0.032520325203252036,-2340000.0,-2260000.0,-0.9186991869918699,0.0,-2260000.0,-0.9186991869918699,-226.0,-226.0,10000.0,10000.0,https://www.sec.gov/Archives/edgar/data/1040792/000143774915020958/hmny20150930_10q.htm,https://www.sec.gov/Archives/edgar/data/1040792/000143774915020958/hmny20150930_10q.htm,1620593147,16:45:47,20210509
13,2015-06-30,HMNY,USD,2015-08-10,2015-08-10 09:23:26,Q2,2410000.0,1810000.0,610000.0,0.25311203319502074,0.0,0.0,0.0,2760.0,541028.0,2346281.0,0.0,10000.0,80000.0,0.03319502074688797,70000.0,0.029045643153526972,0.0,70000.0,0.029045643153526972,0.0,70000.0,0.029045643153526972,7.0,7.0,10000.0,10000.0,https://www.sec.gov/Archives/edgar/data/1040792/000143774915015340/hmny20150630_10q.htm,https://www.sec.gov/Archives/edgar/data/1040792/000143774915015340/hmny20150630_10q.htm,1620593147,16:45:47,20210509
14,2015-03-31,HMNY,USD,2015-05-14,2015-05-14 09:29:18,Q1,2490000.0,1870000.0,620000.0,0.24899598393574296,0.0,0.0,0.0,3065.0,565978.0,2438239.0,0.0,0.0,60000.0,0.024096,60000.0,0.024096385542168676,0.0,60000.0,0.024096385542168676,0.0,60000.0,0.024096385542168676,6.0,6.0,10000.0,10000.0,https://www.sec.gov/Archives/edgar/data/1040792/000143774915010043/hmny20150331_10q.htm,https://www.sec.gov/Archives/edgar/data/1040792/000143774915010043/hmny20150331_10q.htm,1620593147,16:45:47,20210509
15,2014-12-31,HMNY,USD,2015-03-27,2015-03-27 11:34:00,Q4,2400000.0,1780000.0,620000.0,0.25833333333333336,0.0,0.0,0.0,2684.0,607514.0,2385969.0,0.0,0.0,10000.0,0.004167,10000.0,0.004166666666666667,0.0,10000.0,0.004166666666666667,0.0,10000.0,0.004166666666666667,1.0,1.0,10000.0,10000.0,https://www.sec.gov/Archives/edgar/data/1040792/000143774915006208/hmny20141231_10k.htm,https://www.sec.gov/Archives/edgar/data/1040792/000143774915006208/hmny20141231_10k.htm,1620593147,16:45:47,20210509
16,2014-09-30,HMNY,USD,2014-11-10,2014-11-10 08:32:32,Q3,2510000.0,1990000.0,520000.0,0.20717131474103587,0.0,0.0,0.0,3520.0,550369.0,2536799.0,0.0,10000.0,-20000.0,-0.00796812749003984,-30000.0,-0.01195219123505976,0.0,-20000.0,-0.00796812749003984,0.0,-30000.0,-0.01195219123505976,-3.0,-3.0,10000.0,10000.0,https://www.sec.gov/Archives/edgar/data/1040792/000143774914020116/hmny20140930_10q.htm,https://www.sec.gov/Archives/edgar/data/1040792/000143774914020116/hmny20140930_10q.htm,1620593147,16:45:47,20210509
17,2014-06-30,HMNY,USD,2014-08-13,2014-08-13 08:45:57,Q2,2800000.0,2300000.0,500000.0,0.17857142857142858,0.0,0.0,0.0,2675.0,577624.0,2881937.0,0.0,0.0,-80000.0,-0.028571,-80000.0,-0.02857142857142857,0.0,-80000.0,-0.02857142857142857,0.0,-80000.0,-0.02857142857142857,-8.0,-8.0,10000.0,10000.0,https://www.sec.gov/Archives/edgar/data/1040792/000143774914015201/hmny20140630_10q.htm,https://www.sec.gov/Archives/edgar/data/1040792/000143774914015201/hmny20140630_10q.htm,1620593147,16:45:47,20210509
18,2014-03-31,HMNY,USD,2014-05-09,2014-05-09 08:01:15,Q1,2930000.0,2400000.0,540000.0,0.18430034129692832,0.0,0.0,0.0,2250.0,620790.0,3019695.0,0.0,0.0,-90000.0,-0.030717,-90000.0,-0.030716723549488054,0.0,-80000.0,-0.027303754266211604,0.0,-90000.0,-0.030716723549488054,-9.0,-9.0,10000.0,10000.0,https://www.sec.gov/Archives/edgar/data/1040792/000143774914008466/hmny20140331_10q.htm,https://www.sec.gov/Archives/edgar/data/1040792/000143774914008466/hmny20140331_10q.htm,1620593147,16:45:47,20210509
19,2013-12-31,HMNY,USD,2014-03-03,2014-03-03 13:04:10,Q4,3230000.0,2630000.0,600000.0,0.18575851393188855,0.0,0.0,0.0,2990.0,532556.0,3164278.0,0.0,0.0,70000.0,0.021672,70000.0,0.021671826625386997,0.0,70000.0,0.021671826625386997,0.0,70000.0,0.021671826625386997,7.0,7.0,10000.0,10000.0,https://www.sec.gov/Archives/edgar/data/1040792/000143774914003183/hmny20131231_10k.htm,https://www.sec.gov/Archives/edgar/data/1040792/000143774914003183/hmny20131231_10k.htm,1620593147,16:45:47,20210509
20,2013-09-30,HMNY,USD,2013-11-12,2013-11-12 08:02:15,Q3,3420000.0,2750000.0,670000.0,0.195906432748538,0.0,0.0,0.0,2639.0,575061.0,3322293.0,0.0,10000.0,100000.0,0.029239766081871343,90000.0,0.02631578947368421,0.0,90000.0,0.02631578947368421,-10000.0,100000.0,0.029239766081871343,10.0,10.0,10000.0,10000.0,https://www.sec.gov/Archives/edgar/data/1040792/000143774913014392/hmny20131028_10q.htm,https://www.sec.gov/Archives/edgar/data/1040792/000143774913014392/hmny20131028_10q.htm,1620593147,16:45:47,20210509
21,2013-06-30,HMNY,USD,2013-08-02,2013-08-02,Q2,3440000.0,2650000.0,790000.0,0.22965116279069767,0.0,0.0,0.0,2494.0,678595.0,3329676.0,0.0,0.0,110000.0,0.031977,110000.0,0.03197674418604651,0.0,110000.0,0.03197674418604651,0.0,110000.0,0.03197674418604651,11.0,11.0,10000.0,10000.0,https://www.sec.gov/Archives/edgar/data/1040792/000143774913009794/hmny20130718_10q.htm,https://www.sec.gov/Archives/edgar/data/1040792/000143774913009794/hmny20130718_10q.htm,1620593147,16:45:47,20210509
22,2013-03-31,HMNY,USD,2013-05-06,2013-05-06,Q1,3200000.0,2530000.0,670000.0,0.209375,0.0,0.0,0.0,2472.0,571310.0,3099720.0,0.0,0.0,100000.0,0.03125,100000.0,0.03125,0.0,100000.0,0.03125,0.0,100000.0,0.03125,10.0,10.0,10000.0,10000.0,https://www.sec.gov/Archives/edgar/data/1040792/000143774913005314/hmny_10q-033113.htm,https://www.sec.gov/Archives/edgar/data/1040792/000143774913005314/hmny_10q-033113.htm,1620593147,16:45:47,20210509
23,2012-12-31,HMNY,USD,2013-03-04,2013-03-04,Q4,3330000.0,2630000.0,700000.0,0.21021021021021022,0.0,0.0,0.0,2070.0,539581.0,3169345.0,0.0,0.0,150000.0,0.045045,160000.0,0.04804804804804805,0.0,160000.0,0.04804804804804805,-10000.0,160000.0,0.04804804804804805,16.0,16.0,10000.0,10000.0,https://www.sec.gov/Archives/edgar/data/1040792/000143774913002262/helios_10k-123112.htm,https://www.sec.gov/Archives/edgar/data/1040792/000143774913002262/helios_10k-123112.htm,1620593147,16:45:47,20210509
24,2012-09-30,HMNY,USD,2012-11-05,2012-11-05,Q3,3400000.0,2650000.0,750000.0,0.22058823529411764,0.0,0.0,0.0,2703.0,603321.0,3257686.0,0.0,0.0,150000.0,0.044118,150000.0,0.04411764705882353,0.0,150000.0,0.04411764705882353,10000.0,140000.0,0.041176470588235294,14.0,14.0,10000.0,10000.0,https://www.sec.gov/Archives/edgar/data/1040792/000143774912010950/hmny20121026_10q.htm,https://www.sec.gov/Archives/edgar/data/1040792/000143774912010950/hmny20121026_10q.htm,1620593147,16:45:47,20210509
25,2012-06-30,HMNY,USD,2012-08-03,2012-08-03,Q2,2960000.0,2260000.0,700000.0,0.23648648648648649,0.0,0.0,0.0,4301.0,598986.0,2858355.0,0.0,0.0,110000.0,0.037162,100000.0,0.033783783783783786,0.0,110000.0,0.037162162162162164,10000.0,100000.0,0.033783783783783786,10.0,10.0,10000.0,10000.0,https://www.sec.gov/Archives/edgar/data/1040792/000143774912007670/hmit_10q-063012.htm,https://www.sec.gov/Archives/edgar/data/1040792/000143774912007670/hmit_10q-063012.htm,1620593147,16:45:47,20210509
26,2012-03-31,HMNY,USD,2012-05-15,2012-05-15,Q1,2680000.0,2040000.0,640000.0,0.23880597014925373,0.0,0.0,0.0,5018.0,538928.0,2577563.0,0.0,10000.0,30000.0,0.011194029850746268,20000.0,0.007462686567164179,0.0,20000.0,0.007462686567164179,10000.0,10000.0,0.0037313432835820895,1.0,1.0,10000.0,10000.0,https://www.sec.gov/Archives/edgar/data/1040792/000114420412029132/v311567_10q.htm,https://www.sec.gov/Archives/edgar/data/1040792/000114420412029132/v311567_10q.htm,1620593147,16:45:47,20210509
27,2011-12-31,HMNY,USD,2012-03-13,2012-03-13,Q4,2830000.0,2100000.0,730000.0,0.2579505300353357,0.0,0.0,0.0,29823.0,495410.0,4822373.0,0.0,0.0,240000.0,0.084806,240000.0,0.08480565371024736,0.0,240000.0,0.08480565371024736,0.0,240000.0,0.08480565371024736,24.0,24.0,10000.0,10000.0,https://www.sec.gov/Archives/edgar/data/1040792/000114420412014589/v303156_10k.htm,https://www.sec.gov/Archives/edgar/data/1040792/000114420412014589/v303156_10k.htm,1620593147,16:45:47,20210509
28,2011-09-30,HMNY,USD,2011-11-14,2011-11-14,Q3,3140000.0,2510000.0,630000.0,0.20063694267515925,0.0,0.0,0.0,5330.0,562884.0,3068915.0,0.0,10000.0,80000.0,0.025477707006369428,70000.0,0.022292993630573247,0.0,70000.0,0.022292993630573247,0.0,60000.0,0.01910828025477707,6.0,6.0,10000.0,10000.0,https://www.sec.gov/Archives/edgar/data/1040792/000114420411063376/v237487_10q.htm,https://www.sec.gov/Archives/edgar/data/1040792/000114420411063376/v237487_10q.htm,1620593147,16:45:47,20210509
29,2011-06-30,HMNY,USD,2011-08-15,2011-08-15,Q2,2990000.0,2440000.0,550000.0,0.18394648829431437,0.0,0.0,0.0,13165.0,524807.0,2962009000.0,-3339000.0,0.0,-3309000.0,-1.106689,20000.0,0.006688963210702341,0.0,20000.0,0.006688963210702341,10000.0,20000.0,0.006688963210702341,2.0,2.0,10000.0,10000.0,https://www.sec.gov/Archives/edgar/data/1040792/000114420411046858/v228931_10q.htm,https://www.sec.gov/Archives/edgar/data/1040792/000114420411046858/v228931_10q.htm,1620593147,16:45:47,20210509
30,2011-03-31,HMNY,USD,2011-05-13,2011-05-13 07:53:00,Q1,3250000.0,2630000.0,620000.0,0.19076923076923077,0.0,0.0,0.0,0.0,731470.0,3354477000.0,0.0,10000.0,-100000.0,-0.03076923076923077,-110000.0,-0.033846153846153845,0.0,-110000.0,-0.033846153846153845,10000.0,-120000.0,-0.036923076923076927,-12.0,-12.0,10000.0,10000.0,https://www.sec.gov/Archives/edgar/data/1040792/000095012311049741/c17185e10vq.htm,https://www.sec.gov/Archives/edgar/data/1040792/000095012311049741/c17185e10vq.htm,1620593147,16:45:47,20210509
31,2010-12-31,HMNY,USD,2011-03-16,2011-03-16 14:06:45,Q4,3420000.0,2800000.0,620000.0,0.18128654970760233,0.0,0.0,0.0,0.0,778536.0,3570004000.0,0.0,10000.000000000002,-150000.0,-0.043859649122807015,-160000.0,-0.04678362573099415,0.0,-160000.0,-0.04678362573099415,0.0,-160000.0,-0.04678362573099415,-16.0,-16.0,10000.0,10000.0,https://www.sec.gov/Archives/edgar/data/1040792/000095012311025881/c14213e10vk.htm,https://www.sec.gov/Archives/edgar/data/1040792/000095012311025881/c14213e10vk.htm,1620593147,16:45:47,20210509
32,2010-09-30,HMNY,USD,2010-11-15,2010-11-15 10:15:48,Q3,3450000.0,2780000.0,670000.0,0.19420289855072465,0.0,0.0,0.0,0.0,670436.0,3443414000.0,0.0,10000.000000000002,10000.000000000002,0.002899,0.0,0.0,0.0,0.0,0.0,-10000.0,10000.0,0.002898550724637681,1.0,1.0,10000.0,10000.0,https://www.sec.gov/Archives/edgar/data/1040792/000095012310105370/c08386e10vq.htm,https://www.sec.gov/Archives/edgar/data/1040792/000095012310105370/c08386e10vq.htm,1620593147,16:45:47,20210509
33,2010-06-30,HMNY,USD,2010-08-16,2010-08-16 16:30:43,Q2,2960000.0,2310000.0,650000.0,0.2195945945945946,0.0,0.0,0.0,0.0,1076771.0,3369810000.0,0.0,9999.999999999998,-410000.0,-0.13851351351351351,-420000.0,-0.14189189189189189,0.0,-420000.0,-0.14189189189189189,0.0,-430000.0,-0.14527027027027026,-86.41,-86.41,10000.0,10000.0,https://www.sec.gov/Archives/edgar/data/1040792/000095012310078041/c04913e10vq.htm,https://www.sec.gov/Archives/edgar/data/1040792/000095012310078041/c04913e10vq.htm,1620593147,16:45:47,20210509
34,2010-03-31,HMNY,USD,2010-05-14,2010-05-14 16:38:07,Q1,3440000.0,2640000.0,800000.0,0.23255813953488372,0.0,0.0,0.0,0.0,1162295.0,3789393000.0,0.0,20000.0,-340000.0,-0.09883720930232558,-360000.0,-0.10465116279069768,0.0,-360000.0,-0.10465116279069768,0.0,-360000.0,-0.10465116279069768,-73.52,-73.52,10000.0,10000.0,https://www.sec.gov/Archives/edgar/data/1040792/000095012310049720/c01099e10vq.htm,https://www.sec.gov/Archives/edgar/data/1040792/000095012310049720/c01099e10vq.htm,1620593147,16:45:47,20210509
35,2009-12-31,HMNY,USD,2010-03-31,2010-03-31 17:10:14,Q4,3960000.0,2930000.0,1030000.0,0.2601010101010101,0.0,0.0,0.0,0.0,1362817.0,4269916000.0,0.0,19999.99999999999,-310000.0,-0.07828282828282829,-330000.0,-0.08333333333333333,0.0,-330000.0,-0.08333333333333333,0.0,-340000.0,-0.08585858585858586,-77.53,-77.53,10000.0,10000.0,https://www.sec.gov/Archives/edgar/data/1040792/000095012310030965/c98484e10vk.htm,https://www.sec.gov/Archives/edgar/data/1040792/000095012310030965/c98484e10vk.htm,1620593147,16:45:47,20210509
36,2009-09-30,HMNY,USD,2009-11-12,2009-11-12 15:34:00,Q3,3560000.0,2770000.0,800000.0,0.2247191011235955,0.0,0.0,0.0,0.0,1330776.0,4070592000.0,0.0,30000.0,-510000.0,-0.14325842696629212,-540000.0,-0.15168539325842698,0.0,-540000.0,-0.15168539325842698,10000.0,-540000.0,-0.15168539325842698,-141.08,-141.08,10000.0,10000.0,https://www.sec.gov/Archives/edgar/data/1040792/000095012309061728/c92317e10vq.htm,https://www.sec.gov/Archives/edgar/data/1040792/000095012309061728/c92317e10vq.htm,1620593147,16:45:47,20210509
37,2009-06-30,HMNY,USD,2009-08-10,2009-08-10 13:46:21,Q2,3570000.0,2660000.0,910000.0,0.2549019607843137,0.0,0.0,0.0,0.0,1363994.0,3985728000.0,0.0,30000.000000000007,-420000.0,-0.11764705882352941,-450000.0,-0.12605042016806722,0.0,-450000.0,-0.12605042016806722,0.0,-460000.0,-0.12885154061624648,-118.65,-118.65,10000.0,10000.0,https://www.sec.gov/Archives/edgar/data/1040792/000095012309032723/c88896e10vq.htm,https://www.sec.gov/Archives/edgar/data/1040792/000095012309032723/c88896e10vq.htm,1620593147,16:45:47,20210509
38,2009-03-31,HMNY,USD,2009-05-14,2009-05-14 14:57:55,Q1,3800000.0,2840000.0,950000.0,0.25,0.0,0.0,0.0,0.0,1690183.0,4498829000.0,0.0,40000.0,-700000.0,-0.18421052631578946,-740000.0,-0.19473684210526315,0.0,-740000.0,-0.19473684210526315,10000.0,-740000.0,-0.19473684210526315,-165.45,-165.45,10000.0,10000.0,https://www.sec.gov/Archives/edgar/data/1040792/000136231009007445/c85503e10vq.htm,https://www.sec.gov/Archives/edgar/data/1040792/000136231009007445/c85503e10vq.htm,1620593147,16:45:47,20210509
39,2008-12-31,HMNY,USD,2009-03-31,2009-03-31 16:32:41,Q4,5010000.0,3580000.0,1430000.0,0.28542914171656686,0.0,0.0,0.0,0.0,1535143.0,5067749000.0,-39942000.0,39999.99999999998,-1210000.0,-0.24151696606786427,-1250000.0,-0.249500998003992,0.0,-1240000.0,-0.24750499001996007,0.0,-1250000.0,-0.249500998003992,-131.52,-131.52,10000.0,10000.0,https://www.sec.gov/Archives/edgar/data/1040792/000136231009004630/c83155e10vk.htm,https://www.sec.gov/Archives/edgar/data/1040792/000136231009004630/c83155e10vk.htm,1620593147,16:45:47,20210509
40,2008-09-30,HMNY,USD,2008-11-13,2008-11-13 14:24:19,Q3,5040000.0,3840000.0,1200000.0,0.23809523809523808,0.0,0.0,0.0,0.0,1508068.0,5302299000.0,0.0,50000.00000000002,-259999.99999999997,-0.051587301587301584,-310000.0,-0.061507936507936505,0.0,-300000.0,-0.05952380952380952,0.0,-300000.0,-0.05952380952380952,-78.49,-78.49,10000.0,10000.0,https://www.sec.gov/Archives/edgar/data/1040792/000136231008007208/c77088e10vq.htm,https://www.sec.gov/Archives/edgar/data/1040792/000136231008007208/c77088e10vq.htm,1620593147,16:45:47,20210509
41,2008-06-30,HMNY,USD,2008-08-14,2008-08-14 12:26:53,Q2,4840000.0,3970000.0,860000.0,0.17768595041322313,0.0,0.0,0.0,0.0,1413964.0,5340889000.0,0.0,49999.99999999999,-500000.0,-0.10330578512396695,-550000.0,-0.11363636363636363,0.0,-540000.0,-0.1115702479338843,10000.0,-550000.0,-0.11363636363636363,-142.38,-142.38,10000.0,10000.0,https://www.sec.gov/Archives/edgar/data/1040792/000136231008004639/c74658e10vq.htm,https://www.sec.gov/Archives/edgar/data/1040792/000136231008004639/c74658e10vq.htm,1620593147,16:45:47,20210509
42,2008-03-31,HMNY,USD,2008-05-14,2008-05-14 10:55:18,Q1,4770000.0,3790000.0,990000.0,0.20754716981132076,0.0,0.0,0.0,0.0,1829728.0,5573086000.0,0.0,40000.0,-810000.0,-0.16981132075471697,-850000.0,-0.17819706498951782,0.0,-830000.0,-0.1740041928721174,10000.0,-830000.0,-0.1740041928721174,-216.7,-216.7,10000.0,10000.0,https://www.sec.gov/Archives/edgar/data/1040792/000095013608002558/file1.htm,https://www.sec.gov/Archives/edgar/data/1040792/000095013608002558/file1.htm,1620593147,16:45:47,20210509
43,2007-12-31,HMNY,USD,2008-03-25,2008-03-25 14:38:17,Q4,5260000.0,3640000.0,1630000.0,0.30988593155893535,0.0,0.0,0.0,0.0,1965746.0,5560173000.0,-157200000.0,49999.99999999999,-290000.0,-0.055133079847908745,-340000.0,-0.06463878326996197,0.0,-310000.0,-0.058935361216730035,-90000.0,-220000.0,-0.04182509505703422,-57.89,-57.89,10000.0,10000.0,https://www.sec.gov/Archives/edgar/data/1040792/000095013608001498/file1.htm,https://www.sec.gov/Archives/edgar/data/1040792/000095013608001498/file1.htm,1620593147,16:45:47,20210509
44,2007-09-30,HMNY,USD,2007-11-13,2007-11-13 06:35:33,Q3,4960000.0,3560000.0,1390000.0,0.28024193548387094,0.0,0.0,0.0,0.0,1756094.0,5271175000.0,0.0,50000.00000000002,-310000.0,-0.0625,-360000.0,-0.07258064516129033,0.0,-330000.0,-0.06653225806451613,-70000.0,-260000.0,-0.05241935483870968,-67.56,-67.56,10000.0,10000.0,https://www.sec.gov/Archives/edgar/data/1040792/000095013607007668/file1.htm,https://www.sec.gov/Archives/edgar/data/1040792/000095013607007668/file1.htm,1620593147,16:45:47,20210509
45,2007-06-30,HMNY,USD,2007-08-10,2007-08-10 17:16:31,Q2,4730000.0,3580000.0,1160000.0,0.2452431289640592,0.0,0.0,0.0,0.0,1755451.0,5280813000.0,0.0,39999.99999999999,-560000.0,-0.11839323467230443,-600000.0,-0.12684989429175475,0.0,-560000.0,-0.11839323467230443,10000.0,-570000.0,-0.12050739957716702,-148.63,-148.63,10000.0,10000.0,https://www.sec.gov/Archives/edgar/data/1040792/000095013607005538/file1.htm,https://www.sec.gov/Archives/edgar/data/1040792/000095013607005538/file1.htm,1620593147,16:45:47,20210509
46,2007-03-31,HMNY,USD,2007-05-11,2007-05-11 10:43:46,Q1,5880000.0,3910000.0,1970000.0,0.33503401360544216,0.0,0.0,0.0,0.0,1811370.0,5672102000.0,0.0,50000.0,210000.0,0.03571428571428571,160000.0,0.027210884353741496,0.0,210000.0,0.03571428571428571,0.0,210000.0,0.03571428571428571,54.88,54.88,10000.0,10000.0,https://www.sec.gov/Archives/edgar/data/1040792/000095013607003380/file1.htm,https://www.sec.gov/Archives/edgar/data/1040792/000095013607003380/file1.htm,1620593147,16:45:47,20210509
47,2006-12-31,HMNY,USD,2006-12-31,2006-12-31,Q4,6320000.0,4280000.0,2040000.0,0.3227848101265823,0.0,0.0,0.0,0.0,1688266.0,0.0,0.0,39999.99999999999,390000.0,0.061708860759493674,350000.0,0.055379746835443035,0.0,390000.0,0.061708860759493674,90000.0,300000.0,0.04746835443037975,77.65,77.65,10000.0,10000.0,,,1620593147,16:45:47,20210509
48,2006-09-30,HMNY,USD,2006-09-30,2006-09-30,Q3,5970000.0,4170000.0,1810000.0,0.30318257956448913,0.0,0.0,0.0,0.0,1801068.0,0.0,0.0,30000.0,50000.0,0.008375,0.0,0.0,0.0,20000.0,0.0033500837520938024,10000.0,10000.0,0.0016750418760469012,3.38,3.38,10000.0,10000.0,,,1620593147,16:45:47,20210509
49,2006-06-30,HMNY,USD,2006-08-14,2006-08-14,Q2,6740000.0,4930000.0,1810000.0,0.2685459940652819,0.0,0.0,0.0,0.0,1129493.0,0.0,0.0,40000.0,720000.0,0.10682492581602374,680000.0,0.10089020771513353,0.0,690000.0,0.10237388724035608,10000.0,680000.0,0.10089020771513353,176.54,176.54,10000.0,10000.0,https://www.sec.gov/Archives/edgar/data/1040792/000112528206004969/0001125282-06-004969-index.htm,https://www.sec.gov/Archives/edgar/data/1040792/000112528206004969/b414488_10q.txt,1620593147,16:45:47,20210509
50,2006-03-31,HMNY,USD,2006-03-31,2006-03-31,Q1,5910000.0,4300000.0,1610000.0,0.272419627749577,0.0,0.0,0.0,0.0,1752229.0,0.0,0.0,40000.0,-100000.0,-0.01692047377326565,-140000.0,-0.023688663282571912,0.0,-140000.0,-0.023688663282571912,10000.0,-140000.0,-0.023688663282571912,-36.84,-36.84,10000.0,10000.0,,,1620593147,16:45:47,20210509
51,2005-12-31,HMNY,USD,2005-12-31,2005-12-31,Q4,6760000.0,4510000.0,2240000.0,0.33136094674556216,0.0,0.0,0.0,0.0,2036741.0,0.0,0.0,40000.00000000001,250000.0,0.03698224852071006,210000.0,0.03106508875739645,0.0,200000.0,0.029585798816568046,0.0,200000.0,0.029585798816568046,53.66,53.66,10000.0,10000.0,,,1620593147,16:45:47,20210509
52,2005-09-30,HMNY,USD,2005-09-30,2005-09-30,Q3,6860000.0,4960000.0,1900000.0,0.27696793002915454,0.0,0.0,0.0,0.0,1766609.0,0.0,0.0,40000.00000000001,170000.0,0.02478134110787172,130000.0,0.018950437317784258,0.0,120000.0,0.01749271137026239,10000.0,120000.0,0.01749271137026239,30.59,30.59,10000.0,10000.0,,,1620593147,16:45:47,20210509
53,2005-06-30,HMNY,USD,2005-06-30,2005-06-30,Q2,6700000.0,4920000.0,1780000.0,0.2656716417910448,0.0,0.0,0.0,0.0,2326147.0,0.0,0.0,60000.0,-480000.0,-0.07164179104477612,-540000.0,-0.08059701492537313,0.0,-540000.0,-0.08059701492537313,0.0,-550000.0,-0.08208955223880597,-149.64,-149.64,10000.0,10000.0,,,1620593147,16:45:47,20210509
54,2005-03-31,HMNY,USD,2005-03-31,2005-03-31,Q1,6120000.0,4240000.0,1880000.0,0.30718954248366015,0.0,0.0,0.0,0.0,2131601.0,0.0,0.0,60000.0,-200000.0,-0.032679738562091505,-260000.0,-0.042483660130718956,0.0,-250000.0,-0.04084967320261438,10000.0,-260000.0,-0.042483660130718956,-77.56,-77.56,10000.0,10000.0,,,1620593147,16:45:47,20210509
55,2004-12-31,HMNY,USD,2005-03-25,2005-03-25,Q4,6300000.0,4320000.0,1990000.0,0.31587301587301586,0.0,0.0,0.0,0.0,1635081.0,0.0,0.0,70000.0,420000.0,0.06666666666666667,350000.0,0.05555555555555555,0.0,350000.0,0.05555555555555555,0.0,350000.0,0.05555555555555555,89.89,89.89,10000.0,10000.0,https://www.sec.gov/Archives/edgar/data/1040792/000112528205001571/0001125282-05-001571-index.htm,https://www.sec.gov/Archives/edgar/data/1040792/000112528205001571/b405619_10k.txt,1620593147,16:45:47,20210509
56,2004-09-30,HMNY,USD,2004-09-30,2004-09-30,Q3,6590000.0,4490000.0,2100000.0,0.3186646433990895,0.0,0.0,0.0,0.0,1700263.0,0.0,0.0,59999.99999999997,460000.0,0.06980273141122914,400000.0,0.06069802731411229,0.0,390000.0,0.05918057663125948,20000.0,370000.0,0.05614567526555387,98.1,98.1,10000.0,10000.0,,,1620593147,16:45:47,20210509
57,2004-06-30,HMNY,USD,2004-06-30,2004-06-30,Q2,6350000.0,4440000.0,1910000.0,0.30078740157480316,0.0,0.0,0.0,0.0,1570783.0,0.0,0.0,110000.00000000001,450000.0,0.07086614173228346,340000.0,0.05354330708661417,0.0,330000.0,0.05196850393700787,30000.0,300000.0,0.047244094488188976,78.77,78.77,10000.0,10000.0,,,1620593147,16:45:47,20210509
58,2004-03-31,HMNY,USD,2004-03-31,2004-03-31,Q1,5800000.0,4120000.0,1680000.0,0.2896551724137931,0.0,0.0,0.0,0.0,1407077.0,0.0,0.0,120000.0,400000.0,0.06896551724137931,280000.0,0.04827586206896552,0.0,270000.0,0.04655172413793104,50000.0,220000.0,0.03793103448275862,59.83,59.83,10000.0,10000.0,,,1620593147,16:45:47,20210509
59,2003-12-31,HMNY,USD,2003-12-31,2003-12-31,Q4,5700000.0,4110000.0,1590000.0,0.2789473684210526,0.0,0.0,0.0,0.0,1485661.0,0.0,0.0,160000.00000000003,270000.0,0.04736842105263158,110000.0,0.01929824561403509,0.0,90000.0,0.015789473684210527,10000.0,70000.0,0.012280701754385965,20.19,20.19,10000.0,10000.0,,,1620593147,16:45:47,20210509
60,2003-09-30,HMNY,USD,2003-09-30,2003-09-30,Q3,5550000.0,3990000.0,1560000.0,0.2810810810810811,0.0,0.0,0.0,0.0,1379046.0,0.0,0.0,169999.99999999997,350000.0,0.06306306306306306,180000.0,0.032432432432432434,0.0,170000.0,0.03063063063063063,0.0,170000.0,0.03063063063063063,47.69,47.69,10000.0,10000.0,,,1620593147,16:45:47,20210509
61,2003-06-30,HMNY,USD,2003-06-30,2003-06-30,Q2,5280000.0,3950000.0,1330000.0,0.2518939393939394,0.0,0.0,0.0,0.0,1536732.0,0.0,0.0,219999.99999999997,9999.99999999997,0.0018939393939393884,-210000.0,-0.03977272727272727,0.0,-220000.0,-0.041666666666666664,0.0,-220000.0,-0.041666666666666664,-67.67,-67.67,10000.0,10000.0,,,1620593147,16:45:47,20210509
62,2003-03-31,HMNY,USD,2003-05-14,2003-05-14,Q1,5110000.0,3770000.0,1340000.0,0.2622309197651663,0.0,0.0,0.0,0.0,1456631.0,0.0,0.0,200000.0,80000.0,0.015655577299412915,-120000.0,-0.023483365949119372,0.0,-130000.0,-0.025440313111545987,10000.0,-140000.0,-0.0273972602739726,-45.01,-45.01,10000.0,10000.0,https://www.sec.gov/Archives/edgar/data/1040792/000112528203003374/0001125282-03-003374-index.htm,https://www.sec.gov/Archives/edgar/data/1040792/000112528203003374/b324914_10q.txt,1620593147,16:45:47,20210509
63,2002-12-31,HMNY,USD,2002-12-31,2002-12-31,Q4,6080000.0,4190000.0,1890000.0,0.31085526315789475,0.0,0.0,0.0,0.0,1715176.0,0.0,0.0,209999.99999999997,380000.0,0.0625,170000.0,0.027960526315789474,0.0,140000.0,0.023026315789473683,-30000.0,160000.0,0.02631578947368421,48.23,48.23,10000.0,10000.0,,,1620593147,16:45:47,20210509
64,2002-09-30,HMNY,USD,2002-11-14,2002-11-14,Q3,5830000.0,4130000.0,1700000.0,0.2915951972555746,0.0,1780000.0,0.0,0.0,2014311.0,0.0,0.0,230000.00000000003,-239999.99999999997,-0.041166380789022294,-470000.0,-0.08061749571183534,0.0,-500000.0,-0.08576329331046312,0.0,-500000.0,-0.08576329331046312,-123.95,-123.95,10000.0,10000.0,https://www.sec.gov/Archives/edgar/data/1040792/000112528202003435/0001125282-02-003435-index.htm,https://www.sec.gov/Archives/edgar/data/1040792/000112528202003435/b321367_10q.txt,1620593147,16:45:47,20210509
65,2002-06-30,HMNY,USD,2002-08-14,2002-08-14,Q2,5640000.0,3910000.0,1740000.0,0.30851063829787234,0.0,1430000.0,0.0,0.0,1641741.0,0.0,0.0,210000.0,300000.0,0.05319148936170213,90000.0,0.015957446808510637,0.0,60000.0,0.010638297872340425,20000.0,40000.0,0.0070921985815602835,13.47,13.47,10000.0,10000.0,https://www.sec.gov/Archives/edgar/data/1040792/000112528202002491/0001125282-02-002491-index.htm,https://www.sec.gov/Archives/edgar/data/1040792/000112528202002491/b319810_10q.txt,1620593147,16:45:47,20210509
66,2002-03-31,HMNY,USD,2002-03-31,2002-03-31,Q1,6460000.0,4630000.0,1830000.0,0.28328173374613,0.0,1540000.0,0.0,0.0,1757679.0,0.0,0.0,220000.0,340000.0,0.05263157894736842,120000.0,0.018575851393188854,0.0,70000.0,0.010835913312693499,-430000.0,500000.0,0.07739938080495357,163.37,163.37,10000.0,10000.0,,,1620593147,16:45:47,20210509
67,2001-12-31,HMNY,USD,2002-04-05,2002-04-05,Q4,7340000.0,5050000.0,2290000.0,0.3119891008174387,0.0,1880000.0,0.0,0.0,10817082.0,0.0,0.0,229999.99999999988,429999.9999999999,0.05858310626702996,200000.0,0.027247956403269755,0.0,160000.0,0.021798365122615803,30000.0,190000.0,0.025885558583106268,38.85,38.85,10000.0,10000.0,https://www.sec.gov/Archives/edgar/data/1040792/000112528202001138/0001125282-02-001138-index.htm,https://www.sec.gov/Archives/edgar/data/1040792/000112528202001138/b317572_10ka.txt,1620593147,16:45:47,20210509
68,2001-09-30,HMNY,USD,2001-09-30,2001-09-30,Q3,7350000.0,4980000.0,2370000.0,0.3224489795918367,0.0,2000000.0,0.0,0.0,2238258.0,0.0,0.0,240000.0000000001,380000.0000000001,0.05170068027210886,140000.0,0.01904761904761905,0.0,50000.0,0.006802721088435374,0.0,240000.0,0.0326530612244898,17.5,17.5,10000.0,10000.0,,,1620593147,16:45:47,20210509
69,2001-06-30,HMNY,USD,2001-06-30,2001-06-30,Q2,9390000.0,7480000.0,1910000.0,0.20340788072417465,0.0,3520000.0,0.0,0.0,3788619.0,0.0,0.0,259999.99999999994,-8810000.0,-0.9382321618743344,-9070000.0,-0.9659211927582535,0.0,-9190000.0,-0.9787007454739084,0.0,-9190000.0,-0.9787007454739084,-701.5,-701.5,10000.0,10000.0,,,1620593147,16:45:47,20210509
70,2001-03-31,HMNY,USD,2001-05-15,2001-05-15,Q1,12150000.0,9850000.0,2300000.0,0.18930041152263374,0.0,5070000.0,0.0,0.0,5497748.0,0.0,0.0,430000.0,-4310000.0,-0.35473251028806585,-4740000.0,-0.39012345679012345,0.0,-4890000.0,-0.4024691358024691,0.0,-4890000.0,-0.4024691358024691,-1176.78,-1176.78,10000.0,10000.0,https://www.sec.gov/Archives/edgar/data/1040792/000112528201500474/0001125282-01-500474-index.htm,https://www.sec.gov/Archives/edgar/data/1040792/000112528201500474/b311597_10qa.txt,1620593147,16:45:47,20210509
71,2000-12-31,HMNY,USD,2000-12-31,2000-12-31,Q4,14040000.0,9860000.0,4180000.0,0.29772079772079774,0.0,10460000.0,0.0,0.0,11199895.0,0.0,0.0,740000.0000000002,-6280000.0,-0.4472934472934473,-7020000.0,-0.5,0.0,-7130000.0,-0.5078347578347578,40000.0,-7170000.0,-0.5106837606837606,-2850.4,-2850.4,10000.0,10000.0,,,1620593147,16:45:47,20210509
72,2000-09-30,HMNY,USD,2000-09-30,2000-09-30,Q3,12810000.0,9940000.0,2870000.0,0.22404371584699453,0.0,8130000.0,0.0,0.0,8701706.0,0.0,0.0,580000.0000000001,-5250000.0,-0.4098360655737705,-5830000.0,-0.45511319281811086,0.0,-5890000.0,-0.4597970335675254,500000.0,-6390000.0,-0.49882903981264637,-2383.99,-2383.99,10000.0,10000.0,,,1620593147,16:45:47,20210509
73,2000-06-30,HMNY,USD,2000-06-30,2000-06-30,Q2,15030000.0,10040000.0,4990000.0,0.3320026613439787,0.0,7140000.0,0.0,0.0,7724499.0,0.0,0.0,580000.0,-2160000.0,-0.1437125748502994,-2740000.0,-0.1823020625415835,0.0,-2790000.0,-0.18562874251497005,-1000000.0,-1790000.0,-0.11909514304723885,-747.51,-747.51,10000.0,10000.0,,,1620593147,16:45:47,20210509
74,2000-03-31,HMNY,USD,2000-03-31,2000-03-31,Q1,13150000.0,9230000.0,3920000.0,0.2980988593155893,0.0,5880000.0,0.0,0.0,6452333.0,0.0,0.0,570000.0,-1960000.0,-0.14904942965779466,-2530000.0,-0.19239543726235742,0.0,-2530000.0,-0.19239543726235742,-1080000.0,-1450000.0,-0.11026615969581749,-659.04,-659.04,10000.0,10000.0,,,1620593147,16:45:47,20210509
75,1999-12-31,HMNY,USD,1999-12-31,1999-12-31,Q4,12220000.0,9020000.0,3210000.0,0.26268412438625205,0.0,7580000.0,0.0,0.0,7578300.0,0.0,0.0,620000.0,-3750000.0,-0.306873977086743,-4370000.0,-0.3576104746317512,0.0,-4310000.0,-0.3527004909983633,-950000.0,-3370000.0,-0.27577741407528644,-1549.61,-1549.61,10000.0,10000.0,,,1620593147,16:45:47,20210509
76,1999-09-30,HMNY,USD,1999-09-30,1999-09-30,Q3,14210000.0,9340000.0,4870000.0,0.342716396903589,0.0,5940000.0,0.0,0.0,5937506.0,0.0,0.0,459999.99999999994,-610000.0,-0.04292751583391977,-1070000.0,-0.0752990851513019,0.0,-990000.0,-0.06966924700914849,-170000.0,-820000.0,-0.057705840957072485,-374.2,-374.2,10000.0,10000.0,,,1620593147,16:45:47,20210509
77,1999-06-30,HMNY,USD,1999-06-30,1999-06-30,Q2,14530000.0,9130000.0,5400000.0,0.3716448726772196,0.0,4080000.0,0.0,0.0,4082222.0,0.0,0.0,220000.00000000003,1540000.0,0.10598761183757742,1320000.0,0.09084652443220922,0.0,1550000.0,0.10667584308327598,660000.0,890000.0,0.06125258086717137,400.91,400.91,10000.0,10000.0,,,1620593147,16:45:47,20210509
78,1999-03-31,HMNY,USD,1999-03-31,1999-03-31,Q1,12550000.0,8210000.0,4340000.0,0.3458167330677291,0.0,3430000.0,0.0,0.0,3427116.0,0.0,0.0,180000.0,1090000.0,0.08685258964143426,910000.0,0.07250996015936255,0.0,1120000.0,0.08924302788844622,480000.0,640000.0,0.05099601593625498,289.14,289.14,10000.0,10000.0,,,1620593147,16:45:47,20210509
79,1998-12-31,HMNY,USD,1998-12-31,1998-12-31,Q4,13410000.0,8900000.0,4510000.0,0.33631618195376584,0.0,3190000.0,0.0,0.0,3188486.0,0.0,0.0,150000.00000000003,1470000.0,0.10961968680089486,1320000.0,0.09843400447427293,0.0,1460000.0,0.10887397464578673,650000.0,810000.0,0.06040268456375839,371.01,371.01,10000.0,10000.0,,,1620593147,16:45:47,20210509
80,1998-09-30,HMNY,USD,1998-11-12,1998-11-12,Q3,12670000.0,8350000.0,4320000.0,0.3409629044988161,0.0,3200000.0,0.0,0.0,3203794.0,0.0,0.0,109999.99999999999,1230000.0,0.09707971586424625,1120000.0,0.08839779005524862,0.0,1270000.0,0.10023677979479084,550000.0,720000.0,0.056827150749802685,326.34,326.34,10000.0,10000.0,https://www.sec.gov/Archives/edgar/data/1040792/0000889812-98-002637-index.html,https://www.sec.gov/Archives/edgar/data/1040792/,1620593147,16:45:47,20210509
81,1998-06-30,HMNY,USD,1998-06-30,1998-06-30,Q2,12400000.0,8080000.0,4320000.0,0.34838709677419355,0.0,3280000.0,0.0,0.0,3279105.0,0.0,0.0,99999.99999999999,1140000.0,0.09193548387096774,1040000.0,0.08387096774193549,0.0,1220000.0,0.09838709677419355,530000.0,690000.0,0.055645161290322584,313.13,313.13,10000.0,10000.0,,,1620593147,16:45:47,20210509
82,1998-03-31,HMNY,USD,1998-05-14,1998-05-14,Q1,10450000.0,6830000.0,3610000.0,0.34545454545454546,0.0,2800000.0,0.0,0.0,2798273.0,0.0,0.0,80000.0,900000.0,0.0861244019138756,820000.0,0.0784688995215311,0.0,990000.0,0.09473684210526316,420000.0,570000.0,0.05454545454545454,257.72,257.72,10000.0,10000.0,https://www.sec.gov/Archives/edgar/data/1040792/0000889812-98-001226-index.html,https://www.sec.gov/Archives/edgar/data/1040792/,1620593147,16:45:47,20210509
83,1997-12-31,HMNY,USD,1997-12-31,1997-12-31,Q4,9770000.0,6490000.0,3280000.0,0.33572159672466734,0.0,2560000.0,0.0,0.0,2436838.0,0.0,0.0,60000.00000000001,780000.0,0.07983623336745138,720000.0,0.0736949846468782,0.0,980000.0,0.10030706243602866,410000.0,570000.0,0.05834186284544524,250.0,250.0,10000.0,10000.0,,,1620593147,16:45:47,20210509
84,1997-09-30,HMNY,USD,1997-11-17,1997-11-17,Q3,9170000.0,6220000.0,2950000.0,0.321701199563795,0.0,2000000.0,0.0,0.0,2100000.0,0.0,0.0,20000.000000000004,970000.0,0.10577971646673937,950000.0,0.10359869138495092,0.0,990000.0,0.1079607415485278,490000.0,500000.0,0.05452562704471101,291.25,291.25,10000.0,10000.0,https://www.sec.gov/Archives/edgar/data/1040792/0001040792-97-000003-index.html,https://www.sec.gov/Archives/edgar/data/1040792/,1620593147,16:45:47,20210509
85,1997-06-30,HMNY,USD,1997-06-30,1997-06-30,Q2,8850000.0,6110000.0,2740000.0,0.3096045197740113,0.0,1790000.0,0.0,0.0,1790000.0,0.0,0.0,30000.0,980000.0,0.11073446327683616,950000.0,0.10734463276836158,0.0,890000.0,0.10056497175141244,70000.0,820000.0,0.09265536723163842,320.44,320.44,10000.0,10000.0,,,1620593147,16:45:47,20210509
86,1997-03-31,HMNY,USD,1997-03-31,1997-03-31,Q1,7430000.0,5110000.0,2320000.0,0.3122476446837147,0.0,1600000.0,0.0,0.0,1580000.0,0.0,0.0,30000.0,760000.0,0.10228802153432032,730000.0,0.09825033647375504,0.0,680000.0,0.09152086137281291,50000.0,630000.0,0.0847913862718708,250.05,250.05,10000.0,10000.0,,,1620593147,16:45:47,20210509
87,1996-12-31,HMNY,USD,1996-12-31,1996-12-31,Q4,5840000.0,4120000.0,1720000.0,0.2945205479452055,0.0,1850000.0,0.0,0.0,1860000.0000000002,0.0,0.0,60000.00000000001,-80000.0,-0.0136986301369863,-140000.0,-0.023972602739726026,0.0,-160000.0,-0.0273972602739726,0.0,-160000.0,-0.0273972602739726,52.96,52.96,10000.0,10000.0,,,1620593147,16:45:47,20210509
88,1996-09-30,HMNY,USD,1996-09-30,1996-09-30,Q3,5260000.0,3590000.0,1670000.0,0.31749049429657794,0.0,1740000.0,0.0,0.0,1750000.0,0.0,0.0,20000.0,-50000.0,-0.009505703422053232,-70000.0,-0.013307984790874524,0.0,-90000.0,-0.017110266159695818,0.0,-90000.0,-0.017110266159695818,79.84,79.84,10000.0,10000.0,,,1620593147,16:45:47,20210509
