,date,symbol,reportedCurrency,fillingDate,acceptedDate,period,revenue,costOfRevenue,grossProfit,grossProfitRatio,researchAndDevelopmentExpenses,generalAndAdministrativeExpenses,sellingAndMarketingExpenses,otherExpenses,operatingExpenses,costAndExpenses,interestExpense,depreciationAndAmortization,ebitda,ebitdaratio,operatingIncome,operatingIncomeRatio,totalOtherIncomeExpensesNet,incomeBeforeTax,incomeBeforeTaxRatio,incomeTaxExpense,netIncome,netIncomeRatio,eps,epsdiluted,weightedAverageShsOut,weightedAverageShsOutDil,link,finalLink,timestamp,est_time,est_date
0,2020-03-31,SBRAP,USD,2020-05-06,2020-05-06 16:10:21,Q1,149346000.0,0.0,149346000.0,1.0,0.0,8761000.0,0.0,18500000.0,8761000.0,8761000.0,0.0,46368000.0,86294000.0,0.5778125962529964,39926000.0,0.2673389310728108,2851000.0,39926000.0,0.2673389310728108,1042000.0,35217000.0,0.23580812341810292,0.1714595945292427,0.17095109501149444,205395330,206006285,https://www.sec.gov/Archives/edgar/data/1492298/000149229820000015/0001492298-20-000015-index.htm,https://www.sec.gov/Archives/edgar/data/1492298/000149229820000015/sbra10q2020q1.htm,1620597626,18:00:26,20210509
1,2019-12-31,SBRAP,USD,2020-02-24,2020-02-24 09:19:31,Q4,155763000.0,5075000.0,150688000.0,0.9674184498244127,0.0,5510000.0,0.0,20489000.0,5510000.0,10585000.0,0.0,45184000.0,87196000.0,0.5597991820907404,42012000.0,0.2697174553648813,4395000.0,42012000.0,0.2697174553648813,1110000.0,39741000.0,0.2551376129119239,0.2123231862251346,0.21124549142555182,187172210,188127092,https://www.sec.gov/Archives/edgar/data/1492298/000149229820000007/0001492298-20-000007-index.htm,https://www.sec.gov/Archives/edgar/data/1492298/000149229820000007/sbra10k2019.htm,1620597626,18:00:26,20210509
2,2019-09-30,SBRAP,USD,2019-10-30,2019-10-30 16:11:40,Q3,149834000.0,5611000.0,144223000.0,0.9625518907591067,0.0,8709000.0,0.0,15270000.0,8709000.0,14320000.0,0.0,44014000.0,68731000.0,0.458714310503624,24717000.0,0.16496255856481173,3325000.0,24717000.0,0.16496255856481173,826000.0,23282000.0,0.15538529305765048,0.12682330010612258,0.12605414347609087,183578254,184698411,https://www.sec.gov/Archives/edgar/data/1492298/000149229819000039/0001492298-19-000039-index.htm,https://www.sec.gov/Archives/edgar/data/1492298/000149229819000039/sbra10q2019q3.htm,1620597626,18:00:26,20210509
3,2019-06-30,SBRAP,USD,2019-08-07,2019-08-07 16:14:08,Q2,219366000.0,6240000.0,213126000.0,0.9715543885561118,0.0,8065000.0,0.0,18059000.0,8065000.0,14305000.0,0.0,50637000.0,138821000.0,0.6328282413865413,88184000.0,0.4019948396743342,73810000.0,88184000.0,0.4019948396743342,854000.0,83677000.0,0.3814492674343335,0.4649110707078584,0.46323274118407787,179984959,180637059,https://www.sec.gov/Archives/edgar/data/1492298/000149229819000034/0001492298-19-000034-index.htm,https://www.sec.gov/Archives/edgar/data/1492298/000149229819000034/sbra10q2019q2.htm,1620597626,18:00:26,20210509
4,2019-03-31,SBRAP,USD,2019-05-08,2019-05-08 16:10:51,Q1,136773000.0,5289000.0,131484000.0,0.96133008707859,0.0,8178000.0,0.0,1977000.0,8178000.0,13467000.0,0.0,51814000.0,114583000.0,0.8377603766825323,62769000.0,0.4589282972516505,10000.0,62769000.0,0.4589282972516505,612000.0,62471000.0,0.4567495046536963,0.3502,0.3502,178385984,178385984,https://www.sec.gov/Archives/edgar/data/1492298/000149229819000014/0001492298-19-000014-index.htm,https://www.sec.gov/Archives/edgar/data/1492298/000149229819000014/sbra10q2019q1.htm,1620597626,18:00:26,20210509
5,2018-12-31,SBRAP,USD,2019-02-25,2019-02-25 08:12:12,Q4,139209000.0,12512000.0,126697000.0,0.9101207536869024,0.0,11298000.0,0.0,1214000.0,11298000.0,23810000.0,0.0,54175000.0,37761000.0,0.27125401374911107,-16414000.0,-0.11790904323714703,3844000.0,-16414000.0,-0.11790904323714703,1164000.0,-19383000.0,-0.1392366872831498,-0.10870654089662554,-0.10845350748143998,178305738,178721744,https://www.sec.gov/Archives/edgar/data/1492298/000149229819000006/0001492298-19-000006-index.htm,https://www.sec.gov/Archives/edgar/data/1492298/000149229819000006/sbra10k2018.htm,1620597626,18:00:26,20210509
6,2018-09-30,SBRAP,USD,2018-11-05,2018-11-05 16:37:24,Q3,151802000.0,12611000.0,139191000.0,0.9169246781992332,0.0,8022000.0,0.0,4589000.0,8022000.0,20633000.0,0.0,56580000.0,94265000.0,0.6209733732098391,37685000.0,0.24825101118562337,3932000.0,37685000.0,0.24825101118562337,732000.0,35218000.0,0.23199957839817656,0.1975109215805874,0.19704598537324372,178309127,178729853,https://www.sec.gov/Archives/edgar/data/1492298/000149229818000033/0001492298-18-000033-index.htm,https://www.sec.gov/Archives/edgar/data/1492298/000149229818000033/sbra10q2018q3.htm,1620597626,18:00:26,20210509
7,2018-06-30,SBRAP,USD,2018-08-08,2018-08-08 16:12:45,Q2,166312000.0,12299000.0,154013000.0,0.926048631487806,0.0,9271000.0,0.0,3028000.0,9271000.0,21570000.0,0.0,48660000.0,252401000.0,1.5176355284044447,203741000.0,1.2250529125980085,4553000.0,203741000.0,1.2250529125980085,605000.0,200787000.0,1.2072911154937707,1.1260890085290107,1.1242223571587917,178304733,178600789,https://www.sec.gov/Archives/edgar/data/1492298/000149229818000027/0001492298-18-000027-index.htm,https://www.sec.gov/Archives/edgar/data/1492298/000149229818000027/sbra10q2018q2.htm,1620597626,18:00:26,20210509
8,2018-03-31,SBRAP,USD,2018-05-09,2018-05-09 16:18:08,Q1,166086000.0,12124000.0,153962000.0,0.9270016738316293,0.0,7867000.0,0.0,4257000.0,7867000.0,19991000.0,0.0,49802000.0,112347000.0,0.6764387124742604,62545000.0,0.37658201172886335,4338000.0,62545000.0,0.37658201172886335,510000.0,62471000.0,0.3761364594246354,0.3503807644656438,0.34994546271012383,178294605,178516388,https://www.sec.gov/Archives/edgar/data/1492298/000149229818000018/0001492298-18-000018-index.htm,https://www.sec.gov/Archives/edgar/data/1492298/000149229818000018/sbra10q2018q1.htm,1620597626,18:00:26,20210509
9,2017-12-31,SBRAP,USD,2018-02-21,2018-02-21 16:27:14,Q4,166472000.0,5931000.0,160541000.0,0.9643723869479552,0.0,8242000.0,0.0,47464000.0,8242000.0,14173000.0,-8000.0,53786000.0,158245000.0,0.9505802777644289,104459000.0,0.627486904704695,6964000.0,104459000.0,0.627486904704695,490000.0,103945000.0,0.6243992983805084,0.6324183479891801,0.6315684032935467,164361139,164582331,https://www.sec.gov/Archives/edgar/data/1492298/000149229818000008/0001492298-18-000008-index.htm,https://www.sec.gov/Archives/edgar/data/1492298/000149229818000008/sbra10k2017.htm,1620597626,18:00:26,20210509
10,2017-09-30,SBRAP,USD,2017-11-01,2017-11-01 16:13:57,Q3,111789000.0,5102000.0,106687000.0,0.9543604469133815,0.0,6137000.0,0.0,80000.0,6137000.0,11239000.0,0.0,27946000.0,43160000.0,0.3860844984748052,15214000.0,0.13609568025476568,4090000.0,15230000.0,0.13623880703825958,161000.0,15095000.0,0.13503117480252977,0.18601161594791013,0.18537611715053415,81150846,81429044,https://www.sec.gov/Archives/edgar/data/1492298/000149229817000043/0001492298-17-000043-index.htm,https://www.sec.gov/Archives/edgar/data/1492298/000149229817000043/sbra10q2017q3.htm,1620597626,18:00:26,20210509
11,2017-06-30,SBRAP,USD,2017-08-02,2017-08-02 16:18:49,Q2,64736000.0,4407000.0,60329000.0,0.931923504695996,0.0,11149000.0,0.0,4973000.0,11149000.0,15556000.0,1000.0,18572000.0,39092000.0,0.6038680177953535,20520000.0,0.31697973306969845,2027000.0,20536000.0,0.3172268907563025,0.0,20520000.0,0.31697973306969845,0.3137799588373297,0.3123572025636002,65396146,65694019,https://www.sec.gov/Archives/edgar/data/1492298/000149229817000026/0001492298-17-000026-index.htm,https://www.sec.gov/Archives/edgar/data/1492298/000149229817000026/sbra10q2017q2.htm,1620597626,18:00:26,20210509
12,2017-03-31,SBRAP,USD,2017-05-08,2017-05-08 16:12:57,Q1,62650000.0,2420000.0,60230000.0,0.9613727055067837,0.0,6873000.0,0.0,2129000.0,6873000.0,9293000.0,7000.0,20442000.0,39265000.0,0.6267358339984038,18823000.0,0.3004469273743017,1945000.0,18791000.0,0.2999361532322426,0.0,18823000.0,0.3004469273743017,0.288013175619687,0.2855409773526245,65354649,65920486,https://www.sec.gov/Archives/edgar/data/1492298/000149229817000018/0001492298-17-000018-index.htm,https://www.sec.gov/Archives/edgar/data/1492298/000149229817000018/sbra10q2017q1.htm,1620597626,18:00:26,20210509
13,2016-12-31,SBRAP,USD,2017-02-22,2017-02-22 16:20:00,Q4,61791000.0,1447000.0,60344000.0,0.976582350180447,0.0,4397000.0,0.0,-1346000.0,4397000.0,5844000.0,0.0,18500000.0,41675000.0,0.6744509718243757,23175000.0,0.3750546196047968,1981000.0,23170000.0,0.37497370167176447,-700000.0,23175000.0,0.3750546196047968,0.35498607466600174,0.35370516346352493,65284251,65520672,https://www.sec.gov/Archives/edgar/data/1492298/000149229817000006/0001492298-17-000006-index.htm,https://www.sec.gov/Archives/edgar/data/1492298/000149229817000006/sbra10k2016.htm,1620597626,18:00:26,20210509
14,2016-09-30,SBRAP,USD,2016-11-02,2016-11-02 16:13:30,Q3,61927000.0,1404000.0,60523000.0,0.977328144428117,0.0,6171000.0,0.0,2945000.0,6171000.0,7575000.0,0.0,18396000.0,43733000.0,0.7062024641917096,25337000.0,0.40914302323703716,3157000.0,25312000.0,0.4087393221050592,0.0,25337000.0,0.40914302323703716,0.3880948247830061,0.38699819853461226,65285591,65470589,https://www.sec.gov/Archives/edgar/data/1492298/000149229816000088/0001492298-16-000088-index.htm,https://www.sec.gov/Archives/edgar/data/1492298/000149229816000088/sbra10q2016q3.htm,1620597626,18:00:26,20210509
15,2016-06-30,SBRAP,USD,2016-08-01,2016-08-01 16:15:04,Q2,74249000.0,1440000.0,72809000.0,0.9806057994047058,0.0,4636000.0,0.0,2400000.0,4636000.0,6076000.0,0.0,17711000.0,55186000.0,0.743255801424935,37475000.0,0.504720602297674,22325000.0,37466000.0,0.5045993885439535,0.0,37475000.0,0.504720602297674,0.5741108998420448,0.572536545592082,65274845,65454337,https://www.sec.gov/Archives/edgar/data/1492298/000149229816000082/0001492298-16-000082-index.htm,https://www.sec.gov/Archives/edgar/data/1492298/000149229816000082/sbra10q2016q2.htm,1620597626,18:00:26,20210509
16,2016-03-31,SBRAP,USD,2016-05-03,2016-05-03 14:47:03,Q1,62559000.0,1412000.0,61147000.0,0.9774293067344427,0.0,4714000.0,0.0,0.0,4714000.0,6126000.0,0.0,19014000.0,3303000.0,0.05279815853833981,-15711000.0,-0.25113892485493694,0.0,-15743000.0,-0.25165044198276826,0.0,-15711000.0,-0.25113892485493694,-0.24079,-0.24079,65248203,65248203,https://www.sec.gov/Archives/edgar/data/1492298/000149229816000072/0001492298-16-000072-index.htm,https://www.sec.gov/Archives/edgar/data/1492298/000149229816000072/sbra10q2016q1.htm,1620597626,18:00:26,20210509
17,2015-12-31,SBRAP,USD,2016-02-22,2016-02-22 16:12:03,Q4,66772000.0,2576000.0,64196000.0,0.9614209548912718,0.0,3153000.0,0.0,2560000.0,3153000.0,5729000.0,0.0,19466000.0,44533000.0,0.6669412328520937,25067000.0,0.37541184927814053,5987000.0,25084000.0,0.3756664470137183,0.0,25067000.0,0.37541184927814053,0.4027796956870613,0.4013273148058239,62235014,62460239,https://www.sec.gov/Archives/edgar/data/1492298/000149229816000054/0001492298-16-000054-index.htm,https://www.sec.gov/Archives/edgar/data/1492298/000149229816000054/sbra10k2015.htm,1620597626,18:00:26,20210509
18,2015-09-30,SBRAP,USD,2015-11-09,2015-11-09 16:21:08,Q3,59934000.0,0.0,59934000.0,1.0,0.0,3991000.0,0.0,-100000.0,3991000.0,3991000.0,0.0,17632000.0,35693000.0,0.595538425601495,18061000.0,0.30134814963126105,6761000.0,18034000.0,0.3008976540861614,0.0,18061000.0,0.30134814963126105,0.2948975859919712,0.2938248002805595,61244991,61468603,https://www.sec.gov/Archives/edgar/data/1492298/000149229815000044/0001492298-15-000044-index.htm,https://www.sec.gov/Archives/edgar/data/1492298/000149229815000044/sbra10q2015q3.htm,1620597626,18:00:26,20210509
19,2015-06-30,SBRAP,USD,2015-08-04,2015-08-04 16:41:59,Q2,56586000.0,0.0,56586000.0,1.0,0.0,8718000.0,0.0,-100000.0,8718000.0,8718000.0,0.0,15791000.0,32626000.0,0.5765737108118616,16835000.0,0.2975117520234687,6690000.0,16826000.0,0.297352702081787,0.0,16835000.0,0.2975117520234687,0.28411154892772994,0.2828928517152129,59254895,59510164,https://www.sec.gov/Archives/edgar/data/1492298/000149229815000033/0001492298-15-000033-index.htm,https://www.sec.gov/Archives/edgar/data/1492298/000149229815000033/sbra10q2015q2.htm,1620597626,18:00:26,20210509
20,2015-03-31,SBRAP,USD,2015-05-06,2015-05-06 15:48:46,Q1,55572000.0,0.0,55572000.0,1.0,0.0,8003000.0,0.0,-100000.0,8003000.0,8003000.0,0.0,15436000.0,34886000.0,0.6277621823940114,19450000.0,0.3499964010652847,6067000.0,19439000.0,0.34979845965594186,0.0,19450000.0,0.3499964010652847,0.3286293158469871,0.3265655464147611,59185225,59559253,https://www.sec.gov/Archives/edgar/data/1492298/000149229815000017/0001492298-15-000017-index.htm,https://www.sec.gov/Archives/edgar/data/1492298/000149229815000017/sbra10q2015q1.htm,1620597626,18:00:26,20210509
21,2014-12-31,SBRAP,USD,2015-02-19,2015-02-19 16:04:51,Q4,55711000.0,0.0,55711000.0,1.0,0.0,9334000.0,0.0,700000.0,9334000.0,9334000.0,0.0,15396000.0,37646000.0,0.675737287070776,22250000.0,0.3993825276875303,5971000.0,22236000.0,0.39913123081617635,0.0,22250000.0,0.3993825276875303,0.4800271593973223,0.474519568131317,46351544,46889531,https://www.sec.gov/Archives/edgar/data/1492298/000149229815000010/0001492298-15-000010-index.htm,https://www.sec.gov/Archives/edgar/data/1492298/000149229815000010/sbra10k2014.htm,1620597626,18:00:26,20210509
22,2014-09-30,SBRAP,USD,2014-11-04,2014-11-04 13:17:13,Q3,43984000.0,0.0,43984000.0,1.0,0.0,6226000.0,0.0,-100000.0,6226000.0,6226000.0,0.0,10702000.0,27906000.0,0.634457984721717,17204000.0,0.3911422335394689,5819000.0,17198000.0,0.3910058202982903,0.0,17204000.0,0.3911422335394689,0.39678384598033795,0.39242208412075125,43358620,43840550,https://www.sec.gov/Archives/edgar/data/1492298/000149229814000051/0001492298-14-000051-index.htm,https://www.sec.gov/Archives/edgar/data/1492298/000149229814000051/sbra10q2014q3.htm,1620597626,18:00:26,20210509
23,2014-06-30,SBRAP,USD,2014-08-04,2014-08-04 13:17:00,Q2,42973000.0,0.0,42973000.0,1.0,0.0,7926000.0,0.0,960000.0,7926000.0,7926000.0,0.0,10682000.0,25483000.0,0.5930002559746818,14801000.0,0.34442556954366693,10191000.0,14796000.0,0.3443092174155865,0.0,14801000.0,0.34442556954366693,0.3581626962698787,0.3541631821039078,41324795,41791470,https://www.sec.gov/Archives/edgar/data/1492298/000149229814000039/0001492298-14-000039-index.htm,https://www.sec.gov/Archives/edgar/data/1492298/000149229814000039/sbra10q2014q2.htm,1620597626,18:00:26,20210509
24,2014-03-31,SBRAP,USD,2014-05-05,2014-05-05 16:27:21,Q1,40850000.0,0.0,40850000.0,1.0,0.0,5853000.0,0.0,0.0,5853000.0,5853000.0,0.0,10262000.0,19819000.0,0.4851652386780906,9557000.0,0.233953488372093,54000.0,9557000.0,0.233953488372093,0.0,9557000.0,0.233953488372093,0.24525,0.24525,38968403,38968403,https://www.sec.gov/Archives/edgar/data/1492298/000149229814000023/0001492298-14-000023-index.htm,https://www.sec.gov/Archives/edgar/data/1492298/000149229814000023/sbra10q2014q1.htm,1620597626,18:00:26,20210509
25,2013-12-31,SBRAP,USD,2014-02-28,2014-02-28 14:46:30,Q4,37557000.0,0.0,37557000.0,1.0,0.0,5227000.0,0.0,-200000.0,5227000.0,5227000.0,0.0,9225000.0,22224000.0,0.5917405543573768,12999000.0,0.3461139068615704,3261000.0,12999000.0,0.3461139068615704,0.0,12999000.0,0.3461139068615704,0.34650475226509586,0.34143268717216985,37514637,38071926,https://www.sec.gov/Archives/edgar/data/1492298/000149229814000011/0001492298-14-000011-index.htm,https://www.sec.gov/Archives/edgar/data/1492298/000149229814000011/sbra10k2013.htm,1620597626,18:00:26,20210509
26,2013-09-30,SBRAP,USD,2013-11-04,2013-11-04 16:04:59,Q3,32926000.0,0.0,32926000.0,1.0,0.0,3057000.0,0.0,300000.0,3057000.0,3057000.0,0.0,8930000.0,20751000.0,0.6302314280507806,11821000.0,0.35901719006256455,1227000.0,11821000.0,0.35901719006256455,0.0,11821000.0,0.35901719006256455,0.3166272567828035,0.31291147223299143,37334120,37777458,https://www.sec.gov/Archives/edgar/data/1492298/000149229813000046/0001492298-13-000046-index.htm,https://www.sec.gov/Archives/edgar/data/1492298/000149229813000046/sbra10q2013q3.htm,1620597626,18:00:26,20210509
27,2013-06-30,SBRAP,USD,2013-08-05,2013-08-05 14:31:12,Q2,32275000.0,0.0,32275000.0,1.0,0.0,3422000.0,0.0,-900000.0,3422000.0,3422000.0,0.0,8843000.0,-714000.0,-0.02212238574748257,-9557000.0,-0.2961115414407436,1250000.0,-9557000.0,-0.2961115414407436,0.0,-9557000.0,-0.2961115414407436,-0.25607008962828254,-0.2528989036301961,37321813,37789804,https://www.sec.gov/Archives/edgar/data/1492298/000149229813000038/0001492298-13-000038-index.htm,https://www.sec.gov/Archives/edgar/data/1492298/000149229813000038/sbra10q2013q2.htm,1620597626,18:00:26,20210509
28,2013-03-31,SBRAP,USD,2013-05-06,2013-05-06 16:07:42,Q1,32022000.0,0.0,32022000.0,1.0,0.0,4717000.0,0.0,0.0,4717000.0,4717000.0,0.0,8813000.0,18370000.0,0.5736681031790644,9557000.0,0.29845106489288614,54000.0,9557000.0,0.29845106489288614,0.0,9557000.0,0.29845106489288614,0.2563152117647207,0.2532328859667169,37286121,37739964,https://www.sec.gov/Archives/edgar/data/1492298/000149229813000022/0001492298-13-000022-index.htm,https://www.sec.gov/Archives/edgar/data/1492298/000149229813000022/sbra10q2013q1.htm,1620597626,18:00:26,20210509
29,2012-12-31,SBRAP,USD,2013-03-14,2013-03-13 18:04:47,Q4,28288000.0,0.0,28288000.0,1.0,0.0,4516000.0,0.0,0.0,4516000.0,4516000.0,0.0,8404000.0,12363000.0,0.43704044117647056,3959000.0,0.1399533371040724,2196000.0,3959000.0,0.1399533371040724,0.0,3959000.0,0.1399533371040724,0.1068235650032186,0.10607821756012759,37061111,37321517,https://www.sec.gov/Archives/edgar/data/1492298/000149229813000009/0001492298-13-000009-index.htm,https://www.sec.gov/Archives/edgar/data/1492298/000149229813000009/sbra10k2012.htm,1620597626,18:00:26,20210509
30,2012-09-30,SBRAP,USD,2012-10-30,2012-10-30 17:09:39,Q3,26038000.0,0.0,26038000.0,1.0,0.0,3778000.0,0.0,0.0,3778000.0,3778000.0,0.0,8526000.0,13752000.0,0.5281511636838467,5226000.0,0.20070665949765726,0.0,5226000.0,0.20070665949765726,0.0,5226000.0,0.20070665949765726,0.1407813889697647,0.1401973971840819,37121384,37276013,https://www.sec.gov/Archives/edgar/data/1492298/000149229812000049/0001492298-12-000049-index.htm,https://www.sec.gov/Archives/edgar/data/1492298/000149229812000049/sbra10q2012q3.htm,1620597626,18:00:26,20210509
31,2012-06-30,SBRAP,USD,2012-08-02,2012-08-02 14:27:14,Q2,25117000.0,0.0,25117000.0,1.0,0.0,3489000.0,0.0,0.0,3489000.0,3489000.0,0.0,8434000.0,14357000.0,0.5716048891189235,5923000.0,0.23581637934466695,0.0,5923000.0,0.23581637934466695,0.0,5923000.0,0.23581637934466695,0.15968108858558439,0.15956785479567678,37092683,37119005,https://www.sec.gov/Archives/edgar/data/1492298/000149229812000041/0001492298-12-000041-index.htm,https://www.sec.gov/Archives/edgar/data/1492298/000149229812000041/sbra10q2012q2.htm,1620597626,18:00:26,20210509
32,2012-03-31,SBRAP,USD,2012-05-08,2012-05-08 15:23:53,Q1,23727000.0,0.0,23727000.0,1.0,0.0,4321000.0,0.0,0.0,4321000.0,4321000.0,0.0,7865000.0,12270000.0,0.5171323808319636,4405000.0,0.18565347494415643,0.0,4405000.0,0.18565347494415643,0.0,4405000.0,0.18565347494415643,0.1189384266160708,0.11886487899285478,37035970,37058886,https://www.sec.gov/Archives/edgar/data/1492298/000149229812000025/0001492298-12-000025-index.htm,https://www.sec.gov/Archives/edgar/data/1492298/000149229812000025/sbra10q033112.htm,1620597626,18:00:26,20210509
33,2011-12-31,SBRAP,USD,2012-03-01,2012-03-01 17:14:36,Q4,26349000.0,0.0,26349000.0,1.0,0.0,4228000.0,0.0,0.0,4228000.0,4228000.0,0.0,7851000.0,15015000.0,0.5698508482295344,7164000.0,0.2718888762381874,0.0,7164000.0,0.2718888762381874,0.0,7164000.0,0.2718888762381874,0.2379322057281946,0.23744478389591406,30109417,30171225,https://www.sec.gov/Archives/edgar/data/1492298/000149229812000012/0001492298-12-000012-index.htm,https://www.sec.gov/Archives/edgar/data/1492298/000149229812000012/sbra10k2011.htm,1620597626,18:00:26,20210509
34,2011-09-30,SBRAP,USD,2011-11-03,2011-11-03 15:58:00,Q3,21469000.0,0.0,21469000.0,1.0,0.0,4653000.0,0.0,0.0,4653000.0,4653000.0,0.0,7359000.0,9702000.0,0.4519074013694164,2343000.0,0.10913410033070939,0.0,2343000.0,0.10913410033070939,0.0,2343000.0,0.10913410033070939,0.08428842527816709,0.08400351502544307,27797411,27891690,https://www.sec.gov/Archives/edgar/data/1492298/000149229811000025/0001492298-11-000025-index.htm,https://www.sec.gov/Archives/edgar/data/1492298/000149229811000025/sbra10q093011.htm,1620597626,18:00:26,20210509
35,2011-06-30,SBRAP,USD,2011-08-03,2011-08-03 15:38:43,Q2,36407000.0,0.0,36407000.0,1.0,0.0,5592000.0,0.0,0.0,5592000.0,5592000.0,0.0,13364000.0,16699000.0,0.45867552943115336,3335000.0,0.09160326310874282,0.0,3335000.0,0.09160326310874282,0.0,3335000.0,0.09160326310874282,0.13265299912520617,0.13228575706821444,25140781,25210575,https://www.sec.gov/Archives/edgar/data/1492298/000149229811000004/0001492298-11-000004-index.htm,https://www.sec.gov/Archives/edgar/data/1492298/000149229811000004/sbra10q63011.htm,1620597626,18:00:26,20210509
36,2011-03-31,SBRAP,USD,2011-05-05,2011-05-05 15:22:36,Q1,17601000.0,0.0,17601000.0,1.0,0.0,2670000.0,0.0,0.0,2670000.0,2670000.0,0.0,6086000.0,7334000.0,0.4166808704050906,1248000.0,0.0709050622123743,0.0,1248000.0,0.0709050622123743,0.0,1248000.0,0.0709050622123743,0.04965,0.04965,25136140,25136140,https://www.sec.gov/Archives/edgar/data/1492298/000119312511128310/0001193125-11-128310-index.htm,https://www.sec.gov/Archives/edgar/data/1492298/000119312511128310/d10q.htm,1620597626,18:00:26,20210509
37,2010-12-31,SBRAP,USD,2011-03-03,2011-03-03 17:27:54,Q4,8795000.0,0.0,8795000.0,1.0,0.0,1553000.0,0.0,0.0,1553000.0,1553000.0,0.0,3134000.0,3383000.0,0.38465036952814097,249000.0,0.028311540648095507,0.0,249000.0,0.028311540648095507,242000.0,7000.0,0.0007959067652075042,0.00028,0.00028,25110936,25110936,https://www.sec.gov/Archives/edgar/data/1492298/000119312511055171/0001193125-11-055171-index.htm,https://www.sec.gov/Archives/edgar/data/1492298/000119312511055171/d10k.htm,1620597626,18:00:26,20210509
