,date,symbol,reportedCurrency,fillingDate,acceptedDate,period,revenue,costOfRevenue,grossProfit,grossProfitRatio,researchAndDevelopmentExpenses,generalAndAdministrativeExpenses,sellingAndMarketingExpenses,otherExpenses,operatingExpenses,costAndExpenses,interestExpense,depreciationAndAmortization,ebitda,ebitdaratio,operatingIncome,operatingIncomeRatio,totalOtherIncomeExpensesNet,incomeBeforeTax,incomeBeforeTaxRatio,incomeTaxExpense,netIncome,netIncomeRatio,eps,epsdiluted,weightedAverageShsOut,weightedAverageShsOutDil,link,finalLink,timestamp,est_time,est_date
0,2020-09-30,SSIF.L,GBP,2020-09-30,2020-09-30,Q3,-24250.0,0.0,0.0,0.0,0.0,204000.0,0.0,0.0,0.0,0.0,0.0,0.0,0.0,0.0,0.0,0.0,0.0,-228250.0,9.412371134020619,0.0,-228250.0,9.412371134020619,-0.004334380610839085,-0.004334380610839085,52660350,52660350,https://find-and-update.company-information.service.gov.uk/search/companies?q=Secured+Income+Fund+PLC,https://find-and-update.company-information.service.gov.uk/search/companies?q=Secured+Income+Fund+PLC,1620598308,18:11:48,20210509
1,2020-06-30,SSIF.L,GBP,2020-06-30,2020-06-30,Q2,-24250.0,0.0,0.0,0.0,0.0,204000.0,0.0,0.0,0.0,0.0,0.0,0.0,0.0,0.0,0.0,0.0,0.0,-228250.0,9.412371134020619,0.0,-228250.0,9.412371134020619,-0.004334380610839085,-0.004334380610839085,52660350,52660350,https://find-and-update.company-information.service.gov.uk/search/companies?q=Secured+Income+Fund+PLC,https://find-and-update.company-information.service.gov.uk/search/companies?q=Secured+Income+Fund+PLC,1620598308,18:11:48,20210509
2,2020-03-31,SSIF.L,GBP,2020-03-31,2020-03-31,Q1,-24250.0,0.0,0.0,0.0,0.0,204000.0,0.0,0.0,0.0,0.0,0.0,0.0,0.0,0.0,0.0,0.0,0.0,-228250.0,9.412371134020619,0.0,-228250.0,9.412371134020619,-0.004334380610839085,-0.004334380610839085,52660350,52660350,https://find-and-update.company-information.service.gov.uk/search/companies?q=Secured+Income+Fund+PLC,https://find-and-update.company-information.service.gov.uk/search/companies?q=Secured+Income+Fund+PLC,1620598308,18:11:48,20210509
3,2020-01-31,SSIF.L,GBP,2020-01-31,2020-01-31,Q1,-24250.0,0.0,0.0,0.0,0.0,204000.0,0.0,0.0,0.0,0.0,0.0,0.0,0.0,0.0,0.0,0.0,0.0,-228250.0,9.412371134020619,0.0,-228250.0,9.412371134020619,-0.004334380610839085,-0.004334380610839085,52660350,52660350,https://find-and-update.company-information.service.gov.uk/search/companies?q=Secured+Income+Fund+PLC,https://find-and-update.company-information.service.gov.uk/search/companies?q=Secured+Income+Fund+PLC,1620598308,18:11:48,20210509
4,2019-06-30,SSIF.L,GBP,2019-06-30,2019-06-30,Q2,710250.0,0.0,0.0,0.0,0.0,151250.0,0.0,0.0,0.0,0.0,0.0,0.0,0.0,0.0,0.0,0.0,0.0,559000.0,0.7870468145019359,0.0,559000.0,0.7870468145019359,0.010625,0.010625,52660350,52660350,https://find-and-update.company-information.service.gov.uk/search/companies?q=Secured+Income+Fund+PLC,https://find-and-update.company-information.service.gov.uk/search/companies?q=Secured+Income+Fund+PLC,1620598308,18:11:48,20210509
5,2019-03-31,SSIF.L,GBP,2019-03-31,2019-03-31,Q1,710250.0,0.0,0.0,0.0,0.0,151250.0,0.0,0.0,0.0,0.0,0.0,0.0,0.0,0.0,0.0,0.0,0.0,559000.0,0.7870468145019359,0.0,559000.0,0.7870468145019359,0.010625,0.010625,52660350,52660350,https://find-and-update.company-information.service.gov.uk/search/companies?q=Secured+Income+Fund+PLC,https://find-and-update.company-information.service.gov.uk/search/companies?q=Secured+Income+Fund+PLC,1620598308,18:11:48,20210509
6,2019-01-31,SSIF.L,GBP,2019-01-31,2019-01-31,Q1,710250.0,0.0,0.0,0.0,0.0,151250.0,0.0,0.0,0.0,0.0,0.0,0.0,0.0,0.0,0.0,0.0,0.0,559000.0,0.7870468145019359,0.0,559000.0,0.7870468145019359,0.010625,0.010625,52660350,52660350,https://find-and-update.company-information.service.gov.uk/search/companies?q=Secured+Income+Fund+PLC,https://find-and-update.company-information.service.gov.uk/search/companies?q=Secured+Income+Fund+PLC,1620598308,18:11:48,20210509
7,2018-06-30,SSIF.L,GBP,2018-06-30,2018-06-30,Q2,861750.0,0.0,0.0,0.0,0.0,157750.0,1750.0,0.0,0.0,0.0,0.0,0.0,0.0,0.0,0.0,0.0,0.0,702250.0,0.8149115172613867,0.0,702250.0,0.8149115172613867,0.013325,0.013325,52660350,52660350,https://find-and-update.company-information.service.gov.uk/search/companies?q=Secured+Income+Fund+PLC,https://find-and-update.company-information.service.gov.uk/search/companies?q=Secured+Income+Fund+PLC,1620598308,18:11:48,20210509
8,2018-03-31,SSIF.L,GBP,2018-03-31,2018-03-31,Q1,861750.0,0.0,0.0,0.0,0.0,157750.0,1750.0,0.0,0.0,0.0,0.0,0.0,0.0,0.0,0.0,0.0,0.0,702250.0,0.8149115172613867,0.0,702250.0,0.8149115172613867,0.013325,0.013325,52660350,52660350,https://find-and-update.company-information.service.gov.uk/search/companies?q=Secured+Income+Fund+PLC,https://find-and-update.company-information.service.gov.uk/search/companies?q=Secured+Income+Fund+PLC,1620598308,18:11:48,20210509
9,2018-01-31,SSIF.L,GBP,2018-01-31,2018-01-31,Q1,861750.0,0.0,0.0,0.0,0.0,157750.0,1750.0,0.0,0.0,0.0,0.0,0.0,0.0,0.0,0.0,0.0,0.0,702250.0,0.8149115172613867,0.0,702250.0,0.8149115172613867,0.013325,0.013325,52660350,52660350,https://find-and-update.company-information.service.gov.uk/search/companies?q=Secured+Income+Fund+PLC,https://find-and-update.company-information.service.gov.uk/search/companies?q=Secured+Income+Fund+PLC,1620598308,18:11:48,20210509
10,2017-06-30,SSIF.L,GBP,2017-06-30,2017-06-30,Q2,804250.0,0.0,0.0,0.0,0.0,191500.0,1500.0,0.0,102000.0,0.0,0.0,0.0,0.0,0.0,611250.0,0.7600248678893379,0.0,611250.0,0.7600248678893379,1250.0,610000.0,0.7584706248057196,0.011575,0.011575,52660350,52660350,https://find-and-update.company-information.service.gov.uk/search/companies?q=Secured+Income+Fund+PLC,https://find-and-update.company-information.service.gov.uk/search/companies?q=Secured+Income+Fund+PLC,1620598308,18:11:48,20210509
11,2017-03-31,SSIF.L,GBP,2017-03-31,2017-03-31,Q1,804250.0,0.0,0.0,0.0,0.0,191500.0,1500.0,0.0,102000.0,0.0,0.0,0.0,0.0,0.0,611250.0,0.7600248678893379,0.0,611250.0,0.7600248678893379,1250.0,610000.0,0.7584706248057196,0.011575,0.011575,52660350,52660350,https://find-and-update.company-information.service.gov.uk/search/companies?q=Secured+Income+Fund+PLC,https://find-and-update.company-information.service.gov.uk/search/companies?q=Secured+Income+Fund+PLC,1620598308,18:11:48,20210509
12,2017-01-31,SSIF.L,GBP,2017-01-31,2017-01-31,Q1,804250.0,0.0,0.0,0.0,0.0,191500.0,1500.0,0.0,102000.0,0.0,0.0,0.0,0.0,0.0,611250.0,0.7600248678893379,0.0,611250.0,0.7600248678893379,1250.0,610000.0,0.7584706248057196,0.011575,0.011575,52660350,52660350,https://find-and-update.company-information.service.gov.uk/search/companies?q=Secured+Income+Fund+PLC,https://find-and-update.company-information.service.gov.uk/search/companies?q=Secured+Income+Fund+PLC,1620598308,18:11:48,20210509
13,2016-06-30,SSIF.L,GBP,2016-06-30,2016-06-30,Q2,1042750.0,0.0,0.0,0.0,0.0,125250.0,3250.0,0.0,73750.0,0.0,0.0,0.0,0.0,0.0,913750.0,0.8762886597938144,0.0,914250.0,0.876768161112443,500.0,913750.0,0.8762886597938144,0.01735,0.01735,52660350,52660350,https://find-and-update.company-information.service.gov.uk/search/companies?q=Secured+Income+Fund+PLC,https://find-and-update.company-information.service.gov.uk/search/companies?q=Secured+Income+Fund+PLC,1620598308,18:11:48,20210509
14,2016-03-31,SSIF.L,GBP,2016-03-31,2016-03-31,Q1,1042750.0,0.0,0.0,0.0,0.0,125250.0,3250.0,0.0,73750.0,0.0,0.0,0.0,0.0,0.0,913750.0,0.8762886597938144,0.0,914250.0,0.876768161112443,500.0,913750.0,0.8762886597938144,0.01735,0.01735,52660350,52660350,https://find-and-update.company-information.service.gov.uk/search/companies?q=Secured+Income+Fund+PLC,https://find-and-update.company-information.service.gov.uk/search/companies?q=Secured+Income+Fund+PLC,1620598308,18:11:48,20210509
15,2016-01-31,SSIF.L,GBP,2016-01-31,2016-01-31,Q1,1042750.0,0.0,0.0,0.0,0.0,125250.0,3250.0,0.0,73750.0,0.0,0.0,0.0,0.0,0.0,913750.0,0.8762886597938144,0.0,914250.0,0.876768161112443,500.0,913750.0,0.8762886597938144,0.01735,0.01735,52660350,52660350,https://find-and-update.company-information.service.gov.uk/search/companies?q=Secured+Income+Fund+PLC,https://find-and-update.company-information.service.gov.uk/search/companies?q=Secured+Income+Fund+PLC,1620598308,18:11:48,20210509
