,date,symbol,reportedCurrency,fillingDate,acceptedDate,period,revenue,costOfRevenue,grossProfit,grossProfitRatio,researchAndDevelopmentExpenses,generalAndAdministrativeExpenses,sellingAndMarketingExpenses,otherExpenses,operatingExpenses,costAndExpenses,interestExpense,depreciationAndAmortization,ebitda,ebitdaratio,operatingIncome,operatingIncomeRatio,totalOtherIncomeExpensesNet,incomeBeforeTax,incomeBeforeTaxRatio,incomeTaxExpense,netIncome,netIncomeRatio,eps,epsdiluted,weightedAverageShsOut,weightedAverageShsOutDil,link,finalLink,timestamp,est_time,est_date
0,2020-12-31,TBTC,USD,2021-03-31,2021-03-31 14:37:15,Q4,592952.0,138095.0,454857.0,0.7671059377487554,-39690.0,0.0,0.0,0.0,856837.0,994936.0,-69370.0,8009.0,-393975.0,-0.6644298358045845,-401984.0,-0.6779368313118094,473.4,76152.0,0.12842860804921816,-119500.0,195652.0,0.3299626276663204,0.043551388554994616,0.043551388554994616,4492440.0,4492440.0,https://www.sec.gov/Archives/edgar/data/1090396/000143774921007795/0001437749-21-007795-index.htm,https://www.sec.gov/Archives/edgar/data/1090396/000143774921007795/tbltrc20201231_10k.htm,1620598625,18:17:05,20210509
1,2020-09-30,TBTC,USD,2020-11-12,2020-11-12 10:02:50,Q3,1288559.0,349998.0,938561.0,0.7283803069940918,0.0,0.0,0.0,0.0,843781.0,1193779.0,0.0,9657.0,104437.0,0.08104945136388787,94780.0,0.07355503318047524,0.0,100161.0,0.07773101580913253,21300.0,78861.0,0.061200922891384874,0.017554157651521223,0.017554157651521223,4492440.0,4492440.0,https://www.sec.gov/Archives/edgar/data/1090396/000143774920023520/0001437749-20-023520-index.htm,https://www.sec.gov/Archives/edgar/data/1090396/000143774920023520/tbltrc20200930_10q.htm,1620598625,18:17:05,20210509
2,2020-06-30,TBTC,USD,2020-08-12,2020-08-12 17:17:06,Q2,1212550.0,183540.0,1029010.0,0.8486330460599563,20370.0,0.0,0.0,0.0,1037504.0,1221040.0,11260.0,11680.0,3190.0,0.002630819347655767,-8490.0,-0.007001773122757824,0.0,2770.0,0.002284441878685415,-30800.0,33570.0,0.027685456269844543,0.00747,0.00747,4492440.0,4492440.0,https://www.sec.gov/Archives/edgar/data/1090396/000143774920017685/0001437749-20-017685-index.htm,https://www.sec.gov/Archives/edgar/data/1090396/000143774920017685/tbltrc20200630_10q.htm,1620598625,18:17:05,20210509
3,2020-03-31,TBTC,USD,2020-05-12,2020-05-12 10:56:38,Q1,1307380.0,401890.0,905490.0,0.6925989383346847,19320.0,0.0,0.0,0.0,932790.0,1334680.0,58110.0,13960.0,-13340.0,-0.010203613333537304,-27300.0,-0.020881457571631814,0.0,30810.0,0.02356621640227019,32000.0,-1190.0,-0.0009102173813275406,-0.00027,-0.00027,4486790.0,4486790.0,https://www.sec.gov/Archives/edgar/data/1090396/000121390020011773/0001213900-20-011773-index.htm,https://www.sec.gov/Archives/edgar/data/1090396/000121390020007284/f10k2019_tabletracinc.htm,1620598625,18:17:05,20210509
4,2019-12-31,TBTC,USD,2020-03-25,2020-03-24 18:50:05,Q4,1443580.0,368730.0,1074850.0,0.7445725210933928,199110.0,0.0,0.0,0.0,1079996.0,1448720.0,17380.0,13949.999999999996,8809.999999999996,0.006102883110045856,-5140.0,-0.0035605924160766983,0.0,12250.0,0.008485847684229485,2000.0,10250.0,0.007100403164355284,0.00228,0.00228,4490690.0,4490690.0,https://www.sec.gov/Archives/edgar/data/1090396/000121390020007284/0001213900-20-007284-index.htm,https://www.sec.gov/Archives/edgar/data/1090396/000121390020007284/f10k2019_tabletracinc.htm,1620598625,18:17:05,20210509
5,2019-09-30,TBTC,USD,2019-11-13,2019-11-13 15:08:27,Q3,2438820.0,371890.0,2066930.0,0.8475123215325444,57040.0,0.0,0.0,0.0,1416651.0,1788540.0,10750.0,11880.000000000002,662160.0,0.2715083523999311,650280.0,0.26663714419268336,0.0,661040.0,0.27104911391574615,130000.0,531040.0,0.2177446470014187,0.11799,0.11799,4500860.0,4500860.0,https://www.sec.gov/Archives/edgar/data/1090396/000121390019023156/0001213900-19-023156-index.htm,https://www.sec.gov/Archives/edgar/data/1090396/000121390019023156/f10q0919_tabletracinc.htm,1620598625,18:17:05,20210509
6,2019-06-30,TBTC,USD,2019-08-13,2019-08-13 16:43:50,Q2,2254340.0,720980.0,1533360.0,0.6801813391059024,14240.0,0.0,0.0,0.0,1217112.0,1938090.0,11510.0,11120.000000000002,327370.0,0.1452176690295164,316250.0,0.14028496145213235,0.0,327760.0,0.14539066866577358,61000.0,266760.0,0.11833175119990773,0.05921,0.05921,4505350.0,4505350.0,https://www.sec.gov/Archives/edgar/data/1090396/000121390019015553/0001213900-19-015553-index.htm,https://www.sec.gov/Archives/edgar/data/1090396/000121390019015553/f10q0619_tabletracinc.htm,1620598625,18:17:05,20210509
7,2019-03-31,TBTC,USD,2019-05-14,2019-05-14 17:12:05,Q1,1368630.0,331970.0,1036660.0,0.7574435749618231,1760.0,0.0,0.0,0.0,1140008.0,1393470.0,16800.0,11000.0,-13840.0,-0.010112302083105002,-24840.0,-0.01814953639771158,0.0,-8050.0,-0.0058817942029620865,-16000.0,7960.0,0.0058160350131153055,0.00177,0.00177,4504500.0,4504500.0,https://www.sec.gov/Archives/edgar/data/1090396/000161577419007792/0001615774-19-007792-index.htm,https://www.sec.gov/Archives/edgar/data/1090396/000161577419004791/s116883_10k.htm,1620598625,18:17:05,20210509
8,2018-12-31,TBTC,USD,2019-03-28,2019-03-28 17:25:41,Q4,1404610.0,417420.0,987190.0,0.7028214237403977,0.0,0.0,0.0,0.0,1258870.0,1676290.0,13930.0,11130.000000000002,-260550.0,-0.18549632994211918,-271680.0,-0.19342023764603697,0.0,-257740.0,-0.18349577462783265,-77600.0,-180140.0,-0.12824912253223314,-0.04027,-0.04027,4473590.0,4473590.0,https://www.sec.gov/Archives/edgar/data/1090396/000161577419004791/0001615774-19-004791-index.htm,https://www.sec.gov/Archives/edgar/data/1090396/000161577419004791/s116883_10k.htm,1620598625,18:17:05,20210509
9,2018-09-30,TBTC,USD,2018-11-13,2018-11-13 16:15:37,Q3,2329680.0,582760.0,1746920.0,0.7498540572095739,0.0,0.0,0.0,0.0,1112318.0,1695080.0,10410.0,14720.0,649320.0,0.27871639023385186,634600.0,0.27239792589540196,0.0,645010.0,0.27686635074344973,180600.0,464410.0,0.19934497441708732,0.10376,0.10376,4475980.0,4475980.0,https://www.sec.gov/Archives/edgar/data/1090396/000161577418012553/0001615774-18-012553-index.htm,https://www.sec.gov/Archives/edgar/data/1090396/000161577418012553/s113924_10q.htm,1620598625,18:17:05,20210509
10,2018-06-30,TBTC,USD,2018-08-14,2018-08-14 12:12:14,Q2,3000000.0,1200000.0,1800000.0,0.6,0.0,0.0,0.0,0.0,1229435.0,2430000.0,20000.0,10000.0,590000.0,0.19666666666666666,580000.0,0.19333333333333333,0.0,590000.0,0.19666666666666666,180000.0,410000.0,0.13666666666666666,0.09172,0.09172,4470000.0,4470000.0,https://www.sec.gov/Archives/edgar/data/1090396/000161577418007994/0001615774-18-007994-index.htm,https://www.sec.gov/Archives/edgar/data/1090396/000161577418007994/s111997_10q.htm,1620598625,18:17:05,20210509
11,2018-03-31,TBTC,USD,2018-05-15,2018-05-15 14:18:59,Q1,1080000.0,300000.0,780000.0,0.7222222222222222,0.0,0.0,0.0,0.0,1010474.0,1310000.0,20000.0,10000.0,-220000.0,-0.2037037037037037,-230000.0,-0.21296296296296297,0.0,-210000.0,-0.19444444444444445,-30000.0,-180000.0,-0.16666666666666666,-0.04009,-0.04009,4490000.0,4490000.0,https://www.sec.gov/Archives/edgar/data/1090396/000114420418028715/0001144204-18-028715-index.htm,https://www.sec.gov/Archives/edgar/data/1090396/000114420418018239/tv489061_10k.htm,1620598625,18:17:05,20210509
12,2017-12-31,TBTC,USD,2018-03-30,2018-03-30 14:52:20,Q4,1230000.0,310000.0,920000.0,0.7479674796747967,0.0,0.0,0.0,0.0,1026164.0,1330000.0,20000.0,9999.999999999998,-90000.0,-0.07317073170731707,-100000.0,-0.08130081300813008,0.0,-90000.0,-0.07317073170731707,-40000.0,270000.0,0.21951219512195122,0.05987,0.05987,4510000.0,4510000.0,https://www.sec.gov/Archives/edgar/data/1090396/000114420418018239/0001144204-18-018239-index.htm,https://www.sec.gov/Archives/edgar/data/1090396/000114420418018239/tv489061_10k.htm,1620598625,18:17:05,20210509
13,2017-09-30,TBTC,USD,2017-11-13,2017-11-13 16:15:37,Q3,1860000.0,560000.0,1300000.0,0.6989247311827957,0.0,0.0,0.0,0.0,888105.0,1450000.0,20000.0,10000.0,420000.0,0.22580645161290322,410000.0,0.22043010752688172,0.0,430000.0,0.23118279569892472,160000.0,270000.0,0.14516129032258066,0.05987,0.05987,4510000.0,4510000.0,https://www.sec.gov/Archives/edgar/data/1090396/000114420417058350/0001144204-17-058350-index.htm,https://www.sec.gov/Archives/edgar/data/1090396/000114420417058350/tv478134_10q.htm,1620598625,18:17:05,20210509
14,2017-06-30,TBTC,USD,2017-08-14,2017-08-14 13:01:24,Q2,2180000.0,750000.0,1430000.0,0.6559633027522935,0.0,0.0,0.0,0.0,1192708.0,1950000.0,20000.0,7306.0,247306.0,0.11344311926605505,240000.0,0.11009174311926606,0.0,260000.0,0.11926605504587157,100000.0,160000.0,0.07339449541284404,0.03548,0.03548,4510000.0,4510000.0,https://www.sec.gov/Archives/edgar/data/1090396/000114420417042934/0001144204-17-042934-index.htm,https://www.sec.gov/Archives/edgar/data/1090396/000114420417042934/v471971_10q.htm,1620598625,18:17:05,20210509
15,2017-03-31,TBTC,USD,2017-05-12,2017-05-12 16:31:25,Q1,1100000.0,320000.0,780000.0,0.7090909090909091,0.0,0.0,0.0,0.0,1000140.0,1320000.0,30000.0,10000.0,-210000.0,-0.19090909090909092,-220000.0,-0.2,0.0,-190000.0,-0.17272727272727273,-70000.0,-120000.0,-0.10909090909090909,-0.02661,-0.02661,4510000.0,4510000.0,https://www.sec.gov/Archives/edgar/data/1090396/000114420417026919/0001144204-17-026919-index.htm,https://www.sec.gov/Archives/edgar/data/1090396/000114420417017231/v461613_10k.htm,1620598625,18:17:05,20210509
16,2016-12-31,TBTC,USD,2017-03-29,2017-03-29 14:24:52,Q4,1820000.0,520000.0,1300000.0,0.7142857142857143,0.0,0.0,0.0,0.0,1089803.0,1610000.0,20000.0,5619.0,215619.0,0.11847197802197802,210000.0,0.11538461538461539,0.0,230000.0,0.12637362637362637,90000.0,140000.0,0.07692307692307693,0.03104,0.03104,4510000.0,4510000.0,https://www.sec.gov/Archives/edgar/data/1090396/000114420417017231/0001144204-17-017231-index.htm,https://www.sec.gov/Archives/edgar/data/1090396/000114420417017231/v461613_10k.htm,1620598625,18:17:05,20210509
17,2016-09-30,TBTC,USD,2016-11-14,2016-11-14 14:16:03,Q3,1160000.0,380000.0,780000.0,0.6724137931034483,0.0,0.0,0.0,-4892478000.0,882201.0,1260000.0,30000.0,10000.0,-90000.0,-0.07758620689655173,-100000.0,-0.08620689655172414,0.0,-80000.0,-0.06896551724137931,983.0,-70000.0,-0.0603448275862069,-0.01552,-0.01552,4510000.0,4510000.0,https://www.sec.gov/Archives/edgar/data/1090396/000114420416134030/0001144204-16-134030-index.htm,https://www.sec.gov/Archives/edgar/data/1090396/000114420416134030/v451519_10q.htm,1620598625,18:17:05,20210509
18,2016-06-30,TBTC,USD,2016-08-11,2016-08-11 15:02:07,Q2,1920000.0,660000.0,1260000.0,0.65625,0.0,0.0,0.0,4892478000.0,954488.0,1610000.0,20000.0,5618.0,315618.0,0.164384375,310000.0,0.16145833333333334,0.0,330000.0,0.171875,110000.0,220000.0,0.11458333333333333,0.04857,0.04857,4530000.0,4530000.0,https://www.sec.gov/Archives/edgar/data/1090396/000114420416118313/0001144204-16-118313-index.htm,https://www.sec.gov/Archives/edgar/data/1090396/000114420416118313/v445462_10q.htm,1620598625,18:17:05,20210509
19,2016-03-31,TBTC,USD,2016-05-16,2016-05-16 09:01:38,Q1,940000.0,100000.0,840000.0,0.8936170212765957,0.0,0.0,0.0,0.0,1051495.0,1149999.9999999998,10000.0,10000.0,-200000.0,-0.2127659574468085,-210000.0,-0.22340425531914893,0.0,-210000.0,-0.22340425531914893,-70000.0,-140000.0,-0.14893617021276595,-0.03091,-0.03091,4530000.0,4530000.0,https://www.sec.gov/Archives/edgar/data/1090396/000114420416102134/0001144204-16-102134-index.htm,https://www.sec.gov/Archives/edgar/data/1090396/000114420416091605/v434595_10k.htm,1620598625,18:17:05,20210509
20,2015-12-31,TBTC,USD,2016-03-30,2016-03-30 17:18:24,Q4,880000.0,180000.0,700000.0,0.7954545454545454,0.0,0.0,0.0,0.0,937946.0,1110000.0000000002,30000.0,5044.0,-224956.0,-0.2556318181818182,-230000.0,-0.26136363636363635,-40000.0,-230000.0,-0.26136363636363635,-110000.0,-120000.0,-0.13636363636363635,-0.02655,-0.02655,4520000.0,4520000.0,https://www.sec.gov/Archives/edgar/data/1090396/000114420416091605/0001144204-16-091605-index.htm,https://www.sec.gov/Archives/edgar/data/1090396/000114420416091605/v434595_10k.htm,1620598625,18:17:05,20210509
21,2015-09-30,TBTC,USD,2015-11-13,2015-11-13 11:01:17,Q3,810000.0,250000.0,560000.0,0.691358024691358,0.0,0.0,0.0,0.0,841343.0,1100000.0,0.0,10000.0,-270000.0,-0.3333333333333333,-280000.0,-0.345679012345679,20000.0,-260000.0,-0.32098765432098764,-90000.0,-170000.0,-0.20987654320987653,-0.0372,-0.0372,4570000.0,4570000.0,https://www.sec.gov/Archives/edgar/data/1090396/000114420415065069/0001144204-15-065069-index.htm,https://www.sec.gov/Archives/edgar/data/1090396/000114420415065069/v423269_10q.htm,1620598625,18:17:05,20210509
22,2015-06-30,TBTC,USD,2015-08-14,2015-08-14 12:00:58,Q2,730000.0,250000.0,480000.0,0.6575342465753424,0.0,0.0,0.0,0.0,795011.0,1050000.0,10000.0,2026.0,-317974.0,-0.4355808219178082,-320000.0,-0.4383561643835616,0.0,-310000.0,-0.4246575342465753,-120000.0,-190000.0,-0.2602739726027397,-0.04121,-0.04121,4610000.0,4610000.0,https://www.sec.gov/Archives/edgar/data/1090396/000114420415049504/0001144204-15-049504-index.htm,https://www.sec.gov/Archives/edgar/data/1090396/000114420415049504/v417294_10q.htm,1620598625,18:17:05,20210509
23,2015-03-31,TBTC,USD,2015-05-14,2015-05-14 14:00:36,Q1,1350000.0,400000.0,950000.0,0.7037037037037037,10000.0,0.0,0.0,0.0,819386.0,1220000.0,10000.0,1061.0,131061.0,0.09708222222222222,130000.0,0.0962962962962963,0.0,140000.0,0.1037037037037037,50000.0,90000.0,0.06666666666666667,0.01931,0.01931,4660000.0,4660000.0,https://www.sec.gov/Archives/edgar/data/1090396/000114420415030585/0001144204-15-030585-index.htm,https://www.sec.gov/Archives/edgar/data/1090396/000114420415019192/v404550_10k.htm,1620598625,18:17:05,20210509
24,2014-12-31,TBTC,USD,2015-03-30,2015-03-30 11:00:36,Q4,530000.0,20000.0,510000.0,0.9622641509433962,10000.0,0.0,0.0,0.0,783008.0,760000.0,10000.0,-10000.0,-240000.0,-0.4528301886792453,-230000.0,-0.4339622641509434,0.0,-220000.0,-0.41509433962264153,-80000.0,-140000.0,-0.2641509433962264,-0.02935,-0.02935,4770000.0,4770000.0,https://www.sec.gov/Archives/edgar/data/1090396/000114420415019192/0001144204-15-019192-index.htm,https://www.sec.gov/Archives/edgar/data/1090396/000114420415019192/v404550_10k.htm,1620598625,18:17:05,20210509
25,2014-09-30,TBTC,USD,2014-11-13,2014-11-13 09:00:32,Q3,870000.0,130000.0,740000.0,0.8505747126436781,10000.0,0.0,0.0,0.0,689766.0,810000.0,20000.0,10000.0,70000.0,0.08045977011494253,60000.0,0.06896551724137931,0.0,70000.0,0.08045977011494253,20000.0,50000.0,0.05747126436781609,0.01046,0.01046,4780000.0,4780000.0,https://www.sec.gov/Archives/edgar/data/1090396/000114420414067434/0001144204-14-067434-index.htm,https://www.sec.gov/Archives/edgar/data/1090396/000114420414067434/v392600_10-q.htm,1620598625,18:17:05,20210509
26,2014-06-30,TBTC,USD,2014-08-13,2014-08-13 10:03:30,Q2,910000.0,210000.0,700000.0,0.7692307692307693,0.0,0.0,0.0,0.0,642640.0,850000.0,10000.0,3788.0,63788.0,0.0700967032967033,60000.0,0.06593406593406594,0.0,70000.0,0.07692307692307693,20000.0,50000.0,0.054945054945054944,0.01046,0.01046,4780000.0,4780000.0,https://www.sec.gov/Archives/edgar/data/1090396/000114420414049128/0001144204-14-049128-index.htm,https://www.sec.gov/Archives/edgar/data/1090396/000114420414049128/v385166_10-q.htm,1620598625,18:17:05,20210509
27,2014-03-31,TBTC,USD,2014-05-14,2014-05-14 10:01:27,Q1,1170000.0,320000.0,850000.0,0.7264957264957265,10000.0,0.0,0.0,0.0,750344.0,1070000.0,20000.0,10000.0,110000.0,0.09401709401709402,100000.0,0.08547008547008547,0.0,120000.0,0.10256410256410256,40000.0,80000.0,0.06837606837606838,0.01677,0.01677,4770000.0,4770000.0,https://www.sec.gov/Archives/edgar/data/1090396/000114420414030182/0001144204-14-030182-index.htm,https://www.sec.gov/Archives/edgar/data/1090396/000114420414017787/v371656_10k.htm,1620598625,18:17:05,20210509
28,2013-12-31,TBTC,USD,2014-03-26,2014-03-26 11:00:42,Q4,1770000.0,540000.0,1230000.0,0.6949152542372882,0.0,0.0,0.0,0.0,872839.0,1420000.0,30000.0,10000.000000000002,360000.0,0.2033898305084746,350000.0,0.1977401129943503,0.0,380000.0,0.21468926553672316,150000.0,230000.0,0.12994350282485875,0.04822,0.04822,4770000.0,4770000.0,https://www.sec.gov/Archives/edgar/data/1090396/000114420414017787/0001144204-14-017787-index.htm,https://www.sec.gov/Archives/edgar/data/1090396/000114420414017787/v371656_10k.htm,1620598625,18:17:05,20210509
29,2013-09-30,TBTC,USD,2013-11-13,2013-11-13 10:00:46,Q3,1220000.0,380000.0,840000.0,0.6885245901639344,0.0,0.0,0.0,0.0,659163.0,1040000.0,30000.0,10000.000000000002,190000.0,0.1557377049180328,180000.0,0.14754098360655737,0.0,210000.0,0.1721311475409836,50000.0,160000.0,0.13114754098360656,0.03354,0.03354,4770000.0,4770000.0,https://www.sec.gov/Archives/edgar/data/1090396/000114420413060782/0001144204-13-060782-index.htm,https://www.sec.gov/Archives/edgar/data/1090396/000114420413060782/v358690_10q.htm,1620598625,18:17:05,20210509
30,2013-06-30,TBTC,USD,2013-08-13,2013-08-13 11:01:05,Q2,1430000.0,420000.0,1010000.0,0.7062937062937062,0.0,0.0,0.0,0.0,711169.0,1130000.0,20000.0,19999.999999999996,310000.0,0.21678321678321677,290000.0,0.20279720279720279,0.0,310000.0,0.21678321678321677,110000.0,200000.0,0.13986013986013987,0.04202,0.04202,4760000.0,4760000.0,https://www.sec.gov/Archives/edgar/data/1090396/000114420413044970/0001144204-13-044970-index.htm,https://www.sec.gov/Archives/edgar/data/1090396/000114420413044970/v351416_10-q.htm,1620598625,18:17:05,20210509
31,2013-03-31,TBTC,USD,2013-05-14,2013-05-14 10:01:33,Q1,910000.0,200000.0,710000.0,0.7802197802197802,0.0,0.0,0.0,0.0,721835.0,930000.0,20000.0,10000.0,-10000.0,-0.01098901098901099,-20000.0,-0.02197802197802198,0.0,4744.0,0.005213186813186813,10000.0,-256.0,-0.00028131868131868134,-5.378371592953913e-05,-5.378371592953913e-05,4760000.0,4760000.0,https://www.sec.gov/Archives/edgar/data/1090396/000114420413028481/0001144204-13-028481-index.htm,https://www.sec.gov/Archives/edgar/data/1090396/000114420413018121/v337233_10k.htm,1620598625,18:17:05,20210509
32,2012-12-31,TBTC,USD,2013-03-28,2013-03-28 11:17:18,Q4,2010000.0,500000.0,1510000.0,0.7512437810945274,0.0,0.0,0.0,0.0,1161082.0,1660000.0,20000.0,19999.999999999996,370000.0,0.18407960199004975,350000.0,0.17412935323383086,116796.0,370000.0,0.18407960199004975,140000.0,220000.0,0.10945273631840796,0.04632,0.04632,4750000.0,4750000.0,https://www.sec.gov/Archives/edgar/data/1090396/000114420413018121/0001144204-13-018121-index.htm,https://www.sec.gov/Archives/edgar/data/1090396/000114420413018121/v337233_10k.htm,1620598625,18:17:05,20210509
33,2012-09-30,TBTC,USD,2012-11-13,2012-11-13 11:50:32,Q3,990000.0,280000.0,710000.0,0.7171717171717171,0.0,0.0,0.0,0.0,763729.0,1040000.0,40000.0,10000.000000000002,-40000.0,-0.04040404040404041,-50000.0,-0.050505050505050504,0.0,-93896.0,-0.09484444444444444,-89525.0,-4371.0,-0.004415151515151515,-0.04,-0.04,4740000.0,4740000.0,https://www.sec.gov/Archives/edgar/data/1090396/000114420412061324/0001144204-12-061324-index.htm,https://www.sec.gov/Archives/edgar/data/1090396/000114420412061324/v326285_10q.htm,1620598625,18:17:05,20210509
34,2012-06-30,TBTC,USD,2012-08-13,2012-08-13 14:58:32,Q2,980000.0,270000.0,710000.0,0.7244897959183674,0.0,0.0,0.0,0.0,875551.0,1140000.0,30000.0,19999.999999999996,-140000.0,-0.14285714285714285,-160000.0,-0.16326530612244897,0.0,-140000.0,-0.14285714285714285,-40000.0,-100000.0,-0.10204081632653061,-0.02123,-0.02123,4710000.0,4710000.0,https://www.sec.gov/Archives/edgar/data/1090396/000114420412044818/0001144204-12-044818-index.htm,https://www.sec.gov/Archives/edgar/data/1090396/000114420412044818/v318994_10q.htm,1620598625,18:17:05,20210509
35,2012-03-31,TBTC,USD,2012-05-11,2012-05-11 16:07:26,Q1,800000.0,150000.0,650000.0,0.8125,0.0,0.0,0.0,0.0,816177.0,970000.0,30000.0,10000.0,-170000.0,-0.2125,-180000.0,-0.225,0.0,-150000.0,-0.1875,-50000.0,-100000.0,-0.125,-0.02128,-0.02128,4700000.0,4700000.0,https://www.sec.gov/Archives/edgar/data/1090396/000114420412028062/0001144204-12-028062-index.htm,https://www.sec.gov/Archives/edgar/data/1090396/000114420412017948/v306926_10k.htm,1620598625,18:17:05,20210509
36,2011-12-31,TBTC,USD,2012-03-29,2012-03-29 12:06:55,Q4,860000.0,240000.0,620000.0,0.7209302325581395,0.0,0.0,0.0,0.0,616039.0,850000.0,20000.0,10000.000000000002,20000.0,0.023255813953488372,10000.0,0.011627906976744186,18292.0,30000.0,0.03488372093023256,10000.0,10000.0,0.011627906976744186,0.00212,0.00212,4710000.0,4710000.0,https://www.sec.gov/Archives/edgar/data/1090396/000114420412017948/0001144204-12-017948-index.htm,https://www.sec.gov/Archives/edgar/data/1090396/000114420412017948/v306926_10k.htm,1620598625,18:17:05,20210509
37,2011-09-30,TBTC,USD,2011-11-14,2011-11-14 13:11:19,Q3,970000.0,220000.0,750000.0,0.7731958762886598,0.0,0.0,0.0,0.0,698635.0,920000.0000000001,20000.0,9999.999999999998,60000.0,0.061855670103092786,50000.0,0.05154639175257732,22626.0,80000.0,0.08247422680412371,30000.0,50000.0,0.05154639175257732,0.01064,0.01064,4700000.0,4700000.0,https://www.sec.gov/Archives/edgar/data/1090396/000114420411063938/0001144204-11-063938-index.htm,https://www.sec.gov/Archives/edgar/data/1090396/000114420411063938/v239905_10q.htm,1620598625,18:17:05,20210509
38,2011-06-30,TBTC,USD,2011-08-15,2011-08-15 11:09:28,Q2,470000.0,140000.0,330000.0,0.7021276595744681,0.0,0.0,0.0,0.0,733286.0,870000.0,20000.0,10000.0,-390000.0,-0.8297872340425532,-400000.0,-0.851063829787234,46638.0,-370000.0,-0.7872340425531915,-130000.0,-240000.0,-0.5106382978723404,-0.05195,-0.05195,4620000.0,4620000.0,https://www.sec.gov/Archives/edgar/data/1090396/000114420411046653/0001144204-11-046653-index.htm,https://www.sec.gov/Archives/edgar/data/1090396/000114420411046653/v231854_10q.htm,1620598625,18:17:05,20210509
39,2011-03-31,TBTC,USD,2011-05-13,2011-05-13 16:50:12,Q1,320000.0,100000.0,220000.0,0.6875,0.0,0.0,0.0,0.0,630271.0,730000.0,20000.0,10000.0,-390000.0,-1.21875,-400000.0,-1.25,0.0,-380000.0,-1.1875,-140000.0,-240000.0,-0.75,-0.05229,-0.05229,4590000.0,4590000.0,https://www.sec.gov/Archives/edgar/data/1090396/000114420411029165/0001144204-11-029165-index.htm,https://www.sec.gov/Archives/edgar/data/1090396/000114420411019170/v216765_10k.htm,1620598625,18:17:05,20210509
40,2010-12-31,TBTC,USD,2011-03-31,2011-03-31 16:57:04,Q4,1240000.0,260000.0,980000.0,0.7903225806451613,0.0,0.0,0.0,0.0,598934.0,860000.0,-50000.0,7745.0,387745.0,0.3126975806451613,380000.0,0.3064516129032258,60000.0,400000.0,0.3225806451612903,120000.0,280000.0,0.22580645161290322,0.06222,0.06222,4500000.0,4500000.0,https://www.sec.gov/Archives/edgar/data/1090396/000114420411019170/0001144204-11-019170-index.htm,https://www.sec.gov/Archives/edgar/data/1090396/000114420411019170/v216765_10k.htm,1620598625,18:17:05,20210509
41,2010-09-30,TBTC,USD,2010-11-15,2010-11-15 16:05:09,Q3,960000.0,350000.0,610000.0,0.6354166666666666,0.0,0.0,0.0,0.0,550567.0,900000.0,10000.0,10000.0,70000.0,0.07291666666666667,60000.0,0.0625,0.0,70000.0,0.07291666666666667,20000.0,40000.0,0.041666666666666664,0.00875,0.00875,4570000.0,4570000.0,https://www.sec.gov/Archives/edgar/data/1090396/000114420410060722/0001144204-10-060722-index.htm,https://www.sec.gov/Archives/edgar/data/1090396/000114420410060722/v202024_10q.htm,1620598625,18:17:05,20210509
42,2010-06-30,TBTC,USD,2010-08-16,2010-08-16 15:57:19,Q2,460000.0,110000.0,350000.0,0.7608695652173914,0.0,0.0,0.0,0.0,611738.0,670000.0,10000.0,10000.0,-200000.0,-0.43478260869565216,-210000.0,-0.45652173913043476,0.0,-200000.0,-0.43478260869565216,-70000.0,-130000.0,-0.2826086956521739,-0.03088,-0.03088,4210000.0,4210000.0,https://www.sec.gov/Archives/edgar/data/1090396/000114420410044570/0001144204-10-044570-index.htm,https://www.sec.gov/Archives/edgar/data/1090396/000114420410044570/v193683_10q.htm,1620598625,18:17:05,20210509
43,2010-03-31,TBTC,USD,2010-05-17,2010-05-17 13:57:53,Q1,370000.0,80000.0,290000.0,0.7837837837837838,0.0,0.0,0.0,0.0,477173.0,510000.0,20000.0,4417000.0,4277000.0,11.55945945945946,-140000.0,-0.3783783783783784,0.0,-120000.0,-0.32432432432432434,-40000.0,-70000.0,-0.1891891891891892,-0.01683,-0.01683,4160000.0,4160000.0,https://www.sec.gov/Archives/edgar/data/1090396/000114420410028094/0001144204-10-028094-index.htm,https://www.sec.gov/Archives/edgar/data/1090396/000114420410017616/v179584_10k.htm,1620598625,18:17:05,20210509
44,2009-12-31,TBTC,USD,2010-03-31,2010-03-31 17:14:29,Q4,580000.0,250000.0,330000.0,0.5689655172413793,0.0,0.0,0.0,0.0,459302.0,610000.0,453060000.0,7374.0,-22626.0,-0.03901034482758621,-30000.0,-0.05172413793103448,80000.0,-100000.0,-0.1724137931034483,-50000.0,-50000.0,-0.08620689655172414,-0.01416,-0.01416,3530000.0,3530000.0,https://www.sec.gov/Archives/edgar/data/1090396/000114420410017616/0001144204-10-017616-index.htm,https://www.sec.gov/Archives/edgar/data/1090396/000114420410017616/v179584_10k.htm,1620598625,18:17:05,20210509
45,2009-09-30,TBTC,USD,2009-11-16,2009-11-16 13:28:34,Q3,470000.0,110000.0,360000.0,0.7659574468085106,0.0,0.0,0.0,0.0,979454.0,1090000.0,-351530000.0,-137000.0,-747000.0,-1.5893617021276596,-610000.0,-1.297872340425532,0.0,-560000.0,-1.1914893617021276,-210000.0,-350000.0,-0.7446808510638298,-0.08413,-0.08413,4160000.0,4160000.0,https://www.sec.gov/Archives/edgar/data/1090396/000114420409059552/0001144204-09-059552-index.htm,https://www.sec.gov/Archives/edgar/data/1090396/000114420409059552/v166413_10q.htm,1620598625,18:17:05,20210509
46,2009-06-30,TBTC,USD,2009-08-19,2009-08-19 16:26:57,Q2,970000.0,300000.0,670000.0,0.6907216494845361,0.0,0.0,0.0,0.0,646853.0,949999.9999999999,70000.0,10000.0,30000.0,0.030927835051546393,20000.0,0.020618556701030927,0.0,90000.0,0.09278350515463918,30000.0,60000.0,0.061855670103092786,0.01163,0.01163,5160000.0,5160000.0,https://www.sec.gov/Archives/edgar/data/1090396/000114420409044665/0001144204-09-044665-index.htm,https://www.sec.gov/Archives/edgar/data/1090396/000114420409044665/v158623_10q.htm,1620598625,18:17:05,20210509
47,2009-03-31,TBTC,USD,2009-05-15,2009-05-15 16:20:44,Q1,1150000.0,140000.0,1010000.0,0.8782608695652174,0.0,0.0,0.0,0.0,431947.0,569999.9999999999,10000.0,2859000.0,3439000.0,2.9904347826086957,580000.0,0.5043478260869565,0.0,590000.0,0.5130434782608696,230000.0,360000.0,0.3130434782608696,0.08036,0.08036,4480000.0,4480000.0,https://www.sec.gov/Archives/edgar/data/1090396/000109039609000003/0001090396-09-000003-index.htm,https://www.sec.gov/Archives/edgar/data/1090396/000109039609000001/tt2008k.htm,1620598625,18:17:05,20210509
48,2008-12-31,TBTC,USD,2009-03-20,2009-03-19 21:20:41,Q4,1650000.0,510000.0,1140000.0,0.6909090909090909,0.0,0.0,0.0,0.0,508878.0,1020000.0,30000.0,2857000.0,3487000.0,2.1133333333333333,630000.0,0.38181818181818183,0.0,650000.0,0.3939393939393939,260000.0,400000.0,0.24242424242424243,0.0905,0.0905,4420000.0,4420000.0,https://www.sec.gov/Archives/edgar/data/1090396/000109039609000001/0001090396-09-000001-index.htm,https://www.sec.gov/Archives/edgar/data/1090396/000109039609000001/tt2008k.htm,1620598625,18:17:05,20210509
49,2008-09-30,TBTC,USD,2008-11-14,2008-11-14 13:50:16,Q3,1010000.0,150000.0,860000.0,0.8514851485148515,0.0,0.0,0.0,0.0,466126.0,610000.0,20000.0,10000.0,410000.0,0.40594059405940597,400000.0,0.39603960396039606,0.0,410000.0,0.40594059405940597,160000.0,250000.0,0.24752475247524752,0.05568,0.05568,4490000.0,4490000.0,https://www.sec.gov/Archives/edgar/data/1090396/000109039608000007/0001090396-08-000007-index.htm,https://www.sec.gov/Archives/edgar/data/1090396/000109039608000007/tt2008q3final.htm,1620598625,18:17:05,20210509
50,2008-06-30,TBTC,USD,2008-08-14,2008-08-14 13:58:53,Q2,460000.0,90000.0,370000.0,0.8043478260869565,0.0,0.0,0.0,0.0,347429.0,429999.99999999994,10000.0,1424000.0,1444000.0,3.139130434782609,20000.0,0.043478260869565216,0.0,40000.0,0.08695652173913043,10000.0,30000.0,0.06521739130434782,0.0067,0.0067,4480000.0,4480000.0,https://www.sec.gov/Archives/edgar/data/1090396/000109039608000005/0001090396-08-000005-index.htm,https://www.sec.gov/Archives/edgar/data/1090396/000109039608000005/tt2008q2.htm,1620598625,18:17:05,20210509
51,2008-03-31,TBTC,USD,2008-05-16,2008-05-15 17:54:10,Q1,1500000.0,360000.0,1140000.0,0.76,0.0,0.0,0.0,0.0,340046.0,700000.0,20000.0,1423000.0,2223000.0,1.482,800000.0,0.5333333333333333,0.0,820000.0,0.5466666666666666,320000.0,500000.0,0.3333333333333333,0.11161,0.11161,4480000.0,4480000.0,https://www.sec.gov/Archives/edgar/data/1090396/000109039608000004/0001090396-08-000004-index.htm,https://www.sec.gov/Archives/edgar/data/1090396/000109039608000002/tt2007kfinal.htm,1620598625,18:17:05,20210509
52,2007-12-31,TBTC,USD,2008-03-31,2008-03-31 16:47:16,Q4,1691186000.0,491806000.0,1199380000.0,0.7091946125381833,0.0,0.0,0.0,0.0,334687.0,1175153000.0,0.0,1089000.0,517122000.0,0.3057747639821995,516033000.0,0.3051308371758044,0.0,537090000.0,0.31758186266915645,236000000.0,301090000.0,0.1780348228994327,75.04461,75.04461,4012147.0,4012147.0,https://www.sec.gov/Archives/edgar/data/1090396/000109039608000002/0001090396-08-000002-index.htm,https://www.sec.gov/Archives/edgar/data/1090396/000109039608000002/tt2007kfinal.htm,1620598625,18:17:05,20210509
53,2007-09-30,TBTC,USD,2007-11-19,2007-11-19 15:17:00,Q3,140589000.0,6562000.0,134027000.0,0.9533249400735477,0.0,0.0,0.0,0.0,173542.0,-20677000.0,0.0,0.0,161266000.0,1.1470740954128702,161266000.0,1.1470740954128702,0.0,189261000.0,1.3462006273606044,66300000.0,122961000.0,0.8746132343213195,30.72847,30.72847,4001534.0,4001534.0,https://www.sec.gov/Archives/edgar/data/1090396/000109039607000006/0001090396-07-000006-index.htm,https://www.sec.gov/Archives/edgar/data/1090396/000109039607000006/tt2007q3.htm,1620598625,18:17:05,20210509
54,2007-06-30,TBTC,USD,2007-08-21,2007-08-20 19:41:46,Q2,680266000.0,200183000.0,480083000.0,0.70572834744056,0.0,0.0,0.0,0.0,187657.0,226537000.0,0.0,-13303000.0,440426000.0,0.6474320339396648,453729000.0,0.6669876195488236,0.0,453152000.0,0.6661394219320089,163700000.0,289452000.0,0.42549826097438354,72.33526,72.33526,4001534.0,4001534.0,https://www.sec.gov/Archives/edgar/data/1090396/000109039607000004/0001090396-07-000004-index.htm,https://www.sec.gov/Archives/edgar/data/1090396/000109039607000004/tt2007q2.htm,1620598625,18:17:05,20210509
55,2007-03-31,TBTC,USD,2007-05-16,2007-05-15 19:18:55,Q1,204031000.0,36624000.0,167407000.0,0.8204978655204356,0.0,0.0,0.0,0.0,161303.0,197927000.0,0.0,13303000.0,19407000.0,0.09511789875068004,6104000.0,0.02991702241326073,0.0,8446000.0,0.041395670265792946,4000000.0,4446000.0,0.021790806299042793,1.11327,1.11327,3993645.0,3993645.0,https://www.sec.gov/Archives/edgar/data/1090396/000109039607000002/0001090396-07-000002-index.htm,https://www.sec.gov/Archives/edgar/data/1090396/000109039607000001/tt2006kpart3.htm,1620598625,18:17:05,20210509
56,2006-12-31,TBTC,USD,2007-04-03,2007-04-02 17:59:32,Q4,388330000.0,152421000.0,235909000.0,0.6074962016841347,0.0,0.0,0.0,-168612000.0,159337.0,618495000.0,0.0,1365000.0,-160205000.0,-0.4125486055674298,-161570000.0,-0.41606365719877425,0.0,-161570000.0,-0.41606365719877425,-185000000.0,23430000.0,0.060335281847912856,5.90192,5.90192,3969897.0,3969897.0,https://www.sec.gov/Archives/edgar/data/1090396/000109039607000001/0001090396-07-000001-index.htm,https://www.sec.gov/Archives/edgar/data/1090396/000109039607000001/tt2006kpart3.htm,1620598625,18:17:05,20210509
57,2006-09-30,TBTC,USD,2006-11-14,2006-11-14 14:57:12,Q3,336194000.0,0.0,336194000.0,1.0,0.0,0.0,0.0,14930000.0,168612.0,14930000.0,0.0,0.0,269051000.0,0.8002849545203067,269051000.0,0.8002849545203067,0.0,269051000.0,0.8002849545203067,0.0,269051000.0,0.8002849545203067,67.77129,67.77129,3969985.0,3969985.0,https://www.sec.gov/Archives/edgar/data/1090396/000109039606000014/0001090396-06-000014-index.htm,https://www.sec.gov/Archives/edgar/data/1090396/000109039606000014/tt2006q3.htm,1620598625,18:17:05,20210509
58,2006-06-30,TBTC,USD,2006-08-22,2006-08-21 18:05:26,Q2,112606000.0,21984000.0,90622000.0,0.8047706161305792,0.0,0.0,0.0,627000.0,153682.0,-21357000.0,0.0,-14668000.0,-33348000.0,-0.2961476297888212,-18680000.0,-0.16588814095163668,0.0,-18680000.0,-0.16588814095163668,0.0,-18680000.0,-0.16588814095163668,-4.71832,-4.71832,3959034.0,3959034.0,https://www.sec.gov/Archives/edgar/data/1090396/000109039606000013/0001090396-06-000013-index.htm,https://www.sec.gov/Archives/edgar/data/1090396/000109039606000013/tt2006q2.htm,1620598625,18:17:05,20210509
59,2006-03-31,TBTC,USD,2006-05-16,2006-05-15 17:34:49,Q1,21984000.0,21984000.0,0.0,0.0,0.0,0.0,0.0,153055000.0,153055.0,175039000.0,0.0,14668000.0,-197000.0,-0.008961062590975255,-14865000.0,-0.6761735807860262,0.0,-14865000.0,-0.6761735807860262,0.0,-14865000.0,-0.6761735807860262,-3.7547,-3.7547,3959034.0,3959034.0,https://www.sec.gov/Archives/edgar/data/1090396/000109039606000008/0001090396-06-000008-index.htm,https://www.sec.gov/Archives/edgar/data/1090396/000109039606000007/tt200510k.htm,1620598625,18:17:05,20210509
60,2005-12-31,TBTC,USD,2006-03-31,2006-03-31 15:44:21,Q4,722657000.0,292496000.0,430161000.0,0.5952491984440751,0.0,0.0,0.0,-209843000.0,68281.0,672340000.0,0.0,1365000.0,166174000.0,0.229948647837079,164809000.0,0.22805978493254753,0.0,164809000.0,0.22805978493254753,0.0,164809000.0,0.22805978493254753,42.7766,42.7766,3852784.0,3852784.0,https://www.sec.gov/Archives/edgar/data/1090396/000109039606000007/0001090396-06-000007-index.htm,https://www.sec.gov/Archives/edgar/data/1090396/000109039606000007/tt200510k.htm,1620598625,18:17:05,20210509
61,2005-09-30,TBTC,USD,2005-11-14,2005-11-14 17:07:46,Q3,8406000.0,0.0,8406000.0,1.0,0.0,0.0,0.0,12682000.0,209843.0,12682000.0,0.0,0.0,-660000.0,-0.07851534618129907,-660000.0,-0.07851534618129907,0.0,-660000.0,-0.07851534618129907,0.0,-660000.0,-0.07851534618129907,-0.16671,-0.16671,3959034.0,3959034.0,https://www.sec.gov/Archives/edgar/data/1090396/000109039605000007/0001090396-05-000007-index.htm,https://www.sec.gov/Archives/edgar/data/1090396/000109039605000007/tt2005q3.htm,1620598625,18:17:05,20210509
62,2005-06-30,TBTC,USD,2005-08-19,2005-08-19 12:13:42,Q2,453893000.0,0.0,453893000.0,1.0,0.0,0.0,0.0,197161000.0,197161.0,197161000.0,0.0,-16033000.0,88983000.0,0.196044001559839,105016000.0,0.23136730462906455,0.0,105016000.0,0.23136730462906455,0.0,105016000.0,0.23136730462906455,27.40834,27.40834,3831534.0,3831534.0,https://www.sec.gov/Archives/edgar/data/1090396/000109039605000006/0001090396-05-000006-index.htm,https://www.sec.gov/Archives/edgar/data/1090396/000109039605000006/tt2005q2.htm,1620598625,18:17:05,20210509
63,2005-03-31,TBTC,USD,2005-05-03,2005-05-03 09:22:23,Q1,0.0,0.0,0.0,0.0,0.0,0.0,0.0,0.0,114401.0,0.0,0.0,16033000.0,49641000.0,0.0,33608000.0,0.0,0.0,33608000.0,0.0,0.0,33608000.0,0.0,8.77142,8.77142,3831534.0,3831534.0,https://www.sec.gov/Archives/edgar/data/1090396/000109039605000004/0001090396-05-000004-index.htm,https://www.sec.gov/Archives/edgar/data/1090396/000109039605000002/tt200410k.htm,1620598625,18:17:05,20210509
64,2004-12-31,TBTC,USD,2005-03-23,2005-03-23 12:51:02,Q4,595229000.0,90776000.0,504453000.0,0.8474939897081627,0.0,0.0,0.0,-368000.0,121461.0,490577000.0,368000.0,1365000.0,-68039000.0,-0.11430726661503388,-69404000.0,-0.1166005016556653,-368000.0,-69772000.0,-0.11721875110251685,0.0,-69772000.0,-0.11721875110251685,-18.20994,-18.20994,3831534.0,3831534.0,https://www.sec.gov/Archives/edgar/data/1090396/000109039605000002/0001090396-05-000002-index.htm,https://www.sec.gov/Archives/edgar/data/1090396/000109039605000002/tt200410k.htm,1620598625,18:17:05,20210509
65,2004-03-31,TBTC,USD,2004-04-13,2004-04-13,Q1,0.0,0.0,0.0,0.0,0.0,0.0,0.0,0.0,81449.0,0.0,0.0,0.0,174056000.0,0.0,174056000.0,0.0,0.0,174056000.0,0.0,0.0,174056000.0,0.0,45.42724,45.42724,3831534.0,3831534.0,https://www.sec.gov/Archives/edgar/data/1090396/000109039604000003/0001090396-04-000003-index.htm,https://www.sec.gov/Archives/edgar/data/1090396/000109039604000002/tt200310k.htm,1620598625,18:17:05,20210509
66,2003-12-31,TBTC,USD,2004-04-07,2004-04-07 11:09:05,Q4,183921000.0,13524000.0,170397000.0,0.9264684293800055,0.0,0.0,0.0,266329000.0,136432.0,279853000.0,977000.0,0.0,-96718000.0,-0.525867084237254,-96718000.0,-0.525867084237254,-786000.0,-96718000.0,-0.525867084237254,0.0,-96718000.0,-0.525867084237254,-26.46595,-26.46595,3654431.0,3654431.0,https://www.sec.gov/Archives/edgar/data/1090396/000109039604000002/0001090396-04-000002-index.htm,https://www.sec.gov/Archives/edgar/data/1090396/000109039604000002/tt200310k.htm,1620598625,18:17:05,20210509
