,date,symbol,reportedCurrency,fillingDate,acceptedDate,period,revenue,costOfRevenue,grossProfit,grossProfitRatio,researchAndDevelopmentExpenses,generalAndAdministrativeExpenses,sellingAndMarketingExpenses,otherExpenses,operatingExpenses,costAndExpenses,interestExpense,depreciationAndAmortization,ebitda,ebitdaratio,operatingIncome,operatingIncomeRatio,totalOtherIncomeExpensesNet,incomeBeforeTax,incomeBeforeTaxRatio,incomeTaxExpense,netIncome,netIncomeRatio,eps,epsdiluted,weightedAverageShsOut,weightedAverageShsOutDil,link,finalLink,timestamp,est_time,est_date
0,2020-12-31,ORC,USD,2021-02-26,2021-02-26 15:31:19,Q4,89058000.0,0.0,0.0,0.0,0.0,2389000.0,0.0,1057.0,1057.0,1057.0,8533000.0,0.0,2128000.0,0.023894540636439175,2128.0,2.3894540636439173e-05,0.0,93327000.0,1.047935053560601,0.0,93327000.0,1.047935053560601,1.4074301277756298,1.4074301277756298,66310219.0,66310219.0,https://www.sec.gov/Archives/edgar/data/1518621/000151862121000030/0001518621-21-000030-index.htm,https://www.sec.gov/Archives/edgar/data/1518621/000151862121000030/orc10k20201231x211.htm,1620596179,17:36:19,20210509
1,2020-09-30,ORC,USD,2020-10-30,2020-10-30,Q3,30925000.0,0.0,0.0,0.0,0.0,2203000.0,0.0,0.0,0.0,0.0,2043000.0,0.0,0.0,0.0,0.0,0.9078738884397737,0.0,28076000.0,0.9078738884397737,0.0,28076000.0,0.9078738884397737,0.42,0.42,67301901.0,67301901.0,https://www.sec.gov/Archives/edgar/data/1518621/000151862120000105/0001518621-20-000105-index.htm,https://www.sec.gov/ix?doc=/Archives/edgar/data/1518621/000151862120000105/orc10q20200930.htm,1620596179,17:36:19,20210509
2,2020-06-30,ORC,USD,2020-07-31,2020-07-31 13:16:57,Q2,51528000.0,0.0,51528000.0,1.0,0.0,2170000.0,0.0,446.0,446.0,446.0,4479000.0,0.0,0.0,0.0,0.0,0.9465145163794442,0.0,48772000.0,0.9465145163794442,0.0,48772000.0,0.9465145163794442,0.74,0.74,66310219.0,66310219.0,https://www.sec.gov/Archives/edgar/data/1518621/000151862120000060/0001518621-20-000060-index.htm,https://www.sec.gov/Archives/edgar/data/1518621/000151862120000060/orc2020q2.htm,1620596179,17:36:19,20210509
3,2020-03-31,ORC,USD,2020-05-01,2020-05-01 14:15:34,Q1,-89058000.0,0.0,0.0,0.0,0.0,1680000.0,0.0,0.0,110000000.0,0.0,16523000.0,0.0,0.0,0.0,0.0,1.0240405129241619,0.0,-91199000.0,1.0240405129241619,0.0,-91199000.0,1.0240405129241619,-1.41,-1.41,64590205.0,64590205.0,https://www.sec.gov/Archives/edgar/data/1518621/000151862120000018/0001518621-20-000018-index.htm,https://www.sec.gov/Archives/edgar/data/1518621/000151862120000018/orc10q20200331.htm,1620596179,17:36:19,20210509
4,2019-12-31,ORC,USD,2020-02-21 00:00:00,2020-02-21 14:56:25,Q4,21347000.0,0.0,0.0,0.0,0.0,2309000.0,0.0,0.0,-1000000.0,0.0,20022000.0,0.0,0.0,0.0,0.0,0.8718789525460252,0.0,18612000.0,0.8718789525460252,0.0,18612000.0,0.8718789525460252,0.29,0.29,63124260.0,63124260.0,https://www.sec.gov/Archives/edgar/data/1518621/000127547720000030/0001275477-20-000030-index.html,https://www.sec.gov/Archives/edgar/data/1518621/000127547720000030/orc10k20191231.htm,1620596179,17:36:19,20210509
5,2019-09-30,ORC,USD,2019-10-25 00:00:00,2019-10-25 15:00:14,Q3,-5845000.0,0.0,0.0,0.0,0.0,2281000.0,0.0,0.0,22000000.0,0.0,22321000.0,0.0,0.0,0.0,0.0,1.4502994011976047,0.0,-8477000.0,1.4502994011976047,0.0,-8477000.0,1.4502994011976047,-0.14,-0.14,60418985.0,60418985.0,https://www.sec.gov/Archives/edgar/data/1518621/000151862119000007/0001518621-19-000007-index.html,https://www.sec.gov/Archives/edgar/data/1518621/000151862119000007/orc10q20190930.htm,1620596179,17:36:19,20210509
6,2019-06-30,ORC,USD,2019-07-26,2019-07-26 16:00:22,Q2,6354000.0,0.0,0.0,0.0,0.0,2172000.0,0.0,0.0,10000000.0,0.0,22431000.0,0.0,0.0,0.0,0.0,0.5560276990871892,0.0,3533000.0,0.5560276990871892,0.0,3533000.0,0.5560276990871892,0.07,0.07,52600758.0,52600758.0,https://www.sec.gov/Archives/edgar/data/1518621/000127547719000105/orc10q20190630.htm,https://www.sec.gov/Archives/edgar/data/1518621/000127547719000105/orc10q20190630.htm,1620596179,17:36:19,20210509
7,2019-03-31,ORC,USD,2019-04-26 00:00:00,2019-04-26 12:35:22,Q1,12793000.0,0.0,0.0,0.0,0.0,1520000.0,0.0,0.0,3000000.0,0.0,18892000.0,0.0,0.0,0.0,0.0,0.8283436254201516,0.0,10597000.0,0.8283436254201516,0.0,10597000.0,0.8283436254201516,0.22,0.22,48904587.0,48904587.0,https://www.sec.gov/Archives/edgar/data/1518621/000127547719000070/0001275477-19-000070-index.html,https://www.sec.gov/Archives/edgar/data/1518621/000127547719000070/orc10q20190331.htm,1620596179,17:36:19,20210509
8,2018-12-31,ORC,USD,2019-02-22 00:00:00,2019-02-22 15:21:02,Q4,-23446000.0,0.0,0.0,0.0,0.0,2337000.0,0.0,0.0,44000000.0,0.0,19740000.0,0.0,0.0,0.0,0.0,1.1259489891665955,0.0,-26399000.0,1.1259489891665955,0.0,-26399000.0,1.1259489891665955,-0.52,-0.52,51188425.0,51188425.0,https://www.sec.gov/Archives/edgar/data/1518621/000127547719000023/0001275477-19-000023-index.html,https://www.sec.gov/Archives/edgar/data/1518621/000127547719000023/orc10k20181231.htm,1620596179,17:36:19,20210509
9,2018-09-30,ORC,USD,2018-10-26 00:00:00,2018-10-26 14:36:59,Q3,11000.0,0.0,0.0,0.0,0.0,2376000.0,0.0,0.0,23000000.0,0.0,18893000.0,0.0,0.0,0.0,0.0,-269.0,0.0,-2959000.0,-269.0,0.0,-2959000.0,-269.0,-0.06,-0.06,52034695.0,52034695.0,https://www.sec.gov/Archives/edgar/data/1518621/000127547718000150/0001275477-18-000150-index.html,https://www.sec.gov/Archives/edgar/data/1518621/000127547718000150/orc10q20180930.htm,1620596179,17:36:19,20210509
10,2018-06-30,ORC,USD,2018-07-27 00:00:00,2018-07-27 13:45:35,Q2,4277000.0,0.0,0.0,0.0,0.0,2357000.0,0.0,0.0,21000000.0,0.0,16579000.0,0.0,0.0,0.0,0.0,0.31470657002571895,0.0,1346000.0,0.31470657002571895,0.0,1346000.0,0.31470657002571895,0.03,0.03,52587472.0,52587472.0,https://www.sec.gov/Archives/edgar/data/1518621/000127547718000109/0001275477-18-000109-index.html,https://www.sec.gov/Archives/edgar/data/1518621/000127547718000109/orc10q20180630.htm,1620596179,17:36:19,20210509
11,2018-03-31,ORC,USD,2018-04-27 00:00:00,2018-04-27 13:49:19,Q1,-13270000.0,0.0,0.0,0.0,0.0,2408000.0,0.0,0.0,41000000.0,0.0,15149000.0,0.0,0.0,0.0,0.0,1.23413715146948,0.0,-16377000.0,1.23413715146948,0.0,-16377000.0,1.23413715146948,-0.31,-0.31,53065845.0,53065845.0,https://www.sec.gov/Archives/edgar/data/1518621/000127547718000073/0001275477-18-000073-index.html,https://www.sec.gov/Archives/edgar/data/1518621/000127547718000073/orc10q20180331.htm,1620596179,17:36:19,20210509
12,2017-12-31,ORC,USD,2018-02-15 00:00:00,2018-02-14 17:41:33,Q4,-2997000.0,0.0,0.0,0.0,0.0,2518000.0,0.0,0.0,33000000.0,0.0,13555000.0,0.0,0.0,0.0,0.0,1.995995995995996,0.0,-5982000.0,1.995995995995996,0.0,-5982000.0,1.995995995995996,-0.12,-0.12,48310191.0,48310191.0,https://www.sec.gov/Archives/edgar/data/1518621/000127547718000034/0001275477-18-000034-index.html,https://www.sec.gov/Archives/edgar/data/1518621/000127547718000034/orc10k2017.htm,1620596179,17:36:19,20210509
13,2017-09-30,ORC,USD,2017-10-27 00:00:00,2017-10-27 13:20:47,Q3,18082000.0,0.0,0.0,0.0,0.0,2422000.0,0.0,0.0,11000000.0,0.0,12638000.0,0.0,0.0,0.0,0.0,0.8396748147328835,0.0,15183000.0,0.8396748147328835,0.0,15183000.0,0.8396748147328835,0.33,0.33,45355124.0,45355124.0,https://www.sec.gov/Archives/edgar/data/1518621/000127547717000098/0001275477-17-000098-index.html,https://www.sec.gov/Archives/edgar/data/1518621/000127547717000098/orc10q20170930.htm,1620596179,17:36:19,20210509
14,2017-06-30,ORC,USD,2017-08-01 00:00:00,2017-08-01 11:56:47,Q2,-6781000.0,0.0,0.0,0.0,0.0,2378000.0,0.0,0.0,35000000.0,0.0,8763000.0,0.0,0.0,0.0,0.0,1.422061642825542,0.0,-9643000.0,1.422061642825542,0.0,-9643000.0,1.422061642825542,-0.26,-0.26,37211362.0,37211362.0,https://www.sec.gov/Archives/edgar/data/1518621/000127547717000069/0001275477-17-000069-index.html,https://www.sec.gov/Archives/edgar/data/1518621/000127547717000069/orc10q20170630.htm,1620596179,17:36:19,20210509
15,2017-03-31,ORC,USD,2017-04-28 00:00:00,2017-04-28 12:05:20,Q1,4869000.0,0.0,0.0,0.0,0.0,2019000.0,0.0,0.0,23000000.0,0.0,6715000.0,0.0,0.0,0.0,0.0,0.5029780242349559,0.0,2449000.0,0.5029780242349559,0.0,2449000.0,0.5029780242349559,0.07,0.07,33069064.0,33069064.0,https://www.sec.gov/Archives/edgar/data/1518621/000151862117000011/0001518621-17-000011-index.html,https://www.sec.gov/Archives/edgar/data/1518621/000151862117000011/orc10q201703331.htm,1620596179,17:36:19,20210509
16,2016-12-31,ORC,USD,2017-02-17 00:00:00,2017-02-17 12:25:11,Q4,-17912000.0,0.0,0.0,0.0,0.0,2063000.0,0.0,0.0,41000000.0,0.0,4975000.0,0.0,0.0,0.0,0.0,1.1399062081286289,0.0,-20418000.0,1.1399062081286289,0.0,-20418000.0,1.1399062081286289,-0.72,-0.72,28495000.0,28495000.0,https://www.sec.gov/Archives/edgar/data/1518621/000127547717000019/0001275477-17-000019-index.html,https://www.sec.gov/Archives/edgar/data/1518621/000127547717000019/orc10k20161231.htm,1620596179,17:36:19,20210509
17,2016-09-30,ORC,USD,2016-11-01 00:00:00,2016-11-01 15:35:30,Q3,22797000.0,0.0,0.0,0.0,0.0,1891000.0,0.0,0.0,-2000000.0,0.0,3979000.0,0.0,0.0,0.0,0.0,0.9003816291617318,0.0,20526000.0,0.9003816291617318,0.0,20526000.0,0.9003816291617318,0.85,0.85,24133343.0,24133343.0,https://www.sec.gov/Archives/edgar/data/1518621/000127547716000184/0001275477-16-000184-index.html,https://www.sec.gov/Archives/edgar/data/1518621/000127547716000184/orc10q20160930.htm,1620596179,17:36:19,20210509
18,2016-06-30,ORC,USD,2016-07-28,2016-07-28 15:13:52,Q2,8597000.0,0.0,0.0,0.0,0.0,1820000.0,0.0,0.0,9000000.0,0.0,3330000.0,0.0,0.0,0.0,0.0,0.7517738746074212,0.0,6463000.0,0.7517738746074212,0.0,6463000.0,0.7517738746074212,0.29,0.29,21920573.0,21920573.0,https://www.sec.gov/Archives/edgar/data/1518621/000127547716000163/orc10q20160630.htm,https://www.sec.gov/Archives/edgar/data/1518621/000127547716000163/orc10q20160630.htm,1620596179,17:36:19,20210509
19,2016-03-31,ORC,USD,2016-04-28 00:00:00,2016-04-28 17:12:40,Q1,-2411000.0,0.0,0.0,0.0,0.0,1794000.0,0.0,0.0,22000000.0,0.0,3319000.0,0.0,0.0,0.0,0.0,1.904189133139776,0.0,-4591000.0,1.904189133139776,0.0,-4591000.0,1.904189133139776,-0.21,-0.21,21756065.0,21756065.0,https://www.sec.gov/Archives/edgar/data/1518621/000127547716000140/0001275477-16-000140-index.html,https://www.sec.gov/Archives/edgar/data/1518621/000127547716000140/orc10q20160331.htm,1620596179,17:36:19,20210509
20,2015-12-31,ORC,USD,2016-02-25 00:00:00,2016-02-25 17:19:42,Q4,9908000.0,0.0,0.0,0.0,0.0,1819000.0,0.0,0.0,9000000.0,0.0,2371000.0,0.0,0.0,0.0,0.0,0.7881509890997174,0.0,7809000.0,0.7881509890997174,0.0,7809000.0,0.7881509890997174,0.35893439369665425,0.35893439369665425,21756065.0,21756065.0,https://www.sec.gov/Archives/edgar/data/1518621/000127547716000111/0001275477-16-000111-index.html,https://www.sec.gov/Archives/edgar/data/1518621/000127547716000111/orc10k20151231.htm,1620596179,17:36:19,20210509
21,2015-09-30,ORC,USD,2015-10-30 00:00:00,2015-10-30 15:51:51,Q3,-7367000.0,0.0,0.0,0.0,0.0,1804000.0,0.0,0.0,26000000.0,0.0,2037000.0,0.0,0.0,0.0,0.0,1.2782679516763948,0.0,-9417000.0,1.2782679516763948,0.0,-9417000.0,1.2782679516763948,-0.42,-0.42,22545019.0,22545019.0,https://www.sec.gov/Archives/edgar/data/1518621/000127547715000082/0001275477-15-000082-index.html,https://www.sec.gov/Archives/edgar/data/1518621/000127547715000082/orc10q20150930.htm,1620596179,17:36:19,20210509
22,2015-06-30,ORC,USD,2015-07-30 00:00:00,2015-07-30 15:21:21,Q2,-831000.0,0.0,0.0,0.0,0.0,1782000.0,0.0,0.0,18000000.0,0.0,1567000.0,0.0,0.0,0.0,0.0,3.407942238267148,0.0,-2832000.0,3.407942238267148,0.0,-2832000.0,3.407942238267148,-0.14,-0.14,19751871.0,19751871.0,https://www.sec.gov/Archives/edgar/data/1518621/000127547715000064/0001275477-15-000064-index.html,https://www.sec.gov/Archives/edgar/data/1518621/000127547715000064/orc10q20150630.htm,1620596179,17:36:19,20210509
23,2015-03-31,ORC,USD,2015-04-28 00:00:00,2015-04-28 14:06:54,Q1,7255000.0,0.0,0.0,0.0,0.0,1544000.0,0.0,0.0,8000000.0,0.0,1296000.0,0.0,0.0,0.0,0.0,0.7593383873190903,0.0,5509000.0,0.7593383873190903,0.0,5509000.0,0.7593383873190903,0.33,0.33,16846950.0,16846950.0,https://www.sec.gov/Archives/edgar/data/1518621/000127547715000035/0001275477-15-000035-index.html,https://www.sec.gov/Archives/edgar/data/1518621/000127547715000035/orc10q20150331.htm,1620596179,17:36:19,20210509
24,2014-12-31,ORC,USD,2015-02-24,2015-02-24 17:25:27,Q4,4966614.0,0.0,0.0,0.0,0.0,1206360.0,0.0,0.0,7000000.0,0.0,1126106.0,0.0,0.0,0.0,0.0,0.7087945630564405,0.0,3520309.0,0.7087945630564405,0.0,3520309.0,0.7087945630564405,0.24,0.24,14670833.0,14670833.0,https://www.sec.gov/Archives/edgar/data/1518621/000127547715000015/orc10k20141231.htm,https://www.sec.gov/Archives/edgar/data/1518621/000127547715000015/orc10k20141231.htm,1620596179,17:36:19,20210509
25,2014-09-30,ORC,USD,2014-10-28 00:00:00,2014-10-28 12:07:59,Q3,8161053.0,0.0,0.0,0.0,0.0,1196334.0,0.0,0.0,2000000.0,0.0,818383.0,0.0,0.0,0.0,0.0,0.8293642989452464,0.0,6768486.0,0.8293642989452464,0.0,6768486.0,0.8293642989452464,0.63,0.63,10743629.0,10743629.0,https://www.sec.gov/Archives/edgar/data/1518621/000127547714000092/0001275477-14-000092-index.html,https://www.sec.gov/Archives/edgar/data/1518621/000127547714000092/orc10q20140930.htm,1620596179,17:36:19,20210509
26,2014-06-30,ORC,USD,2014-07-31 00:00:00,2014-07-31 13:50:58,Q2,11749540.0,0.0,0.0,0.0,0.0,898607.0,0.0,0.0,-5000000.0,0.0,675668.0,0.0,0.0,0.0,0.0,0.9051367968448126,0.0,10634941.0,0.9051367968448126,0.0,10634941.0,0.9051367968448126,1.17,1.17,9089693.0,9089693.0,https://www.sec.gov/Archives/edgar/data/1518621/000127547714000075/0001275477-14-000075-index.html,https://www.sec.gov/Archives/edgar/data/1518621/000127547714000075/orc10q20140630.htm,1620596179,17:36:19,20210509
27,2014-03-31,ORC,USD,2014-05-06 00:00:00,2014-05-06 17:06:10,Q1,4129793.0,0.0,0.0,0.0,0.0,416698.0,0.0,0.0,0.0,0.0,410843.0,0.0,0.0,0.0,0.0,0.8705676047201397,0.0,3595264.0,0.8705676047201397,0.0,3595264.0,0.8705676047201397,0.71,0.71,8611665.0,8611665.0,https://www.sec.gov/Archives/edgar/data/1518621/000127547714000045/0001275477-14-000045-index.html,https://www.sec.gov/Archives/edgar/data/1518621/000127547714000045/orc10q20140331.htm,1620596179,17:36:19,20210509
28,2013-12-31,ORC,USD,2014-02-21,2014-02-21 17:29:47,Q4,1861791.0,0.0,0.0,0.0,0.0,287521.0,0.0,0.0,1000000.0,0.0,308985.0,0.0,0.0,0.0,0.0,0.7760779808259896,0.0,1444895.0,0.7760779808259896,0.0,1444895.0,0.7760779808259896,0.43,0.43,3360221.0,3360221.0,https://www.sec.gov/Archives/edgar/data/1518621/000127547714000019/orc10k20131231.htm,https://www.sec.gov/Archives/edgar/data/1518621/000127547714000019/orc10k20131231.htm,1620596179,17:36:19,20210509
29,2013-09-30,ORC,USD,2013-11-04 00:00:00,2013-11-04 17:04:01,Q3,-595701.0,0.0,0.0,0.0,0.0,293907.0,0.0,0.0,3000000.0,0.0,293913.0,0.0,0.0,0.0,0.0,1.6738380496255671,0.0,-997107.0,1.6738380496255671,0.0,-997107.0,1.6738380496255671,-0.3,-0.3,3323690.0,3323690.0,https://www.sec.gov/Archives/edgar/data/1518621/000114036113040497/0001140361-13-040497-index.html,https://www.sec.gov/Archives/edgar/data/1518621/000114036113040497/orc10q20130930.htm,1620596179,17:36:19,20210509
30,2013-06-30,ORC,USD,2013-08-07 00:00:00,2013-08-07 17:17:03,Q2,-1094675.0,0.0,0.0,0.0,0.0,308896.0,0.0,0.0,4000000.0,0.0,321886.0,0.0,0.0,0.0,0.0,1.412430173339119,0.0,-1546152.0,1.412430173339119,0.0,-1546152.0,1.412430173339119,-0.46,-0.46,3361200.0,3361200.0,https://www.sec.gov/Archives/edgar/data/1518621/000127547713000082/0001275477-13-000082-index.html,https://www.sec.gov/Archives/edgar/data/1518621/000127547713000082/orc10q20130630.htm,1620596179,17:36:19,20210509
31,2013-03-31,ORC,USD,2013-05-10 00:00:00,2013-05-10 17:17:40,Q1,798678.0,0.0,0.0,0.0,0.0,189786.0,0.0,0.0,1000000.0,0.0,201420.0,0.0,0.0,0.0,0.0,0.5012758583559331,0.0,400358.0,0.5012758583559331,0.0,400358.0,0.5012758583559331,0.2,0.2,3341665.0,3341665.0,https://www.sec.gov/Archives/edgar/data/1518621/000127547713000052/0001275477-13-000052-index.html,https://www.sec.gov/Archives/edgar/data/1518621/000127547713000052/orc10q20130331.htm,1620596179,17:36:19,20210509
32,2012-12-31,ORC,USD,2012-12-31,2012-12-31,Q4,-92758.0,0.0,0.0,0.0,0.0,-319093.0,0.0,0.0,0.0,0.0,94513.0,0.0,0.0,0.0,0.0,0.0,0.0,0.0,0.0,0.0,-267213.0,2.880754220660213,-0.07996402990724684,-0.07996402990724684,3341665.0,3341665.0,,,1620596179,17:36:19,20210509
33,2012-09-30,ORC,USD,2012-09-30,2012-09-30,Q3,779952.0,0.0,0.0,0.0,0.0,162243.0,0.0,0.0,0.0,0.0,58381.0,0.0,0.0,0.0,0.0,0.0,0.0,0.0,0.0,0.0,545408.0,0.6992840585061645,0.163214,0.163214,3341665.0,3341665.0,,,1620596179,17:36:19,20210509
34,2012-06-30,ORC,USD,2012-06-30,2012-06-30,Q2,-203467.0,0.0,0.0,0.0,0.0,132428.0,0.0,0.0,0.0,0.0,73766.0,0.0,0.0,0.0,0.0,0.0,0.0,0.0,0.0,0.0,-361095.0,1.7747103952975176,-0.108058,-0.108058,3341665.0,3341665.0,,,1620596179,17:36:19,20210509
35,2012-03-31,ORC,USD,2012-03-31,2012-03-31,Q1,783416.0,0.0,0.0,0.0,0.0,80430.0,0.0,0.0,0.0,0.0,50667.0,0.0,0.0,0.0,0.0,0.7878879165092365,0.0,617244.0,0.7878879165092365,0.0,617244.0,0.7878879165092365,0.184712,0.184712,3341665.0,3341665.0,,,1620596179,17:36:19,20210509
36,2011-12-31,ORC,USD,2011-12-31,2011-12-31,Q4,31208.0,0.0,0.0,0.0,0.0,129616.0,0.0,0.0,0.0,0.0,35854.0,0.0,0.0,0.0,0.0,0.0,0.0,0.0,0.0,0.0,-84282.0,-2.700653678543963,-0.025221558713994372,-0.025221558713994372,3341665.0,3341665.0,,,1620596179,17:36:19,20210509
37,2011-09-30,ORC,USD,2011-09-30,2011-09-30,Q3,-430734.0,0.0,0.0,0.0,0.0,147892.0,0.0,0.0,0.0,0.0,23421.0,0.0,0.0,0.0,0.0,0.0,0.0,0.0,0.0,0.0,-1635676.0,3.7974155743451874,-0.489479,-0.489479,3341665.0,3341665.0,,,1620596179,17:36:19,20210509
38,2011-06-30,ORC,USD,2011-06-30,2011-06-30,Q2,670227.0,0.0,0.0,0.0,0.0,113813.0,0.0,0.0,0.0,0.0,18006.0,0.0,0.0,0.0,0.0,0.0,0.0,0.0,0.0,0.0,513672.0,0.7664149609013066,0.153717,0.153717,3341665.0,3341665.0,,,1620596179,17:36:19,20210509
39,2011-03-31,ORC,USD,2011-03-31,2011-03-31,Q1,131165.0,0.0,0.0,0.0,0.0,65142.0,0.0,0.0,0.0,0.0,18942.0,0.0,0.0,0.0,0.0,0.12253268783593184,0.0,16072.0,0.12253268783593184,0.0,16072.0,0.12253268783593184,0.00481,0.00481,3341665.0,3341665.0,,,1620596179,17:36:19,20210509
