,date,symbol,reportedCurrency,fillingDate,acceptedDate,period,revenue,costOfRevenue,grossProfit,grossProfitRatio,researchAndDevelopmentExpenses,generalAndAdministrativeExpenses,sellingAndMarketingExpenses,otherExpenses,operatingExpenses,costAndExpenses,interestExpense,depreciationAndAmortization,ebitda,ebitdaratio,operatingIncome,operatingIncomeRatio,totalOtherIncomeExpensesNet,incomeBeforeTax,incomeBeforeTaxRatio,incomeTaxExpense,netIncome,netIncomeRatio,eps,epsdiluted,weightedAverageShsOut,weightedAverageShsOutDil,link,finalLink,timestamp,est_time,est_date
0,2021-03-31,ATRC,USD,2021-04-28,2021-04-28 16:26:13,Q1,59275000.0,14735000.0,44540000.0,0.7514129059468578,11217000.0,0.0,0.0,-1001000.0,60425000.0,75160000.0,0.0,1884000.0,-14001000.0,-0.23620413327709827,-15885000.0,-0.2848755799240827,-1001000.0,-16886000.0,-0.2848755799240827,31000.0,-16917000.0,-0.2853985660059047,-0.38,-0.38,44632000.0,44632000.0,https://www.sec.gov/Archives/edgar/data/1323885/000132388521000029/0001323885-21-000029-index.htm,https://www.sec.gov/Archives/edgar/data/1323885/000132388521000029/atrc-20210331x10q.htm,1620588891,15:34:51,20210509
1,2020-12-31,ATRC,USD,2021-02-26,2021-02-26 13:29:30,Q4,57725000.0,15288000.0,42437000.0,0.7351580770896492,10871000.0,49069000.0,0.0,46000.0,59940000.0,75228000.0,1194000.0,2167000.0,-15336000.0,-0.2656734517106973,-17503000.0,-0.30321351234300564,46000.0,-18464000.0,-0.31986141186660894,98000.0,-18562000.0,-0.3215591165006496,-0.42,-0.42,44124000.0,44124000.0,https://www.sec.gov/Archives/edgar/data/1323885/000132388521000011/0001323885-21-000011-index.htm,https://www.sec.gov/Archives/edgar/data/1323885/000132388521000011/atrc-20201231x10k.htm,1620588891,15:34:51,20210509
2,2020-09-30,ATRC,USD,2020-11-06,2020-11-06 11:06:49,Q3,54757000.0,14423000.0,40334000.0,0.7365998867724675,10576000.0,33749000.0,0.0,24000.0,44325000.0,58748000.0,1232000.0,2479000.0,-1512000.0,-0.02761290793871103,-3991000.0,-0.0728856584546268,24000.0,-4953000.0,-0.0904541885055792,-4000.0,-4949000.0,-0.09038113848457731,-0.11,-0.11,44012000.0,44012000.0,https://www.sec.gov/Archives/edgar/data/1323885/000132388520000047/0001323885-20-000047-index.htm,https://www.sec.gov/Archives/edgar/data/1323885/000132388520000047/atrc-20200930x10q.htm,1620588891,15:34:51,20210509
3,2020-06-30,ATRC,USD,2020-07-29,2020-07-29 14:57:37,Q2,40824000.0,13170000.0,27654000.0,0.6773956496178718,10036000.0,24903000.0,0.0,29000.0,34939000.0,48109000.0,1231000.0,2458000.0,-4827000.0,-0.1182392710170488,-7285000.0,-0.17844895159709975,29000.0,-8224000.0,-0.2014501273760533,12000.0,-8236000.0,-0.20174407211444248,-0.2,-0.2,41649000.0,41649000.0,https://www.sec.gov/Archives/edgar/data/1323885/000132388520000044/0001323885-20-000044-index.htm,https://www.sec.gov/Archives/edgar/data/1323885/000132388520000044/atrc-20200630x10q.htm,1620588891,15:34:51,20210509
4,2020-03-31,ATRC,USD,2020-04-30 00:00:00,2020-04-30 14:21:21,Q1,53225000.0,14341000.0,38884000.0,0.7305589478628464,11587000.0,42751000.0,0.0,-123000.0,54338000.0,68679000.0,1228000.0,2444000.0,-13010000.0,-0.2444340065758572,-15454000.0,-0.29035227806481917,-123000.0,-16400000.0,-0.30812588069516206,8000.0,-16408000.0,-0.3082761860028182,-0.42,-0.42,38671000.0,38671000.0,https://www.sec.gov/Archives/edgar/data/1323885/000132388520000029/0001323885-20-000029-index.html,https://www.sec.gov/Archives/edgar/data/1323885/000132388520000029/atrc-20200331x10q.htm,1620588891,15:34:51,20210509
5,2019-12-31,ATRC,USD,2020-02-24 00:00:00,2020-02-24 16:16:09,Q4,61321000.0,16547000.0,44774000.0,0.7301576947538364,13096000.0,47004000.0,0.0,70000.0,60100000.0,76647000.0,1257000.0,2383000.0,-12943000.0,-0.2110696172599925,-15326000.0,-0.24993069258492198,70000.0,-16048000.0,-0.2617047993346488,48000.0,-16096000.0,-0.26248756543435364,-0.42,-0.42,38190000.0,38190000.0,https://www.sec.gov/Archives/edgar/data/1323885/000132388520000009/0001323885-20-000009-index.html,https://www.sec.gov/Archives/edgar/data/1323885/000132388520000009/atrc-20191231x10k.htm,1620588891,15:34:51,20210509
6,2019-09-30,ATRC,USD,2019-10-31 00:00:00,2019-10-31 13:52:29,Q3,56614000.0,14817000.0,41797000.0,0.7382802840286855,10154000.0,40280000.0,0.0,-114000.0,50434000.0,65251000.0,1113000.0,2393000.0,-6244000.0,-0.11029074080616103,-8637000.0,-0.15255943759494117,-114000.0,-9287000.0,-0.16404069664747237,75000.0,-9362000.0,-0.1653654573073798,-0.25,-0.25,37842000.0,37842000.0,https://www.sec.gov/Archives/edgar/data/1323885/000132388519000038/0001323885-19-000038-index.html,https://www.sec.gov/Archives/edgar/data/1323885/000132388519000038/atrc-20190930x10q.htm,1620588891,15:34:51,20210509
7,2019-06-30,ATRC,USD,2019-07-31,2019-07-31 12:15:56,Q2,58906000.0,15013000.0,43893000.0,0.7451363188809289,9804000.0,37928000.0,0.0,-9000.0,47732000.0,62745000.0,879000.0,2362000.0,-1477000.0,-0.02507384646725291,-3839000.0,-0.06517162937561538,-9000.0,-4091000.0,-0.0694496316164737,10000.0,-4101000.0,-0.06961939361015856,-0.11,-0.11,37334000.0,37334000.0,https://www.sec.gov/Archives/edgar/data/1323885/000132388519000030/atrc-20190630x10q.htm,https://www.sec.gov/Archives/edgar/data/1323885/000132388519000030/atrc-20190630x10q.htm,1620588891,15:34:51,20210509
8,2019-03-31,ATRC,USD,2019-04-26 00:00:00,2019-04-26 13:45:45,Q1,53966000.0,14095000.0,39871000.0,0.7388170329466701,8176000.0,37015000.0,0.0,-107000.0,45191000.0,59286000.0,862000.0,2228000.0,-3092000.0,-0.057295334099247676,-5320000.0,-0.09858058777748953,-107000.0,-5569000.0,-0.10319460400993218,66000.0,-5635000.0,-0.10441759626431457,-0.15,-0.15,36976000.0,36976000.0,https://www.sec.gov/Archives/edgar/data/1323885/000132388519000018/0001323885-19-000018-index.html,https://www.sec.gov/Archives/edgar/data/1323885/000132388519000018/atrc-20190331x10q.htm,1620588891,15:34:51,20210509
9,2018-12-31,ATRC,USD,2019-03-01 00:00:00,2019-03-01 12:14:51,Q4,52893000.0,14303000.0,38590000.0,0.7295861456147317,8455000.0,32742000.0,0.0,-80000.0,41197000.0,55500000.0,1320000.0,2223000.0,-384000.0,-0.00725993987862288,-2607000.0,-0.049288185582213144,-80000.0,-3351000.0,-0.06335431909704498,79000.0,-3430000.0,-0.06484790047832416,-0.09,-0.09,36480000.0,36480000.0,https://www.sec.gov/Archives/edgar/data/1323885/000132388519000009/0001323885-19-000009-index.html,https://www.sec.gov/Archives/edgar/data/1323885/000132388519000009/atrc-20181231x10k.htm,1620588891,15:34:51,20210509
10,2018-09-30,ATRC,USD,2018-11-02 00:00:00,2018-11-02 13:45:13,Q3,49941000.0,13993000.0,35948000.0,0.7198093750625738,8556000.0,33440000.0,0.0,-41000.0,41996000.0,55989000.0,1246000.0,2128000.0,-3920000.0,-0.07849262129312588,-6048000.0,-0.12110290142367994,-41000.0,-7184000.0,-0.14384974269638173,51000.0,-7235000.0,-0.1448709477183076,-0.22,-0.22,33601000.0,33601000.0,https://www.sec.gov/Archives/edgar/data/1323885/000132388518000066/0001323885-18-000066-index.html,https://www.sec.gov/Archives/edgar/data/1323885/000132388518000066/atrc-20180930x10q.htm,1620588891,15:34:51,20210509
11,2018-06-30,ATRC,USD,2018-08-02 00:00:00,2018-08-02 11:48:19,Q2,51802000.0,13723000.0,38079000.0,0.7350874483610671,8655000.0,28466000.0,0.0,-150000.0,37121000.0,50844000.0,1221000.0,2204000.0,3162000.0,0.06104011428130188,958000.0,0.01849349445967337,-150000.0,-290000.0,-0.005598239450214278,48000.0,-338000.0,-0.006524844600594572,-0.01,-0.01,33252000.0,33252000.0,https://www.sec.gov/Archives/edgar/data/1323885/000132388518000050/0001323885-18-000050-index.html,https://www.sec.gov/Archives/edgar/data/1323885/000132388518000050/atrc-20180630x10q.htm,1620588891,15:34:51,20210509
12,2018-03-31,ATRC,USD,2018-04-27 00:00:00,2018-04-27 12:04:38,Q1,46994000.0,12491000.0,34503000.0,0.7342001106524237,9057000.0,34876000.0,0.0,88000.0,43933000.0,56424000.0,820000.0,2199000.0,-7231000.0,-0.15387070689875304,-9430000.0,-0.200663914542282,88000.0,-10086000.0,-0.21462314338000596,48000.0,-10134000.0,-0.2156445503681321,-0.31,-0.31,32926000.0,32926000.0,https://www.sec.gov/Archives/edgar/data/1323885/000132388518000035/0001323885-18-000035-index.html,https://www.sec.gov/Archives/edgar/data/1323885/000132388518000035/atrc-20180331x10q.htm,1620588891,15:34:51,20210509
13,2017-12-31,ATRC,USD,2018-02-28 00:00:00,2018-02-28 13:08:45,Q4,46062000.0,13379000.0,32683000.0,0.7095436585471755,7721000.0,27097000.0,0.0,6000.0,34818000.0,48197000.0,570000.0,2271000.0,136000.0,0.0029525422256958013,-2135000.0,-0.046350570969562764,6000.0,-2632000.0,-0.05714037601493639,-52000.0,-2580000.0,-0.05601146281099388,-0.08,-0.08,32654000.0,32654000.0,https://www.sec.gov/Archives/edgar/data/1323885/000132388518000017/0001323885-18-000017-index.html,https://www.sec.gov/Archives/edgar/data/1323885/000132388518000017/atrc-20171231x10k.htm,1620588891,15:34:51,20210509
14,2017-09-30,ATRC,USD,2017-11-02 00:00:00,2017-11-02 15:34:21,Q3,42150000.0,11232000.0,30918000.0,0.7335231316725979,7966000.0,29799000.0,0.0,145000.0,37765000.0,48997000.0,576000.0,2267000.0,-4580000.0,-0.10865954922894425,-6847000.0,-0.16244365361803084,145000.0,-7220000.0,-0.1712930011862396,26000.0,-7246000.0,-0.17190984578884935,-0.22,-0.22,32576000.0,32576000.0,https://www.sec.gov/Archives/edgar/data/1323885/000132388517000064/0001323885-17-000064-index.html,https://www.sec.gov/Archives/edgar/data/1323885/000132388517000064/atrc-20170930x10q.htm,1620588891,15:34:51,20210509
15,2017-06-30,ATRC,USD,2017-07-28 00:00:00,2017-07-28 11:35:15,Q2,45231000.0,12677000.0,32554000.0,0.7197276204373106,8907000.0,30002000.0,0.0,5000.0,38909000.0,51586000.0,564000.0,2286000.0,-4069000.0,-0.08996042537197939,-6355000.0,-0.14050098383851783,5000.0,-6866000.0,-0.15179854524551745,17000.0,-6883000.0,-0.15217439366805952,-0.21,-0.21,32288000.0,32288000.0,https://www.sec.gov/Archives/edgar/data/1323885/000132388517000051/0001323885-17-000051-index.html,https://www.sec.gov/Archives/edgar/data/1323885/000132388517000051/atrc-20170630x10q.htm,1620588891,15:34:51,20210509
16,2017-03-31,ATRC,USD,2017-05-05 00:00:00,2017-05-05 12:20:03,Q1,41273000.0,11265000.0,30008000.0,0.7270612749254961,9550000.0,30100000.0,0.0,-18000.0,39650000.0,50915000.0,554000.0,2304000.0,-7338000.0,-0.17779177670632132,-9642000.0,-0.23361519637535436,-18000.0,-10160000.0,-0.24616577423497202,23000.0,-10183000.0,-0.24672303927507086,-0.32,-0.32,32020000.0,32020000.0,https://www.sec.gov/Archives/edgar/data/1323885/000132388517000036/0001323885-17-000036-index.html,https://www.sec.gov/Archives/edgar/data/1323885/000132388517000036/atrc-20170331x10q.htm,1620588891,15:34:51,20210509
17,2016-12-31,ATRC,USD,2017-03-08 00:00:00,2017-03-08 16:49:58,Q4,41157000.0,12260000.0,28897000.0,0.7021162864154336,9866000.0,26726000.0,0.0,-440000.0,36592000.0,48852000.0,535000.0,2441000.0,-5254000.0,-0.12765750662098793,-7695000.0,-0.18696698010059043,-440000.0,-8609000.0,-0.20917462400077752,16000.0,-8625000.0,-0.20956337925504775,-0.27,-0.27,31794000.0,31794000.0,https://www.sec.gov/Archives/edgar/data/1323885/000132388517000017/0001323885-17-000017-index.html,https://www.sec.gov/Archives/edgar/data/1323885/000132388517000017/atrc-20161231x10k.htm,1620588891,15:34:51,20210509
18,2016-09-30,ATRC,USD,2016-10-28 00:00:00,2016-10-28 13:32:11,Q3,38340000.0,10868000.0,27472000.0,0.7165362545644236,8271000.0,25487000.0,0.0,-32000.0,33758000.0,44626000.0,530000.0,2358000.0,-3928000.0,-0.10245174752217005,-6286000.0,-0.16395409494001043,-32000.0,-6781000.0,-0.17686489306207617,2000.0,-6783000.0,-0.1769170579029734,-0.21,-0.21,31706000.0,31706000.0,https://www.sec.gov/Archives/edgar/data/1323885/000132388516000053/0001323885-16-000053-index.html,https://www.sec.gov/Archives/edgar/data/1323885/000132388516000053/atrc-20160930x10q.htm,1620588891,15:34:51,20210509
19,2016-06-30,ATRC,USD,2016-08-05,2016-08-05 09:00:33,Q2,39672000.0,10854000.0,28818000.0,0.7264065335753176,9124000.0,27432000.0,0.0,-34000.0,36556000.0,47410000.0,477000.0,2289000.0,-5449000.0,-0.13735128050010081,-7738000.0,-0.1950494051220004,-34000.0,-8189000.0,-0.2064176245210728,17000.0,-8206000.0,-0.2068461383343416,-0.26,-0.26,31575000.0,31575000.0,https://www.sec.gov/Archives/edgar/data/1323885/000132388516000049/0001323885-16-000049-index.htm,https://www.sec.gov/Archives/edgar/data/1323885/000132388516000049/atrc-20160630x10q.htm,1620588891,15:34:51,20210509
20,2016-03-31,ATRC,USD,2016-04-29 00:00:00,2016-04-29 11:40:34,Q1,35940000.0,10026000.0,25914000.0,0.7210350584307179,8563000.0,26770000.0,0.0,-80000.0,35333000.0,45359000.0,259000.0,2211000.0,-7208000.0,-0.20055648302726767,-9419000.0,-0.2620756816917084,-80000.0,-9719000.0,-0.2704229271007234,5000.0,-9724000.0,-0.27056204785754034,-0.31,-0.31,31358000.0,31358000.0,https://www.sec.gov/Archives/edgar/data/1323885/000132388516000039/0001323885-16-000039-index.html,https://www.sec.gov/Archives/edgar/data/1323885/000132388516000039/atrc-20160331x10q.htm,1620588891,15:34:51,20210509
21,2015-12-31,ATRC,USD,2016-02-29 00:00:00,2016-02-29 13:55:15,Q4,35863000.0,10318000.0,25545000.0,0.7122940077517218,7767000.0,28408000.0,0.0,-75000.0,36175000.0,46493000.0,241000.0,2066000.0,-8564000.0,-0.23879764659955943,-10630000.0,-0.2964057663887572,-75000.0,-10898000.0,-0.3038786493042969,16000.0,-10914000.0,-0.3043247915679112,-0.36,-0.36,30634000.0,30634000.0,https://www.sec.gov/Archives/edgar/data/1323885/000132388516000025/0001323885-16-000025-index.html,https://www.sec.gov/Archives/edgar/data/1323885/000132388516000025/atrc-20151231x10k.htm,1620588891,15:34:51,20210509
22,2015-09-30,ATRC,USD,2015-10-30 00:00:00,2015-10-30 11:59:32,Q3,31423000.0,8945000.0,22478000.0,0.7153359004550807,6504000.0,22101000.0,0.0,-48000.0,28605000.0,37550000.0,16000.0,1519000.0,-4608000.0,-0.14664417783152467,-6127000.0,-0.19498456544569265,-48000.0,-6135000.0,-0.1952391560322057,6000.0,-6141000.0,-0.19543009897209052,-0.22,-0.22,27462000.0,27462000.0,https://www.sec.gov/Archives/edgar/data/1323885/000132388515000014/0001323885-15-000014-index.html,https://www.sec.gov/Archives/edgar/data/1323885/000132388515000014/atrc-20150930x10q.htm,1620588891,15:34:51,20210509
23,2015-06-30,ATRC,USD,2015-07-31 00:00:00,2015-07-31 13:11:14,Q2,32583000.0,9466000.0,23117000.0,0.7094804038915999,5862000.0,22074000.0,0.0,-90000.0,27936000.0,37402000.0,17000.0,1382000.0,-3437000.0,-0.10548445508393947,-4819000.0,-0.14789921124512784,-90000.0,-4883000.0,-0.149863425712795,8000.0,-4891000.0,-0.15010895252125342,-0.18,-0.18,27304000.0,27304000.0,https://www.sec.gov/Archives/edgar/data/1323885/000119312515272580/0001193125-15-272580-index.html,https://www.sec.gov/Archives/edgar/data/1323885/000119312515272580/d944970d10q.htm,1620588891,15:34:51,20210509
24,2015-03-31,ATRC,USD,2015-05-01 00:00:00,2015-05-01 11:01:14,Q1,29886000.0,8151000.0,21735000.0,0.7272636016864084,5609000.0,21270000.0,0.0,-141000.0,26879000.0,35030000.0,18000.0,1311000.0,-3833000.0,-0.1282540319882219,-5144000.0,-0.1721207254232751,-141000.0,-5260000.0,-0.17600214147092283,6000.0,-5266000.0,-0.1762029043699391,-0.19,-0.19,27069000.0,27069000.0,https://www.sec.gov/Archives/edgar/data/1323885/000119312515165116/0001193125-15-165116-index.html,https://www.sec.gov/Archives/edgar/data/1323885/000119312515165116/d893140d10q.htm,1620588891,15:34:51,20210509
25,2014-12-31,ATRC,USD,2015-03-02,2015-03-02 16:08:08,Q4,29415000.0,8995000.0,20420000.0,0.694203637599864,4997000.0,20202000.0,0.0,-585000.0,25199000.0,34194000.0,15000.0,1303000.0,-3476000.0,-0.11817100118986912,-4779000.0,-0.16246812850586437,-585000.0,-5347000.0,-0.18177800441951386,-3000.0,-5344000.0,-0.1816760156382798,-0.2,-0.2,26935000.0,26935000.0,https://www.sec.gov/Archives/edgar/data/1323885/000119312515073256/0001193125-15-073256-index.htm,https://www.sec.gov/Archives/edgar/data/1323885/000119312515073256/d846540d10k.htm,1620588891,15:34:51,20210509
26,2014-09-30,ATRC,USD,2014-10-31 00:00:00,2014-10-31 11:30:26,Q3,26678000.0,7786000.0,18892000.0,0.7081490366594198,5033000.0,14662000.0,0.0,338000.0,19695000.0,27481000.0,24000.0,1254000.0,451000.0,0.016905315241022567,-803000.0,-0.03009970762425969,338000.0,-462000.0,-0.017317640002998725,4000.0,-466000.0,-0.017467576280080964,-0.02,-0.02,26915000.0,26915000.0,https://www.sec.gov/Archives/edgar/data/1323885/000119312514391364/0001193125-14-391364-index.html,https://www.sec.gov/Archives/edgar/data/1323885/000119312514391364/d787341d10q.htm,1620588891,15:34:51,20210509
27,2014-06-30,ATRC,USD,2014-07-30 00:00:00,2014-07-30 08:58:54,Q2,26514000.0,7733000.0,18781000.0,0.7083427623142491,4569000.0,17065000.0,0.0,172000.0,21634000.0,29367000.0,29000.0,1132000.0,-1721000.0,-0.06490910462397224,-2853000.0,-0.10760353021045485,172000.0,-2687000.0,-0.10134268688240175,5000.0,-2692000.0,-0.1015312665007166,-0.1,-0.1,26849000.0,26849000.0,https://www.sec.gov/Archives/edgar/data/1323885/000119312514285839/0001193125-14-285839-index.html,https://www.sec.gov/Archives/edgar/data/1323885/000119312514285839/d745454d10q.htm,1620588891,15:34:51,20210509
28,2014-03-31,ATRC,USD,2014-04-30 00:00:00,2014-04-30 12:31:22,Q1,24847000.0,7190000.0,17657000.0,0.7106290497846822,4001000.0,21581000.0,0.0,466000.0,25582000.0,32772000.0,237000.0,1085000.0,-6840000.0,-0.2752847426248642,-7925000.0,-0.31895198615527026,466000.0,-7682000.0,-0.3091721334567553,27000.0,-7709000.0,-0.31025878375659033,-0.31,-0.31,24766000.0,24766000.0,https://www.sec.gov/Archives/edgar/data/1323885/000119312514170531/0001193125-14-170531-index.html,https://www.sec.gov/Archives/edgar/data/1323885/000119312514170531/d700036d10q.htm,1620588891,15:34:51,20210509
29,2013-12-31,ATRC,USD,2014-03-11,2014-03-11 13:56:29,Q4,21884000.0,6215000.0,15669000.0,0.716002558947176,3648000.0,16859000.0,0.0,-8000.0,20507000.0,26722000.0,138000.0,555000.0,-4283000.0,-0.19571376348016817,-4838000.0,-0.221074757813928,-8000.0,-4976000.0,-0.2273807347834034,4000.0,-4980000.0,-0.2275635167245476,-0.24,-0.24,20785000.0,20785000.0,https://www.sec.gov/Archives/edgar/data/1323885/000119312514093364/0001193125-14-093364-index.htm,https://www.sec.gov/Archives/edgar/data/1323885/000119312514093364/d662110d10k.htm,1620588891,15:34:51,20210509
30,2013-09-30,ATRC,USD,2013-11-01 00:00:00,2013-11-01 08:26:14,Q3,20146000.0,5461000.0,14685000.0,0.7289288196167973,3237000.0,14062000.0,0.0,-9000.0,17299000.0,22760000.0,123000.0,508000.0,-2106000.0,-0.10453688077037625,-2614000.0,-0.12975280452695323,-9000.0,-2744000.0,-0.13620569840166782,4000.0,-2748000.0,-0.13640424898242828,-0.13,-0.13,20725000.0,20725000.0,https://www.sec.gov/Archives/edgar/data/1323885/000119312513421980/0001193125-13-421980-index.html,https://www.sec.gov/Archives/edgar/data/1323885/000119312513421980/d596869d10q.htm,1620588891,15:34:51,20210509
31,2013-06-30,ATRC,USD,2013-08-02 00:00:00,2013-08-02 09:39:57,Q2,20429000.0,5306000.0,15123000.0,0.7402711831220324,3049000.0,13713000.0,0.0,-17000.0,16762000.0,22068000.0,132000.0,496000.0,-1143000.0,-0.05594987517744383,-1639000.0,-0.08022908610308875,-17000.0,-1786000.0,-0.0874247393411327,5000.0,-1791000.0,-0.08766948945127025,-0.09,-0.09,20652000.0,20652000.0,https://www.sec.gov/Archives/edgar/data/1323885/000119312513316349/0001193125-13-316349-index.html,https://www.sec.gov/Archives/edgar/data/1323885/000119312513316349/d548643d10q.htm,1620588891,15:34:51,20210509
32,2013-03-31,ATRC,USD,2013-05-03 00:00:00,2013-05-03 10:57:58,Q1,19430000.0,5344000.0,14086000.0,0.7249613998970664,3506000.0,12380000.0,0.0,31000.0,15886000.0,21230000.0,173000.0,461000.0,-1339000.0,-0.06891405043746783,-1800000.0,-0.09264024704065878,31000.0,-1938000.0,-0.09974266598044261,5000.0,-1943000.0,-0.1,-0.1,-0.1,19544000.0,19544000.0,https://www.sec.gov/Archives/edgar/data/1323885/000119312513198164/0001193125-13-198164-index.html,https://www.sec.gov/Archives/edgar/data/1323885/000119312513198164/d508087d10q.htm,1620588891,15:34:51,20210509
33,2012-12-31,ATRC,USD,2013-03-08 00:00:00,2013-03-08 09:09:22,Q4,18364000.0,5362000.0,13002000.0,0.7080156828577652,2967000.0,11887000.0,0.0,-138000.0,14854000.0,20216000.0,186000.0,379000.0,-1473000.0,-0.08021128294489219,-1852000.0,-0.10084948812894794,45000.0,-1990000.0,-0.1083641908081028,30000.0,-2020000.0,-0.10999782182531039,-0.12,-0.12,16332000.0,16332000.0,https://www.sec.gov/Archives/edgar/data/1323885/000119312513097386/0001193125-13-097386-index.html,https://www.sec.gov/Archives/edgar/data/1323885/000119312513097386/d445187d10k.htm,1620588891,15:34:51,20210509
34,2012-09-30,ATRC,USD,2012-11-02 00:00:00,2012-11-02 12:23:05,Q3,16139000.0,4590000.0,11549000.0,0.7155957618191957,2905000.0,11173000.0,0.0,0.0,14078000.0,18668000.0,190000.0,467000.0,-2062000.0,-0.1277650412045356,-2529000.0,-0.15670115868393333,160000.0,-2556000.0,-0.15837412479087923,11000.0,-2567000.0,-0.15905570357519053,-0.16,-0.16,16278000.0,16278000.0,https://www.sec.gov/Archives/edgar/data/1323885/000119312512448528/0001193125-12-448528-index.html,https://www.sec.gov/Archives/edgar/data/1323885/000119312512448528/d398517d10q.htm,1620588891,15:34:51,20210509
35,2012-06-30,ATRC,USD,2012-08-03 00:00:00,2012-08-03 14:30:08,Q2,18268000.0,5557000.0,12711000.0,0.695806875410554,2885000.0,11146000.0,0.0,0.0,14031000.0,19588000.0,201000.0,574419.0,-745581.0,-0.04081349901467046,-1320000.0,-0.0722574994525947,199000.0,-1320000.0,-0.0722574994525947,6000.0,-1326000.0,-0.07258594263192468,-0.08,-0.08,16132000.0,16132000.0,https://www.sec.gov/Archives/edgar/data/1323885/000119312512334460/0001193125-12-334460-index.html,https://www.sec.gov/Archives/edgar/data/1323885/000119312512334460/d351698d10q.htm,1620588891,15:34:51,20210509
36,2012-03-31,ATRC,USD,2012-05-04,2012-05-04 16:02:01,Q1,17476302.0,4724500.0,12751802.0,0.729662488093877,3388925.0,10858863.0,0.0,0.0,14247788.0,18972288.0,224259.0,478581.0,-1017405.0,-0.058216263371965074,-1495986.0,-0.08560083248733055,101294.0,-1617221.0,-0.09253794080692815,2559.0,-1619780.0,-0.09268436766542487,-0.1,-0.1,16015877.0,16015877.0,https://www.sec.gov/Archives/edgar/data/1323885/000119312512211882/0001193125-12-211882-index.htm,https://www.sec.gov/Archives/edgar/data/1323885/000119312512108839/d264369d10k.htm,1620588891,15:34:51,20210509
37,2011-12-31,ATRC,USD,2012-03-12 00:00:00,2012-03-12 13:06:34,Q4,16763697.0,5022972.0,11740725.0,0.7003660946627704,2964424.0,10470922.0,0.0,0.0,13435346.0,18458318.0,163394.0,429699.0,-1264922.0,-0.07545602858367101,-1694621.0,-0.10108873955428806,-219142.0,-2074654.0,-0.12375873889870474,4814.0,-2079468.0,-0.12404590705737523,-0.1298379102187161,-0.1298379102187161,16015877.0,16015877.0,https://www.sec.gov/Archives/edgar/data/1323885/000119312512108839/0001193125-12-108839-index.html,https://www.sec.gov/Archives/edgar/data/1323885/000119312512108839/d264369d10k.htm,1620588891,15:34:51,20210509
38,2011-09-30,ATRC,USD,2011-11-04 00:00:00,2011-11-04 14:07:01,Q3,15222068.0,4136651.0,11085417.0,0.7282464511392276,3069174.0,9206794.0,0.0,0.0,12275968.0,16412619.0,170223.0,414304.0,-776247.0,-0.050994845115657085,-1190551.0,-0.07821217195981518,212031.0,-1143968.0,-0.0751519438751686,12368.0,-1156336.0,-0.07596444845733182,-0.07,-0.07,15810978.0,15810978.0,https://www.sec.gov/Archives/edgar/data/1323885/000119312511297108/0001193125-11-297108-index.html,https://www.sec.gov/Archives/edgar/data/1323885/000119312511297108/d229222d10q.htm,1620588891,15:34:51,20210509
39,2011-06-30,ATRC,USD,2011-08-05 00:00:00,2011-08-05 16:08:59,Q2,16779563.0,4502085.0,12277478.0,0.7316923569463638,2878876.0,10169771.0,0.0,0.0,13048647.0,17550732.0,172292.0,548399.0,-222770.0,-0.013276269471380154,-771169.0,-0.04595882503018702,1614.0,-937445.0,-0.055868260693082414,9205.0,-946650.0,-0.05641684470566963,-0.06,-0.06,15613410.0,15613410.0,https://www.sec.gov/Archives/edgar/data/1323885/000119312511212323/0001193125-11-212323-index.html,https://www.sec.gov/Archives/edgar/data/1323885/000119312511212323/d10q.htm,1620588891,15:34:51,20210509
40,2011-03-31,ATRC,USD,2011-05-13 00:00:00,2011-05-13 11:04:38,Q1,15637081.0,3744277.0,11892804.0,0.7605514098187507,2944347.0,10022652.0,0.0,0.0,12966999.0,16711276.0,308514.0,529746.0,-544449.0,-0.0348178154222006,-1074195.0,-0.06869536584225662,109914.0,-1268545.0,-0.0811241561004896,4501.0,-1273046.0,-0.08141199754608933,-0.08,-0.08,15396307.0,15396307.0,https://www.sec.gov/Archives/edgar/data/1323885/000119312511138834/0001193125-11-138834-index.html,https://www.sec.gov/Archives/edgar/data/1323885/000119312511138834/d10q.htm,1620588891,15:34:51,20210509
41,2010-12-31,ATRC,USD,2011-03-31 00:00:00,2011-03-31 10:36:43,Q4,16388963.0,4082993.0,12305970.0,0.7508693503060566,3513406.0,9030330.0,0.0,0.0,12543736.0,16626729.0,183714.0,587585.0,349819.0,0.021344791613721992,-237766.0,-0.01450769032793594,448249.0,30831.0,0.001881205052449017,19287.0,11544.0,0.0007043764758026484,0.0007497901931937315,0.0007497901931937315,15396307.0,15396307.0,https://www.sec.gov/Archives/edgar/data/1323885/000119312511084132/0001193125-11-084132-index.html,https://www.sec.gov/Archives/edgar/data/1323885/000119312511084132/d10k.htm,1620588891,15:34:51,20210509
42,2010-09-30,ATRC,USD,2010-11-09 00:00:00,2010-11-09 16:17:40,Q3,14473113.0,3299152.0,11173961.0,0.77204959292448,2937043.0,9067807.0,0.0,0.0,12004850.0,15304002.0,199978.0,539045.0,-291844.0,-0.020164563076374792,-830889.0,-0.057409142041522095,-2221.0,-1027866.0,-0.0710189991607196,1444.0,-1029310.0,-0.07111877037096304,-0.07,-0.07,15148815.0,15148815.0,https://www.sec.gov/Archives/edgar/data/1323885/000119312510254163/0001193125-10-254163-index.html,https://www.sec.gov/Archives/edgar/data/1323885/000119312510254163/d10q.htm,1620588891,15:34:51,20210509
43,2010-06-30,ATRC,USD,2010-08-10 00:00:00,2010-08-10 13:11:39,Q2,14192312.0,2963673.0,11228639.0,0.791177575577538,2422443.0,9239056.0,0.0,0.0,11661499.0,14625172.0,214867.0,605941.0,173081.0,0.012195405512505643,-432860.0,-0.030499611338871354,-122951.0,-764397.0,-0.053859934871781284,109.0,-764506.0,-0.05386761508625233,-0.05,-0.05,15025522.0,15025522.0,https://www.sec.gov/Archives/edgar/data/1323885/000119312510184548/0001193125-10-184548-index.html,https://www.sec.gov/Archives/edgar/data/1323885/000119312510184548/d10q.htm,1620588891,15:34:51,20210509
44,2010-03-31,ATRC,USD,2010-05-10 00:00:00,2010-05-10 16:28:35,Q1,13951800.0,3272636.0,10679164.0,0.7654327040238535,2657928.0,9711522.0,0.0,0.0,12369450.0,15642086.0,263013.0,630713.0,-1059573.0,-0.07594525437577947,-1690286.0,-0.1211518227038805,-64496.0,-2011141.0,-0.14414921372152698,-1790.0,-2009351.0,-0.14402091486403187,-0.13,-0.13,14997009.0,14997009.0,https://www.sec.gov/Archives/edgar/data/1323885/000119312510114665/0001193125-10-114665-index.html,https://www.sec.gov/Archives/edgar/data/1323885/000119312510114665/d10q.htm,1620588891,15:34:51,20210509
45,2009-12-31,ATRC,USD,2010-03-30 00:00:00,2010-03-30 12:09:39,Q4,13800369.0,3420181.0,10380188.0,0.7521674239290268,2778951.0,9526734.0,0.0,0.0,12494467.0,15914648.0,231705.0,626073.0,-1488206.0,-0.10783813099490311,-2114279.0,-0.15320452663258496,-63985.0,-2402953.0,-0.1741223731046612,-12925.0,-2390028.0,-0.17318580394480756,-0.1593669777753684,-0.1593669777753684,14997009.0,14997009.0,https://www.sec.gov/Archives/edgar/data/1323885/000119312510071029/0001193125-10-071029-index.html,https://www.sec.gov/Archives/edgar/data/1323885/000119312510071029/d10k.htm,1620588891,15:34:51,20210509
46,2009-09-30,ATRC,USD,2009-11-09 00:00:00,2009-11-09 13:28:24,Q3,13281336.0,3278090.0,10003246.0,0.7531807041098877,2580766.0,8087896.0,0.0,0.0,14435285.0,17713375.0,241480.0,602459.0,-3829580.0,-0.28834297995322156,-4432039.0,-0.3337043050488294,-35129.0,-4700411.0,-0.35391100714566665,-3441.0,-4696970.0,-0.35365192176449717,-0.32,-0.32,14614217.0,14614217.0,https://www.sec.gov/Archives/edgar/data/1323885/000119312509229003/0001193125-09-229003-index.html,https://www.sec.gov/Archives/edgar/data/1323885/000119312509229003/d10q.htm,1620588891,15:34:51,20210509
47,2009-06-30,ATRC,USD,2009-08-10 00:00:00,2009-08-10 13:22:26,Q2,13777950.0,3107816.0,10670134.0,0.7744355292333039,3138339.0,8565233.0,0.0,0.0,11703572.0,14811388.0,278415.0,603675.0,-429763.0,-0.031192085905377795,-1033438.0,-0.07500665919095366,-157841.0,-1454101.0,-0.1055382694813089,-11033.0,-1443068.0,-0.10473749723289749,-0.1,-0.1,14456542.0,14456542.0,https://www.sec.gov/Archives/edgar/data/1323885/000119312509170312/0001193125-09-170312-index.html,https://www.sec.gov/Archives/edgar/data/1323885/000119312509170312/d10q.htm,1620588891,15:34:51,20210509
48,2009-03-31,ATRC,USD,2009-05-07 00:00:00,2009-05-07 14:30:25,Q1,13673903.0,2944658.0,10729245.0,0.7846512440522652,2916833.0,8932143.0,0.0,0.0,11848976.0,14793634.0,60727.0,581593.0,-538138.0,-0.03935511316703066,-1119731.0,-0.08188817779386032,-6835946.0,-7996162.0,-0.5847753929510835,-31240.0,-7964922.0,-0.5824907489836662,-0.56,-0.56,14296612.0,14296612.0,https://www.sec.gov/Archives/edgar/data/1323885/000119312509103143/0001193125-09-103143-index.html,https://www.sec.gov/Archives/edgar/data/1323885/000119312509103143/d10q.htm,1620588891,15:34:51,20210509
49,2008-12-31,ATRC,USD,2009-03-16 00:00:00,2009-03-16 11:47:06,Q4,12066363.0,3102678.0,8963685.0,0.7428655179692506,2573202.0,9848900.0,0.0,0.0,12422102.0,15524780.0,0.0,516740.0,-2941677.0,-0.24379152193581446,-3458417.0,-0.2866163565607963,241066.0,0.0,0.0,0.0,-3199227.0,-0.265135981736999,-0.22377518533761706,-0.22377518533761706,14296612.0,14296612.0,https://www.sec.gov/Archives/edgar/data/1323885/000119312509054917/0001193125-09-054917-index.html,https://www.sec.gov/Archives/edgar/data/1323885/000119312509054917/d10k.htm,1620588891,15:34:51,20210509
50,2008-09-30,ATRC,USD,2008-11-07 00:00:00,2008-11-07 14:43:23,Q3,14802001.0,3396038.0,11405963.0,0.7705689926652485,3008619.0,10215477.0,0.0,0.0,13224096.0,16620134.0,0.0,741753.0,-1076380.0,-0.0727185466343368,-1818133.0,-0.12283021734696545,142071.0,0.0,0.0,0.0,-1769978.0,-0.11957694098250635,-0.12,-0.12,14208232.0,14208232.0,https://www.sec.gov/Archives/edgar/data/1323885/000119312508229794/0001193125-08-229794-index.html,https://www.sec.gov/Archives/edgar/data/1323885/000119312508229794/d10q.htm,1620588891,15:34:51,20210509
51,2008-06-30,ATRC,USD,2008-08-11 00:00:00,2008-08-11 13:51:29,Q2,14858514.0,3494908.0,11363606.0,0.7647875150906747,2593694.0,10595334.0,0.0,0.0,13189028.0,16683936.0,0.0,685599.0,-1139823.0,-0.07671177615742732,-1825422.0,-0.12285360433755355,203289.0,0.0,0.0,0.0,-1592616.0,-0.10718541571519198,-0.11,-0.11,14184973.0,14184973.0,https://www.sec.gov/Archives/edgar/data/1323885/000119312508173154/0001193125-08-173154-index.html,https://www.sec.gov/Archives/edgar/data/1323885/000119312508173154/d10q.htm,1620588891,15:34:51,20210509
52,2008-03-31,ATRC,USD,2008-05-08 00:00:00,2008-05-08 11:46:32,Q1,13530145.0,3230880.0,10299265.0,0.7612087675335335,2433154.0,11762426.0,0.0,0.0,14195580.0,17426460.0,0.0,738112.0,-3158203.0,-0.2334197453168462,-3896315.0,-0.2879728931212489,169139.0,0.0,0.0,0.0,-3605435.0,-0.26647423216824356,-0.25,-0.25,14149963.0,14149963.0,https://www.sec.gov/Archives/edgar/data/1323885/000119312508107292/0001193125-08-107292-index.html,https://www.sec.gov/Archives/edgar/data/1323885/000119312508107292/d10q.htm,1620588891,15:34:51,20210509
53,2007-12-31,ATRC,USD,2008-03-17,2008-03-17 17:11:42,Q4,13151615.0,2618710.0,10532905.0,0.8008830094250782,2532379.0,9627487.0,0.0,0.0,12159866.0,14778576.0,0.0,659588.0,-967373.0,-0.07355545307553484,-1626961.0,-0.12370807691678931,-111063.0,0.0,0.0,0.0,-1565381.0,-0.11902576223528441,-0.11062792178325838,-0.11062792178325838,14149963.0,14149963.0,https://www.sec.gov/Archives/edgar/data/1323885/000119312508059018/0001193125-08-059018-index.htm,https://www.sec.gov/Archives/edgar/data/1323885/000119312508059018/d10k.htm,1620588891,15:34:51,20210509
54,2007-09-30,ATRC,USD,2007-11-14 00:00:00,2007-11-14 15:13:14,Q3,12054459.0,2760418.0,9294041.0,0.7710044059214934,2397837.0,9805004.0,0.0,0.0,12202841.0,14963259.0,0.0,615918.0,-2292882.0,-0.19021027820493644,-2908800.0,-0.24130489804644073,74125.0,0.0,0.0,0.0,-2598176.0,-0.21553650810874217,-0.18,-0.18,14125230.0,14125230.0,https://www.sec.gov/Archives/edgar/data/1323885/000119312507247203/0001193125-07-247203-index.html,https://www.sec.gov/Archives/edgar/data/1323885/000119312507247203/d10q.htm,1620588891,15:34:51,20210509
55,2007-06-30,ATRC,USD,2007-08-14 00:00:00,2007-08-14 15:44:20,Q2,12352219.0,2547152.0,9805067.0,0.7937899255186457,2927984.0,10036836.0,0.0,0.0,12964820.0,15511972.0,0.0,543695.0,-2616058.0,-0.21178850536895436,-3159753.0,-0.2558044833887741,196944.0,0.0,0.0,0.0,-2787090.0,-0.22563476246656572,-0.22,-0.22,12943884.0,12943884.0,https://www.sec.gov/Archives/edgar/data/1323885/000119312507182605/0001193125-07-182605-index.html,https://www.sec.gov/Archives/edgar/data/1323885/000119312507182605/d10q.htm,1620588891,15:34:51,20210509
56,2007-03-31,ATRC,USD,2007-04-02 00:00:00,2007-04-02 17:24:53,Q1,10750770.0,2210495.0,8540275.0,0.7943872857479045,3129278.0,10283187.0,0.0,0.0,13412465.0,15622960.0,0.0,502585.0,-4369605.0,-0.4064457708610639,-4872190.0,-0.45319451536959676,419846.0,0.0,0.0,0.0,-4302421.0,-0.40019654406149513,-0.35,-0.35,12298424.0,12298424.0,https://www.sec.gov/Archives/edgar/data/1323885/000119312507072408/0001193125-07-072408-index.html,https://www.sec.gov/Archives/edgar/data/1323885/000119312507072408/d10k.htm,1620588891,15:34:51,20210509
57,2006-12-31,ATRC,USD,2007-04-02 00:00:00,2007-04-02 17:24:53,Q4,10599352.0,2355258.0,8244094.0,0.7777922650365796,3204667.0,9494000.0,0.0,0.0,12698667.0,15053925.0,0.0,520345.0,-3934228.0,-0.37117627568175865,-4454573.0,-0.420268427730299,0.0,0.0,0.0,0.0,-4263565.0,-0.40224770344451244,-0.34667572040124817,-0.34667572040124817,12298424.0,12298424.0,https://www.sec.gov/Archives/edgar/data/1323885/000119312507072408/0001193125-07-072408-index.html,https://www.sec.gov/Archives/edgar/data/1323885/000119312507072408/d10k.htm,1620588891,15:34:51,20210509
58,2006-09-30,ATRC,USD,2006-11-13,2006-11-13 08:13:04,Q3,9358045.0,1885946.0,7472099.0,0.7984679492351233,3172286.0,7691260.0,0.0,0.0,10863546.0,12749492.0,0.0,480303.0,-2911144.0,-0.31108463359601285,-3391447.0,-0.3624097768283867,0.0,0.0,0.0,0.0,-3155598.0,-0.3372069700455597,-0.26,-0.26,12148565.0,12148565.0,https://www.sec.gov/Archives/edgar/data/1323885/000119312506231786/0001193125-06-231786-index.htm,https://www.sec.gov/Archives/edgar/data/1323885/000119312506231786/d10q.htm,1620588891,15:34:51,20210509
59,2006-06-30,ATRC,USD,2006-08-11,2006-08-11 14:50:30,Q2,9649038.0,1785417.0,7863621.0,0.8149642482494109,2928171.0,8488970.0,0.0,0.0,11417141.0,13202558.0,0.0,458099.0,-3095421.0,-0.3208009959127532,-3553520.0,-0.3682771277302463,72632.0,0.0,0.0,0.0,-3208341.0,-0.33250371695085046,-0.26,-0.26,12118032.0,12118032.0,https://www.sec.gov/Archives/edgar/data/1323885/000119312506170746/0001193125-06-170746-index.htm,https://www.sec.gov/Archives/edgar/data/1323885/000119312506170746/d10q.htm,1620588891,15:34:51,20210509
60,2006-03-31,ATRC,USD,2006-05-12,2006-05-12 14:48:48,Q1,8636808.0,1599741.0,7037067.0,0.8147763618225622,2910493.0,7496098.0,0.0,0.0,10406591.0,12006332.0,0.0,426556.0,-2942968.0,-0.34074718345018207,-3369524.0,-0.39013533703655334,0.0,-3089771.0,-0.35774455099615504,0.0,-3089771.0,-0.35774455099615504,-0.26,-0.26,12096200.0,12096200.0,https://www.sec.gov/Archives/edgar/data/1323885/000119312506110633/0001193125-06-110633-index.htm,https://www.sec.gov/Archives/edgar/data/1323885/000119312506070752/d10k.htm,1620588891,15:34:51,20210509
61,2005-12-31,ATRC,USD,2006-03-31,2006-03-31 16:51:38,Q4,8559060.0,2143581.0,6415479.0,0.7495541566480431,2788229.0,7923639.0,0.0,0.0,10711868.0,12855449.0,0.0,493488.0,-3802901.0,-0.44431292688683105,-4296389.0,-0.5019697256474426,0.0,-4004805.0,-0.4679024332111236,4707.0,-4009512.0,-0.4684523767796931,-0.33146872571551395,-0.33146872571551395,12096200.0,12096200.0,https://www.sec.gov/Archives/edgar/data/1323885/000119312506070752/0001193125-06-070752-index.htm,https://www.sec.gov/Archives/edgar/data/1323885/000119312506070752/d10k.htm,1620588891,15:34:51,20210509
62,2005-09-30,ATRC,USD,2005-11-15,2005-11-15 15:13:48,Q3,7169748.0,2015458.0,5154290.0,0.7188941647600445,2612977.0,6308516.0,0.0,0.0,8921493.0,10936951.0,0.0,427880.0,-3339323.0,-0.4657517949026939,-3767203.0,-0.5254303219583171,84868.0,-3955061.0,-0.5516318007271664,9375.0,-3964436.0,-0.5529393780646126,-0.49,-0.49,8151220.0,8151220.0,https://www.sec.gov/Archives/edgar/data/1323885/000119312505227016/0001193125-05-227016-index.htm,https://www.sec.gov/Archives/edgar/data/1323885/000119312505227016/d10q.htm,1620588891,15:34:51,20210509
63,2005-06-30,ATRC,USD,2005-06-30,2005-06-30,Q3,7730420.0,1978129.0,5752291.0,0.7441110573552278,1970558.0,5143086.0,0.0,0.0,7113644.0,9091773.0,0.0,334220.0,-1027133.0,-0.13286897736474862,-1361353.0,-0.1761033682516603,0.0,0.0,0.0,0.0,-2342838.0,-0.30306736244602495,-1.24,-1.24,1888079.0,1888079.0,,,1620588891,15:34:51,20210509
64,2005-03-31,ATRC,USD,2005-03-31,2005-03-31,Q3,7497759.0,1919512.0,5578247.0,0.7439885704515176,1736836.0,5252098.0,0.0,0.0,6988934.0,8908446.0,0.0,298650.0,-1112037.0,-0.1483159167959386,-1410687.0,-0.18814781856818819,0.0,0.0,0.0,0.0,-2366178.0,-0.31558469670737616,-1.26,-1.26,1881542.0,1881542.0,,,1620588891,15:34:51,20210509
65,2004-12-31,ATRC,USD,2004-12-31,2004-12-31,Q4,5730262.0,1564435.0,4165827.0,0.726987177898672,1503636.0,0.0,0.0,0.0,6718237.0,8282672.0,0.0,297611.0,-2254799.0,-0.39348968685899527,-2552410.0,-0.44542640458673616,0.0,0.0,0.0,0.0,-6414706.0,-1.1194437531826642,-3.5193504566861398,-3.5193504566861398,1822696.0,1822696.0,,,1620588891,15:34:51,20210509
66,2004-09-30,ATRC,USD,2004-09-30,2004-09-30,Q3,4499894.0,1161784.0,3338110.0,0.7418196961972882,1166798.0,3881154.0,0.0,0.0,5047952.0,6209736.0,0.0,256869.0,-1452973.0,-0.32289049475387643,-1709842.0,-0.37997383938377216,24442.0,-2661692.0,-0.59150104424682,284.0,-1685684.0,-0.3746052684796575,-1.46,-1.46,1822696.0,1822696.0,,,1620588891,15:34:51,20210509
67,2004-06-30,ATRC,USD,2004-06-30,2004-06-30,Q3,5124518.0,1385301.0,3739217.0,0.7296719418294559,767616.0,3195505.0,0.0,0.0,3963121.0,5348422.0,0.0,0.0,-250419.0,-0.048866839769125606,-223904.0,-0.043692694610498004,26515.0,0.0,0.0,0.0,-197389.0,-0.0385185494518704,-0.65,-0.65,1805842.0,1805842.0,,,1620588891,15:34:51,20210509
