,date,symbol,reportedCurrency,fillingDate,acceptedDate,period,revenue,costOfRevenue,grossProfit,grossProfitRatio,researchAndDevelopmentExpenses,generalAndAdministrativeExpenses,sellingAndMarketingExpenses,otherExpenses,operatingExpenses,costAndExpenses,interestExpense,depreciationAndAmortization,ebitda,ebitdaratio,operatingIncome,operatingIncomeRatio,totalOtherIncomeExpensesNet,incomeBeforeTax,incomeBeforeTaxRatio,incomeTaxExpense,netIncome,netIncomeRatio,eps,epsdiluted,weightedAverageShsOut,weightedAverageShsOutDil,link,finalLink,timestamp,est_time,est_date
0,2020-12-31,TOMZ,USD,2021-03-30,2021-03-30 16:53:47,Q4,3654133.0,1500466.0,2153667.0,0.5893783833264963,209603.0,4382049.0,267348.0,0.0,5057274.0,6557740.0,1272.0,366064.0,-2537543.0,-0.6944309361481916,-2903607.0,-0.7946090084843656,0.0,-2904311.0,-0.7948016670438651,0.0,-2904312.0,-0.7948019407065917,-0.019550010339390494,-0.019550010339390494,148558080,148558080,https://www.sec.gov/Archives/edgar/data/314227/000165495421003525/0001654954-21-003525-index.htm,https://www.sec.gov/Archives/edgar/data/314227/000165495421003525/tomz_10k.htm,1620598941,18:22:21,20210509
1,2020-09-30,TOMZ,USD,2020-11-13,2020-11-13,Q3,4291589.0,1455568.0,2836021.0,0.660832386325904,44862.0,991543.0,212624.0,490.664,1739693.0,3195261.0,790.0,521486.0,1617814.0,0.37697319104881666,1096328.0,0.2554596910375155,-28.0,1096300.0,0.2554531666475984,77.0,1019300.0,0.23751109437553317,0.006861289537398437,0.006861289537398437,148558080,148558080,https://www.sec.gov/Archives/edgar/data/314227/000165495420012341/0001654954-20-012341-index.htm,https://www.sec.gov/Archives/edgar/data/314227/000165495420012341/tmoi_10q.htm,1620598941,18:22:21,20210509
2,2020-06-30,TOMZ,USD,2020-08-14,2020-08-14 09:01:00,Q2,10028500.0,4463600.0,5564900.0,0.5549085107443785,141120.0,2412202.0,-887092.0,69710.0,1908235.0,6371840.0,250.0,182770.00000000003,3839430.0,0.38285187216433164,3656660.0,0.36462681358129334,174598.0,3656920.0,0.36465273969187817,0.0,3656920.0,0.36465273969187817,0.02462,0.02462,148558080,148558080,https://www.sec.gov/Archives/edgar/data/314227/000165495420009104/0001654954-20-009104-index.htm,https://www.sec.gov/Archives/edgar/data/314227/000165495420009104/tomi_10q.htm,1620598941,18:22:21,20210509
3,2020-03-31,TOMZ,USD,2020-05-14,2020-05-14,Q1,7053420.0,2565410.0,4488010.0,0.6362884955099796,59460.0,1515690.0,0.0,81550.0,1828599.0,4394010.0,-40150.0,182390.0,2841800.0,0.40289675079606774,2659410.0,0.37703837287443537,0.0,2619260.0,0.37134609877194324,0.0,2619260.0,0.37134609877194324,0.01807,0.01807,144941680,144941680,https://www.sec.gov/Archives/edgar/data/314227/000165495420005422/0001654954-20-005422-index.htm,https://www.sec.gov/Archives/edgar/data/314227/000165495420005422/tomz_10q.htm,1620598941,18:22:21,20210509
4,2019-12-31,TOMZ,USD,2020-03-30 00:00:00,2020-03-30 07:03:43,Q4,1855440.0,816560.0,1038880.0,0.5599103177682921,91210.0,1223240.0,0.0,39630.0,1531174.0,2347740.0,-49390.0,202239.9999999999,-290060.0000000001,-0.1563294959686113,-492300.0,-0.2653279006596818,0.0,-541680.0,-0.2919415340835597,0.0,-541680.0,-0.2919415340835597,-0.00434,-0.00434,124700530,124700530,https://www.sec.gov/Archives/edgar/data/314227/000165495420003413/0001654954-20-003413-index.html,https://www.sec.gov/Archives/edgar/data/314227/000165495420003413/tomz_10k.htm,1620598941,18:22:21,20210509
5,2019-09-30,TOMZ,USD,2019-11-14 00:00:00,2019-11-14 09:09:08,Q3,1600390.0,460010.0,1140380.0,0.7125638125706859,88140.0,1025340.0,0.0,31800.0,1327965.0,1787970.0,-49230.0,188980.00000000006,1400.0000000000582,0.0008747867707246722,-187580.0,-0.1172089303232337,0.0,-236810.0,-0.14797018226807215,0.0,-236810.0,-0.14797018226807215,-0.0019,-0.0019,124709440,124709440,https://www.sec.gov/Archives/edgar/data/314227/000165495419012906/0001654954-19-012906-index.html,https://www.sec.gov/Archives/edgar/data/314227/000165495419012906/tomz_10q.htm,1620598941,18:22:21,20210509
6,2019-06-30,TOMZ,USD,2019-08-14,2019-08-14,Q2,1638670.0,663360.0,975310.0,0.5951838991377153,68660.0,1242190.0,0.0,20260.0,1510645.0,2174010.0,-49370.0,179529.99999999997,-355810.0,-0.21713340697028688,-535340.0,-0.3266917683243118,0.0,-584700.0,-0.3568137574984591,0.0,-584700.0,-0.3568137574984591,-0.00469,-0.00469,124699540,124699540,https://www.sec.gov/Archives/edgar/data/314227/000165495419009457/0001654954-19-009457-index.htm,https://www.sec.gov/Archives/edgar/data/314227/000165495419009457/tomi_10q.htm,1620598941,18:22:21,20210509
7,2019-03-31,TOMZ,USD,2019-04-01 00:00:00,2019-04-01 16:20:00,Q1,1252660.0,493310.0,759350.0,0.6061900276212221,92580.0,1322950.0,0.0,35010.0,1627376.0,2120690.0,-66500.0,176850.0,-691180.0,-0.551769833793687,-868030.0,-0.6929494036689924,0.0,-934530.0,-0.7460364344674533,0.0,-934530.0,-0.7460364344674533,-0.0075,-0.0075,124659310,124659310,https://www.sec.gov/Archives/edgar/data/314227/000165495419003856/0001654954-19-003856-index.html,https://www.sec.gov/Archives/edgar/data/314227/000165495419003856/tomi_10k.htm,1620598941,18:22:21,20210509
8,2018-12-31,TOMZ,USD,2019-04-01 00:00:00,2019-04-01 16:20:00,Q4,1078100.0,505180.0,572920.0,0.5314163806696967,543770.0,1208770.0,0.0,47770.0,1966198.0,2471380.0,84790.0,165889.99999999997,-1227390.0,-1.1384750950746685,-1393280.0,-1.2923476486411278,0.0,-1308490.0,-1.2137000278267323,0.0,-1308490.0,-1.2137000278267323,-0.01053,-0.01053,124298280,124298280,https://www.sec.gov/Archives/edgar/data/314227/000165495419003856/0001654954-19-003856-index.html,https://www.sec.gov/Archives/edgar/data/314227/000165495419003856/tomi_10k.htm,1620598941,18:22:21,20210509
9,2018-09-30,TOMZ,USD,2018-11-14 00:00:00,2018-11-14 08:55:02,Q3,1947570.0,912470.0,1035100.0,0.5314828221835416,129920.0,1046100.0,0.0,19710.0,1349303.0,2261770.0,-58960.0,148779.99999999997,-165420.00000000003,-0.08493661331813492,-314200.0,-0.16132924618884045,0.0,-373160.0,-0.19160286921651082,0.0,-373160.0,-0.19160286921651082,-0.003,-0.003,124290420,124290420,https://www.sec.gov/Archives/edgar/data/314227/000165495418012615/0001654954-18-012615-index.html,https://www.sec.gov/Archives/edgar/data/314227/000165495418012615/tomi_10q.htm,1620598941,18:22:21,20210509
10,2018-03-31,TOMZ,USD,2018-05-15 00:00:00,2018-05-15 09:02:36,Q1,1312466.0,491659.0,820807.0,0.625392962560554,132487.0,0.0,0.0,1184800.0,1317286.0,1808946.0,0.0,170775.0,-325705.0,-0.24816261906975115,-496480.0,-0.378280275450945,-66839.0,-563319.0,-0.42920654706483824,0.0,-563319.0,-0.42920654706483824,-0.00461,-0.00461,122229959,122229959,https://www.sec.gov/Archives/edgar/data/314227/000165495418005294/0001654954-18-005294-index.html,https://www.sec.gov/Archives/edgar/data/314227/000165495418005294/tomz_10q.htm,1620598941,18:22:21,20210509
11,2017-03-31,TOMZ,USD,2017-05-15 00:00:00,2017-05-15 09:08:13,Q1,1098883.0,416357.0,682526.0,0.6211088896634127,30647.0,0.0,0.0,1263506.0,1294153.0,1710510.0,0.0,159288.0,-452339.0,-0.4116352696328909,-611627.0,-0.5565897370329689,-14270.0,-625897.0,-0.5695756509109705,0.0,-625897.0,-0.5695756509109705,-0.00518,-0.00518,120825134,120825134,https://www.sec.gov/Archives/edgar/data/314227/000165495417004668/0001654954-17-004668-index.html,https://www.sec.gov/Archives/edgar/data/314227/000165495417004668/tomi_10q.htm,1620598941,18:22:21,20210509
12,2016-03-31,TOMZ,USD,2016-05-16 00:00:00,2016-05-16 13:48:23,Q1,1706976.0,747812.0,959164.0,0.5619083103687457,8781.0,0.0,0.0,1988827.0,1997608.0,2745420.0,0.0,133267.0,-905177.0,-0.5302810349999063,-1038444.0,-0.6083530172656206,0.0,-1038444.0,-0.6083530172656206,0.0,-1038444.0,-0.6083530172656206,-0.00864,-0.00864,120177335,120177335,https://www.sec.gov/Archives/edgar/data/314227/000135448816007473/0001354488-16-007473-index.html,https://www.sec.gov/Archives/edgar/data/314227/000135448816007473/tomi_10q.htm,1620598941,18:22:21,20210509
13,2015-03-31,TOMZ,USD,2015-05-14 00:00:00,2015-05-14 15:00:41,Q1,676386.0,278476.0,397910.0,0.5882883442294784,22190.0,0.0,0.0,799729.0,821920.0,1100395.0,0.0,1088601.0,-3183204.0,-4.70619439195962,-4271805.0,-6.315631902493546,-3847796.0,-4271805.0,-6.315631902493546,0.0,-4271805.0,-6.315631902493546,-0.05083,-0.05083,84043034,84043034,https://www.sec.gov/Archives/edgar/data/314227/000135448815002386/0001354488-15-002386-index.html,https://www.sec.gov/Archives/edgar/data/314227/000135448815002386/tomz_10q.htm,1620598941,18:22:21,20210509
14,2014-03-31,TOMZ,USD,2014-05-15 00:00:00,2014-05-15 13:22:34,Q1,273029.0,113845.0,159184.0,0.5830296415399097,31292.0,0.0,0.0,1689581.0,1720873.0,1834718.0,0.0,186874.0,89666.0,0.32841200019045597,-97208.0,-0.35603543945881205,1464481.0,-97208.0,-0.35603543945881205,0.0,-97208.0,-0.35603543945881205,-0.00121,-0.00121,80147114,80147114,https://www.sec.gov/Archives/edgar/data/314227/000135448814002628/0001354488-14-002628-index.html,https://www.sec.gov/Archives/edgar/data/314227/000135448814002628/tomz_10q.htm,1620598941,18:22:21,20210509
15,2013-03-31,TOMZ,USD,2013-04-01 00:00:00,2013-04-01 10:25:15,Q1,0.0,0.0,0.0,0.0,0.0,0.0,0.0,0.0,195431.0,0.0,0.0,10000.0,0.0,0.0,0.0,0.0,0.0,0.0,0.0,0.0,0.0,0.0,0.0,0.0,80147114,80147114,https://www.sec.gov/Archives/edgar/data/314227/000117002213000002/0001170022-13-000002-index.html,https://www.sec.gov/Archives/edgar/data/314227/000117002213000002/tomi10k2012.htm,1620598941,18:22:21,20210509
16,2011-06-30,TOMZ,USD,2011-08-22 00:00:00,2011-08-22 15:56:51,Q2,158488.0,110059.0,48429.0,0.305568875877038,0.0,0.0,0.0,559427.0,130848.0,669486.0,0.0,86445.0,-424553.0,-2.678770632476907,-510998.0,-3.224206249053556,-7864.0,-519053.0,-3.275030286204634,0.0,-519053.0,-3.275030286204634,-0.00873,-0.00873,59449715,59449715,https://www.sec.gov/Archives/edgar/data/314227/000119312511228511/0001193125-11-228511-index.html,https://www.sec.gov/Archives/edgar/data/314227/000119312511228511/d10q.htm,1620598941,18:22:21,20210509
