,date,symbol,reportedCurrency,fillingDate,acceptedDate,period,revenue,costOfRevenue,grossProfit,grossProfitRatio,researchAndDevelopmentExpenses,generalAndAdministrativeExpenses,sellingAndMarketingExpenses,otherExpenses,operatingExpenses,costAndExpenses,interestExpense,depreciationAndAmortization,ebitda,ebitdaratio,operatingIncome,operatingIncomeRatio,totalOtherIncomeExpensesNet,incomeBeforeTax,incomeBeforeTaxRatio,incomeTaxExpense,netIncome,netIncomeRatio,eps,epsdiluted,weightedAverageShsOut,weightedAverageShsOutDil,link,finalLink,timestamp,est_time,est_date
0,2019-09-30,0715.HK,HKD,2019-09-30,2019-09-30,Q3,28256750,2314500.0,25942250.0,0.9180903677882276,0.0,40701000.0,1317000.0,0.0,0.0,44440250.0,1516500.0,6410000.0,-9773500.0,-0.3458819574084068,-16183500.0,-0.572730409548161,0.0,-13483000,-0.47716032452422874,4490500.0,-14511000,-0.5135410123244888,-0.0008989228688781594,-0.000854205097897649,16142653060,16987723482,https://www1.hkexnews.hk/search/titlesearch.xhtml,https://www1.hkexnews.hk/search/titlesearch.xhtml,1620584877,14:27:57,20210509
1,2019-06-30,0715.HK,HKD,2019-06-30,2019-06-30,Q2,28256750,2314500.0,25942250.0,0.9180903677882276,0.0,40701000.0,1317000.0,0.0,0.0,44440250.0,1516500.0,6410000.0,-9773500.0,-0.3458819574084068,-16183500.0,-0.572730409548161,0.0,-13483000,-0.47716032452422874,4490500.0,-14511000,-0.5135410123244888,-0.0008989228688781594,-0.000854205097897649,16142653060,16987723482,https://www1.hkexnews.hk/search/titlesearch.xhtml,https://www1.hkexnews.hk/search/titlesearch.xhtml,1620584877,14:27:57,20210509
2,2019-03-31,0715.HK,HKD,2019-03-31,2019-03-31,Q1,28256750,2314500.0,25942250.0,0.9180903677882276,0.0,40701000.0,1317000.0,0.0,0.0,44440250.0,1516500.0,6410000.0,-9773500.0,-0.3458819574084068,-16183500.0,-0.572730409548161,0.0,-13483000,-0.47716032452422874,4490500.0,-14511000,-0.5135410123244888,-0.0008989228688781594,-0.000854205097897649,16142653060,16987723482,https://www1.hkexnews.hk/search/titlesearch.xhtml,https://www1.hkexnews.hk/search/titlesearch.xhtml,1620584877,14:27:57,20210509
3,2019-01-31,0715.HK,HKD,2019-01-31,2019-01-31,Q1,28256750,2314500.0,25942250.0,0.9180903677882276,0.0,40701000.0,1317000.0,0.0,0.0,44440250.0,1516500.0,6410000.0,-9773500.0,-0.3458819574084068,-16183500.0,-0.572730409548161,0.0,-13483000,-0.47716032452422874,4490500.0,-14511000,-0.5135410123244888,-0.0008989228688781594,-0.000854205097897649,16142653060,16987723482,https://www1.hkexnews.hk/search/titlesearch.xhtml,https://www1.hkexnews.hk/search/titlesearch.xhtml,1620584877,14:27:57,20210509
4,2018-09-30,0715.HK,HKD,2018-09-30,2018-09-30,Q3,34659250,2579750.0,32079500.0,0.9255682105065747,0.0,22546500.0,1462250.0,0.0,0.0,26893250.0,0.0,776500.0,8542500.0,0.24647099980524678,7766000.0,0.22406716821627704,0.0,-13419750,-0.38719100961503783,6560750.0,-12210000,-0.3522869075355064,-0.00075,-0.00075,16142653060,16142653060,https://www1.hkexnews.hk/search/titlesearch.xhtml,https://www1.hkexnews.hk/search/titlesearch.xhtml,1620584877,14:27:57,20210509
5,2018-06-30,0715.HK,HKD,2018-06-30,2018-06-30,Q2,34659250,2579750.0,32079500.0,0.9255682105065747,0.0,22546500.0,1462250.0,0.0,0.0,26893250.0,0.0,776500.0,8542500.0,0.24647099980524678,7766000.0,0.22406716821627704,0.0,-13419750,-0.38719100961503783,6560750.0,-12210000,-0.3522869075355064,-0.00075,-0.00075,16142653060,16142653060,https://www1.hkexnews.hk/search/titlesearch.xhtml,https://www1.hkexnews.hk/search/titlesearch.xhtml,1620584877,14:27:57,20210509
6,2018-03-31,0715.HK,HKD,2018-03-31,2018-03-31,Q1,34659250,2579750.0,32079500.0,0.9255682105065747,0.0,22546500.0,1462250.0,0.0,0.0,26893250.0,0.0,776500.0,8542500.0,0.24647099980524678,7766000.0,0.22406716821627704,0.0,-13419750,-0.38719100961503783,6560750.0,-12210000,-0.3522869075355064,-0.00075,-0.00075,16142653060,16142653060,https://www1.hkexnews.hk/search/titlesearch.xhtml,https://www1.hkexnews.hk/search/titlesearch.xhtml,1620584877,14:27:57,20210509
7,2018-01-31,0715.HK,HKD,2018-01-31,2018-01-31,Q1,34659250,2579750.0,32079500.0,0.9255682105065747,0.0,22546500.0,1462250.0,0.0,0.0,26893250.0,0.0,776500.0,8542500.0,0.24647099980524678,7766000.0,0.22406716821627704,0.0,-13419750,-0.38719100961503783,6560750.0,-12210000,-0.3522869075355064,-0.00075,-0.00075,16142653060,16142653060,https://www1.hkexnews.hk/search/titlesearch.xhtml,https://www1.hkexnews.hk/search/titlesearch.xhtml,1620584877,14:27:57,20210509
8,2017-09-30,0715.HK,HKD,2017-09-30,2017-09-30,Q3,35543500,2351500.0,33192000.0,0.9338416306779017,0.0,18351750.0,606250.0,117250.0,0.0,21309500.0,0.0,872250.0,15106250.0,0.4250073853165839,14234000.0,0.4004670333534964,0.0,21639000,0.6088032973680139,4352750.0,17605500,0.495322632830194,0.0011,0.0011,16142653060,16142653060,https://www1.hkexnews.hk/search/titlesearch.xhtml,https://www1.hkexnews.hk/search/titlesearch.xhtml,1620584877,14:27:57,20210509
9,2017-06-30,0715.HK,HKD,2017-06-30,2017-06-30,Q2,35543500,2351500.0,33192000.0,0.9338416306779017,0.0,18351750.0,606250.0,117250.0,0.0,21309500.0,0.0,872250.0,15106250.0,0.4250073853165839,14234000.0,0.4004670333534964,0.0,21639000,0.6088032973680139,4352750.0,17605500,0.495322632830194,0.0011,0.0011,16142653060,16142653060,https://www1.hkexnews.hk/search/titlesearch.xhtml,https://www1.hkexnews.hk/search/titlesearch.xhtml,1620584877,14:27:57,20210509
10,2017-03-31,0715.HK,HKD,2017-03-31,2017-03-31,Q1,35543500,2351500.0,33192000.0,0.9338416306779017,0.0,18351750.0,606250.0,117250.0,0.0,21309500.0,0.0,872250.0,15106250.0,0.4250073853165839,14234000.0,0.4004670333534964,0.0,21639000,0.6088032973680139,4352750.0,17605500,0.495322632830194,0.0011,0.0011,16142653060,16142653060,https://www1.hkexnews.hk/search/titlesearch.xhtml,https://www1.hkexnews.hk/search/titlesearch.xhtml,1620584877,14:27:57,20210509
11,2017-01-31,0715.HK,HKD,2017-01-31,2017-01-31,Q1,35543500,2351500.0,33192000.0,0.9338416306779017,0.0,18351750.0,606250.0,117250.0,0.0,21309500.0,0.0,872250.0,15106250.0,0.4250073853165839,14234000.0,0.4004670333534964,0.0,21639000,0.6088032973680139,4352750.0,17605500,0.495322632830194,0.0011,0.0011,16142653060,16142653060,https://www1.hkexnews.hk/search/titlesearch.xhtml,https://www1.hkexnews.hk/search/titlesearch.xhtml,1620584877,14:27:57,20210509
12,2016-09-30,0715.HK,HKD,2016-09-30,2016-09-30,Q3,38347500,2561500.0,35786000.0,0.9332029467370754,0.0,18263000.0,449500.0,0.0,0.0,21274000.0,0.0,799000.0,17872500.0,0.4660668883238803,17073500.0,0.4452311102418671,0.0,64359000,1.6783101897124975,21797000.0,34053500,0.8880239911337114,0.00225,0.00225,15113522173,15113522173,https://www1.hkexnews.hk/search/titlesearch.xhtml,https://www1.hkexnews.hk/search/titlesearch.xhtml,1620584877,14:27:57,20210509
13,2016-06-30,0715.HK,HKD,2016-06-30,2016-06-30,Q2,38347500,2561500.0,35786000.0,0.9332029467370754,0.0,18263000.0,449500.0,0.0,0.0,21274000.0,0.0,799000.0,17872500.0,0.4660668883238803,17073500.0,0.4452311102418671,0.0,64359000,1.6783101897124975,21797000.0,34053500,0.8880239911337114,0.00225,0.00225,15113522173,15113522173,https://www1.hkexnews.hk/search/titlesearch.xhtml,https://www1.hkexnews.hk/search/titlesearch.xhtml,1620584877,14:27:57,20210509
14,2016-03-31,0715.HK,HKD,2016-03-31,2016-03-31,Q1,38347500,2561500.0,35786000.0,0.9332029467370754,0.0,18263000.0,449500.0,0.0,0.0,21274000.0,0.0,799000.0,17872500.0,0.4660668883238803,17073500.0,0.4452311102418671,0.0,64359000,1.6783101897124975,21797000.0,34053500,0.8880239911337114,0.00225,0.00225,15113522173,15113522173,https://www1.hkexnews.hk/search/titlesearch.xhtml,https://www1.hkexnews.hk/search/titlesearch.xhtml,1620584877,14:27:57,20210509
15,2016-01-31,0715.HK,HKD,2016-01-31,2016-01-31,Q1,38347500,2561500.0,35786000.0,0.9332029467370754,0.0,18263000.0,449500.0,0.0,0.0,21274000.0,0.0,799000.0,17872500.0,0.4660668883238803,17073500.0,0.4452311102418671,0.0,64359000,1.6783101897124975,21797000.0,34053500,0.8880239911337114,0.00225,0.00225,15113522173,15113522173,https://www1.hkexnews.hk/search/titlesearch.xhtml,https://www1.hkexnews.hk/search/titlesearch.xhtml,1620584877,14:27:57,20210509
16,2015-09-30,0715.HK,HKD,2015-09-30,2015-09-30,Q3,47302000,4611500.0,42690500.0,0.9025094076360407,0.0,22681000.0,1022500.0,0.0,0.0,28315000.0,0.0,527000.0,19514000.0,0.41254069595365944,18987000.0,0.4013995179907826,0.0,38222000,0.8080419432582132,5553000.0,30627500,0.6474884782884445,0.003025,0.003025,10122942296,10122942296,https://www1.hkexnews.hk/search/titlesearch.xhtml,https://www1.hkexnews.hk/search/titlesearch.xhtml,1620584877,14:27:57,20210509
17,2015-06-30,0715.HK,HKD,2015-06-30,2015-06-30,Q2,47302000,4611500.0,42690500.0,0.9025094076360407,0.0,22681000.0,1022500.0,0.0,0.0,28315000.0,0.0,527000.0,19514000.0,0.41254069595365944,18987000.0,0.4013995179907826,0.0,38222000,0.8080419432582132,5553000.0,30627500,0.6474884782884445,0.003025,0.003025,10122942296,10122942296,https://www1.hkexnews.hk/search/titlesearch.xhtml,https://www1.hkexnews.hk/search/titlesearch.xhtml,1620584877,14:27:57,20210509
18,2015-03-31,0715.HK,HKD,2015-03-31,2015-03-31,Q1,47302000,4611500.0,42690500.0,0.9025094076360407,0.0,22681000.0,1022500.0,0.0,0.0,28315000.0,0.0,527000.0,19514000.0,0.41254069595365944,18987000.0,0.4013995179907826,0.0,38222000,0.8080419432582132,5553000.0,30627500,0.6474884782884445,0.003025,0.003025,10122942296,10122942296,https://www1.hkexnews.hk/search/titlesearch.xhtml,https://www1.hkexnews.hk/search/titlesearch.xhtml,1620584877,14:27:57,20210509
19,2015-01-31,0715.HK,HKD,2015-01-31,2015-01-31,Q1,47302000,4611500.0,42690500.0,0.9025094076360407,0.0,22681000.0,1022500.0,0.0,0.0,28315000.0,0.0,527000.0,19514000.0,0.41254069595365944,18987000.0,0.4013995179907826,0.0,38222000,0.8080419432582132,5553000.0,30627500,0.6474884782884445,0.003025,0.003025,10122942296,10122942296,https://www1.hkexnews.hk/search/titlesearch.xhtml,https://www1.hkexnews.hk/search/titlesearch.xhtml,1620584877,14:27:57,20210509
20,2014-09-30,0715.HK,HKD,2014-09-30,2014-09-30,Q3,23603500,4238750.0,19364750.0,0.8204185819899591,0.0,6859250.0,448250.0,-1053750.0,0.0,11546250.0,0.0,157500.0,12214750.0,0.5174974050458618,12057250.0,0.5108246658334569,0.0,30004500,1.2711885949117716,5567750.0,22073250,0.9351685131442371,0.002461296128278956,0.002461294128646077,8968140707,8968147993,https://www1.hkexnews.hk/search/titlesearch.xhtml,https://www1.hkexnews.hk/search/titlesearch.xhtml,1620584877,14:27:57,20210509
21,2014-06-30,0715.HK,HKD,2014-06-30,2014-06-30,Q2,23603500,4238750.0,19364750.0,0.8204185819899591,0.0,6859250.0,448250.0,-1053750.0,0.0,11546250.0,0.0,157500.0,12214750.0,0.5174974050458618,12057250.0,0.5108246658334569,0.0,30004500,1.2711885949117716,5567750.0,22073250,0.9351685131442371,0.002461296128278956,0.002461294128646077,8968140707,8968147993,https://www1.hkexnews.hk/search/titlesearch.xhtml,https://www1.hkexnews.hk/search/titlesearch.xhtml,1620584877,14:27:57,20210509
22,2014-03-31,0715.HK,HKD,2014-03-31,2014-03-31,Q1,23603500,4238750.0,19364750.0,0.8204185819899591,0.0,6859250.0,448250.0,-1053750.0,0.0,11546250.0,0.0,157500.0,12214750.0,0.5174974050458618,12057250.0,0.5108246658334569,0.0,30004500,1.2711885949117716,5567750.0,22073250,0.9351685131442371,0.002461296128278956,0.002461294128646077,8968140707,8968147993,https://www1.hkexnews.hk/search/titlesearch.xhtml,https://www1.hkexnews.hk/search/titlesearch.xhtml,1620584877,14:27:57,20210509
23,2014-01-31,0715.HK,HKD,2014-01-31,2014-01-31,Q1,23603500,4238750.0,19364750.0,0.8204185819899591,0.0,6859250.0,448250.0,-1053750.0,0.0,11546250.0,0.0,157500.0,12214750.0,0.5174974050458618,12057250.0,0.5108246658334569,0.0,30004500,1.2711885949117716,5567750.0,22073250,0.9351685131442371,0.002461296128278956,0.002461294128646077,8968140707,8968147993,https://www1.hkexnews.hk/search/titlesearch.xhtml,https://www1.hkexnews.hk/search/titlesearch.xhtml,1620584877,14:27:57,20210509
24,2013-09-30,0715.HK,HKD,2013-09-30,2013-09-30,Q3,22108250,4161000.0,17947250.0,0.8117897165085431,0.0,6215250.0,398250.0,12605000.0,0.0,10774500.0,0.0,138000.0,11471750.0,0.5188900071240374,11333750.0,0.5126479933961304,0.0,49920750,2.2580145420827065,4160500.0,43686500,1.9760270487261542,0.004875,0.004875,8968140707,8968140707,https://www1.hkexnews.hk/search/titlesearch.xhtml,https://www1.hkexnews.hk/search/titlesearch.xhtml,1620584877,14:27:57,20210509
25,2013-06-30,0715.HK,HKD,2013-06-30,2013-06-30,Q2,22108250,4161000.0,17947250.0,0.8117897165085431,0.0,6215250.0,398250.0,12605000.0,0.0,10774500.0,0.0,138000.0,11471750.0,0.5188900071240374,11333750.0,0.5126479933961304,0.0,49920750,2.2580145420827065,4160500.0,43686500,1.9760270487261542,0.004875,0.004875,8968140707,8968140707,https://www1.hkexnews.hk/search/titlesearch.xhtml,https://www1.hkexnews.hk/search/titlesearch.xhtml,1620584877,14:27:57,20210509
26,2013-03-31,0715.HK,HKD,2013-03-31,2013-03-31,Q1,22108250,4161000.0,17947250.0,0.8117897165085431,0.0,6215250.0,398250.0,12605000.0,0.0,10774500.0,0.0,138000.0,11471750.0,0.5188900071240374,11333750.0,0.5126479933961304,0.0,49920750,2.2580145420827065,4160500.0,43686500,1.9760270487261542,0.004875,0.004875,8968140707,8968140707,https://www1.hkexnews.hk/search/titlesearch.xhtml,https://www1.hkexnews.hk/search/titlesearch.xhtml,1620584877,14:27:57,20210509
27,2013-01-31,0715.HK,HKD,2013-01-31,2013-01-31,Q1,22108250,4161000.0,17947250.0,0.8117897165085431,0.0,6215250.0,398250.0,12605000.0,0.0,10774500.0,0.0,138000.0,11471750.0,0.5188900071240374,11333750.0,0.5126479933961304,0.0,49920750,2.2580145420827065,4160500.0,43686500,1.9760270487261542,0.004875,0.004875,8968140707,8968140707,https://www1.hkexnews.hk/search/titlesearch.xhtml,https://www1.hkexnews.hk/search/titlesearch.xhtml,1620584877,14:27:57,20210509
28,2012-09-30,0715.HK,HKD,2012-09-30,2012-09-30,Q3,21954750,3859000.0,18095750.0,0.8242293808856853,0.0,5444750.0,682500.0,17801000.0,0.0,9986250.0,190500.0,121500.0,12090000.0,0.550678099272367,11968500.0,0.5451439893417142,0.0,52021250,2.3694758537446337,4120000.0,45540000,2.074266388822464,0.005077975634844151,0.0050779671726420205,8968140707,8968155652,https://www1.hkexnews.hk/search/titlesearch.xhtml,https://www1.hkexnews.hk/search/titlesearch.xhtml,1620584877,14:27:57,20210509
29,2012-06-30,0715.HK,HKD,2012-06-30,2012-06-30,Q2,21954750,3859000.0,18095750.0,0.8242293808856853,0.0,5444750.0,682500.0,17801000.0,0.0,9986250.0,190500.0,121500.0,12090000.0,0.550678099272367,11968500.0,0.5451439893417142,0.0,52021250,2.3694758537446337,4120000.0,45540000,2.074266388822464,0.005077975634844151,0.0050779671726420205,8968140707,8968155652,https://www1.hkexnews.hk/search/titlesearch.xhtml,https://www1.hkexnews.hk/search/titlesearch.xhtml,1620584877,14:27:57,20210509
30,2012-03-31,0715.HK,HKD,2012-03-31,2012-03-31,Q1,21954750,3859000.0,18095750.0,0.8242293808856853,0.0,5444750.0,682500.0,17801000.0,0.0,9986250.0,190500.0,121500.0,12090000.0,0.550678099272367,11968500.0,0.5451439893417142,0.0,52021250,2.3694758537446337,4120000.0,45540000,2.074266388822464,0.005077975634844151,0.0050779671726420205,8968140707,8968155652,https://www1.hkexnews.hk/search/titlesearch.xhtml,https://www1.hkexnews.hk/search/titlesearch.xhtml,1620584877,14:27:57,20210509
31,2012-01-31,0715.HK,HKD,2012-01-31,2012-01-31,Q1,21954750,3859000.0,18095750.0,0.8242293808856853,0.0,5444750.0,682500.0,17801000.0,0.0,9986250.0,190500.0,121500.0,12090000.0,0.550678099272367,11968500.0,0.5451439893417142,0.0,52021250,2.3694758537446337,4120000.0,45540000,2.074266388822464,0.005077975634844151,0.0050779671726420205,8968140707,8968155652,https://www1.hkexnews.hk/search/titlesearch.xhtml,https://www1.hkexnews.hk/search/titlesearch.xhtml,1620584877,14:27:57,20210509
32,2011-09-30,0715.HK,HKD,2011-09-30,2011-09-30,Q3,21591500,3712000.0,17879500.0,0.8280804946390941,0.0,5729750.0,782250.0,0.0,0.0,10224000.0,447000.0,192500.0,11560000.0,0.5353958733760971,11367500.0,0.5264803279068152,0.0,30093000,1.3937429080888313,5502750.0,22750500,1.0536785309033647,0.002525,0.002525,8967252597,8967252597,https://www1.hkexnews.hk/search/titlesearch.xhtml,https://www1.hkexnews.hk/search/titlesearch.xhtml,1620584877,14:27:57,20210509
33,2011-06-30,0715.HK,HKD,2011-06-30,2011-06-30,Q2,21591500,3712000.0,17879500.0,0.8280804946390941,0.0,5729750.0,782250.0,0.0,0.0,10224000.0,447000.0,192500.0,11560000.0,0.5353958733760971,11367500.0,0.5264803279068152,0.0,30093000,1.3937429080888313,5502750.0,22750500,1.0536785309033647,0.002525,0.002525,8967252597,8967252597,https://www1.hkexnews.hk/search/titlesearch.xhtml,https://www1.hkexnews.hk/search/titlesearch.xhtml,1620584877,14:27:57,20210509
34,2011-03-31,0715.HK,HKD,2011-03-31,2011-03-31,Q1,21591500,3712000.0,17879500.0,0.8280804946390941,0.0,5729750.0,782250.0,0.0,0.0,10224000.0,447000.0,192500.0,11560000.0,0.5353958733760971,11367500.0,0.5264803279068152,0.0,30093000,1.3937429080888313,5502750.0,22750500,1.0536785309033647,0.002525,0.002525,8967252597,8967252597,https://www1.hkexnews.hk/search/titlesearch.xhtml,https://www1.hkexnews.hk/search/titlesearch.xhtml,1620584877,14:27:57,20210509
35,2011-01-31,0715.HK,HKD,2011-01-31,2011-01-31,Q1,21591500,3712000.0,17879500.0,0.8280804946390941,0.0,5729750.0,782250.0,0.0,0.0,10224000.0,447000.0,192500.0,11560000.0,0.5353958733760971,11367500.0,0.5264803279068152,0.0,30093000,1.3937429080888313,5502750.0,22750500,1.0536785309033647,0.002525,0.002525,8967252597,8967252597,https://www1.hkexnews.hk/search/titlesearch.xhtml,https://www1.hkexnews.hk/search/titlesearch.xhtml,1620584877,14:27:57,20210509
36,2010-09-30,0715.HK,HKD,2010-09-30,2010-09-30,Q3,20546250,3418750.0,17127500.0,0.8336071059195717,0.0,11938500.0,458750.0,0.0,0.0,-1093750.0,441750.0,271000.0,21911000.0,1.066423313256677,21640000.0,1.0532335584352375,0.0,39995750,1.9466204295187686,4780750.0,38038000,1.8513354018373183,0.00425,0.00425,8962283754,8962283754,https://www1.hkexnews.hk/search/titlesearch.xhtml,https://www1.hkexnews.hk/search/titlesearch.xhtml,1620584877,14:27:57,20210509
37,2010-06-30,0715.HK,HKD,2010-06-30,2010-06-30,Q2,20546250,3418750.0,17127500.0,0.8336071059195717,0.0,11938500.0,458750.0,0.0,0.0,-1093750.0,441750.0,271000.0,21911000.0,1.066423313256677,21640000.0,1.0532335584352375,0.0,39995750,1.9466204295187686,4780750.0,38038000,1.8513354018373183,0.00425,0.00425,8962283754,8962283754,https://www1.hkexnews.hk/search/titlesearch.xhtml,https://www1.hkexnews.hk/search/titlesearch.xhtml,1620584877,14:27:57,20210509
38,2010-03-31,0715.HK,HKD,2010-03-31,2010-03-31,Q1,20546250,3418750.0,17127500.0,0.8336071059195717,0.0,11938500.0,458750.0,0.0,0.0,-1093750.0,441750.0,271000.0,21911000.0,1.066423313256677,21640000.0,1.0532335584352375,0.0,39995750,1.9466204295187686,4780750.0,38038000,1.8513354018373183,0.00425,0.00425,8962283754,8962283754,https://www1.hkexnews.hk/search/titlesearch.xhtml,https://www1.hkexnews.hk/search/titlesearch.xhtml,1620584877,14:27:57,20210509
39,2010-01-31,0715.HK,HKD,2010-01-31,2010-01-31,Q1,20546250,3418750.0,17127500.0,0.8336071059195717,0.0,11938500.0,458750.0,0.0,0.0,-1093750.0,441750.0,271000.0,21911000.0,1.066423313256677,21640000.0,1.0532335584352375,0.0,39995750,1.9466204295187686,4780750.0,38038000,1.8513354018373183,0.00425,0.00425,8962283754,8962283754,https://www1.hkexnews.hk/search/titlesearch.xhtml,https://www1.hkexnews.hk/search/titlesearch.xhtml,1620584877,14:27:57,20210509
40,2009-09-30,0715.HK,HKD,2009-09-30,2009-09-30,Q3,68004750,45578750.0,22426000.0,0.32977108216705453,0.0,17807000.0,3492000.0,0.0,0.0,27113750.0,676250.0,1062250.0,41953250.0,0.6169164653939615,40891000.0,0.6012962329837254,0.0,54716750,0.8046018844271907,5713250.0,47030500,0.6915766913340612,0.00525,0.00525,8950722055,8950722055,https://www1.hkexnews.hk/search/titlesearch.xhtml,https://www1.hkexnews.hk/search/titlesearch.xhtml,1620584877,14:27:57,20210509
41,2009-06-30,0715.HK,HKD,2009-06-30,2009-06-30,Q2,68004750,45578750.0,22426000.0,0.32977108216705453,0.0,17807000.0,3492000.0,0.0,0.0,27113750.0,676250.0,1062250.0,41953250.0,0.6169164653939615,40891000.0,0.6012962329837254,0.0,54716750,0.8046018844271907,5713250.0,47030500,0.6915766913340612,0.00525,0.00525,8950722055,8950722055,https://www1.hkexnews.hk/search/titlesearch.xhtml,https://www1.hkexnews.hk/search/titlesearch.xhtml,1620584877,14:27:57,20210509
42,2009-03-31,0715.HK,HKD,2009-03-31,2009-03-31,Q1,68004750,45578750.0,22426000.0,0.32977108216705453,0.0,17807000.0,3492000.0,0.0,0.0,27113750.0,676250.0,1062250.0,41953250.0,0.6169164653939615,40891000.0,0.6012962329837254,0.0,54716750,0.8046018844271907,5713250.0,47030500,0.6915766913340612,0.00525,0.00525,8950722055,8950722055,https://www1.hkexnews.hk/search/titlesearch.xhtml,https://www1.hkexnews.hk/search/titlesearch.xhtml,1620584877,14:27:57,20210509
43,2009-01-31,0715.HK,HKD,2009-01-31,2009-01-31,Q1,68004750,45578750.0,22426000.0,0.32977108216705453,0.0,17807000.0,3492000.0,0.0,0.0,27113750.0,676250.0,1062250.0,41953250.0,0.6169164653939615,40891000.0,0.6012962329837254,0.0,54716750,0.8046018844271907,5713250.0,47030500,0.6915766913340612,0.00525,0.00525,8950722055,8950722055,https://www1.hkexnews.hk/search/titlesearch.xhtml,https://www1.hkexnews.hk/search/titlesearch.xhtml,1620584877,14:27:57,20210509
44,2008-09-30,0715.HK,HKD,2008-09-30,2008-09-30,Q3,191738250,140176750.0,51561500.0,0.26891608742647855,0.0,33104750.0,6361500.0,0.0,0.0,-356606750.0,757000.0,0.0,572137250.0,0.33512631802945886,548345000.0,2.859862338370148,0.0,571380250,2.980001382092514,17746750.0,502354500,2.620001486401383,0.05615,0.05615,8950071483,8950071483,https://www1.hkexnews.hk/search/titlesearch.xhtml,https://www1.hkexnews.hk/search/titlesearch.xhtml,1620584877,14:27:57,20210509
45,2008-06-30,0715.HK,HKD,2008-06-30,2008-06-30,Q2,191738250,140176750.0,51561500.0,0.26891608742647855,0.0,33104750.0,6361500.0,0.0,0.0,-356606750.0,757000.0,0.0,572137250.0,0.33512631802945886,548345000.0,2.859862338370148,0.0,571380250,2.980001382092514,17746750.0,502354500,2.620001486401383,0.05615,0.05615,8950071483,8950071483,https://www1.hkexnews.hk/search/titlesearch.xhtml,https://www1.hkexnews.hk/search/titlesearch.xhtml,1620584877,14:27:57,20210509
46,2008-03-31,0715.HK,HKD,2008-03-31,2008-03-31,Q1,191738250,140176750.0,51561500.0,0.26891608742647855,0.0,33104750.0,6361500.0,0.0,0.0,-356606750.0,757000.0,0.0,572137250.0,0.33512631802945886,548345000.0,2.859862338370148,0.0,571380250,2.980001382092514,17746750.0,502354500,2.620001486401383,0.05615,0.05615,8950071483,8950071483,https://www1.hkexnews.hk/search/titlesearch.xhtml,https://www1.hkexnews.hk/search/titlesearch.xhtml,1620584877,14:27:57,20210509
47,2008-01-31,0715.HK,HKD,2008-01-31,2008-01-31,Q1,191738250,140176750.0,51561500.0,0.26891608742647855,0.0,33104750.0,6361500.0,0.0,0.0,-356606750.0,757000.0,0.0,572137250.0,0.33512631802945886,548345000.0,2.859862338370148,0.0,571380250,2.980001382092514,17746750.0,502354500,2.620001486401383,0.05615,0.05615,8950071483,8950071483,https://www1.hkexnews.hk/search/titlesearch.xhtml,https://www1.hkexnews.hk/search/titlesearch.xhtml,1620584877,14:27:57,20210509
48,2007-09-30,0715.HK,HKD,2007-09-30,2007-09-30,Q3,677434750,583630750.0,93804000.0,0.13846942454605407,0.0,43390000.0,19063750.0,0.0,0.0,646084500.0,0.0,0.0,31350250.0,21.608591638025214,31350250.0,0.04627788875607577,0.0,72450500,0.10694830756762921,-8103250.0,80553750,0.11890997620065992,0.000925,0.000925,8949444707,8949444707,https://www1.hkexnews.hk/search/titlesearch.xhtml,https://www1.hkexnews.hk/search/titlesearch.xhtml,1620584877,14:27:57,20210509
49,2007-06-30,0715.HK,HKD,2007-06-30,2007-06-30,Q2,677434750,583630750.0,93804000.0,0.13846942454605407,0.0,43390000.0,19063750.0,0.0,0.0,646084500.0,0.0,0.0,31350250.0,21.608591638025214,31350250.0,0.04627788875607577,0.0,72450500,0.10694830756762921,-8103250.0,80553750,0.11890997620065992,0.000925,0.000925,8949444707,8949444707,https://www1.hkexnews.hk/search/titlesearch.xhtml,https://www1.hkexnews.hk/search/titlesearch.xhtml,1620584877,14:27:57,20210509
50,2007-03-31,0715.HK,HKD,2007-03-31,2007-03-31,Q1,677434750,583630750.0,93804000.0,0.13846942454605407,0.0,43390000.0,19063750.0,0.0,0.0,646084500.0,0.0,0.0,31350250.0,21.608591638025214,31350250.0,0.04627788875607577,0.0,72450500,0.10694830756762921,-8103250.0,80553750,0.11890997620065992,0.000925,0.000925,8949444707,8949444707,https://www1.hkexnews.hk/search/titlesearch.xhtml,https://www1.hkexnews.hk/search/titlesearch.xhtml,1620584877,14:27:57,20210509
51,2007-01-31,0715.HK,HKD,2007-01-31,2007-01-31,Q1,677434750,583630750.0,93804000.0,0.13846942454605407,0.0,43390000.0,19063750.0,0.0,0.0,646084500.0,0.0,0.0,31350250.0,21.608591638025214,31350250.0,0.04627788875607577,0.0,72450500,0.10694830756762921,-8103250.0,80553750,0.11890997620065992,0.000925,0.000925,8949444707,8949444707,https://www1.hkexnews.hk/search/titlesearch.xhtml,https://www1.hkexnews.hk/search/titlesearch.xhtml,1620584877,14:27:57,20210509
52,2006-09-30,0715.HK,HKD,2006-09-30,2006-09-30,Q3,646952000,561135500.0,85816500.0,0.1326473988796696,0.0,55193750.0,24375250.0,0.0,0.0,640704500.0,0.0,0.0,6247500.0,103.55374149659863,6247500.0,0.009656821526171958,0.0,39329750,0.060792377177905005,26427250.0,12902500,0.019943519766536,0.001875,0.001875,6681600000,6681600000,https://www1.hkexnews.hk/search/titlesearch.xhtml,https://www1.hkexnews.hk/search/titlesearch.xhtml,1620584877,14:27:57,20210509
53,2006-06-30,0715.HK,HKD,2006-06-30,2006-06-30,Q2,646952000,561135500.0,85816500.0,0.1326473988796696,0.0,55193750.0,24375250.0,0.0,0.0,640704500.0,0.0,0.0,6247500.0,103.55374149659863,6247500.0,0.009656821526171958,0.0,39329750,0.060792377177905005,26427250.0,12902500,0.019943519766536,0.001875,0.001875,6681600000,6681600000,https://www1.hkexnews.hk/search/titlesearch.xhtml,https://www1.hkexnews.hk/search/titlesearch.xhtml,1620584877,14:27:57,20210509
54,2006-03-31,0715.HK,HKD,2006-03-31,2006-03-31,Q1,646952000,561135500.0,85816500.0,0.1326473988796696,0.0,55193750.0,24375250.0,0.0,0.0,640704500.0,0.0,0.0,6247500.0,103.55374149659863,6247500.0,0.009656821526171958,0.0,39329750,0.060792377177905005,26427250.0,12902500,0.019943519766536,0.001875,0.001875,6681600000,6681600000,https://www1.hkexnews.hk/search/titlesearch.xhtml,https://www1.hkexnews.hk/search/titlesearch.xhtml,1620584877,14:27:57,20210509
55,2006-01-31,0715.HK,HKD,2006-01-31,2006-01-31,Q1,646952000,561135500.0,85816500.0,0.1326473988796696,0.0,55193750.0,24375250.0,0.0,0.0,640704500.0,0.0,0.0,6247500.0,103.55374149659863,6247500.0,0.009656821526171958,0.0,39329750,0.060792377177905005,26427250.0,12902500,0.019943519766536,0.001875,0.001875,6681600000,6681600000,https://www1.hkexnews.hk/search/titlesearch.xhtml,https://www1.hkexnews.hk/search/titlesearch.xhtml,1620584877,14:27:57,20210509
56,2005-09-30,0715.HK,HKD,2005-09-30,2005-09-30,Q3,655097250,573202500.0,81894750.0,0.1250115917903792,0.0,44736750.0,25407750.0,0.0,0.0,643347000.0,0.0,0.0,11750250.0,55.75177123890981,11750250.0,0.01793664986381793,0.0,54768000,0.08360285438536035,6627250.0,48140750,0.0734864174746574,0.006925,0.006925,6715379061,6715379061,https://www1.hkexnews.hk/search/titlesearch.xhtml,https://www1.hkexnews.hk/search/titlesearch.xhtml,1620584877,14:27:57,20210509
57,2005-06-30,0715.HK,HKD,2005-06-30,2005-06-30,Q2,655097250,573202500.0,81894750.0,0.1250115917903792,0.0,44736750.0,25407750.0,0.0,0.0,643347000.0,0.0,0.0,11750250.0,55.75177123890981,11750250.0,0.01793664986381793,0.0,54768000,0.08360285438536035,6627250.0,48140750,0.0734864174746574,0.006925,0.006925,6715379061,6715379061,https://www1.hkexnews.hk/search/titlesearch.xhtml,https://www1.hkexnews.hk/search/titlesearch.xhtml,1620584877,14:27:57,20210509
58,2005-03-31,0715.HK,HKD,2005-03-31,2005-03-31,Q1,655097250,573202500.0,81894750.0,0.1250115917903792,0.0,44736750.0,25407750.0,0.0,0.0,643347000.0,0.0,0.0,11750250.0,55.75177123890981,11750250.0,0.01793664986381793,0.0,54768000,0.08360285438536035,6627250.0,48140750,0.0734864174746574,0.006925,0.006925,6715379061,6715379061,https://www1.hkexnews.hk/search/titlesearch.xhtml,https://www1.hkexnews.hk/search/titlesearch.xhtml,1620584877,14:27:57,20210509
59,2005-01-31,0715.HK,HKD,2005-01-31,2005-01-31,Q1,655097250,573202500.0,81894750.0,0.1250115917903792,0.0,44736750.0,25407750.0,0.0,0.0,643347000.0,0.0,0.0,11750250.0,55.75177123890981,11750250.0,0.01793664986381793,0.0,54768000,0.08360285438536035,6627250.0,48140750,0.0734864174746574,0.006925,0.006925,6715379061,6715379061,https://www1.hkexnews.hk/search/titlesearch.xhtml,https://www1.hkexnews.hk/search/titlesearch.xhtml,1620584877,14:27:57,20210509
60,2004-09-30,0715.HK,HKD,2004-09-30,2004-09-30,Q3,650504250,568268000.0,82236250.0,0.126419235539199,0.0,36987000.0,17158500.0,0.0,0.0,622413500.0,0.0,0.0,28090750.0,23.15724037272056,28090750.0,0.0431830383890651,0.0,47448500,0.07294110684134654,4654000.0,42794500,0.0657866570433629,0.006075,0.006075,6703004115,6703004115,https://www1.hkexnews.hk/search/titlesearch.xhtml,https://www1.hkexnews.hk/search/titlesearch.xhtml,1620584877,14:27:57,20210509
61,2004-06-30,0715.HK,HKD,2004-06-30,2004-06-30,Q2,650504250,568268000.0,82236250.0,0.126419235539199,0.0,36987000.0,17158500.0,0.0,0.0,622413500.0,0.0,0.0,28090750.0,23.15724037272056,28090750.0,0.0431830383890651,0.0,47448500,0.07294110684134654,4654000.0,42794500,0.0657866570433629,0.006075,0.006075,6703004115,6703004115,https://www1.hkexnews.hk/search/titlesearch.xhtml,https://www1.hkexnews.hk/search/titlesearch.xhtml,1620584877,14:27:57,20210509
62,2004-03-31,0715.HK,HKD,2004-03-31,2004-03-31,Q1,650504250,568268000.0,82236250.0,0.126419235539199,0.0,36987000.0,17158500.0,0.0,0.0,622413500.0,0.0,0.0,28090750.0,23.15724037272056,28090750.0,0.0431830383890651,0.0,47448500,0.07294110684134654,4654000.0,42794500,0.0657866570433629,0.006075,0.006075,6703004115,6703004115,https://www1.hkexnews.hk/search/titlesearch.xhtml,https://www1.hkexnews.hk/search/titlesearch.xhtml,1620584877,14:27:57,20210509
63,2004-01-31,0715.HK,HKD,2004-01-31,2004-01-31,Q1,650504250,568268000.0,82236250.0,0.126419235539199,0.0,36987000.0,17158500.0,0.0,0.0,622413500.0,0.0,0.0,28090750.0,23.15724037272056,28090750.0,0.0431830383890651,0.0,47448500,0.07294110684134654,4654000.0,42794500,0.0657866570433629,0.006075,0.006075,6703004115,6703004115,https://www1.hkexnews.hk/search/titlesearch.xhtml,https://www1.hkexnews.hk/search/titlesearch.xhtml,1620584877,14:27:57,20210509
64,2003-09-30,0715.HK,HKD,2003-09-30,2003-09-30,Q3,548077750,473945000.0,74132750.0,0.13525955031015216,0.0,38430750.0,0.0,0.0,0.0,525705500.0,0.0,0.0,22372250.0,24.498105912458513,22372250.0,0.04081948227236008,0.0,38269500,0.06982494728165849,4337750.0,33931750,0.0619104679947325,0.005025,0.005025,6379104478,6379104478,https://www1.hkexnews.hk/search/titlesearch.xhtml,https://www1.hkexnews.hk/search/titlesearch.xhtml,1620584877,14:27:57,20210509
65,2003-06-30,0715.HK,HKD,2003-06-30,2003-06-30,Q2,548077750,473945000.0,74132750.0,0.13525955031015216,0.0,38430750.0,0.0,0.0,0.0,525705500.0,0.0,0.0,22372250.0,24.498105912458513,22372250.0,0.04081948227236008,0.0,38269500,0.06982494728165849,4337750.0,33931750,0.0619104679947325,0.005025,0.005025,6379104478,6379104478,https://www1.hkexnews.hk/search/titlesearch.xhtml,https://www1.hkexnews.hk/search/titlesearch.xhtml,1620584877,14:27:57,20210509
66,2003-03-31,0715.HK,HKD,2003-03-31,2003-03-31,Q1,548077750,473945000.0,74132750.0,0.13525955031015216,0.0,38430750.0,0.0,0.0,0.0,525705500.0,0.0,0.0,22372250.0,24.498105912458513,22372250.0,0.04081948227236008,0.0,38269500,0.06982494728165849,4337750.0,33931750,0.0619104679947325,0.005025,0.005025,6379104478,6379104478,https://www1.hkexnews.hk/search/titlesearch.xhtml,https://www1.hkexnews.hk/search/titlesearch.xhtml,1620584877,14:27:57,20210509
67,2003-01-31,0715.HK,HKD,2003-01-31,2003-01-31,Q1,548077750,473945000.0,74132750.0,0.13525955031015216,0.0,38430750.0,0.0,0.0,0.0,525705500.0,0.0,0.0,22372250.0,24.498105912458513,22372250.0,0.04081948227236008,0.0,38269500,0.06982494728165849,4337750.0,33931750,0.0619104679947325,0.005025,0.005025,6379104478,6379104478,https://www1.hkexnews.hk/search/titlesearch.xhtml,https://www1.hkexnews.hk/search/titlesearch.xhtml,1620584877,14:27:57,20210509
68,2002-09-30,0715.HK,HKD,2002-09-30,2002-09-30,Q3,453982250,388120000.0,65862250.0,0.14507670729417285,0.0,36482500.0,0.0,0.0,0.0,421776250.0,0.0,0.0,32206000.0,14.096201018443768,32206000.0,0.07094109956942149,0.0,31945000,0.07036618722428024,4207250.0,27737750,0.06109875441165376,0.004675,0.004325,5618983957,6073699422,https://www1.hkexnews.hk/search/titlesearch.xhtml,https://www1.hkexnews.hk/search/titlesearch.xhtml,1620584877,14:27:57,20210509
69,2002-06-30,0715.HK,HKD,2002-06-30,2002-06-30,Q2,453982250,388120000.0,65862250.0,0.14507670729417285,0.0,36482500.0,0.0,0.0,0.0,421776250.0,0.0,0.0,32206000.0,14.096201018443768,32206000.0,0.07094109956942149,0.0,31945000,0.07036618722428024,4207250.0,27737750,0.06109875441165376,0.004675,0.004325,5618983957,6073699422,https://www1.hkexnews.hk/search/titlesearch.xhtml,https://www1.hkexnews.hk/search/titlesearch.xhtml,1620584877,14:27:57,20210509
70,2002-03-31,0715.HK,HKD,2002-03-31,2002-03-31,Q1,453982250,388120000.0,65862250.0,0.14507670729417285,0.0,36482500.0,0.0,0.0,0.0,421776250.0,0.0,0.0,32206000.0,14.096201018443768,32206000.0,0.07094109956942149,0.0,31945000,0.07036618722428024,4207250.0,27737750,0.06109875441165376,0.004675,0.004325,5618983957,6073699422,https://www1.hkexnews.hk/search/titlesearch.xhtml,https://www1.hkexnews.hk/search/titlesearch.xhtml,1620584877,14:27:57,20210509
71,2002-01-31,0715.HK,HKD,2002-01-31,2002-01-31,Q1,453982250,388120000.0,65862250.0,0.14507670729417285,0.0,36482500.0,0.0,0.0,0.0,421776250.0,0.0,0.0,32206000.0,14.096201018443768,32206000.0,0.07094109956942149,0.0,31945000,0.07036618722428024,4207250.0,27737750,0.06109875441165376,0.004675,0.004325,5618983957,6073699422,https://www1.hkexnews.hk/search/titlesearch.xhtml,https://www1.hkexnews.hk/search/titlesearch.xhtml,1620584877,14:27:57,20210509
72,2001-09-30,0715.HK,HKD,2001-09-30,2001-09-30,Q3,17599500,16809250.0,790250.0,0.04490184380238075,0.0,38048750.0,0.0,0.0,0.0,86909500.0,0.0,0.0,-69310000.0,-0.2539243976338191,-69310000.0,-3.938180061933578,0.0,168897250,9.596707292820819,52750.0,168844500,9.593710048580926,0.0304,0.0304,5597055921,5597055921,https://www1.hkexnews.hk/search/titlesearch.xhtml,https://www1.hkexnews.hk/search/titlesearch.xhtml,1620584877,14:27:57,20210509
73,2001-06-30,0715.HK,HKD,2001-06-30,2001-06-30,Q2,17599500,16809250.0,790250.0,0.04490184380238075,0.0,38048750.0,0.0,0.0,0.0,86909500.0,0.0,0.0,-69310000.0,-0.2539243976338191,-69310000.0,-3.938180061933578,0.0,168897250,9.596707292820819,52750.0,168844500,9.593710048580926,0.0304,0.0304,5597055921,5597055921,https://www1.hkexnews.hk/search/titlesearch.xhtml,https://www1.hkexnews.hk/search/titlesearch.xhtml,1620584877,14:27:57,20210509
74,2001-03-31,0715.HK,HKD,2001-03-31,2001-03-31,Q1,17599500,16809250.0,790250.0,0.04490184380238075,0.0,38048750.0,0.0,0.0,0.0,86909500.0,0.0,0.0,-69310000.0,-0.2539243976338191,-69310000.0,-3.938180061933578,0.0,168897250,9.596707292820819,52750.0,168844500,9.593710048580926,0.0304,0.0304,5597055921,5597055921,https://www1.hkexnews.hk/search/titlesearch.xhtml,https://www1.hkexnews.hk/search/titlesearch.xhtml,1620584877,14:27:57,20210509
75,2001-01-31,0715.HK,HKD,2001-01-31,2001-01-31,Q1,17599500,16809250.0,790250.0,0.04490184380238075,0.0,38048750.0,0.0,0.0,0.0,86909500.0,0.0,0.0,-69310000.0,-0.2539243976338191,-69310000.0,-3.938180061933578,0.0,168897250,9.596707292820819,52750.0,168844500,9.593710048580926,0.0304,0.0304,5597055921,5597055921,https://www1.hkexnews.hk/search/titlesearch.xhtml,https://www1.hkexnews.hk/search/titlesearch.xhtml,1620584877,14:27:57,20210509
