,date,symbol,reportedCurrency,fillingDate,acceptedDate,period,revenue,costOfRevenue,grossProfit,grossProfitRatio,researchAndDevelopmentExpenses,generalAndAdministrativeExpenses,sellingAndMarketingExpenses,otherExpenses,operatingExpenses,costAndExpenses,interestExpense,depreciationAndAmortization,ebitda,ebitdaratio,operatingIncome,operatingIncomeRatio,totalOtherIncomeExpensesNet,incomeBeforeTax,incomeBeforeTaxRatio,incomeTaxExpense,netIncome,netIncomeRatio,eps,epsdiluted,weightedAverageShsOut,weightedAverageShsOutDil,link,finalLink,timestamp,est_time,est_date
0,2016-03-31,XNPT,USD,2016-05-05 00:00:00,2016-05-05 16:53:57,Q1,14123000.0,620000.0,13503000.0,0.9560999787580542,1760000.0,25483000.0,0.0,620000.0,27243000,27863000,999000.0,242000.0,-13498000.0,-0.9557459463286837,-13740000.0,-0.9728811159102174,0.0,-14564000.0,-1.0312256602704808,0.0,-14564000.0,-1.0312256602704808,-0.22946,-0.22946,63472000.0,63472000.0,https://www.sec.gov/Archives/edgar/data/1130591/000119312516580107/0001193125-16-580107-index.html,https://www.sec.gov/Archives/edgar/data/1130591/000119312516580107/d171465d10q.htm,1620600030,18:40:30,20210509
1,2015-12-31,XNPT,USD,2016-02-26 00:00:00,2016-02-26 16:52:38,Q4,14079000.0,740000.0,13339000.0,0.9474394488244904,3282000.0,22548000.0,0.0,740000.0,25830000,26570000,991000.0,305000.0,-12186000.0,-0.8655444278712977,-12491000.0,-0.8872078982882307,0.0,-13359000.0,-0.9488600042616663,0.0,-13359000.0,-0.9488600042616663,-0.2104707587597681,-0.2113999968350925,63472000.0,63193000.0,https://www.sec.gov/Archives/edgar/data/1130591/000119312516482271/0001193125-16-482271-index.html,https://www.sec.gov/Archives/edgar/data/1130591/000119312516482271/d103345d10k.htm,1620600030,18:40:30,20210509
2,2015-09-30,XNPT,USD,2015-11-05 00:00:00,2015-11-05 16:09:28,Q3,11393000.0,666000.0,10727000.0,0.9415430527516896,6834000.0,27100000.0,0.0,666000.0,33934000,34600000,985000.0,173000.0,-23034000.0,-2.0217677521285,-23207000.0,-2.03695251470201,0.0,-24064000.0,-2.112174142017028,0.0,-24064000.0,-2.112174142017028,-0.38239,-0.38239,62930000.0,62930000.0,https://www.sec.gov/Archives/edgar/data/1130591/000119312515368277/0001193125-15-368277-index.html,https://www.sec.gov/Archives/edgar/data/1130591/000119312515368277/d92765d10q.htm,1620600030,18:40:30,20210509
3,2015-06-30,XNPT,USD,2015-08-06 00:00:00,2015-08-06 17:23:27,Q2,8621000.0,506000.0,8115000.0,0.9413061129799327,6215000.0,25554000.0,0.0,-19593000.0,31769000,32275000,978000.0,-36000.0,-23690000.0,-2.7479410741213317,-23654000.0,-2.74376522445192,0.0,-24481000.0,-2.839693771024243,0.0,-24481000.0,-2.839693771024243,-0.38901954552677576,-0.3896945288995718,62930000.0,62821000.0,https://www.sec.gov/Archives/edgar/data/1130591/000119312515281306/0001193125-15-281306-index.html,https://www.sec.gov/Archives/edgar/data/1130591/000119312515281306/d38187d10q.htm,1620600030,18:40:30,20210509
4,2015-03-31,XNPT,USD,2015-05-07 00:00:00,2015-05-07 13:38:57,Q1,7067000.0,454000.0,6613000.0,0.9357577472760719,6384000.0,20099000.0,0.0,20553000.0,26483000,26937000,655000.0,-104000.0,-19974000.0,-2.8263761143342294,-19870000.0,-2.8116598273666336,0.0,-20409000.0,-2.887929814631385,0.0,-20409000.0,-2.887929814631385,-0.3243127284284125,-0.32538822103886994,62930000.0,62722000.0,https://www.sec.gov/Archives/edgar/data/1130591/000119312515176649/0001193125-15-176649-index.html,https://www.sec.gov/Archives/edgar/data/1130591/000119312515176649/d892064d10q.htm,1620600030,18:40:30,20210509
5,2014-12-31,XNPT,USD,2015-02-27,2015-02-27 16:05:32,Q4,7091000.0,505000.0,6586000.0,0.9287829643209703,7178000.0,17003000.0,0.0,505000.0,22592000,23097000,130000.0,-180000.0,-17775000.0,-2.5066986320688196,-17595000.0,-2.481314342123819,0.0,-17657000.0,-2.4900578197715415,0.0,-17657000.0,-2.4900578197715415,-0.28058159860162085,-0.29014394636519,62930000.0,60856000.0,https://www.sec.gov/Archives/edgar/data/1130591/000119312515069675/0001193125-15-069675-index.htm,https://www.sec.gov/Archives/edgar/data/1130591/000119312515069675/d849886d10k.htm,1620600030,18:40:30,20210509
6,2014-09-30,XNPT,USD,2014-11-05 00:00:00,2014-11-05 15:31:08,Q3,31068000.0,560000.0,30508000.0,0.9819750225312218,6641000.0,15555000.0,0.0,560000.0,22756000,23316000,123000.0,-210000.0,8102000.0,0.2607827990215012,8312000.0,0.26754216557229304,0.0,8259000.0,0.26583623020471225,0.0,8259000.0,0.26583623020471225,0.13681,0.13681,60367000.0,60367000.0,https://www.sec.gov/Archives/edgar/data/1130591/000156459014005011/0001564590-14-005011-index.html,https://www.sec.gov/Archives/edgar/data/1130591/000156459014005011/xnpt-10q_20140930.htm,1620600030,18:40:30,20210509
7,2014-06-30,XNPT,USD,2014-08-07 00:00:00,2014-08-07 16:26:15,Q2,5334000.0,599000.0,4735000.0,0.8877015373078365,5203000.0,18865000.0,0.0,599000.0,24667000,25266000,120000.0,-121000.0,-19454000.0,-3.647169103862017,-19333000.0,-3.6244844394450695,0.0,-19387000.0,-3.6346081739782528,0.0,-19387000.0,-3.6346081739782528,-0.32115228518892774,-0.32615534731919044,60367000.0,59441000.0,https://www.sec.gov/Archives/edgar/data/1130591/000119312514300770/0001193125-14-300770-index.html,https://www.sec.gov/Archives/edgar/data/1130591/000119312514300770/d737171d10q.htm,1620600030,18:40:30,20210509
8,2014-03-31,XNPT,USD,2014-05-09 00:00:00,2014-05-09 14:40:59,Q1,3375000.0,430000.0,2945000.0,0.8725925925925926,4657000.0,18771000.0,0.0,430000.0,23858000,24288000,114000.0,-17000.0,-20500000.0,-6.074074074074074,-20483000.0,-6.069037037037037,0.0,-20548000.0,-6.0882962962962965,0.0,-20548000.0,-6.0882962962962965,-0.3403846472410423,-0.3612073057113224,60367000.0,56887000.0,https://www.sec.gov/Archives/edgar/data/1130591/000119312514192157/0001193125-14-192157-index.html,https://www.sec.gov/Archives/edgar/data/1130591/000119312514192157/d700807d10q.htm,1620600030,18:40:30,20210509
9,2013-12-31,XNPT,USD,2014-02-28,2014-02-28 16:29:15,Q4,2879000.0,616000.0,2263000.0,0.7860368183397013,3689000.0,17633000.0,0.0,616000.0,21938000,22554000,110000.0,180000.0,-18879000.0,-6.5574852379298365,-19059000.0,-6.620006946856547,0.0,-19138000.0,-6.647447030218826,0.0,-19138000.0,-6.647447030218826,-0.3170275150330479,-0.40252392470291304,60367000.0,47545000.0,https://www.sec.gov/Archives/edgar/data/1130591/000119312514077458/0001193125-14-077458-index.htm,https://www.sec.gov/Archives/edgar/data/1130591/000119312514077458/d660138d10k.htm,1620600030,18:40:30,20210509
10,2013-09-30,XNPT,USD,2013-11-08 00:00:00,2013-11-08 13:12:15,Q3,2527000.0,305000.0,2222000.0,0.8793035219628017,6047000.0,14928000.0,0.0,305000.0,21280000,21585000,106000.0,-5000.0,-18758000.0,-7.423031262366442,-18753000.0,-7.421052631578948,0.0,-18816000.0,-7.445983379501385,0.0,-18816000.0,-7.445983379501385,-0.31169347491178956,-0.39636830907290765,60367000.0,47471000.0,https://www.sec.gov/Archives/edgar/data/1130591/000119312513434752/0001193125-13-434752-index.html,https://www.sec.gov/Archives/edgar/data/1130591/000119312513434752/d586393d10q.htm,1620600030,18:40:30,20210509
11,2013-06-30,XNPT,USD,2013-08-07 00:00:00,2013-08-07 17:30:17,Q2,2086000.0,249000.0,1837000.0,0.8806327900287632,10236000.0,15788000.0,0.0,249000.0,26273000,26522000,252000.0,18000.0,-24169000.0,-11.586289549376797,-24187000.0,-11.594918504314478,0.0,-24381000.0,-11.687919463087248,0.0,-24381000.0,-11.687919463087248,-0.4038796030944059,-0.5147906505352505,60367000.0,47361000.0,https://www.sec.gov/Archives/edgar/data/1130591/000119312513324553/0001193125-13-324553-index.html,https://www.sec.gov/Archives/edgar/data/1130591/000119312513324553/d543591d10q.htm,1620600030,18:40:30,20210509
12,2013-03-31,XNPT,USD,2013-04-24 00:00:00,2013-04-24 17:05:21,Q1,459000.0,0.0,459000.0,1.0,13353000.0,10735000.0,0.0,0.0,24088000,24088000,0.0,-1000.0,-23630000.0,-51.48148148148148,-23629000.0,-51.47930283224401,0.0,-23548000.0,-51.30283224400871,0.0,-23548000.0,-51.30283224400871,-0.39008067321549855,-0.4983809181146691,60367000.0,47249000.0,https://www.sec.gov/Archives/edgar/data/1130591/000119312513170621/0001193125-13-170621-index.html,https://www.sec.gov/Archives/edgar/data/1130591/000119312513170621/d505417d10q.htm,1620600030,18:40:30,20210509
13,2012-12-31,XNPT,USD,2013-03-14 00:00:00,2013-03-14 17:01:44,Q4,487000.0,0.0,487000.0,1.0,10600000.0,7422000.0,0.0,0.0,18022000,18022000,0.0,131000.0,3095000.0,6.3552361396303905,2964000.0,6.0862422997946615,254000.0,3042000.0,6.246406570841889,0.0,3042000.0,6.246406570841889,0.05039177033809863,0.07714155297459045,60367000.0,39434000.0,https://www.sec.gov/Archives/edgar/data/1130591/000119312513107638/0001193125-13-107638-index.html,https://www.sec.gov/Archives/edgar/data/1130591/000119312513107638/d428548d10k.htm,1620600030,18:40:30,20210509
14,2012-09-30,XNPT,USD,2012-10-25,2012-10-25 14:23:27,Q3,379000.0,0.0,379000.0,1.0,9365000.0,7833000.0,0.0,0.0,17198000,17198000,0.0,288000.0,-16531000.0,-43.617414248021106,-16819000.0,-44.37730870712401,0.0,-16753000.0,-44.20316622691293,0.0,-16753000.0,-44.20316622691293,-0.27751917438335516,-0.4469850586979722,60367000.0,37480000.0,https://www.sec.gov/Archives/edgar/data/1130591/000119312512435185/0001193125-12-435185-index.htm,https://www.sec.gov/Archives/edgar/data/1130591/000119312512435185/d416929d10q.htm,1620600030,18:40:30,20210509
15,2012-06-30,XNPT,USD,2012-08-08,2012-08-08 12:01:24,Q2,10379000.0,0.0,10379000.0,1.0,10804000.0,7589000.0,0.0,0.0,18393000,18393000,0.0,420000.0,-7594000.0,-0.7316697176992003,-8014000.0,-0.7721360439348685,0.0,-7959000.0,-0.766836882165912,0.0,-7959000.0,-0.766836882165912,-0.22287,-0.22287,35712000.0,35712000.0,https://www.sec.gov/Archives/edgar/data/1130591/000119312512343164/0001193125-12-343164-index.htm,https://www.sec.gov/Archives/edgar/data/1130591/000119312512343164/d348255d10q.htm,1620600030,18:40:30,20210509
16,2012-03-31,XNPT,USD,2012-05-08,2012-05-08 15:17:05,Q1,10379000.0,0.0,10379000.0,1.0,12178000.0,7400000.0,0.0,0.0,19578000,19578000,0.0,382000.0,-8817000.0,-0.8495038057616341,-9199000.0,-0.8863088929569323,0.0,-9144000.0,-0.8810097311879758,0.0,-9144000.0,-0.8810097311879758,-0.25605,-0.25605,35712000.0,35712000.0,https://www.sec.gov/Archives/edgar/data/1130591/000119312512218154/0001193125-12-218154-index.htm,https://www.sec.gov/Archives/edgar/data/1130591/000119312512218154/d314593d10q.htm,1620600030,18:40:30,20210509
17,2011-12-31,XNPT,USD,2012-02-29,2012-02-29 16:03:54,Q4,5378000.0,0.0,5378000.0,1.0,12512000.0,6888000.0,0.0,2923000.0,22323000,22323000,0.0,960000.0,-15985000.0,-2.9722945332837485,-16945000.0,-3.150799553737449,243000.0,-16886000.0,-3.139828932688732,0.0,-16886000.0,-3.139828932688732,-0.47284,-0.47284,35712000.0,35712000.0,https://www.sec.gov/Archives/edgar/data/1130591/000119312512089067/0001193125-12-089067-index.htm,https://www.sec.gov/Archives/edgar/data/1130591/000119312512089067/d273833d10k.htm,1620600030,18:40:30,20210509
18,2011-09-30,XNPT,USD,2011-11-04,2011-11-04 12:59:03,Q3,379000.0,0.0,379000.0,1.0,11518000.0,7713000.0,0.0,0.0,19231000,19231000,0.0,572000.0,-18280000.0,-48.23218997361477,-18852000.0,-49.74142480211082,0.0,-18793000.0,-49.58575197889182,0.0,-18793000.0,-49.58575197889182,-0.52624,-0.52624,35712000.0,35712000.0,https://www.sec.gov/Archives/edgar/data/1130591/000119312511296964/0001193125-11-296964-index.htm,https://www.sec.gov/Archives/edgar/data/1130591/000119312511296964/d237788d10q.htm,1620600030,18:40:30,20210509
19,2011-06-30,XNPT,USD,2011-08-05,2011-08-05 15:20:07,Q2,37379000.0,0.0,37379000.0,1.0,9904000.0,8075000.0,0.0,0.0,17979000,17979000,0.0,600000.0,20000000.0,0.5350597929318601,19400000.0,0.5190079991439044,0.0,19455000.0,0.5204794135744669,0.0,19455000.0,0.5204794135744669,0.5505716549694363,0.5454927800364503,35336000.0,35665000.0,https://www.sec.gov/Archives/edgar/data/1130591/000119312511212183/0001193125-11-212183-index.htm,https://www.sec.gov/Archives/edgar/data/1130591/000119312511212183/d10q.htm,1620600030,18:40:30,20210509
20,2011-03-31,XNPT,USD,2011-05-06,2011-05-06 14:04:40,Q1,379000.0,0.0,379000.0,1.0,9854000.0,7751000.0,0.0,0.0,17605000,17605000,0.0,704000.0,-16522000.0,-43.593667546174146,-17226000.0,-45.45118733509235,0.0,-17156000.0,-45.266490765171504,0.0,-17156000.0,-45.266490765171504,-0.48551052750735796,-0.48103182391700544,35336000.0,35665000.0,https://www.sec.gov/Archives/edgar/data/1130591/000119312511130392/0001193125-11-130392-index.htm,https://www.sec.gov/Archives/edgar/data/1130591/000119312511130392/d10q.htm,1620600030,18:40:30,20210509
21,2010-12-31,XNPT,USD,2011-03-01,2011-03-01 16:41:10,Q4,1906000.0,0.0,1906000.0,1.0,10837000.0,6446000.0,0.0,0.0,17283000,17283000,0.0,773000.0,-14604000.0,-7.66211962224554,-15377000.0,-8.067681007345225,796000.0,-14823000.0,-7.777019937040923,0.0,-14823000.0,-7.777019937040923,-0.4194872085125651,-0.4156175522220665,35336000.0,35665000.0,https://www.sec.gov/Archives/edgar/data/1130591/000119312511052243/0001193125-11-052243-index.htm,https://www.sec.gov/Archives/edgar/data/1130591/000119312511052243/d10k.htm,1620600030,18:40:30,20210509
22,2010-09-30,XNPT,USD,2010-11-09,2010-11-09 14:26:06,Q3,389000.0,0.0,389000.0,1.0,13763000.0,6597000.0,0.0,0.0,20360000,20360000,0.0,763000.0,-19208000.0,-49.37789203084833,-19971000.0,-51.339331619537276,0.0,-19899000.0,-51.15424164524421,0.0,-19899000.0,-51.15424164524421,-0.5631367443966493,-0.5579419599046684,35336000.0,35665000.0,https://www.sec.gov/Archives/edgar/data/1130591/000119312510253900/0001193125-10-253900-index.htm,https://www.sec.gov/Archives/edgar/data/1130591/000119312510253900/d10q.htm,1620600030,18:40:30,20210509
23,2010-06-30,XNPT,USD,2010-08-06,2010-08-06 13:51:00,Q2,491000.0,0.0,491000.0,1.0,12867000.0,7217000.0,0.0,5275000.0,20084000,20084000,0.0,-7082000.0,-26675000.0,-54.32790224032586,-19593000.0,-39.90427698574338,-13363000.0,-19522000.0,-39.759674134419555,-312000.0,-19522000.0,-39.759674134419555,-0.552467738283903,-0.5473713724940418,35336000.0,35665000.0,https://www.sec.gov/Archives/edgar/data/1130591/000119312510181031/0001193125-10-181031-index.htm,https://www.sec.gov/Archives/edgar/data/1130591/000119312510181031/d10q.htm,1620600030,18:40:30,20210509
24,2010-03-31,XNPT,USD,2010-05-10,2010-05-10 13:06:20,Q1,93000.0,0.0,93000.0,1.0,15079000.0,8063000.0,0.0,5275000.0,28417000,28417000,0.0,1349000.0,-26975000.0,-290.0537634408602,-28324000.0,-304.55913978494624,0.0,-28225000.0,-303.494623655914,0.0,-28225000.0,-303.494623655914,-0.92733,-0.92733,30437000.0,30437000.0,https://www.sec.gov/Archives/edgar/data/1130591/000119312510114237/0001193125-10-114237-index.htm,https://www.sec.gov/Archives/edgar/data/1130591/000119312510114237/d10q.htm,1620600030,18:40:30,20210509
25,2009-12-31,XNPT,USD,2010-02-26,2010-02-26 15:52:29,Q4,5762000.0,0.0,5762000.0,1.0,16730000.0,8150000.0,0.0,36000.0,24880000,24880000,-36000.0,922000.0,-18196000.0,-3.157931273863242,-19118000.0,-3.3179451579312738,0.0,-18933000.0,-3.285838250607428,-722000.0,-18348000.0,-3.1843110031239155,-0.63784,-0.63784,28766000.0,28766000.0,https://www.sec.gov/Archives/edgar/data/1130591/000119312510042824/0001193125-10-042824-index.htm,https://www.sec.gov/Archives/edgar/data/1130591/000119312510042824/d10k.htm,1620600030,18:40:30,20210509
26,2009-09-30,XNPT,USD,2009-11-04,2009-11-04 12:54:14,Q3,403000.0,0.0,403000.0,1.0,17000000.0,8116000.0,0.0,-24000.0,25116000,25116000,24000.0,868000.0,-23845000.0,-59.168734491315135,-24713000.0,-61.32258064516129,0.0,-24511000.0,-60.821339950372206,0.0,-24374000.0,-60.48138957816377,-0.86341,-0.86341,28230000.0,28230000.0,https://www.sec.gov/Archives/edgar/data/1130591/000119312509223437/0001193125-09-223437-index.htm,https://www.sec.gov/Archives/edgar/data/1130591/000119312509223437/d10q.htm,1620600030,18:40:30,20210509
27,2009-06-30,XNPT,USD,2009-08-06,2009-08-05 19:02:23,Q2,1831000.0,0.0,1831000.0,1.0,15250000.0,7834000.0,0.0,-12000.0,23084000,23084000,12000.0,815000.0,-20438000.0,-11.162206444565811,-21253000.0,-11.607318405243037,0.0,-20914000.0,-11.42217367558711,0.0,-20914000.0,-11.42217367558711,-0.76549,-0.76549,27321000.0,27321000.0,https://www.sec.gov/Archives/edgar/data/1130591/000119312509165709/0001193125-09-165709-index.htm,https://www.sec.gov/Archives/edgar/data/1130591/000119312509165709/d10q.htm,1620600030,18:40:30,20210509
28,2009-03-31,XNPT,USD,2009-05-07,2009-05-06 18:46:00,Q1,26277000.0,0.0,26277000.0,1.0,21767000.0,7707000.0,0.0,-4000.0,29474000,29474000,4000.0,1030000.0,-2167000.0,-0.08246755717928227,-3197000.0,-0.12166533470335274,0.0,-2698000.0,-0.10267534345625452,0.0,-2698000.0,-0.10267534345625452,-0.09886,-0.09886,27290000.0,27290000.0,https://www.sec.gov/Archives/edgar/data/1130591/000119312509101838/0001193125-09-101838-index.htm,https://www.sec.gov/Archives/edgar/data/1130591/000119312509101838/d10q.htm,1620600030,18:40:30,20210509
29,2008-12-31,XNPT,USD,2009-02-26,2009-02-26 11:48:36,Q4,10615000.0,0.0,10615000.0,1.0,22303000.0,7743000.0,0.0,-17000.0,30046000,30046000,17000.0,818000.0,-18613000.0,-1.7534620819594913,-19431000.0,-1.830522845030617,0.0,-18742000.0,-1.7656146961846444,-16000.0,-18726000.0,-1.764107395195478,-0.74369,-0.74369,25180000.0,25180000.0,https://www.sec.gov/Archives/edgar/data/1130591/000119312509038490/0001193125-09-038490-index.htm,https://www.sec.gov/Archives/edgar/data/1130591/000119312509038490/d10k.htm,1620600030,18:40:30,20210509
30,2008-09-30,XNPT,USD,2008-11-06,2008-11-06 14:19:39,Q3,4863000.0,0.0,4863000.0,1.0,23709000.0,6537000.0,0.0,-29000.0,30246000,30246000,29000.0,678000.0,-24705000.0,-5.080197409006786,-25383000.0,-5.219617520049352,0.0,-24503000.0,-5.0386592638289125,-390000.0,-24113000.0,-4.958461854822127,-0.95934,-0.95934,25135000.0,25135000.0,https://www.sec.gov/Archives/edgar/data/1130591/000095013408019647/0000950134-08-019647-index.htm,https://www.sec.gov/Archives/edgar/data/1130591/000095013408019647/f50389e10vq.htm,1620600030,18:40:30,20210509
31,2008-06-30,XNPT,USD,2008-08-07,2008-08-07 14:35:31,Q2,11537000.0,0.0,11537000.0,1.0,18601000.0,6380000.0,0.0,-66000.0,24981000,24981000,66000.0,648000.0,-12796000.0,-1.1091271561064402,-13444000.0,-1.1652942706076104,0.0,-12399000.0,-1.07471613070989,0.0,-12399000.0,-1.07471613070989,-0.49408,-0.49408,25095000.0,25095000.0,https://www.sec.gov/Archives/edgar/data/1130591/000095013408014539/0000950134-08-014539-index.htm,https://www.sec.gov/Archives/edgar/data/1130591/000095013408014539/f42733e10vq.htm,1620600030,18:40:30,20210509
32,2008-03-31,XNPT,USD,2008-05-08,2008-05-08 08:13:03,Q1,14981000.0,0.0,14981000.0,1.0,18559000.0,5568000.0,0.0,-70000.0,24127000,24127000,70000.0,618000.0,-8528000.0,-0.5692543888925973,-9146000.0,-0.6105066417462118,0.0,-7302000.0,-0.4874173953674655,0.0,-7302000.0,-0.4874173953674655,-0.29143,-0.29143,25056000.0,25056000.0,https://www.sec.gov/Archives/edgar/data/1130591/000095013408008859/0000950134-08-008859-index.htm,https://www.sec.gov/Archives/edgar/data/1130591/000095013408008859/f40422e10vq.htm,1620600030,18:40:30,20210509
33,2007-12-31,XNPT,USD,2008-02-22,2008-02-22 17:04:07,Q4,25761000.0,0.0,25761000.0,1.0,19883000.0,5599000.0,0.0,-11000.0,25482000,25482000,11000.0,-1396000.0,-1117000.0,-0.04336011800784131,279000.0,0.010830324909747292,0.0,2325000.0,0.09025270758122744,-126000.0,2451000.0,0.09514382205659719,0.09894,0.09894,24773000.0,24773000.0,https://www.sec.gov/Archives/edgar/data/1130591/000095013408003239/0000950134-08-003239-index.htm,https://www.sec.gov/Archives/edgar/data/1130591/000095013408003239/f38176e10vk.htm,1620600030,18:40:30,20210509
34,2007-09-30,XNPT,USD,2007-11-09,2007-11-08 19:22:10,Q3,35425000.0,0.0,35425000.0,1.0,16788000.0,4459000.0,0.0,-44000.0,21247000,21247000,44000.0,498000.0,14676000.0,0.41428369795342274,14178000.0,0.4002258292166549,0.0,16342000.0,0.46131263232180664,748000.0,15594000.0,0.440197600564573,0.63083,0.63083,24720000.0,24720000.0,https://www.sec.gov/Archives/edgar/data/1130591/000095013407023392/0000950134-07-023392-index.htm,https://www.sec.gov/Archives/edgar/data/1130591/000095013407023392/f35040e10vq.htm,1620600030,18:40:30,20210509
35,2007-06-30,XNPT,USD,2007-08-09,2007-08-08 21:26:24,Q2,36097000.0,0.0,36097000.0,1.0,20637000.0,4191000.0,0.0,-48000.0,24828000,24828000,48000.0,566000.0,11835000.0,0.32786658171039146,11269000.0,0.31218660830539935,0.0,13497000.0,0.3739091891292905,0.0,13497000.0,0.3739091891292905,0.5475,0.5475,24652000.0,24652000.0,https://www.sec.gov/Archives/edgar/data/1130591/000095013407017394/0000950134-07-017394-index.htm,https://www.sec.gov/Archives/edgar/data/1130591/000095013407017394/f32558e10vq.htm,1620600030,18:40:30,20210509
36,2007-03-31,XNPT,USD,2007-05-09,2007-05-09 16:08:10,Q1,16539000.0,0.0,16539000.0,1.0,17089000.0,4403000.0,0.0,-53000.0,21492000,21492000,53000.0,332000.0,-4621000.0,-0.27940020557470224,-4953000.0,-0.2994739706149102,0.0,-3349000.0,-0.20249108168571256,0.0,-3349000.0,-0.20249108168571256,-0.13632,-0.13632,24567000.0,24567000.0,https://www.sec.gov/Archives/edgar/data/1130591/000095013407010875/0000950134-07-010875-index.htm,https://www.sec.gov/Archives/edgar/data/1130591/000095013407010875/f29953e10vq.htm,1620600030,18:40:30,20210509
37,2006-12-31,XNPT,USD,2007-03-07,2007-03-07 17:17:02,Q4,3106000.0,0.0,3106000.0,1.0,19823000.0,3639000.0,0.0,-36000.0,23462000,23462000,36000.0,333000.0,-20023000.0,-6.446555054732776,-20356000.0,-6.553766902768834,0.0,-18617000.0,-5.993882807469414,0.0,-18617000.0,-5.993882807469414,-0.84236,-0.84236,22101000.0,22101000.0,https://www.sec.gov/Archives/edgar/data/1130591/000089161807000140/0000891618-07-000140-index.htm,https://www.sec.gov/Archives/edgar/data/1130591/000089161807000140/f27356e10vk.htm,1620600030,18:40:30,20210509
38,2006-09-30,XNPT,USD,2006-11-06,2006-11-03 19:52:59,Q3,3106000.0,0.0,3106000.0,1.0,16991000.0,4273000.0,0.0,-249000.0,21264000,21264000,115000.0,444000.0,-17714000.0,-5.703155183515776,-18158000.0,-5.846104314230522,0.0,-16337000.0,-5.259819703799098,0.0,-16337000.0,-5.259819703799098,-0.76653,-0.76653,21313000.0,21313000.0,https://www.sec.gov/Archives/edgar/data/1130591/000095013406020462/0000950134-06-020462-index.htm,https://www.sec.gov/Archives/edgar/data/1130591/000095013406020462/f24629e10vq.htm,1620600030,18:40:30,20210509
39,2006-06-30,XNPT,USD,2006-08-10,2006-08-10 14:05:21,Q2,3106000.0,0.0,3106000.0,1.0,14874000.0,3516000.0,0.0,0.0,18390000,18390000,83000.0,412000.0,-14872000.0,-4.78815196394076,-15284000.0,-4.920798454603992,0.0,-14381000.0,-4.630070830650354,0.0,-14381000.0,-4.630070830650354,-0.72697,-0.72697,19782000.0,19782000.0,https://www.sec.gov/Archives/edgar/data/1130591/000095013406015681/0000950134-06-015681-index.htm,https://www.sec.gov/Archives/edgar/data/1130591/000095013406015681/f22796e10vq.htm,1620600030,18:40:30,20210509
40,2006-03-31,XNPT,USD,2006-05-11,2006-05-10 18:36:25,Q1,1288000.0,0.0,1288000.0,1.0,13746000.0,3406000.0,0.0,0.0,17152000,17152000,51000.0,441000.0,-15423000.0,-11.974378881987578,-15864000.0,-12.316770186335404,0.0,-14978000.0,-11.628881987577639,0.0,-14978000.0,-11.628881987577639,-0.76747,-0.76747,19516000.0,19516000.0,https://www.sec.gov/Archives/edgar/data/1130591/000095013406009489/0000950134-06-009489-index.htm,https://www.sec.gov/Archives/edgar/data/1130591/000095013406009489/f20020e10vq.htm,1620600030,18:40:30,20210509
41,2005-12-31,XNPT,USD,2006-03-17,2006-03-17 16:58:44,Q4,437000.0,0.0,437000.0,1.0,9094000.0,3611000.0,0.0,0.0,12705000,12705000,46000.0,476000.0,-11792000.0,-26.983981693363845,-12268000.0,-28.073226544622425,0.0,-11519000.0,-26.359267734553775,0.0,-11519000.0,-26.359267734553775,-0.96817,-0.96817,11897652.0,11897652.0,https://www.sec.gov/Archives/edgar/data/1130591/000095013406005447/0000950134-06-005447-index.htm,https://www.sec.gov/Archives/edgar/data/1130591/000095013406005447/f17851e10vk.htm,1620600030,18:40:30,20210509
42,2005-09-30,XNPT,USD,2005-11-03,2005-11-02 19:15:18,Q3,711000.0,0.0,711000.0,1.0,8817000.0,2618000.0,0.0,0.0,11435000,11435000,52000.0,502000.0,-10222000.0,-14.376933895921237,-10724000.0,-15.082981715893109,0.0,-10056000.0,-14.143459915611814,0.0,-10056000.0,-14.143459915611814,-1.06711,-1.06711,9423567.0,9423567.0,https://www.sec.gov/Archives/edgar/data/1130591/000095013405020312/0000950134-05-020312-index.htm,https://www.sec.gov/Archives/edgar/data/1130591/000095013405020312/f13972e10vq.htm,1620600030,18:40:30,20210509
