,date,symbol,reportedCurrency,fillingDate,acceptedDate,period,revenue,costOfRevenue,grossProfit,grossProfitRatio,researchAndDevelopmentExpenses,generalAndAdministrativeExpenses,sellingAndMarketingExpenses,otherExpenses,operatingExpenses,costAndExpenses,interestExpense,depreciationAndAmortization,ebitda,ebitdaratio,operatingIncome,operatingIncomeRatio,totalOtherIncomeExpensesNet,incomeBeforeTax,incomeBeforeTaxRatio,incomeTaxExpense,netIncome,netIncomeRatio,eps,epsdiluted,weightedAverageShsOut,weightedAverageShsOutDil,link,finalLink,timestamp,est_time,est_date
0,2020-12-31,OGD.TO,CAD,2020-12-31,2020-12-31,Q4,36064000,30688000,5376000,0.14906832298136646,0,3655000,0,0,3655000,34343000,703000,2747000,4468000,0.12389086069210292,1721000,0.047720718722271516,-119000,899000,0.02492790594498669,532000,367000,0.010176353149955634,0.01,0.01,37021756,37479191,https://www.sedar.com/ModifyCompanyDocumentSearchForm.do?lang=EN&company_search=Forage Orbit Garant Inc&document_selection=0&industry_group=A&FromDate=13&FromMonth=05&FromYear=2000&ToDate=13&ToMonth=11&ToYear=2020&Variable=Issuer,https://www.sedar.com/ModifyCompanyDocumentSearchForm.do?lang=EN&company_search=Forage Orbit Garant Inc&document_selection=0&industry_group=A&FromDate=13&FromMonth=05&FromYear=2000&ToDate=13&ToMonth=11&ToYear=2020&Variable=Issuer,1620596064,17:34:24,20210509
1,2020-09-30,OGD.TO,CAD,2020-09-30,2020-09-30,Q3,35627000,26880000,8747000,0.2455160412047043,0,3242000,0,0,3242000,30122000,596000,2824000,8329000,0.23378336654784293,5505000,0.15451764111488478,91000,5000000,0.14034299828781543,1530000,3470000,0.0973980408117439,0.09372867132504466,0.09257849682722552,37021756,37481706,https://www.sedar.com/ModifyCompanyDocumentSearchForm.do?lang=EN&company_search=Forage Orbit Garant Inc&document_selection=0&industry_group=A&FromDate=13&FromMonth=05&FromYear=2000&ToDate=13&ToMonth=11&ToYear=2020&Variable=Issuer,https://www.sedar.com/ModifyCompanyDocumentSearchForm.do?lang=EN&company_search=Forage Orbit Garant Inc&document_selection=0&industry_group=A&FromDate=13&FromMonth=05&FromYear=2000&ToDate=13&ToMonth=11&ToYear=2020&Variable=Issuer,1620596064,17:34:24,20210509
2,2020-06-30,OGD.TO,CAD,2020-06-30,2020-06-30,Q2,20239000,17904000,2335000,0.11537131281189782,0,2855000,0,0,4890000,22794000,563000,2890000,335000,0.016552201195711252,-2555000,-0.12624141508967834,9000,-3109000,-0.15361430900736203,-378000,-2731000,-0.13493749691190277,-0.0737674355587023,-0.0737674355587023,37021756,37021756,https://www.sedar.com/ModifyCompanyDocumentSearchForm.do?lang=EN&company_search=Forage Orbit Garant Inc&document_selection=0&industry_group=A&FromDate=13&FromMonth=05&FromYear=2000&ToDate=13&ToMonth=11&ToYear=2020&Variable=Issuer,https://www.sedar.com/ModifyCompanyDocumentSearchForm.do?lang=EN&company_search=Forage Orbit Garant Inc&document_selection=0&industry_group=A&FromDate=13&FromMonth=05&FromYear=2000&ToDate=13&ToMonth=11&ToYear=2020&Variable=Issuer,1620596064,17:34:24,20210509
3,2020-03-31,OGD.TO,CAD,2020-03-31,2020-03-31,Q1,36000000,34742000,1258000,0.034944444444444445,0,3992000,0,0,3992000,38734000,725000,2836000,102000,0.0028333333333333335,-2734000,-0.07594444444444444,263000,-3196000,-0.08877777777777777,173000,-3369000,-0.09358333333333334,-0.09,-0.09,37021756,37021756,https://www.sedar.com/ModifyCompanyDocumentSearchForm.do?lang=EN&company_search=Forage Orbit Garant Inc&document_selection=0&industry_group=A&FromDate=13&FromMonth=05&FromYear=2000&ToDate=13&ToMonth=11&ToYear=2020&Variable=Issuer,https://www.sedar.com/ModifyCompanyDocumentSearchForm.do?lang=EN&company_search=Forage Orbit Garant Inc&document_selection=0&industry_group=A&FromDate=13&FromMonth=05&FromYear=2000&ToDate=13&ToMonth=11&ToYear=2020&Variable=Issuer,1620596064,17:34:24,20210509
4,2019-12-31,OGD.TO,CAD,2019-12-31,2019-12-31,Q4,38289000,35884000,2405000,0.06281177361644337,0,4153000,0,0,4153000,40037000,700000,2830000,1082000,0.028258768837002794,-1748000,-0.04565279845386403,-39000,-2487000,-0.06495338086656742,-130000,-2357000,-0.061558149860273186,-0.06,-0.06,37021756,37021756,https://www.sedar.com/ModifyCompanyDocumentSearchForm.do?lang=EN&company_search=Forage Orbit Garant Inc&document_selection=0&industry_group=A&FromDate=13&FromMonth=05&FromYear=2000&ToDate=13&ToMonth=11&ToYear=2020&Variable=Issuer,https://www.sedar.com/ModifyCompanyDocumentSearchForm.do?lang=EN&company_search=Forage Orbit Garant Inc&document_selection=0&industry_group=A&FromDate=13&FromMonth=05&FromYear=2000&ToDate=13&ToMonth=11&ToYear=2020&Variable=Issuer,1620596064,17:34:24,20210509
5,2019-09-30,OGD.TO,CAD,2019-09-30,2019-09-30,Q3,43282000,36336000,6946000,0.16048241763319626,0,4389000,0,0,4389000,40725000,704000,2684000,5241000,0.12108959844739152,2557000,0.059077676632318284,-179000,1674000,0.03867658610969918,574000,1100000,0.025414722055357886,0.029712258921483898,0.029339652703330263,37021756,37491923,https://www.sedar.com/ModifyCompanyDocumentSearchForm.do?lang=EN&company_search=Forage Orbit Garant Inc&document_selection=0&industry_group=A&FromDate=13&FromMonth=05&FromYear=2000&ToDate=13&ToMonth=11&ToYear=2020&Variable=Issuer,https://www.sedar.com/ModifyCompanyDocumentSearchForm.do?lang=EN&company_search=Forage Orbit Garant Inc&document_selection=0&industry_group=A&FromDate=13&FromMonth=05&FromYear=2000&ToDate=13&ToMonth=11&ToYear=2020&Variable=Issuer,1620596064,17:34:24,20210509
6,2019-06-30,OGD.TO,CAD,2019-06-30,2019-06-30,Q2,44428000,39714000,4714000,0.106104258575673,0,4356000,0,0,4356000,44070000,610000,2602000,2960000,0.06662465112091474,358000,0.008057981453137662,-371000,-623000,-0.01402268839470604,166000,-789000,-0.0177590708562168,-0.021311792990046177,-0.021311792990046177,37021756,37021756,https://www.sedar.com/ModifyCompanyDocumentSearchForm.do?lang=EN&company_search=Forage Orbit Garant Inc&document_selection=0&industry_group=A&FromDate=13&FromMonth=05&FromYear=2000&ToDate=13&ToMonth=11&ToYear=2020&Variable=Issuer,https://www.sedar.com/ModifyCompanyDocumentSearchForm.do?lang=EN&company_search=Forage Orbit Garant Inc&document_selection=0&industry_group=A&FromDate=13&FromMonth=05&FromYear=2000&ToDate=13&ToMonth=11&ToYear=2020&Variable=Issuer,1620596064,17:34:24,20210509
7,2019-03-31,OGD.TO,CAD,2019-03-31,2019-03-31,Q1,37415000,34344000,3071000,0.08207937992783643,0,4162000,0,0,4162000,38506000,619000,2699000,1608000,0.042977415475076844,-1091000,-0.0291594280368836,-250000,-1960000,-0.052385406922357346,-560000,-1400000,-0.037418147801683815,-0.04,-0.04,37008756,37008756,https://www.sedar.com/ModifyCompanyDocumentSearchForm.do?lang=EN&company_search=Forage Orbit Garant Inc&document_selection=0&industry_group=A&FromDate=13&FromMonth=05&FromYear=2000&ToDate=13&ToMonth=11&ToYear=2020&Variable=Issuer,https://www.sedar.com/ModifyCompanyDocumentSearchForm.do?lang=EN&company_search=Forage Orbit Garant Inc&document_selection=0&industry_group=A&FromDate=13&FromMonth=05&FromYear=2000&ToDate=13&ToMonth=11&ToYear=2020&Variable=Issuer,1620596064,17:34:24,20210509
8,2018-12-31,OGD.TO,CAD,2018-12-31,2018-12-31,Q4,33700000,30787000,2913000,0.08643916913946588,0,4866000,0,0,4866000,35653000,481000,2452000,499000,0.014807121661721068,-1953000,-0.05795252225519288,394000,-2040000,-0.060534124629080116,-400000,-1640000,-0.0486646884272997,-0.04,-0.04,36905734,36905734,https://www.sedar.com/ModifyCompanyDocumentSearchForm.do?lang=EN&company_search=Forage Orbit Garant Inc&document_selection=0&industry_group=A&FromDate=13&FromMonth=05&FromYear=2000&ToDate=13&ToMonth=11&ToYear=2020&Variable=Issuer,https://www.sedar.com/ModifyCompanyDocumentSearchForm.do?lang=EN&company_search=Forage Orbit Garant Inc&document_selection=0&industry_group=A&FromDate=13&FromMonth=05&FromYear=2000&ToDate=13&ToMonth=11&ToYear=2020&Variable=Issuer,1620596064,17:34:24,20210509
9,2018-09-30,OGD.TO,CAD,2018-09-30,2018-09-30,Q3,37271000,31682000,5589000,0.14995572965576454,0,3894000,0,0,3894000,35576000,407000,2235000,3930000,0.10544391081537925,1695000,0.04547771726006815,-481000,807000,0.021652222907890855,448000,359000,0.009632153685170777,0.01,0.01,36147119,36147119,https://www.sedar.com/ModifyCompanyDocumentSearchForm.do?lang=EN&company_search=Forage Orbit Garant Inc&document_selection=0&industry_group=A&FromDate=13&FromMonth=05&FromYear=2000&ToDate=13&ToMonth=11&ToYear=2020&Variable=Issuer,https://www.sedar.com/ModifyCompanyDocumentSearchForm.do?lang=EN&company_search=Forage Orbit Garant Inc&document_selection=0&industry_group=A&FromDate=13&FromMonth=05&FromYear=2000&ToDate=13&ToMonth=11&ToYear=2020&Variable=Issuer,1620596064,17:34:24,20210509
10,2018-06-30,OGD.TO,CAD,2018-06-30,2018-06-30,Q2,44437000,36984000,7453000,0.1677205931993609,0,3843000,0,0,3843000,40827000,429000,2173000,5783000,0.13013929833247068,3610000,0.08123860746675068,-275000,2906000,0.06539595382226523,-331000,3237000,0.07284470148749915,0.08743507466258489,0.08743507466258489,37021756,37021756,https://www.sedar.com/ModifyCompanyDocumentSearchForm.do?lang=EN&company_search=Forage Orbit Garant Inc&document_selection=0&industry_group=A&FromDate=13&FromMonth=05&FromYear=2000&ToDate=13&ToMonth=11&ToYear=2020&Variable=Issuer,https://www.sedar.com/ModifyCompanyDocumentSearchForm.do?lang=EN&company_search=Forage Orbit Garant Inc&document_selection=0&industry_group=A&FromDate=13&FromMonth=05&FromYear=2000&ToDate=13&ToMonth=11&ToYear=2020&Variable=Issuer,1620596064,17:34:24,20210509
11,2018-03-31,OGD.TO,CAD,2018-03-31,2018-03-31,Q1,43139000,40899000,2240000,0.051925172118037044,0,3949000,0,0,3949000,44848000,428000,2245000,536000,0.01242495189967315,-1709000,-0.039616124620413085,319000,-1818000,-0.04214284058508542,-529000,-1289000,-0.02988015484828114,-0.04,-0.04,36142119,36142119,https://www.sedar.com/ModifyCompanyDocumentSearchForm.do?lang=EN&company_search=Forage Orbit Garant Inc&document_selection=0&industry_group=A&FromDate=13&FromMonth=05&FromYear=2000&ToDate=13&ToMonth=11&ToYear=2020&Variable=Issuer,https://www.sedar.com/ModifyCompanyDocumentSearchForm.do?lang=EN&company_search=Forage Orbit Garant Inc&document_selection=0&industry_group=A&FromDate=13&FromMonth=05&FromYear=2000&ToDate=13&ToMonth=11&ToYear=2020&Variable=Issuer,1620596064,17:34:24,20210509
12,2017-12-31,OGD.TO,CAD,2017-12-31,2017-12-31,Q4,43033000,37986000,5047000,0.11728208584109868,0,4290000,0,0,4290000,42276000,516000,2182000,2939000,0.06829642367485418,757000,0.017591150977157067,331000,572000,0.01329212464852555,-280000,852000,0.019798759091859734,0.023599722775275323,0.023174648283911855,36102119,36764312,https://www.sedar.com/ModifyCompanyDocumentSearchForm.do?lang=EN&company_search=Forage Orbit Garant Inc&document_selection=0&industry_group=A&FromDate=13&FromMonth=05&FromYear=2000&ToDate=13&ToMonth=11&ToYear=2020&Variable=Issuer,https://www.sedar.com/ModifyCompanyDocumentSearchForm.do?lang=EN&company_search=Forage Orbit Garant Inc&document_selection=0&industry_group=A&FromDate=13&FromMonth=05&FromYear=2000&ToDate=13&ToMonth=11&ToYear=2020&Variable=Issuer,1620596064,17:34:24,20210509
13,2017-09-30,OGD.TO,CAD,2017-09-30,2017-09-30,Q3,42475000,35734000,6741000,0.1587051206592113,0,3748000,0,0,3748000,39482000,337000,2174000,5167000,0.12164802825191288,2993000,0.07046497939964685,-83000,2573000,0.06057680988816951,889000,1684000,0.039646851088875806,0.05,0.05,36095076,36095076,https://www.sedar.com/ModifyCompanyDocumentSearchForm.do?lang=EN&company_search=Forage Orbit Garant Inc&document_selection=0&industry_group=A&FromDate=13&FromMonth=05&FromYear=2000&ToDate=13&ToMonth=11&ToYear=2020&Variable=Issuer,https://www.sedar.com/ModifyCompanyDocumentSearchForm.do?lang=EN&company_search=Forage Orbit Garant Inc&document_selection=0&industry_group=A&FromDate=13&FromMonth=05&FromYear=2000&ToDate=13&ToMonth=11&ToYear=2020&Variable=Issuer,1620596064,17:34:24,20210509
14,2017-06-30,OGD.TO,CAD,2017-06-30,2017-06-30,Q2,37358000,34891000,2467000,0.06603672573478238,0,3629000,0,0,3629000,38520000,302000,2166000,1004000,0.026875100380106,-1162000,-0.031104448846297983,-281000,-1745000,-0.04671020932598105,-188000,-1557000,-0.04167782001177793,-0.04205635194613675,-0.04205635194613675,37021756,37021756,https://www.sedar.com/ModifyCompanyDocumentSearchForm.do?lang=EN&company_search=Forage Orbit Garant Inc&document_selection=0&industry_group=A&FromDate=13&FromMonth=05&FromYear=2000&ToDate=13&ToMonth=11&ToYear=2020&Variable=Issuer,https://www.sedar.com/ModifyCompanyDocumentSearchForm.do?lang=EN&company_search=Forage Orbit Garant Inc&document_selection=0&industry_group=A&FromDate=13&FromMonth=05&FromYear=2000&ToDate=13&ToMonth=11&ToYear=2020&Variable=Issuer,1620596064,17:34:24,20210509
15,2017-03-31,OGD.TO,CAD,2017-03-31,2017-03-31,Q1,29898000,28727000,1171000,0.0391664994314001,0,3760000,0,0,3760000,32487000,271000,2231000,-358000,-0.011974045086627869,-2589000,-0.08659442103150712,-103000,-2963000,-0.09910361897116864,-797000,-2166000,-0.07244631747943006,-0.06,-0.06,35733757,35733757,https://www.sedar.com/ModifyCompanyDocumentSearchForm.do?lang=EN&company_search=Forage Orbit Garant Inc&document_selection=0&industry_group=A&FromDate=13&FromMonth=05&FromYear=2000&ToDate=13&ToMonth=11&ToYear=2020&Variable=Issuer,https://www.sedar.com/ModifyCompanyDocumentSearchForm.do?lang=EN&company_search=Forage Orbit Garant Inc&document_selection=0&industry_group=A&FromDate=13&FromMonth=05&FromYear=2000&ToDate=13&ToMonth=11&ToYear=2020&Variable=Issuer,1620596064,17:34:24,20210509
16,2016-12-31,OGD.TO,CAD,2016-12-31,2016-12-31,Q4,27414000,25893000,1521000,0.05548260013131976,0,3977000,0,0,3977000,29870000,236000,2414000,-42000,-0.0015320639089516305,-2456000,-0.0895892609615525,83000,-2609000,-0.09517035091559058,-705000,-1904000,-0.06945356387247392,-0.05,-0.05,35101419,35101419,https://www.sedar.com/ModifyCompanyDocumentSearchForm.do?lang=EN&company_search=Forage Orbit Garant Inc&document_selection=0&industry_group=A&FromDate=13&FromMonth=05&FromYear=2000&ToDate=13&ToMonth=11&ToYear=2020&Variable=Issuer,https://www.sedar.com/ModifyCompanyDocumentSearchForm.do?lang=EN&company_search=Forage Orbit Garant Inc&document_selection=0&industry_group=A&FromDate=13&FromMonth=05&FromYear=2000&ToDate=13&ToMonth=11&ToYear=2020&Variable=Issuer,1620596064,17:34:24,20210509
17,2016-09-30,OGD.TO,CAD,2016-09-30,2016-09-30,Q3,30508000,27625000,2883000,0.09449980333027402,0,3382000,0,0,3382000,31007000,191000,2765000,2266000,0.07427559984266421,-499000,-0.01635636554346401,139000,-551000,-0.01806083650190114,-304000,-247000,-0.008096237052576373,-0.01,-0.01,35101419,35101419,https://www.sedar.com/ModifyCompanyDocumentSearchForm.do?lang=EN&company_search=Forage Orbit Garant Inc&document_selection=0&industry_group=A&FromDate=13&FromMonth=05&FromYear=2000&ToDate=13&ToMonth=11&ToYear=2020&Variable=Issuer,https://www.sedar.com/ModifyCompanyDocumentSearchForm.do?lang=EN&company_search=Forage Orbit Garant Inc&document_selection=0&industry_group=A&FromDate=13&FromMonth=05&FromYear=2000&ToDate=13&ToMonth=11&ToYear=2020&Variable=Issuer,1620596064,17:34:24,20210509
18,2016-06-30,OGD.TO,CAD,2016-06-30,2016-06-30,Q2,33446000,29154000,4292000,0.12832625725049332,0,11889000,0,0,3720000,32874000,254000,2631000,3203000,0.0957663098726305,572000,0.017102194582311787,-343000,4995000,0.14934521317945346,593000,4402000,0.13161514082401482,0.11890305797488374,0.11890305797488374,37021756,37021756,https://www.sedar.com/ModifyCompanyDocumentSearchForm.do?lang=EN&company_search=Forage Orbit Garant Inc&document_selection=0&industry_group=A&FromDate=13&FromMonth=05&FromYear=2000&ToDate=13&ToMonth=11&ToYear=2020&Variable=Issuer,https://www.sedar.com/ModifyCompanyDocumentSearchForm.do?lang=EN&company_search=Forage Orbit Garant Inc&document_selection=0&industry_group=A&FromDate=13&FromMonth=05&FromYear=2000&ToDate=13&ToMonth=11&ToYear=2020&Variable=Issuer,1620596064,17:34:24,20210509
19,2016-03-31,OGD.TO,CAD,2016-03-31,2016-03-31,Q1,28077000,26745000,1332000,0.04744096591516188,0,689000,0,0,3912000,30657000,258000,3223000,643000,0.02290130711970652,-2580000,-0.09189015920504327,-334000,-3172000,-0.11297503294511523,-606000,-2566000,-0.09139153043416319,-0.07,-0.07,35101419,35101419,https://www.sedar.com/ModifyCompanyDocumentSearchForm.do?lang=EN&company_search=Forage Orbit Garant Inc&document_selection=0&industry_group=A&FromDate=13&FromMonth=05&FromYear=2000&ToDate=13&ToMonth=11&ToYear=2020&Variable=Issuer,https://www.sedar.com/ModifyCompanyDocumentSearchForm.do?lang=EN&company_search=Forage Orbit Garant Inc&document_selection=0&industry_group=A&FromDate=13&FromMonth=05&FromYear=2000&ToDate=13&ToMonth=11&ToYear=2020&Variable=Issuer,1620596064,17:34:24,20210509
20,2015-12-31,OGD.TO,CAD,2015-12-31,2015-12-31,Q4,21704000,20464000,1240000,0.057132325838555105,0,3518000,0,0,3518000,23982000,114000,2512000,234000,0.010781422779211205,-2278000,-0.1049576115001843,47000,-2345000,-0.10804460007371913,-505000,-1840000,-0.08477699963140435,-0.05,-0.05,33296355,33296355,https://www.sedar.com/ModifyCompanyDocumentSearchForm.do?lang=EN&company_search=Forage Orbit Garant Inc&document_selection=0&industry_group=A&FromDate=13&FromMonth=05&FromYear=2000&ToDate=13&ToMonth=11&ToYear=2020&Variable=Issuer,https://www.sedar.com/ModifyCompanyDocumentSearchForm.do?lang=EN&company_search=Forage Orbit Garant Inc&document_selection=0&industry_group=A&FromDate=13&FromMonth=05&FromYear=2000&ToDate=13&ToMonth=11&ToYear=2020&Variable=Issuer,1620596064,17:34:24,20210509
21,2015-09-30,OGD.TO,CAD,2015-09-30,2015-09-30,Q3,24285000,20949000,3336000,0.13736874613959235,0,3118000,0,0,3118000,24067000,106000,2434000,2652000,0.10920321185917232,218000,0.008976734609841466,-19000,93000,0.003829524397776405,302000,-209000,-0.008606135474572781,-0.01,-0.01,33276519,33276519,https://www.sedar.com/ModifyCompanyDocumentSearchForm.do?lang=EN&company_search=Forage Orbit Garant Inc&document_selection=0&industry_group=A&FromDate=13&FromMonth=05&FromYear=2000&ToDate=13&ToMonth=11&ToYear=2020&Variable=Issuer,https://www.sedar.com/ModifyCompanyDocumentSearchForm.do?lang=EN&company_search=Forage Orbit Garant Inc&document_selection=0&industry_group=A&FromDate=13&FromMonth=05&FromYear=2000&ToDate=13&ToMonth=11&ToYear=2020&Variable=Issuer,1620596064,17:34:24,20210509
22,2015-06-30,OGD.TO,CAD,2015-06-30,2015-06-30,Q2,22791000,21177000,1614000,0.07081742793207846,0,11566000,0,0,3651000,24828000,183000,2537000,500000,0.021938484489491466,-2037000,-0.08937738581018823,-219000,-2439000,-0.10701592733973937,-456000,-1983000,-0.08700802948532316,-0.053563099492093244,-0.053563099492093244,37021756,37021756,https://www.sedar.com/ModifyCompanyDocumentSearchForm.do?lang=EN&company_search=Forage Orbit Garant Inc&document_selection=0&industry_group=A&FromDate=13&FromMonth=05&FromYear=2000&ToDate=13&ToMonth=11&ToYear=2020&Variable=Issuer,https://www.sedar.com/ModifyCompanyDocumentSearchForm.do?lang=EN&company_search=Forage Orbit Garant Inc&document_selection=0&industry_group=A&FromDate=13&FromMonth=05&FromYear=2000&ToDate=13&ToMonth=11&ToYear=2020&Variable=Issuer,1620596064,17:34:24,20210509
23,2015-03-31,OGD.TO,CAD,2015-03-31,2015-03-31,Q1,18712000,18670000,42000,0.0022445489525438223,0,172000,0,0,2750000,21420000,135000,2578000,-130000,-0.0069474134245404015,-2708000,-0.1447199657973493,315000,-2528000,-0.1351004702864472,-510000,-2018000,-0.10784523300555793,-0.06,-0.06,33276519,33276519,https://www.sedar.com/ModifyCompanyDocumentSearchForm.do?lang=EN&company_search=Forage Orbit Garant Inc&document_selection=0&industry_group=A&FromDate=13&FromMonth=05&FromYear=2000&ToDate=13&ToMonth=11&ToYear=2020&Variable=Issuer,https://www.sedar.com/ModifyCompanyDocumentSearchForm.do?lang=EN&company_search=Forage Orbit Garant Inc&document_selection=0&industry_group=A&FromDate=13&FromMonth=05&FromYear=2000&ToDate=13&ToMonth=11&ToYear=2020&Variable=Issuer,1620596064,17:34:24,20210509
24,2014-12-31,OGD.TO,CAD,2014-12-31,2014-12-31,Q4,16754000,17164000,-410000,-0.02447176793601528,0,2941000,0,0,2941000,20105000,113000,2640000,-711000,-0.042437626835382596,-3351000,-0.20001193744777365,-113000,-3577000,-0.21350125343201623,-787000,-2790000,-0.16652739644264056,-0.08,-0.08,33276519,33276519,https://www.sedar.com/ModifyCompanyDocumentSearchForm.do?lang=EN&company_search=Forage Orbit Garant Inc&document_selection=0&industry_group=A&FromDate=13&FromMonth=05&FromYear=2000&ToDate=13&ToMonth=11&ToYear=2020&Variable=Issuer,https://www.sedar.com/ModifyCompanyDocumentSearchForm.do?lang=EN&company_search=Forage Orbit Garant Inc&document_selection=0&industry_group=A&FromDate=13&FromMonth=05&FromYear=2000&ToDate=13&ToMonth=11&ToYear=2020&Variable=Issuer,1620596064,17:34:24,20210509
25,2014-09-30,OGD.TO,CAD,2014-09-30,2014-09-30,Q3,20708000,18739000,1969000,0.09508402549739231,0,2690000,0,0,2690000,21429000,159000,2697000,1976000,0.09542205910759127,-721000,-0.034817461850492566,133000,-747000,-0.03607301525980298,-151000,-596000,-0.028781147382654047,-0.02,-0.02,33276519,33276519,https://www.sedar.com/ModifyCompanyDocumentSearchForm.do?lang=EN&company_search=Forage Orbit Garant Inc&document_selection=0&industry_group=A&FromDate=13&FromMonth=05&FromYear=2000&ToDate=13&ToMonth=11&ToYear=2020&Variable=Issuer,https://www.sedar.com/ModifyCompanyDocumentSearchForm.do?lang=EN&company_search=Forage Orbit Garant Inc&document_selection=0&industry_group=A&FromDate=13&FromMonth=05&FromYear=2000&ToDate=13&ToMonth=11&ToYear=2020&Variable=Issuer,1620596064,17:34:24,20210509
26,2014-06-30,OGD.TO,CAD,2014-06-30,2014-06-30,Q2,20272000,18570000,1702000,0.08395816890292028,0,10685000,0,0,2377000,20947000,279000,2740000,2065000,0.1018646408839779,-675000,-0.03329715864246251,-491000,-1445000,-0.07128058405682715,-648000,-797000,-0.03931531176006314,-0.021527882145838787,-0.021527882145838787,37021756,37021756,https://www.sedar.com/ModifyCompanyDocumentSearchForm.do?lang=EN&company_search=Forage Orbit Garant Inc&document_selection=0&industry_group=A&FromDate=13&FromMonth=05&FromYear=2000&ToDate=13&ToMonth=11&ToYear=2020&Variable=Issuer,https://www.sedar.com/ModifyCompanyDocumentSearchForm.do?lang=EN&company_search=Forage Orbit Garant Inc&document_selection=0&industry_group=A&FromDate=13&FromMonth=05&FromYear=2000&ToDate=13&ToMonth=11&ToYear=2020&Variable=Issuer,1620596064,17:34:24,20210509
27,2014-03-31,OGD.TO,CAD,2014-03-31,2014-03-31,Q1,15958000,17024000,-1066000,-0.06680035092116807,0,159000,0,0,2885000,19909000,177000,2726000,-1225000,-0.0767640055144755,-3951000,-0.24758741696954506,158000,-3970000,-0.24877804236119813,-1051000,-2919000,-0.18291765885449304,-0.09,-0.09,33276519,33276519,https://www.sedar.com/ModifyCompanyDocumentSearchForm.do?lang=EN&company_search=Forage Orbit Garant Inc&document_selection=0&industry_group=A&FromDate=13&FromMonth=05&FromYear=2000&ToDate=13&ToMonth=11&ToYear=2020&Variable=Issuer,https://www.sedar.com/ModifyCompanyDocumentSearchForm.do?lang=EN&company_search=Forage Orbit Garant Inc&document_selection=0&industry_group=A&FromDate=13&FromMonth=05&FromYear=2000&ToDate=13&ToMonth=11&ToYear=2020&Variable=Issuer,1620596064,17:34:24,20210509
28,2013-12-31,OGD.TO,CAD,2013-12-31,2013-12-31,Q4,16845000,15695000,1150000,0.06826951617690709,0,3073000,0,0,3073000,18768000,191000,2752000,829000,0.049213416444048676,-1923000,-0.11415850400712378,79000,-2035000,-0.12080736123478777,-520000,-1515000,-0.08993766696349065,-0.05,-0.05,33276519,33276519,https://www.sedar.com/ModifyCompanyDocumentSearchForm.do?lang=EN&company_search=Forage Orbit Garant Inc&document_selection=0&industry_group=A&FromDate=13&FromMonth=05&FromYear=2000&ToDate=13&ToMonth=11&ToYear=2020&Variable=Issuer,https://www.sedar.com/ModifyCompanyDocumentSearchForm.do?lang=EN&company_search=Forage Orbit Garant Inc&document_selection=0&industry_group=A&FromDate=13&FromMonth=05&FromYear=2000&ToDate=13&ToMonth=11&ToYear=2020&Variable=Issuer,1620596064,17:34:24,20210509
29,2013-09-30,OGD.TO,CAD,2013-09-30,2013-09-30,Q3,18474000,16505000,1969000,0.10658222366569232,0,3104000,0,0,3104000,19609000,199000,2830000,1695000,0.09175056836635272,-1135000,-0.061437696221717006,-22000,-1356000,-0.07340045469308216,-286000,-1070000,-0.057919237847786076,-0.03,-0.03,33276519,33276519,https://www.sedar.com/ModifyCompanyDocumentSearchForm.do?lang=EN&company_search=Forage Orbit Garant Inc&document_selection=0&industry_group=A&FromDate=13&FromMonth=05&FromYear=2000&ToDate=13&ToMonth=11&ToYear=2020&Variable=Issuer,https://www.sedar.com/ModifyCompanyDocumentSearchForm.do?lang=EN&company_search=Forage Orbit Garant Inc&document_selection=0&industry_group=A&FromDate=13&FromMonth=05&FromYear=2000&ToDate=13&ToMonth=11&ToYear=2020&Variable=Issuer,1620596064,17:34:24,20210509
30,2013-06-30,OGD.TO,CAD,2013-06-30,2013-06-30,Q2,21362000,19095000,2267000,0.10612302218893362,0,4492000,0,0,2322000,21417000,361000,3111000,3056000,0.14305776612676716,-55000,-0.0025746652935118436,-28111000,-28527000,-1.3354086696002248,-957000,-27570000,-1.2906094934931187,-0.7446972531502828,-0.7446972531502828,37021756,37021756,https://www.sedar.com/ModifyCompanyDocumentSearchForm.do?lang=EN&company_search=Forage Orbit Garant Inc&document_selection=0&industry_group=A&FromDate=13&FromMonth=05&FromYear=2000&ToDate=13&ToMonth=11&ToYear=2020&Variable=Issuer,https://www.sedar.com/ModifyCompanyDocumentSearchForm.do?lang=EN&company_search=Forage Orbit Garant Inc&document_selection=0&industry_group=A&FromDate=13&FromMonth=05&FromYear=2000&ToDate=13&ToMonth=11&ToYear=2020&Variable=Issuer,1620596064,17:34:24,20210509
31,2013-03-31,OGD.TO,CAD,2013-03-31,2013-03-31,Q1,23714000,20280000,3434000,0.14480897360209158,0,3082000,0,0,3800000,24080000,315000,3272000,2906000,0.12254364510415788,-366000,-0.015433920890613139,9000,-672000,-0.028337690815551996,-48000,-624000,-0.026313570043012567,-0.02,-0.02,33276519,33276519,https://www.sedar.com/ModifyCompanyDocumentSearchForm.do?lang=EN&company_search=Forage Orbit Garant Inc&document_selection=0&industry_group=A&FromDate=13&FromMonth=05&FromYear=2000&ToDate=13&ToMonth=11&ToYear=2020&Variable=Issuer,https://www.sedar.com/ModifyCompanyDocumentSearchForm.do?lang=EN&company_search=Forage Orbit Garant Inc&document_selection=0&industry_group=A&FromDate=13&FromMonth=05&FromYear=2000&ToDate=13&ToMonth=11&ToYear=2020&Variable=Issuer,1620596064,17:34:24,20210509
32,2012-12-31,OGD.TO,CAD,2012-12-31,2012-12-31,Q4,24187000,21319000,2868000,0.11857609459627072,0,2979000,0,0,2985000,24304000,317000,3225000,3108000,0.12849878033654444,-117000,-0.004837309298383429,0,-434000,-0.017943523380328275,-136000,-298000,-0.012320668127506512,-0.01,-0.01,33276519,33276519,https://www.sedar.com/ModifyCompanyDocumentSearchForm.do?lang=EN&company_search=Forage Orbit Garant Inc&document_selection=0&industry_group=A&FromDate=13&FromMonth=05&FromYear=2000&ToDate=13&ToMonth=11&ToYear=2020&Variable=Issuer,https://www.sedar.com/ModifyCompanyDocumentSearchForm.do?lang=EN&company_search=Forage Orbit Garant Inc&document_selection=0&industry_group=A&FromDate=13&FromMonth=05&FromYear=2000&ToDate=13&ToMonth=11&ToYear=2020&Variable=Issuer,1620596064,17:34:24,20210509
33,2012-09-30,OGD.TO,CAD,2012-09-30,2012-09-30,Q3,34909000,27980000,6929000,0.19848749606118765,0,3769000,0,0,3769000,31749000,327000,3141000,6301000,0.18049786587985905,3160000,0.09052106906528402,-36000,2797000,0.08012260448594918,774000,2023000,0.057950671746541005,0.06,0.06,33276519,33276519,https://www.sedar.com/ModifyCompanyDocumentSearchForm.do?lang=EN&company_search=Forage Orbit Garant Inc&document_selection=0&industry_group=A&FromDate=13&FromMonth=05&FromYear=2000&ToDate=13&ToMonth=11&ToYear=2020&Variable=Issuer,https://www.sedar.com/ModifyCompanyDocumentSearchForm.do?lang=EN&company_search=Forage Orbit Garant Inc&document_selection=0&industry_group=A&FromDate=13&FromMonth=05&FromYear=2000&ToDate=13&ToMonth=11&ToYear=2020&Variable=Issuer,1620596064,17:34:24,20210509
34,2012-06-30,OGD.TO,CAD,2012-06-30,2012-06-30,Q2,43472000,35768000,7704000,0.17721751932278249,0,13540000,0,0,5116000,40884000,350000,3031000,5619000,0.12925561280824438,2588000,0.059532572690467425,0,2238000,0.051481413323518584,821000,1417000,0.0325956937799043,0.038274791719766076,0.038274791719766076,37021756,37021756,https://www.sedar.com/ModifyCompanyDocumentSearchForm.do?lang=EN&company_search=Forage Orbit Garant Inc&document_selection=0&industry_group=A&FromDate=13&FromMonth=05&FromYear=2000&ToDate=13&ToMonth=11&ToYear=2020&Variable=Issuer,https://www.sedar.com/ModifyCompanyDocumentSearchForm.do?lang=EN&company_search=Forage Orbit Garant Inc&document_selection=0&industry_group=A&FromDate=13&FromMonth=05&FromYear=2000&ToDate=13&ToMonth=11&ToYear=2020&Variable=Issuer,1620596064,17:34:24,20210509
35,2012-03-31,OGD.TO,CAD,2012-03-31,2012-03-31,Q1,41744000,31760000,9984000,0.23917209658873131,0,1656000,0,0,4680000,36440000,413000,2953000,8257000,0.19780088156381756,5304000,0.1270601763127635,0,4891000,0.11716653890379455,1448000,3443000,0.08247891912610196,0.10346635115289553,0.10039076295347,33276519,34295984,https://www.sedar.com/ModifyCompanyDocumentSearchForm.do?lang=EN&company_search=Forage Orbit Garant Inc&document_selection=0&industry_group=A&FromDate=13&FromMonth=05&FromYear=2000&ToDate=13&ToMonth=11&ToYear=2020&Variable=Issuer,https://www.sedar.com/ModifyCompanyDocumentSearchForm.do?lang=EN&company_search=Forage Orbit Garant Inc&document_selection=0&industry_group=A&FromDate=13&FromMonth=05&FromYear=2000&ToDate=13&ToMonth=11&ToYear=2020&Variable=Issuer,1620596064,17:34:24,20210509
36,2011-12-31,OGD.TO,CAD,2011-12-31,2011-12-31,Q4,32449000,25393000,7056000,0.21744891984344664,0,3824000,0,0,3932000,29325000,356000,2642000,5766000,0.17769422786526548,3124000,0.09627415328669604,0,2768000,0.08530309100434529,901000,1867000,0.05753644180098,0.06,0.05,33095617,34106116,https://www.sedar.com/ModifyCompanyDocumentSearchForm.do?lang=EN&company_search=Forage Orbit Garant Inc&document_selection=0&industry_group=A&FromDate=13&FromMonth=05&FromYear=2000&ToDate=13&ToMonth=11&ToYear=2020&Variable=Issuer,https://www.sedar.com/ModifyCompanyDocumentSearchForm.do?lang=EN&company_search=Forage Orbit Garant Inc&document_selection=0&industry_group=A&FromDate=13&FromMonth=05&FromYear=2000&ToDate=13&ToMonth=11&ToYear=2020&Variable=Issuer,1620596064,17:34:24,20210509
37,2011-09-30,OGD.TO,CAD,2011-09-30,2011-09-30,Q3,37091000,28173000,8918000,0.2404356852066539,0,3576000,0,0,3478000,31651000,212000,2852000,8292000,0.22355827559246177,5440000,0.14666630719042356,0,5228000,0.1409506349249144,1551000,3677000,0.09913456094470356,0.11124118662428953,0.1080143631783648,33054304,34041769,https://www.sedar.com/ModifyCompanyDocumentSearchForm.do?lang=EN&company_search=Forage Orbit Garant Inc&document_selection=0&industry_group=A&FromDate=13&FromMonth=05&FromYear=2000&ToDate=13&ToMonth=11&ToYear=2020&Variable=Issuer,https://www.sedar.com/ModifyCompanyDocumentSearchForm.do?lang=EN&company_search=Forage Orbit Garant Inc&document_selection=0&industry_group=A&FromDate=13&FromMonth=05&FromYear=2000&ToDate=13&ToMonth=11&ToYear=2020&Variable=Issuer,1620596064,17:34:24,20210509
38,2011-06-30,OGD.TO,CAD,2011-06-30,2011-06-30,Q2,41067406,29059610,12007796,0.29239236585821854,0,2831408,0,0,5266983,34326593,137733,1985520,8726333,0.21248804952521227,6740813,0.1641402186444403,167781,6770861,0.16487189378360056,2039001,4731860,0.11522178927006006,0.12781295409110255,0.12781295409110255,37021756,37021756,https://www.sedar.com/ModifyCompanyDocumentSearchForm.do?lang=EN&company_search=Forage Orbit Garant Inc&document_selection=0&industry_group=A&FromDate=13&FromMonth=05&FromYear=2000&ToDate=13&ToMonth=11&ToYear=2020&Variable=Issuer,https://www.sedar.com/ModifyCompanyDocumentSearchForm.do?lang=EN&company_search=Forage Orbit Garant Inc&document_selection=0&industry_group=A&FromDate=13&FromMonth=05&FromYear=2000&ToDate=13&ToMonth=11&ToYear=2020&Variable=Issuer,1620596064,17:34:24,20210509
39,2011-03-31,OGD.TO,CAD,2011-03-31,2011-03-31,Q1,33405652,24831077,8574575,0.25668036654396087,0,2679583,0,71414,4989819,29820896,150108,1857541,5442297,0.1629154551451353,3584756,0.10730986480970346,197769,3632417,0.10873659942335506,1185112,2447305,0.07326020758403398,0.0740610287898081,0.07199622806786324,33044437,33992128,https://www.sedar.com/ModifyCompanyDocumentSearchForm.do?lang=EN&company_search=Forage Orbit Garant Inc&document_selection=0&industry_group=A&FromDate=13&FromMonth=05&FromYear=2000&ToDate=13&ToMonth=11&ToYear=2020&Variable=Issuer,https://www.sedar.com/ModifyCompanyDocumentSearchForm.do?lang=EN&company_search=Forage Orbit Garant Inc&document_selection=0&industry_group=A&FromDate=13&FromMonth=05&FromYear=2000&ToDate=13&ToMonth=11&ToYear=2020&Variable=Issuer,1620596064,17:34:24,20210509
40,2010-12-31,OGD.TO,CAD,2010-12-31,2010-12-31,Q4,25879527,18338829,7540698,0.2913769637288966,0,1785182,0,0,3701072,22039901,91926,1691753,5531379,0.21373570699340835,3839626,0.1483653855033749,59485,3807185,0.1471118463641163,1107523,2699662,0.1043165124308493,0.08218398091509925,0.0799987483073331,32849005,33746303,https://www.sedar.com/ModifyCompanyDocumentSearchForm.do?lang=EN&company_search=Forage Orbit Garant Inc&document_selection=0&industry_group=A&FromDate=13&FromMonth=05&FromYear=2000&ToDate=13&ToMonth=11&ToYear=2020&Variable=Issuer,https://www.sedar.com/ModifyCompanyDocumentSearchForm.do?lang=EN&company_search=Forage Orbit Garant Inc&document_selection=0&industry_group=A&FromDate=13&FromMonth=05&FromYear=2000&ToDate=13&ToMonth=11&ToYear=2020&Variable=Issuer,1620596064,17:34:24,20210509
41,2010-09-30,OGD.TO,CAD,2010-09-30,2010-09-30,Q3,27385415,20241484,7143931,0.2608662676829984,0,1950827,0,0,3965111,24206595,60233,1624186,4803006,0.17538554737987355,3178820,0.11607711623139544,100950,3219537,0.1175639295588546,970364,2249173,0.08213032375079947,0.06870077612160587,0.06714454341042968,32738684,33497480,https://www.sedar.com/ModifyCompanyDocumentSearchForm.do?lang=EN&company_search=Forage Orbit Garant Inc&document_selection=0&industry_group=A&FromDate=13&FromMonth=05&FromYear=2000&ToDate=13&ToMonth=11&ToYear=2020&Variable=Issuer,https://www.sedar.com/ModifyCompanyDocumentSearchForm.do?lang=EN&company_search=Forage Orbit Garant Inc&document_selection=0&industry_group=A&FromDate=13&FromMonth=05&FromYear=2000&ToDate=13&ToMonth=11&ToYear=2020&Variable=Issuer,1620596064,17:34:24,20210509
42,2010-06-30,OGD.TO,CAD,2010-06-30,2010-06-30,Q2,33089881,23951937,9137944,0.276155239119778,0,1489668,0,0,4053572,28005509,15679,1530856,6615228,0.19991694741966584,5084372,0.15365337820344535,540842,5609535,0.16952418172794276,1651625,3957910,0.1196108864821847,0.1069076788253912,0.1069076788253912,37021756,37021756,https://www.sedar.com/ModifyCompanyDocumentSearchForm.do?lang=EN&company_search=Forage Orbit Garant Inc&document_selection=0&industry_group=A&FromDate=13&FromMonth=05&FromYear=2000&ToDate=13&ToMonth=11&ToYear=2020&Variable=Issuer,https://www.sedar.com/ModifyCompanyDocumentSearchForm.do?lang=EN&company_search=Forage Orbit Garant Inc&document_selection=0&industry_group=A&FromDate=13&FromMonth=05&FromYear=2000&ToDate=13&ToMonth=11&ToYear=2020&Variable=Issuer,1620596064,17:34:24,20210509
43,2010-03-31,OGD.TO,CAD,2010-03-31,2010-03-31,Q1,28808727,19882026,8926701,0.309861001494443,0,1688686,0,0,3692436,23574462,148526,1399335,6633600,0.23026355867789647,5234265,0.18169025656704652,202540,5288279,0.18356517453895133,1567706,3720573,0.12914742813870256,0.11364454967096417,0.11107728220823454,32738684,33495355,https://www.sedar.com/ModifyCompanyDocumentSearchForm.do?lang=EN&company_search=Forage Orbit Garant Inc&document_selection=0&industry_group=A&FromDate=13&FromMonth=05&FromYear=2000&ToDate=13&ToMonth=11&ToYear=2020&Variable=Issuer,https://www.sedar.com/ModifyCompanyDocumentSearchForm.do?lang=EN&company_search=Forage Orbit Garant Inc&document_selection=0&industry_group=A&FromDate=13&FromMonth=05&FromYear=2000&ToDate=13&ToMonth=11&ToYear=2020&Variable=Issuer,1620596064,17:34:24,20210509
44,2009-12-31,OGD.TO,CAD,2009-12-31,2009-12-31,Q4,23655170,16087814,7567356,0.31990283730786967,0,1615429,0,0,4021995,20109809,66697,1269100,4814461,0.20352679773597063,3545361,0.14987679226148026,79108,3557772,0.15040145558032345,1154404,2403368,0.10160011532362692,0.07341064778291027,0.07179284694869019,32738684,33476427,https://www.sedar.com/ModifyCompanyDocumentSearchForm.do?lang=EN&company_search=Forage Orbit Garant Inc&document_selection=0&industry_group=A&FromDate=13&FromMonth=05&FromYear=2000&ToDate=13&ToMonth=11&ToYear=2020&Variable=Issuer,https://www.sedar.com/ModifyCompanyDocumentSearchForm.do?lang=EN&company_search=Forage Orbit Garant Inc&document_selection=0&industry_group=A&FromDate=13&FromMonth=05&FromYear=2000&ToDate=13&ToMonth=11&ToYear=2020&Variable=Issuer,1620596064,17:34:24,20210509
45,2009-09-30,OGD.TO,CAD,2009-09-30,2009-09-30,Q3,24403751,16399753,8003998,0.32798228436276045,0,1822363,0,0,4201847,20601600,100477,1255347,5057498,0.20724264888623065,3802151,0.15580190930484417,28661,3741589,0.15332024163006744,1236240,2505349,0.1026624554561305,0.07652564776275063,0.07537853104488913,32738684,33236904,https://www.sedar.com/ModifyCompanyDocumentSearchForm.do?lang=EN&company_search=Forage Orbit Garant Inc&document_selection=0&industry_group=A&FromDate=13&FromMonth=05&FromYear=2000&ToDate=13&ToMonth=11&ToYear=2020&Variable=Issuer,https://www.sedar.com/ModifyCompanyDocumentSearchForm.do?lang=EN&company_search=Forage Orbit Garant Inc&document_selection=0&industry_group=A&FromDate=13&FromMonth=05&FromYear=2000&ToDate=13&ToMonth=11&ToYear=2020&Variable=Issuer,1620596064,17:34:24,20210509
46,2009-06-30,OGD.TO,CAD,2009-06-30,2009-06-30,Q2,28246065,17528777,10717288,0.37942587755143947,0,2962830,0,0,5077878,22606655,105250,2493371,8132781,0.2879261589180652,5639410,0.19965294280813983,0,5166213,0.18290027301147965,1648870,3517343,0.12452506216352614,0.09500745993788084,0.09500745993788084,37021756,37021756,https://www.sedar.com/ModifyCompanyDocumentSearchForm.do?lang=EN&company_search=Forage Orbit Garant Inc&document_selection=0&industry_group=A&FromDate=13&FromMonth=05&FromYear=2000&ToDate=13&ToMonth=11&ToYear=2020&Variable=Issuer,https://www.sedar.com/ModifyCompanyDocumentSearchForm.do?lang=EN&company_search=Forage Orbit Garant Inc&document_selection=0&industry_group=A&FromDate=13&FromMonth=05&FromYear=2000&ToDate=13&ToMonth=11&ToYear=2020&Variable=Issuer,1620596064,17:34:24,20210509
47,2009-03-31,OGD.TO,CAD,2009-03-31,2009-03-31,Q1,27694738,18499147,9195591,0.33203386867209217,0,1574211,0,0,4243603,22742750,188319,2330731,7282719,0.26296399698744216,4951988,0.17880609666717193,0,4791460,0.17300976091559342,1581526,3209934,0.11590411145972929,0.1,0.1,32738684,32738684,https://www.sedar.com/ModifyCompanyDocumentSearchForm.do?lang=EN&company_search=Forage Orbit Garant Inc&document_selection=0&industry_group=A&FromDate=13&FromMonth=05&FromYear=2000&ToDate=13&ToMonth=11&ToYear=2020&Variable=Issuer,https://www.sedar.com/ModifyCompanyDocumentSearchForm.do?lang=EN&company_search=Forage Orbit Garant Inc&document_selection=0&industry_group=A&FromDate=13&FromMonth=05&FromYear=2000&ToDate=13&ToMonth=11&ToYear=2020&Variable=Issuer,1620596064,17:34:24,20210509
48,2008-12-31,OGD.TO,CAD,2008-12-31,2008-12-31,Q4,26106480,17458220,8648260,0.3312687118294002,0,1887503,0,91709,3877802,21336022,0,984798,5755256,0.22045315952208033,4770458,0.18273080093524674,115130,4733774,0.18132563256325632,1520195,3213579,0.1230950706491262,0.09830767204681576,0.09639500830413508,32688995,33337608,https://www.sedar.com/ModifyCompanyDocumentSearchForm.do?lang=EN&company_search=Forage Orbit Garant Inc&document_selection=0&industry_group=A&FromDate=13&FromMonth=05&FromYear=2000&ToDate=13&ToMonth=11&ToYear=2020&Variable=Issuer,https://www.sedar.com/ModifyCompanyDocumentSearchForm.do?lang=EN&company_search=Forage Orbit Garant Inc&document_selection=0&industry_group=A&FromDate=13&FromMonth=05&FromYear=2000&ToDate=13&ToMonth=11&ToYear=2020&Variable=Issuer,1620596064,17:34:24,20210509
49,2008-09-30,OGD.TO,CAD,2008-09-30,2008-09-30,Q3,23115529,15592986,7522543,0.32543243981134934,0,1631970,0,-5110,3508388,19101374,0,870917,4885072,0.2113329095777994,4014155,0.17365620315243488,85254,3982595,0.17229088722131344,1333685,2648910,0.11459439236713986,0.08205648912310323,0.08032988471193328,32281542,32975399,https://www.sedar.com/ModifyCompanyDocumentSearchForm.do?lang=EN&company_search=Forage Orbit Garant Inc&document_selection=0&industry_group=A&FromDate=13&FromMonth=05&FromYear=2000&ToDate=13&ToMonth=11&ToYear=2020&Variable=Issuer,https://www.sedar.com/ModifyCompanyDocumentSearchForm.do?lang=EN&company_search=Forage Orbit Garant Inc&document_selection=0&industry_group=A&FromDate=13&FromMonth=05&FromYear=2000&ToDate=13&ToMonth=11&ToYear=2020&Variable=Issuer,1620596064,17:34:24,20210509
50,2008-06-30,OGD.TO,CAD,2008-06-30,2008-06-30,Q2,24639259,15916019,8723240,0.3540382444131132,0,2552600,0,0,5016053,20932072,0,1457952,5165139,0.20963045195474425,3707187,0.15045854260471064,13842438,3359818,0.13636035077191241,1938257,1421561,0.05769495746605042,0.03839798954971234,0.03839798954971234,37021756,37021756,https://www.sedar.com/ModifyCompanyDocumentSearchForm.do?lang=EN&company_search=Forage Orbit Garant Inc&document_selection=0&industry_group=A&FromDate=13&FromMonth=05&FromYear=2000&ToDate=13&ToMonth=11&ToYear=2020&Variable=Issuer,https://www.sedar.com/ModifyCompanyDocumentSearchForm.do?lang=EN&company_search=Forage Orbit Garant Inc&document_selection=0&industry_group=A&FromDate=13&FromMonth=05&FromYear=2000&ToDate=13&ToMonth=11&ToYear=2020&Variable=Issuer,1620596064,17:34:24,20210509
51,2008-03-31,OGD.TO,CAD,2008-03-31,2008-03-31,Q1,22070986,14555294,7515692,0.3405236177486588,0,1491838,0,0,3108132,17663426,0,610793,5018353,0.22737330357601604,4407560,0.19969927940691004,9024,4019879,0.18213409224218619,1195959,2823920,0.12794716103757214,0.1139755775383613,0.110771995199012,24776536,25493086,https://www.sedar.com/ModifyCompanyDocumentSearchForm.do?lang=EN&company_search=Forage Orbit Garant Inc&document_selection=0&industry_group=A&FromDate=13&FromMonth=05&FromYear=2000&ToDate=13&ToMonth=11&ToYear=2020&Variable=Issuer,https://www.sedar.com/ModifyCompanyDocumentSearchForm.do?lang=EN&company_search=Forage Orbit Garant Inc&document_selection=0&industry_group=A&FromDate=13&FromMonth=05&FromYear=2000&ToDate=13&ToMonth=11&ToYear=2020&Variable=Issuer,1620596064,17:34:24,20210509
52,2007-12-31,OGD.TO,CAD,2007-12-31,2007-12-31,Q4,18053492,11737943,6315549,0.3498242334502378,0,1130136,0,0,2768818,14506761,477660,1620107,5166838,0.28619604451039166,3546731,0.1964567852025525,0,3146986,0.17431453150448678,174858,2972128,0.16462898147350108,0.11995736611445604,0.11835000754189975,24776536,25113036,https://www.sedar.com/ModifyCompanyDocumentSearchForm.do?lang=EN&company_search=Forage Orbit Garant Inc&document_selection=0&industry_group=A&FromDate=13&FromMonth=05&FromYear=2000&ToDate=13&ToMonth=11&ToYear=2020&Variable=Issuer,https://www.sedar.com/ModifyCompanyDocumentSearchForm.do?lang=EN&company_search=Forage Orbit Garant Inc&document_selection=0&industry_group=A&FromDate=13&FromMonth=05&FromYear=2000&ToDate=13&ToMonth=11&ToYear=2020&Variable=Issuer,1620596064,17:34:24,20210509
53,2007-09-30,OGD.TO,CAD,2007-09-30,2007-09-30,Q3,17378479,11129796,6248683,0.3595644359900541,0,1313016,0,0,2953462,14083258,474722,1640446,4935667,0.2840102980243553,3295221,0.18961504053375441,77915,2898414,0.16678179948889657,733970,2164444,0.12454737839830517,0.08740565588385316,0.08623384906187934,24763203,25099703,https://www.sedar.com/ModifyCompanyDocumentSearchForm.do?lang=EN&company_search=Forage Orbit Garant Inc&document_selection=0&industry_group=A&FromDate=13&FromMonth=05&FromYear=2000&ToDate=13&ToMonth=11&ToYear=2020&Variable=Issuer,https://www.sedar.com/ModifyCompanyDocumentSearchForm.do?lang=EN&company_search=Forage Orbit Garant Inc&document_selection=0&industry_group=A&FromDate=13&FromMonth=05&FromYear=2000&ToDate=13&ToMonth=11&ToYear=2020&Variable=Issuer,1620596064,17:34:24,20210509
