,date,symbol,reportedCurrency,fillingDate,acceptedDate,period,revenue,costOfRevenue,grossProfit,grossProfitRatio,researchAndDevelopmentExpenses,generalAndAdministrativeExpenses,sellingAndMarketingExpenses,otherExpenses,operatingExpenses,costAndExpenses,interestExpense,depreciationAndAmortization,ebitda,ebitdaratio,operatingIncome,operatingIncomeRatio,totalOtherIncomeExpensesNet,incomeBeforeTax,incomeBeforeTaxRatio,incomeTaxExpense,netIncome,netIncomeRatio,eps,epsdiluted,weightedAverageShsOut,weightedAverageShsOutDil,link,finalLink,timestamp,est_time,est_date
0,2020-12-31,IPAR,USD,2021-03-01,2021-03-01 15:55:05,Q4,184042000.0,66395000.0,117647000.0,0.6392399560969778,0.0,91177000.0,0.0,549000.0,91177000.0,157572000.0,460000.0,2316000.0,28786000.0,0.1564099499027396,26470000.0,0.14382586583497245,-1705000.0,25016000.0,0.13592549526738462,7216000.0,14739000.0,0.08008498060225383,0.47,0.47,31552000.0,31666000.0,https://www.sec.gov/Archives/edgar/data/822663/000121390021012513/0001213900-21-012513-index.htm,https://www.sec.gov/Archives/edgar/data/822663/000121390021012513/f10k2020_interparfums.htm,1620593699,16:54:59,20210509
1,2020-09-30,IPAR,USD,2020-11-09,2020-11-09 16:26:33,Q3,160637000.0,63439000.0,97198000.0,0.6050785310980659,0.0,65841000.0,0.0,0.0,65841000.0,129280000.0,148000.0,2295000.0,33652000.0,0.20949096409918014,31357000.0,0.1952040937019491,-891000.0,30711000.0,0.1911826042568026,8859000.0,16538000.0,0.1029526198820944,0.5244664319918815,0.5230399443372655,31533000.0,31619000.0,https://www.sec.gov/Archives/edgar/data/822663/000121390020035911/0001213900-20-035911-index.htm,https://www.sec.gov/Archives/edgar/data/822663/000121390020035911/f10q0920_interparfumsinc.htm,1620593699,16:54:59,20210509
2,2020-06-30,IPAR,USD,2020-08-10,2020-08-10 16:16:00,Q2,49506000.0,22662000.0,26844000.0,0.5422373045691431,0.0,32367000.0,0.0,0.0,32367000.0,55029000.0,361000.0,2226000.0,-3297000.0,-0.0665979881226518,-5523000.0,-0.11156223488062053,13000.0,-5117000.0,-0.10336120874237466,-2134000.0,-3118000.0,-0.06298226477598674,-0.1,-0.1,31532000.0,31532000.0,https://www.sec.gov/Archives/edgar/data/822663/000121390020021168/0001213900-20-021168-index.htm,https://www.sec.gov/Archives/edgar/data/822663/000121390020021168/f10q0620_interparfums.htm,1620593699,16:54:59,20210509
3,2020-03-31,IPAR,USD,2020-05-11,2020-05-11 16:41:39,Q1,144824000.0,55783000.0,89041000.0,0.6148221289289069,0.0,71262000.0,0.0,0.0,71262000.0,127045000.0,1001000.0,2230000.0,20009000.0,0.13816080207700382,17779000.0,0.12276280174556703,954000.0,18739000.0,0.12939153731425732,5440000.0,10059000.0,0.06945671988068276,0.3190294957183635,0.31723855178503846,31530000.0,31708000.0,https://www.sec.gov/Archives/edgar/data/822663/000121390020011666/0001213900-20-011666-index.htm,https://www.sec.gov/Archives/edgar/data/822663/000121390020005153/ipar-20191231.htm,1620593699,16:54:59,20210509
4,2019-12-31,IPAR,USD,2020-03-02,2020-03-02 16:17:06,Q4,177802000.0,63119000.0,114683000.0,0.6450039932059257,0.0,102349000.0,0.0,0.0,102349000.0,165468000.0,932000.0,2400000.0,14734000.0,0.08286745930866919,12334000.0,0.06936929843308849,-310000.0,11899000.0,0.06692275677438948,3064000.0,8190000.0,0.04606247398791915,0.26022304832713755,0.2582537129883644,31473000.0,31713000.0,https://www.sec.gov/Archives/edgar/data/822663/000121390020005153/0001213900-20-005153-index.htm,https://www.sec.gov/Archives/edgar/data/822663/000121390020005153/ipar-20191231.htm,1620593699,16:54:59,20210509
5,2019-09-30,IPAR,USD,2019-11-05,2019-11-05 16:21:57,Q3,191227000.0,76790000.0,114437000.0,0.5984353673905881,0.0,77793000.0,0.0,0.0,77793000.0,154583000.0,384000.0,2215000.0,38859000.0,0.20320875190218954,36644000.0,0.1916256595564434,-121000.0,36701000.0,0.1919237346190653,10043000.0,20848000.0,0.1090222615007295,0.662851329009284,0.6581639095845435,31452000.0,31676000.0,https://www.sec.gov/Archives/edgar/data/822663/000121390019022069/0001213900-19-022069-index.htm,https://www.sec.gov/Archives/edgar/data/822663/000121390019022069/f10q0919_interparfums.htm,1620593699,16:54:59,20210509
6,2019-06-30,IPAR,USD,2019-08-05,2019-08-05 16:21:34,Q2,166242000.0,59268000.0,106974000.0,0.6434835962031256,0.0,84514000.0,0.0,0.0,84514000.0,143782000.0,203000.0,1964000.0,24424000.0,0.14691834795057807,22460000.0,0.13510424561783424,-546000.0,22130000.0,0.13311918769023473,6530000.0,12318000.0,0.07409679864294222,0.39168177048554803,0.3887398617729668,31449000.0,31687000.0,https://www.sec.gov/Archives/edgar/data/822663/000121390019014610/0001213900-19-014610-index.htm,https://www.sec.gov/Archives/edgar/data/822663/000121390019014610/ipar-20190630.htm,1620593699,16:54:59,20210509
7,2019-03-31,IPAR,USD,2019-05-06,2019-05-06 16:24:40,Q1,178242000.0,68401000.0,109841000.0,0.6162464514536417,0.0,76552000.0,0.0,0.0,76552000.0,144953000.0,626000.0,2150000.0,35439000.0,0.1988251927155216,33289000.0,0.18676294027221418,-151000.0,34418000.0,0.19309702539244397,9440000.0,18894000.0,0.10600195240179082,0.6011262766058987,0.5964203415511853,31431000.0,31679000.0,https://www.sec.gov/Archives/edgar/data/822663/000161577419007104/0001615774-19-007104-index.htm,https://www.sec.gov/Archives/edgar/data/822663/000161577419003459/s116268_10k.htm,1620593699,16:54:59,20210509
8,2018-12-31,IPAR,USD,2019-03-01,2019-03-01 16:39:54,Q4,177227000.0,60095000.0,117132000.0,0.6609150975867109,0.0,106545000.0,0.0,0.0,106545000.0,166640000.0,1025000.0,2757000.0,13344000.0,0.07529326795578552,10587000.0,0.059736947530568144,-436000.0,9762000.0,0.055081900613337696,594000.0,8047000.0,0.04540504550661017,0.25676451818761964,0.2547809017223911,31340000.0,31584000.0,https://www.sec.gov/Archives/edgar/data/822663/000161577419003459/0001615774-19-003459-index.htm,https://www.sec.gov/Archives/edgar/data/822663/000161577419003459/s116268_10k.htm,1620593699,16:54:59,20210509
9,2018-09-30,IPAR,USD,2018-11-05,2018-11-05 16:18:00,Q3,177213000.0,68066000.0,109147000.0,0.6159085394412374,0.0,74169000.0,0.0,0.0,74169000.0,142235000.0,523000.0,2764000.0,37742000.0,0.2129753460524905,34978000.0,0.19737829617465988,-1109000.0,34193000.0,0.192948598579111,9767000.0,18938000.0,0.10686574912675707,0.604545744748771,0.5995504479691012,31326000.0,31587000.0,https://www.sec.gov/Archives/edgar/data/822663/000161577418012072/0001615774-18-012072-index.htm,https://www.sec.gov/Archives/edgar/data/822663/000161577418012072/s113515_10q.htm,1620593699,16:54:59,20210509
10,2018-06-30,IPAR,USD,2018-08-07,2018-08-07 16:16:01,Q2,149367000.0,53713000.0,95654000.0,0.6403958036246292,0.0,76885000.0,0.0,0.0,76885000.0,130598000.0,568000.0,2894000.0,21663000.0,0.14503203518849545,18769000.0,0.12565693894903157,1500000.0,20430000.0,0.1367771997830846,6171000.0,10899000.0,0.07296792464198919,0.34822198792293685,0.3461098761511591,31299000.0,31490000.0,https://www.sec.gov/Archives/edgar/data/822663/000161577418007660/0001615774-18-007660-index.htm,https://www.sec.gov/Archives/edgar/data/822663/000161577418007660/s111588_10q.htm,1620593699,16:54:59,20210509
11,2018-03-31,IPAR,USD,2018-05-08,2018-05-08 16:14:29,Q1,171767000.0,66138000.0,105629000.0,0.6149551427224088,0.0,75231000.0,0.0,0.0,75231000.0,141369000.0,462000.0,2616000.0,33014000.0,0.19220222743600343,30398000.0,0.1769722938631984,-206000.0,31475000.0,0.18324241559787385,9613000.0,15909000.0,0.09261965336764338,0.5088112067035533,0.5061885519742912,31267000.0,31429000.0,https://www.sec.gov/Archives/edgar/data/822663/000161577418003470/0001615774-18-003470-index.htm,https://www.sec.gov/Archives/edgar/data/822663/000161577418001852/s109206_10-k.htm,1620593699,16:54:59,20210509
12,2017-12-31,IPAR,USD,2018-03-13,2018-03-13 16:25:40,Q4,149526000.0,50725000.0,98801000.0,0.660761339165095,0.0,91864000.0,0.0,0.0,91864000.0,142589000.0,498000.0,4537000.0,11474000.0,0.07673581851985607,6937000.0,0.04639326939796423,-2364000.0,4270000.0,0.028556906491178792,-1502000.0,4400000.0,0.02942632050613271,0.14102564102564102,0.14022563579578048,31200000.0,31378000.0,https://www.sec.gov/Archives/edgar/data/822663/000161577418001852/0001615774-18-001852-index.htm,https://www.sec.gov/Archives/edgar/data/822663/000161577418001852/s109206_10-k.htm,1620593699,16:54:59,20210509
13,2017-09-30,IPAR,USD,2017-11-08,2017-11-08 16:22:52,Q3,169531000.0,66059000.0,103472000.0,0.6103426511965363,0.0,70309000.0,0.0,0.0,70309000.0,136368000.0,495000.0,2694000.0,35857000.0,0.2115070400103816,33163000.0,0.1956161410007609,-335000.0,32948000.0,0.19434793636562045,10845000.0,17077000.0,0.10073083978741351,0.5477786688051323,0.5454690644264861,31175000.0,31307000.0,https://www.sec.gov/Archives/edgar/data/822663/000161577417006352/0001615774-17-006352-index.htm,https://www.sec.gov/Archives/edgar/data/822663/000161577417006352/s107909_10q.htm,1620593699,16:54:59,20210509
14,2017-06-30,IPAR,USD,2017-08-07,2017-08-07 16:20:24,Q2,129136000.0,45193000.0,83943000.0,0.6500356213604263,0.0,69468000.0,0.0,0.0,69468000.0,114661000.0,727000.0,2064000.0,16539000.0,0.12807427828026266,14475000.0,0.11209112873249907,-817000.0,13831000.0,0.10710413827282865,4620000.0,6744000.0,0.05222401189443687,0.21636882800218166,0.21559413062242255,31169000.0,31281000.0,https://www.sec.gov/Archives/edgar/data/822663/000161577417004109/0001615774-17-004109-index.htm,https://www.sec.gov/Archives/edgar/data/822663/000161577417004109/s106954_10q.htm,1620593699,16:54:59,20210509
15,2017-03-31,IPAR,USD,2017-05-09,2017-05-09 16:24:35,Q1,143058000.0,52988000.0,90070000.0,0.6296047756853863,0.0,63899000.0,0.0,0.0,63899000.0,116887000.0,271000.0,2619000.0,28790000.0,0.20124704665240672,26171000.0,0.1829397866599561,-156000.0,27016000.0,0.18884648184652378,8849000.0,13373000.0,0.09347956772777474,0.42937871247391235,0.42788123120240606,31145000.0,31254000.0,https://www.sec.gov/Archives/edgar/data/822663/000114420417025637/0001144204-17-025637-index.htm,https://www.sec.gov/Archives/edgar/data/822663/000114420417014248/v460761_10k.htm,1620593699,16:54:59,20210509
16,2016-12-31,IPAR,USD,2017-03-13,2017-03-13 16:28:47,Q4,134771000.0,48878000.0,85893000.0,0.6373255373930593,0.0,79502000.0,0.0,0.0,79502000.0,128380000.0,159000.0,8228000.0,14619000.0,0.10847289105222933,6391000.0,0.047421181114631485,-1213000.0,5628000.0,0.04175972575702488,1036000.0,3927000.0,0.029138316106580794,0.12638388259526262,0.12574045019371777,31072000.0,31231000.0,https://www.sec.gov/Archives/edgar/data/822663/000114420417014248/0001144204-17-014248-index.htm,https://www.sec.gov/Archives/edgar/data/822663/000114420417014248/v460761_10k.htm,1620593699,16:54:59,20210509
17,2016-09-30,IPAR,USD,2016-11-08,2016-11-08 16:22:43,Q3,157622000.0,62790000.0,94832000.0,0.6016419027800688,0.0,62529000.0,0.0,0.0,62529000.0,125319000.0,515000.0,2408000.0,34711000.0,0.22021672101610182,32303000.0,0.20493966578269532,-334000.0,32219000.0,0.2044067452512974,10740000.0,16239000.0,0.10302495844488714,0.5224903474903475,0.5209649995187835,31080000.0,31171000.0,https://www.sec.gov/Archives/edgar/data/822663/000114420416132435/0001144204-16-132435-index.htm,https://www.sec.gov/Archives/edgar/data/822663/000114420416132435/v451593_10q.htm,1620593699,16:54:59,20210509
18,2016-06-30,IPAR,USD,2016-08-09,2016-08-09 16:16:41,Q2,117157000.0,42729000.0,74428000.0,0.6352842766544039,0.0,62969000.0,0.0,0.0,62969000.0,105698000.0,693000.0,2367000.0,13826000.0,0.11801258140785442,11459000.0,0.09780892306904411,661000.0,12029000.0,0.10267418933567776,4300000.0,5831000.0,0.049770820352176996,0.18776364514570923,0.18726315113366304,31055000.0,31138000.0,https://www.sec.gov/Archives/edgar/data/822663/000114420416117699/0001144204-16-117699-index.htm,https://www.sec.gov/Archives/edgar/data/822663/000114420416117699/v445453_10q.htm,1620593699,16:54:59,20210509
19,2016-03-31,IPAR,USD,2016-05-10,2016-05-10 16:17:10,Q1,111522000.0,40205000.0,71317000.0,0.6394881727372178,0.0,53786000.0,0.0,0.0,53786000.0,93991000.0,973000.0,2338000.0,19869000.0,0.1781621563458331,17531000.0,0.1571976829683829,-714000.0,17198000.0,0.15421172504079914,7750000.0,7334000.0,0.0657628091318305,0.23628338541834468,0.23578960905349794,31039000.0,31104000.0,https://www.sec.gov/Archives/edgar/data/822663/000114420416100440/0001144204-16-100440-index.htm,https://www.sec.gov/Archives/edgar/data/822663/000114420416087700/v432850_10k.htm,1620593699,16:54:59,20210509
20,2015-12-31,IPAR,USD,2016-03-14,2016-03-14 08:29:39,Q4,118326000.0,42616000.0,75710000.0,0.6398424691107618,0.0,71453000.0,0.0,0.0,71453000.0,114069000.0,1015000.0,2360000.0,6617000.0,0.055921775433970554,4257000.0,0.03597687744029207,875000.0,4283000.0,0.03619660936734107,2773000.0,1859000.0,0.015710832784003516,0.05994453759834903,0.05972690763052209,31012000.0,31125000.0,https://www.sec.gov/Archives/edgar/data/822663/000114420416087700/0001144204-16-087700-index.htm,https://www.sec.gov/Archives/edgar/data/822663/000114420416087700/v432850_10k.htm,1620593699,16:54:59,20210509
21,2015-09-30,IPAR,USD,2015-11-09,2015-11-09 16:19:21,Q3,138944000.0,53118000.0,85826000.0,0.6177020958083832,0.0,58188000.0,0.0,0.0,58188000.0,111306000.0,1041000.0,2277000.0,29915000.0,0.215302567941041,27638000.0,0.19891467065868262,336000.0,27790000.0,0.20000863657300783,9156000.0,14220000.0,0.10234339014279134,0.45863570391872277,0.4572641327416554,31005000.0,31098000.0,https://www.sec.gov/Archives/edgar/data/822663/000114420415063769/0001144204-15-063769-index.htm,https://www.sec.gov/Archives/edgar/data/822663/000114420415063769/v422967_10q.htm,1620593699,16:54:59,20210509
22,2015-06-30,IPAR,USD,2015-08-07,2015-08-07 16:15:27,Q2,102021000.0,41696000.0,60325000.0,0.5912998304270689,0.0,52083000.0,0.0,0.0,52083000.0,93779000.0,613000.0,2213000.0,10455000.0,0.1024789014026524,8242000.0,0.08078728889150273,-80000.0,8325000.0,0.08160084688446496,2805000.0,4351000.0,0.042648082257574424,0.14040919065444687,0.13987205452149035,30988000.0,31107000.0,https://www.sec.gov/Archives/edgar/data/822663/000114420415047330/0001144204-15-047330-index.htm,https://www.sec.gov/Archives/edgar/data/822663/000114420415047330/v416568_10q.htm,1620593699,16:54:59,20210509
23,2015-03-31,IPAR,USD,2015-05-11,2015-05-11 16:25:30,Q1,109249000.0,41639000.0,67610000.0,0.618861499876429,0.0,46544000.0,0.0,0.0,46544000.0,88183000.0,158000.0,2228000.0,23294000.0,0.21321934296881437,21066000.0,0.19282556362071965,-2006000.0,20098000.0,0.18396507061849537,6793000.0,10007000.0,0.091598092431052,0.3230252751864166,0.32205844490216273,30979000.0,31072000.0,https://www.sec.gov/Archives/edgar/data/822663/000114420415029301/0001144204-15-029301-index.htm,https://www.sec.gov/Archives/edgar/data/822663/000114420415015369/v403043_10k.htm,1620593699,16:54:59,20210509
24,2014-12-31,IPAR,USD,2015-03-11,2015-03-11 16:19:08,Q4,125132000.0,50769000.0,74363000.0,0.5942764440750568,0.0,69914000.0,0.0,0.0,69914000.0,120683000.0,76000.0,2443000.0,6892000.0,0.05507783780327974,4449000.0,0.03555445449605217,-155000.0,5132000.0,0.041012690598727745,1367000.0,3321000.0,0.02653997378768021,0.1073194377120698,0.10691864395866199,30945000.0,31061000.0,https://www.sec.gov/Archives/edgar/data/822663/000114420415015369/0001144204-15-015369-index.htm,https://www.sec.gov/Archives/edgar/data/822663/000114420415015369/v403043_10k.htm,1620593699,16:54:59,20210509
25,2014-09-30,IPAR,USD,2014-11-10,2014-11-10 16:58:09,Q3,134206000.0,58878000.0,75328000.0,0.5612863806387196,0.0,56647000.0,0.0,0.0,56647000.0,115525000.0,554000.0,2580000.0,21261000.0,0.15842063693128475,18681000.0,0.13919645917470158,1129000.0,20171000.0,0.15029879439071278,6407000.0,11113000.0,0.08280553775539097,0.3591674477230859,0.35786050106266504,30941000.0,31054000.0,https://www.sec.gov/Archives/edgar/data/822663/000114420414066584/0001144204-14-066584-index.htm,https://www.sec.gov/Archives/edgar/data/822663/000114420414066584/v392700_10q.htm,1620593699,16:54:59,20210509
26,2014-06-30,IPAR,USD,2014-08-11,2014-08-11 16:46:39,Q2,118192000.0,50076000.0,68116000.0,0.5763165019629078,0.0,55265000.0,0.0,0.0,55265000.0,105341000.0,574000.0,2598000.0,15449000.0,0.1307110464329227,12851000.0,0.10872986327331799,-122000.0,13103000.0,0.11086198727494247,5436000.0,6109000.0,0.05168708542033302,0.19745943499903032,0.1966268627892755,30938000.0,31069000.0,https://www.sec.gov/Archives/edgar/data/822663/000114420414048545/0001144204-14-048545-index.htm,https://www.sec.gov/Archives/edgar/data/822663/000114420414048545/v385107_10q.htm,1620593699,16:54:59,20210509
27,2014-03-31,IPAR,USD,2014-05-07,2014-05-07 16:50:11,Q1,121730000.0,52500000.0,69230000.0,0.5687176538240368,0.0,51807000.0,0.0,0.0,51807000.0,104307000.0,273000.0,2545000.0,19968000.0,0.16403515977984062,17423000.0,0.14312823461759633,49000.0,18310000.0,0.1504148525425121,6160000.0,8894000.0,0.07306333689312412,0.287831715210356,0.28636744156095045,30900000.0,31058000.0,https://www.sec.gov/Archives/edgar/data/822663/000114420414028278/0001144204-14-028278-index.htm,https://www.sec.gov/Archives/edgar/data/822663/000114420414014887/v369991_10k.htm,1620593699,16:54:59,20210509
28,2013-12-31,IPAR,USD,2014-03-11,2014-03-11 16:57:27,Q4,105531000.0,45009000.0,60522000.0,0.5734997299371749,0.0,71290000.0,0.0,0.0,71290000.0,116299000.0,152000.0,2659000.0,-8109000.0,-0.07683998066918725,-10768000.0,-0.10203636846045237,-10000.0,-9962000.0,-0.09439880224768078,-3562000.0,-4154000.0,-0.03936284125043826,-0.1344336569579288,-0.1344336569579288,30900000.0,30900000.0,https://www.sec.gov/Archives/edgar/data/822663/000114420414014887/0001144204-14-014887-index.htm,https://www.sec.gov/Archives/edgar/data/822663/000114420414014887/v369991_10k.htm,1620593699,16:54:59,20210509
29,2013-09-30,IPAR,USD,2013-11-06,2013-11-06 16:19:04,Q3,126753000.0,56746000.0,70007000.0,0.5523103989649161,0.0,55360000.0,0.0,0.0,55360000.0,112106000.0,354000.0,2448000.0,17095000.0,0.1348686027155176,14647000.0,0.11555545036409395,-176000.0,15335000.0,0.1209833297831215,5432000.0,7854000.0,0.0619630304608175,0.26,0.25,30796000.0,30986000.0,https://www.sec.gov/Archives/edgar/data/822663/000114420413059237/0001144204-13-059237-index.htm,https://www.sec.gov/Archives/edgar/data/822663/000114420413059237/v358298_10q.htm,1620593699,16:54:59,20210509
30,2013-06-30,IPAR,USD,2013-08-07,2013-08-07 16:16:58,Q2,117485000.0,53878000.0,63607000.0,0.5414052857811635,0.0,55708000.0,0.0,0.0,55708000.0,109586000.0,416000.0,2340000.0,10239000.0,0.08715155126186322,7899000.0,0.06723411499340341,461000.0,9008000.0,0.0766736179086692,4487000.0,3815000.0,0.03247223049751032,0.12407311044620788,0.12325138112622364,30748000.0,30953000.0,https://www.sec.gov/Archives/edgar/data/822663/000114420413043614/0001144204-13-043614-index.htm,https://www.sec.gov/Archives/edgar/data/822663/000114420413043614/v351179_10q.htm,1620593699,16:54:59,20210509
31,2013-03-31,IPAR,USD,2013-05-08,2013-05-08 16:13:11,Q1,213810000.0,79167000.0,134643000.0,0.6297320050512137,0.0,67667000.0,0.0,0.0,67667000.0,146834000.0,457000.0,3663000.0,70639000.0,0.330382114961882,66976000.0,0.31325008184837005,-1443000.0,66265000.0,0.3099246994995557,23323000.0,31696000.0,0.14824376783125204,1.032880372796298,1.0275229357798166,30687000.0,30847000.0,https://www.sec.gov/Archives/edgar/data/822663/000114420413027052/0001144204-13-027052-index.htm,https://www.sec.gov/Archives/edgar/data/822663/000114420413014616/v336657_10k.htm,1620593699,16:54:59,20210509
32,2012-12-31,IPAR,USD,2013-03-12,2013-03-12 17:00:43,Q4,176930000.0,65396000.0,111534000.0,0.6303848979822528,0.0,96609000.0,0.0,0.0,96609000.0,162005000.0,459000.0,4146000.0,19071000.0,0.10778839088905216,14925000.0,0.08435539478889957,196483000.0,211195000.0,1.1936641609676144,75217000.0,99613000.0,0.563007969253377,3.246097696092808,3.246097696092808,30687000.0,30687000.0,https://www.sec.gov/Archives/edgar/data/822663/000114420413014616/0001144204-13-014616-index.htm,https://www.sec.gov/Archives/edgar/data/822663/000114420413014616/v336657_10k.htm,1620593699,16:54:59,20210509
33,2012-09-30,IPAR,USD,2012-11-07,2012-11-07 16:38:08,Q3,166264000.0,65146000.0,101118000.0,0.6081773564932877,0.0,79039000.0,0.0,0.0,79039000.0,144185000.0,391000.0,3953000.0,26032000.0,0.156570273781456,22079000.0,0.13279483231487274,-1405000.0,20335000.0,0.1223054900639946,7158000.0,10018000.0,0.06025357263147765,0.3277069021916912,0.3261386203079728,30570000.0,30717000.0,https://www.sec.gov/Archives/edgar/data/822663/000114420412060095/0001144204-12-060095-index.htm,https://www.sec.gov/Archives/edgar/data/822663/000114420412060095/v326035_10q.htm,1620593699,16:54:59,20210509
34,2012-06-30,IPAR,USD,2012-08-08,2012-08-08 16:21:03,Q2,145555000.0,57099000.0,88456000.0,0.6077152966232695,0.0,75828000.0,0.0,0.0,75828000.0,132927000.0,442000.0,3764000.0,16392000.0,0.11261722372986156,12628000.0,0.0867575830442101,-931000.0,11566000.0,0.07946137198996943,4085000.0,6008000.0,0.04127649342173062,0.19657756110329483,0.19577685088633995,30563000.0,30688000.0,https://www.sec.gov/Archives/edgar/data/822663/000114420412043650/0001144204-12-043650-index.htm,https://www.sec.gov/Archives/edgar/data/822663/000114420412043650/v319781_10q.htm,1620593699,16:54:59,20210509
35,2012-03-31,IPAR,USD,2012-05-09,2012-05-09 16:16:28,Q1,165368000.0,58690000.0,106678000.0,0.6450945769435441,0.0,74924000.0,0.0,0.0,74924000.0,133614000.0,362000.0,3691000.0,35445000.0,0.2143401383580862,31754000.0,0.19202022156644574,-248000.0,31668000.0,0.19150016931933628,11414000.0,15497000.0,0.09371220550529728,0.5072501718438022,0.5050185752460405,30551000.0,30686000.0,https://www.sec.gov/Archives/edgar/data/822663/000114420412027177/0001144204-12-027177-index.htm,https://www.sec.gov/Archives/edgar/data/822663/000114420412014284/v303460_10k.htm,1620593699,16:54:59,20210509
36,2011-12-31,IPAR,USD,2012-03-12,2012-03-12 16:36:10,Q4,189088000.0,72473000.0,116615000.0,0.6167234303604671,0.0,106772000.0,0.0,0.0,106772000.0,179245000.0,680000.0,3449000.0,13292000.0,0.07029531223557285,9843000.0,0.05205512777119648,-382000.0,8939000.0,0.04727428498899983,3042000.0,4118000.0,0.02177821966491792,0.13479100520441228,0.13479100520441228,30551000.0,30551000.0,https://www.sec.gov/Archives/edgar/data/822663/000114420412014284/0001144204-12-014284-index.htm,https://www.sec.gov/Archives/edgar/data/822663/000114420412014284/v303460_10k.htm,1620593699,16:54:59,20210509
37,2011-09-30,IPAR,USD,2011-11-09,2011-11-09 16:18:28,Q3,171706000.0,63123000.0,108583000.0,0.63237743584965,0.0,87038000.0,0.0,0.0,87038000.0,150161000.0,687000.0,3403000.0,24948000.0,0.14529486447765366,21545000.0,0.12547610450421068,1239000.0,22338000.0,0.13009446379276204,9054000.0,10433000.0,0.06076083538140775,0.34162873702478797,0.3398592742198189,30539000.0,30698000.0,https://www.sec.gov/Archives/edgar/data/822663/000114420411062550/0001144204-11-062550-index.htm,https://www.sec.gov/Archives/edgar/data/822663/000114420411062550/v238873_10q.htm,1620593699,16:54:59,20210509
38,2011-06-30,IPAR,USD,2011-08-09,2011-08-09 16:16:38,Q2,121063000.0,46077000.0,74986000.0,0.6193965125595764,0.0,64139000.0,0.0,0.0,64139000.0,110216000.0,390000.0,3241000.0,14088000.0,0.11636916316298125,10847000.0,0.08959797791232664,-567000.0,10279000.0,0.08490620585975897,3851000.0,4993000.0,0.04124298918744786,0.163672720120632,0.162664929141554,30506000.0,30695000.0,https://www.sec.gov/Archives/edgar/data/822663/000114420411044928/0001144204-11-044928-index.htm,https://www.sec.gov/Archives/edgar/data/822663/000114420411044928/v230904_10q.htm,1620593699,16:54:59,20210509
39,2011-03-31,IPAR,USD,2011-05-09,2011-05-09 16:39:12,Q1,133363000.0,46772000.0,86591000.0,0.6492880334125657,0.0,61049000.0,0.0,0.0,61049000.0,107821000.0,440000.0,2980000.0,28522000.0,0.2138674145002737,25542000.0,0.19152238626905513,419000.0,25838000.0,0.19374189242893455,8498000.0,12759000.0,0.095671213155073,0.42,0.41,30474000.0,30634000.0,https://www.sec.gov/Archives/edgar/data/822663/000114420411027195/0001144204-11-027195-index.htm,https://www.sec.gov/Archives/edgar/data/822663/000114420411013508/v212739_10k.htm,1620593699,16:54:59,20210509
40,2010-12-31,IPAR,USD,2011-03-08,2011-03-08 16:33:27,Q4,112420000.0,46130000.0,66290000.0,0.5896637608966376,0.0,53944000.0,0.0,0.0,53944000.0,100074000.0,489000.0,2398000.0,14744000.0,0.13115104074008183,12346000.0,0.10982031666963174,303000.0,12835000.0,0.11417007649884363,4502000.0,6239000.0,0.05549724248354385,0.20473190260549978,0.20473190260549978,30474000.0,30474000.0,https://www.sec.gov/Archives/edgar/data/822663/000114420411013508/0001144204-11-013508-index.htm,https://www.sec.gov/Archives/edgar/data/822663/000114420411013508/v212739_10k.htm,1620593699,16:54:59,20210509
41,2010-09-30,IPAR,USD,2010-11-09,2010-11-09 16:23:02,Q3,120853000.0,49578000.0,71275000.0,0.5897660794518961,0.0,54692000.0,0.0,0.0,54692000.0,104270000.0,529000.0,2125000.0,18708000.0,0.15479963261151977,16583000.0,0.1372162875559564,461000.0,16897000.0,0.13981448536651966,5488000.0,8448000.0,0.0699031054255997,0.27750221725848306,0.276403612092658,30443000.0,30564000.0,https://www.sec.gov/Archives/edgar/data/822663/000114420410058650/0001144204-10-058650-index.htm,https://www.sec.gov/Archives/edgar/data/822663/000114420410058650/v201161_10q.htm,1620593699,16:54:59,20210509
42,2010-06-30,IPAR,USD,2010-08-09,2010-08-09 16:31:39,Q2,107765000.0,43041000.0,64724000.0,0.6006031642926739,0.0,53240000.0,0.0,0.0,53240000.0,96281000.0,510000.0,2272000.0,13756000.0,0.12764812323110472,11484000.0,0.10656521133948871,-514000.0,10801000.0,0.10022734654108477,3818000.0,5356000.0,0.049700737716327194,0.17641052666249465,0.17579676371155675,30361000.0,30467000.0,https://www.sec.gov/Archives/edgar/data/822663/000114420410042244/0001144204-10-042244-index.htm,https://www.sec.gov/Archives/edgar/data/822663/000114420410042244/v192647_10q.htm,1620593699,16:54:59,20210509
43,2010-03-31,IPAR,USD,2010-05-10,2010-05-10 16:16:51,Q1,119373000.0,47652000.0,71721000.0,0.6008142544796562,0.0,55698000.0,0.0,0.0,55698000.0,103350000.0,589000.0,2393000.0,18416000.0,0.15427274174227001,16023000.0,0.1342263325877711,-2382000.0,13307000.0,0.11147411893811833,4357000.0,6550000.0,0.05487002923609191,0.21694488606253312,0.2162358456307154,30192000.0,30291000.0,https://www.sec.gov/Archives/edgar/data/822663/000114420410025763/0001144204-10-025763-index.htm,https://www.sec.gov/Archives/edgar/data/822663/000114420410012581/v176251_10k.htm,1620593699,16:54:59,20210509
44,2009-12-31,IPAR,USD,2010-03-10,2010-03-10 17:12:16,Q4,112909000.0,49587000.0,63322000.0,0.5608233178931706,0.0,47878000.0,0.0,0.0,47878000.0,97465000.0,455000.0,3205000.0,18649000.0,0.16516840995846213,15444000.0,0.13678271882666573,-3261000.0,11965000.0,0.105970294662073,4427000.0,5451000.0,0.04827781664880568,0.18054451510333863,0.18054451510333863,30192000.0,30192000.0,https://www.sec.gov/Archives/edgar/data/822663/000114420410012581/0001144204-10-012581-index.htm,https://www.sec.gov/Archives/edgar/data/822663/000114420410012581/v176251_10k.htm,1620593699,16:54:59,20210509
45,2009-09-30,IPAR,USD,2009-11-09,2009-11-09 16:32:14,Q3,117542000.0,50462000.0,67080000.0,0.5706896258358715,0.0,53169000.0,0.0,0.0,53169000.0,103631000.0,482000.0,2650000.0,16561000.0,0.14089431862653348,13911000.0,0.11834918582293988,854000.0,14418000.0,0.12266253764611798,4807000.0,7262000.0,0.061782171479130864,0.2415754632247763,0.2415433228005987,30061000.0,30065000.0,https://www.sec.gov/Archives/edgar/data/822663/000114420409057484/0001144204-09-057484-index.htm,https://www.sec.gov/Archives/edgar/data/822663/000114420409057484/v164888_10q.htm,1620593699,16:54:59,20210509
46,2009-06-30,IPAR,USD,2009-08-10,2009-08-10 16:32:29,Q2,88604000.0,38403000.0,50201000.0,0.5665771297006907,0.0,43380000.0,0.0,0.0,43380000.0,81783000.0,397000.0,2772000.0,9593000.0,0.10826824974041804,6821000.0,0.07698298045234978,2563000.0,9088000.0,0.10256873278858743,3335000.0,4226000.0,0.0476953636404677,0.14,0.14,30064000.0,30064000.0,https://www.sec.gov/Archives/edgar/data/822663/000114420409041658/0001144204-09-041658-index.htm,https://www.sec.gov/Archives/edgar/data/822663/000114420409041658/v156582_10q.htm,1620593699,16:54:59,20210509
47,2009-03-31,IPAR,USD,2009-05-11,2009-05-11 16:37:37,Q1,90409000.0,36844000.0,53565000.0,0.5924742005773761,0.0,43263000.0,0.0,0.0,43263000.0,80107000.0,1312000.0,2336000.0,12638000.0,0.1397869681115818,10302000.0,0.11394883252773506,1379000.0,10877000.0,0.12030881881228639,3621000.0,5428000.0,0.06003827052616443,0.18,0.18,30166000.0,30166000.0,https://www.sec.gov/Archives/edgar/data/822663/000114420409025402/0001144204-09-025402-index.htm,https://www.sec.gov/Archives/edgar/data/822663/000114420409013270/v142359_10k.htm,1620593699,16:54:59,20210509
48,2008-12-31,IPAR,USD,2009-03-11,2009-03-11 16:44:09,Q4,100352000.0,43530000.0,56822000.0,0.5662268813775511,0.0,42140000.0,0.0,0.0,43076000.0,86606000.0,2075000.0,2259000.0,16005000.0,0.15948860012755103,13746000.0,0.13697783801020408,-2054000.0,10687000.0,0.10649513711734694,4071000.0,5097000.0,0.050791214923469385,0.168965060001326,0.168965060001326,30166000.0,30166000.0,https://www.sec.gov/Archives/edgar/data/822663/000114420409013270/0001144204-09-013270-index.htm,https://www.sec.gov/Archives/edgar/data/822663/000114420409013270/v142359_10k.htm,1620593699,16:54:59,20210509
49,2008-09-30,IPAR,USD,2008-11-10,2008-11-10 16:16:30,Q3,123531000.0,56206000.0,67325000.0,0.5450048975560791,0.0,56039000.0,0.0,0.0,56039000.0,112245000.0,1418000.0,2555000.0,13841000.0,0.11204474990083461,11286000.0,0.09136168249265367,-77000.0,10237000.0,0.08286988691097781,2358000.0,6188000.0,0.0500926892844711,0.2020109689213894,0.20034967299099915,30632000.0,30886000.0,https://www.sec.gov/Archives/edgar/data/822663/000114420408062340/0001144204-08-062340-index.htm,https://www.sec.gov/Archives/edgar/data/822663/000114420408062340/v130790_10q.htm,1620593699,16:54:59,20210509
50,2008-06-30,IPAR,USD,2008-08-11,2008-08-11 16:29:37,Q2,99078000.0,43104000.0,55974000.0,0.5649488281959668,0.0,49142000.0,0.0,0.0,49142000.0,92246000.0,376000.0,2651000.0,9483000.0,0.09571246896384666,6832000.0,0.06895577221986718,181000.0,7188000.0,0.07254890086598438,2698000.0,3772000.0,0.03807101475605079,0.12315930388219545,0.1220159151193634,30627000.0,30914000.0,https://www.sec.gov/Archives/edgar/data/822663/000114420408045343/0001144204-08-045343-index.htm,https://www.sec.gov/Archives/edgar/data/822663/000114420408045343/v122179_10q.htm,1620593699,16:54:59,20210509
51,2008-03-31,IPAR,USD,2008-05-07 00:00:00,2008-05-07 16:27:38,Q1,123163000.0,49075000.0,74088000.0,0.6015442949587132,0.0,54943000.0,0.0,0.0,54943000.0,104018000.0,1071000.0,2460000.0,21605000.0,0.17541794207676006,19145000.0,0.15544441106501142,-367000.0,18320000.0,0.14874597078668106,7184000.0,8708000.0,0.07070305205297045,0.286667,0.28,30721500.0,30808500.0,https://www.sec.gov/Archives/edgar/data/822663/000114420408026634/0001144204-08-026634-index.html,https://www.sec.gov/Archives/edgar/data/822663/000114420408026634/v112750_10q.htm,1620593699,16:54:59,20210509
52,2008-03-21,IPAR,USD,2008-05-07,2008-05-07 16:27:38,Q1,123163000.0,49075000.0,74088000.0,0.6015442949587132,0.0,54943000.0,0.0,0.0,54943000.0,104018000.0,-1071000.0,2460000.0,21605000.0,0.17541794207676006,19145000.0,0.15544441106501142,0.0,18320000.0,0.14874597078668106,0.0,8708000.0,0.07070305205297045,0.425174552023827,0.42397390330590584,20481000.0,20539000.0,https://www.sec.gov/Archives/edgar/data/822663/000114420408026634/0001144204-08-026634-index.htm,https://www.sec.gov/Archives/edgar/data/822663/000114420408014388/v106279_10k.htm,1620593699,16:54:59,20210509
53,2007-12-31,IPAR,USD,2008-03-11,2008-03-11 06:16:35,Q4,119355000.0,50080000.0,69275000.0,0.5804113778224624,0.0,52035000.0,0.0,0.0,52903000.0,102983000.0,1507000.0,1955000.0,18327000.0,0.1535503330400905,16372000.0,0.13717062544510075,-957000.0,16169000.0,0.13546981693267982,6260000.0,8615000.0,0.07217963218968623,0.42063375811727943,0.42063375811727943,20481000.0,20481000.0,https://www.sec.gov/Archives/edgar/data/822663/000114420408014388/0001144204-08-014388-index.htm,https://www.sec.gov/Archives/edgar/data/822663/000114420408014388/v106279_10k.htm,1620593699,16:54:59,20210509
54,2007-09-30,IPAR,USD,2007-11-07,2007-11-07 16:26:33,Q3,102320000.0,42254000.0,60066000.0,0.5870406567630961,0.0,47682000.0,0.0,0.0,47682000.0,89936000.0,945000.0,1959000.0,14343000.0,0.14017787333854573,12384000.0,0.12103205629397967,133000.0,11756000.0,0.11489444878811572,3967000.0,5660000.0,0.05531665363565286,0.186667,0.18,30655500.0,31017000.0,https://www.sec.gov/Archives/edgar/data/822663/000114420407058834/0001144204-07-058834-index.htm,https://www.sec.gov/Archives/edgar/data/822663/000114420407058834/v092499_10q.htm,1620593699,16:54:59,20210509
55,2007-06-30,IPAR,USD,2007-08-08,2007-08-08 16:46:18,Q2,82764000.0,34615000.0,48149000.0,0.5817626020975303,0.0,41366000.0,0.0,0.0,41366000.0,75981000.0,632000.0,2105000.0,8888000.0,0.10738968633705476,6783000.0,0.08195592286501377,359000.0,7300000.0,0.08820260016432266,2272000.0,3749000.0,0.045297472330965156,0.12229453116080312,0.12059509449135504,30655500.0,31087500.0,https://www.sec.gov/Archives/edgar/data/822663/000114420407041172/0001144204-07-041172-index.htm,https://www.sec.gov/Archives/edgar/data/822663/000114420407041172/v083251_10q.htm,1620593699,16:54:59,20210509
56,2007-03-31,IPAR,USD,2007-05-10,2007-05-09 20:01:04,Q1,85120000.0,33187000.0,51933000.0,0.6101151315789474,0.0,40141000.0,0.0,0.0,40141000.0,73328000.0,0.0,2012000.0,13804000.0,0.16217105263157894,11792000.0,0.13853383458646618,43000.0,12052000.0,0.14158834586466165,4177000.0,5793000.0,0.06805686090225564,0.1889802309649638,0.18729388942774006,30654000.0,30930000.0,https://www.sec.gov/Archives/edgar/data/822663/000114420407023792/0001144204-07-023792-index.htm,https://www.sec.gov/Archives/edgar/data/822663/000114420407013234/v068508_10k.htm,1620593699,16:54:59,20210509
57,2006-12-31,IPAR,USD,2007-03-16,2007-03-16 17:14:43,Q4,90178000.0,41634000.0,48544000.0,0.5383131140632971,0.0,37410000.0,0.0,0.0,37410000.0,79044000.0,967000.0,1597000.0,12731000.0,0.1411763401273038,11134000.0,0.12346692097850917,40000.0,11213000.0,0.12434296613364679,4374000.0,5485000.0,0.060824147796580096,0.17893260259672472,0.17893260259672472,30654000.0,30654000.0,https://www.sec.gov/Archives/edgar/data/822663/000114420407013234/0001144204-07-013234-index.htm,https://www.sec.gov/Archives/edgar/data/822663/000114420407013234/v068508_10k.htm,1620593699,16:54:59,20210509
58,2006-09-30,IPAR,USD,2006-11-08,2006-11-08 16:33:37,Q3,89690000.0,41002000.0,48688000.0,0.5428475861300034,0.0,39263000.0,0.0,0.0,39263000.0,80265000.0,311000.0,1211000.0,10636000.0,0.11858624149849481,9425000.0,0.10508417883822053,71000.0,9467000.0,0.10555245846805664,3192000.0,4645000.0,0.05178949715687368,0.15238001509037824,0.15071871248255947,30483000.0,30819000.0,https://www.sec.gov/Archives/edgar/data/822663/000114420406045941/0001144204-06-045941-index.htm,https://www.sec.gov/Archives/edgar/data/822663/000114420406045941/v056587_10q.htm,1620593699,16:54:59,20210509
59,2006-06-30,IPAR,USD,2006-08-09,2006-08-09 16:25:58,Q2,70285000.0,30615000.0,39670000.0,0.5644163050437504,0.0,33337000.0,0.0,0.0,33337000.0,63952000.0,318000.0,1318000.0,7651000.0,0.10885679732517607,6333000.0,0.09010457423347798,159000.0,6675000.0,0.09497047734224941,2293000.0,3192000.0,0.045415095681866684,0.10475018459266552,0.1034818128768722,30472500.0,30846000.0,https://www.sec.gov/Archives/edgar/data/822663/000114420406031857/0001144204-06-031857-index.htm,https://www.sec.gov/Archives/edgar/data/822663/000114420406031857/v049208_10q.htm,1620593699,16:54:59,20210509
60,2006-03-31,IPAR,USD,2006-05-10,2006-05-10 16:35:30,Q1,70900000.0,30604000.0,40296000.0,0.5683497884344146,0.0,31063000.0,0.0,0.0,31063000.0,61667000.0,201000.0,1221000.0,10454000.0,0.14744710860366714,9233000.0,0.1302256699576869,234000.0,9780000.0,0.1379407616361072,3342000.0,4420000.0,0.06234132581100141,0.14539234552063288,0.14343198338525442,30400500.0,30816000.0,https://www.sec.gov/Archives/edgar/data/822663/000114420406019271/0001144204-06-019271-index.htm,https://www.sec.gov/Archives/edgar/data/822663/000114420406010090/v037551_10k.htm,1620593699,16:54:59,20210509
61,2005-12-31,IPAR,USD,2006-03-15,2006-03-15 17:16:25,Q4,65658000.0,25481000.0,40177000.0,0.6119132474336715,0.0,32067000.0,0.0,0.0,32337000.0,57818000.0,278000.0,1275000.0,9115000.0,0.1388254287367876,7840000.0,0.11940662219379207,32000.0,8096000.0,0.12330561393889548,2613000.0,3892000.0,0.05927685887477535,0.19518555667001003,0.19518555667001003,19940000.0,19940000.0,https://www.sec.gov/Archives/edgar/data/822663/000114420406010090/0001144204-06-010090-index.htm,https://www.sec.gov/Archives/edgar/data/822663/000114420406010090/v037551_10k.htm,1620593699,16:54:59,20210509
62,2005-11-09,IPAR,USD,2005-10-09,2005-11-09 17:35:21,Q3,75445000.0,33088000.0,42357000.0,0.5614288554576181,0.0,35124000.0,0.0,0.0,35124000.0,68212000.0,-93000.0,1134000.0,8367000.0,0.11090198157598251,7233000.0,0.09587116442441514,0.0,7541000.0,0.09995360858903837,0.0,3753000.0,0.049744847239711044,0.18821464393179538,0.1835297569563304,19940000.0,20449000.0,https://www.sec.gov/Archives/edgar/data/822663/000082266305000049/0000822663-05-000049-index.htm,https://www.sec.gov/Archives/edgar/data/822663/000082266305000049/ip032005.htm,1620593699,16:54:59,20210509
63,2005-09-30,IPAR,USD,2005-09-30,2005-09-30,Q3,75446000.0,33089000.0,42357000.0,0.5614214139914641,0.0,35124000.0,0.0,0.0,35124000.0,68213000.0,0.0,1134000.0,8367000.0,0.11090051162420804,7233000.0,0.09586989369880444,133000.0,7542000.0,0.0999655382657795,2545000.0,3754000.0,0.04975744240914031,0.126667,0.12,30283500.0,30834000.0,,,1620593699,16:54:59,20210509
64,2005-08-09,IPAR,USD,2005-08-09,2005-08-09 16:30:47,Q2,61343000.0,26748000.0,34595000.0,0.5639600280390591,0.0,27599000.0,0.0,0.0,27599000.0,54347000.0,-384000.0,681000.0,7677000.0,0.12514875372903184,6996000.0,0.11404724255416265,0.0,7121000.0,0.11608496486966728,0.0,3214000.0,0.05239391617625483,0.16118355065195586,0.1571714998288425,19940000.0,20449000.0,https://www.sec.gov/Archives/edgar/data/822663/000082266305000037/0000822663-05-000037-index.htm,https://www.sec.gov/Archives/edgar/data/822663/000082266305000037/ip10q205.htm,1620593699,16:54:59,20210509
65,2005-06-30,IPAR,USD,2005-06-30,2005-06-30,Q2,61343000.0,26748000.0,34595000.0,0.5639600280390591,0.0,27598000.0,0.0,0.0,27598000.0,54346000.0,384000.0,681000.0,7678000.0,0.12516505550755588,6997000.0,0.1140635443326867,61000.0,7122000.0,0.11610126664819131,2819000.0,3214000.0,0.05239391617625483,0.10618299552339891,0.1046326138620308,30268500.0,30717000.0,,,1620593699,16:54:59,20210509
66,2005-03-31,IPAR,USD,2005-03-31,2005-03-31,Q1,71087000.0,30510000.0,40577000.0,0.570807601952537,0.0,31563000.0,0.0,0.0,31563000.0,62073000.0,215000.0,1423000.0,10437000.0,0.1468200936880161,9014000.0,0.12680236892821473,-79000.0,8966000.0,0.1261271399834006,3156000.0,4404000.0,0.06195225568669377,0.14902796812344551,0.1437806072477963,29551500.0,30630000.0,,,1620593699,16:54:59,20210509
67,2005-01-31,IPAR,USD,2005-05-10,2005-05-10 17:01:45,Q1,71087000.0,30510000.0,40577000.0,0.570807601952537,0.0,31563000.0,0.0,0.0,31563000.0,62073000.0,-215000.0,1423000.0,10437000.0,0.1468200936880161,9014000.0,0.12680236892821473,0.0,8966000.0,0.1261271399834006,0.0,4404000.0,0.06195225568669377,0.22354195218516826,0.2156709108716944,19701000.0,20420000.0,https://www.sec.gov/Archives/edgar/data/822663/000082266305000032/0000822663-05-000032-index.htm,https://www.sec.gov/Archives/edgar/data/822663/000082266305000032/ip10q12005.htm,1620593699,16:54:59,20210509
68,2004-12-31,IPAR,USD,2004-12-31,2004-12-31,Q4,63832000.0,27447000.0,36385000.0,0.5700119062539165,0.0,28873000.0,0.0,0.0,28873000.0,56320000.0,350000.0,1504000.0,9016000.0,0.14124577014663492,7512000.0,0.11768392029076326,-361000.0,7000000.0,0.10966286502067929,2931000.0,3486000.0,0.054612106780298285,0.1769453327242272,0.1769453327242272,19701000.0,19701000.0,,,1620593699,16:54:59,20210509
69,2004-11-15,IPAR,USD,2004-11-15,2004-11-15 16:40:29,Q3,67090000.0,33822000.0,33268000.0,0.4958712177671784,0.0,25261000.0,0.0,0.0,25261000.0,59083000.0,-239000.0,-536516000.0,-528509000.0,-7.877612162766433,8007000.0,0.11934714562527947,0.0,7888000.0,0.11757340885377851,0.0,4037000.0,0.060172902071843795,0.21057847790934223,0.19792126293082316,19171000.0,20397000.0,https://www.sec.gov/Archives/edgar/data/822663/000082266304000052/0000822663-04-000052-index.htm,https://www.sec.gov/Archives/edgar/data/822663/000082266304000052/ip10q304.htm,1620593699,16:54:59,20210509
70,2004-09-30,IPAR,USD,2004-09-30,2004-09-30,Q3,67090000.0,33822000.0,33268000.0,0.4958712177671784,0.0,25261000.0,0.0,0.0,25261000.0,59083000.0,0.0,1041000.0,9048000.0,0.1348636160381577,8007000.0,0.11934714562527947,-19000.0,7888000.0,0.11757340885377851,2658000.0,4037000.0,0.060172902071843795,0.14,0.133333,28756500.0,30595500.0,,,1620593699,16:54:59,20210509
71,2004-06-30,IPAR,USD,2004-08-23,2004-08-23,Q2,46733000.0,23051000.0,23682000.0,0.5067511180536238,0.0,16790000.0,0.0,0.0,16790000.0,39841000.0,107000.0,904000.0,7796000.0,0.16682002011426614,6892000.0,0.14747608756125222,-16000.0,6981000.0,0.14938052339888302,2489000.0,3401000.0,0.0727751267840712,0.12,0.113333,28756500.0,30867000.0,https://www.sec.gov/Archives/edgar/data/822663/000093041304003910/0000930413-04-003910-index.htm,https://www.sec.gov/Archives/edgar/data/822663/000093041304003910/c33365-10q.txt,1620593699,16:54:59,20210509
72,2004-03-31,IPAR,USD,2004-05-14,2004-05-13 17:56:37,Q1,58392000.0,28207000.0,30185000.0,0.5169372516783121,0.0,20052000.0,0.0,0.0,20052000.0,48259000.0,103000.0,539000.0,10672000.0,0.18276476229620495,10133000.0,0.1735340457596931,-492000.0,9770000.0,0.16731744074530758,3464000.0,4779000.0,0.08184340320591862,0.166667,0.153333,28754215.0,30921462.0,https://www.sec.gov/Archives/edgar/data/822663/000082266304000027/0000822663-04-000027-index.htm,https://www.sec.gov/Archives/edgar/data/822663/000082266304000023/ip10k2003.htm,1620593699,16:54:59,20210509
73,2003-12-31,IPAR,USD,2004-03-30,2004-03-30 15:10:53,Q4,49231204.0,23477454.0,25753750.0,0.5231184270853908,0.0,18623925.0,0.0,0.0,18623925.0,42101379.0,47862.0,1256127.0,8385952.0,0.17033814570125078,7129825.0,0.14482329134180832,-225428.0,7163041.0,0.14549798538341657,2583957.0,3713454.0,0.07542886824380732,0.1291446836576829,0.1291446836576829,28754215.0,28754215.0,https://www.sec.gov/Archives/edgar/data/822663/000082266304000023/0000822663-04-000023-index.htm,https://www.sec.gov/Archives/edgar/data/822663/000082266304000023/ip10k2003.htm,1620593699,16:54:59,20210509
74,2003-09-30,IPAR,USD,2003-11-14,2003-11-13 18:21:53,Q3,57401472.0,29104624.0,28296848.0,0.4929638041338034,0.0,19875506.0,0.0,0.0,19875506.0,48980130.0,55814.0,1196971.0,9618313.0,0.16756213150770768,8421342.0,0.14670951295465037,489073.0,9037109.0,0.1574368859390923,3176823.0,4683798.0,0.08159717576580615,0.166667,0.153333,28536121.0,30273222.0,https://www.sec.gov/Archives/edgar/data/822663/000082266303000063/0000822663-03-000063-index.htm,https://www.sec.gov/Archives/edgar/data/822663/000082266303000063/ip10q3.htm,1620593699,16:54:59,20210509
75,2003-06-30,IPAR,USD,2003-06-30,2003-06-30,Q2,41392406.0,20826614.0,20565792.0,0.49684939793062527,0.0,14853056.0,0.0,0.0,-36561577.0,-15734963.0,0.0,403788.0,57531157.0,1.389896422063506,57127369.0,1.3801412993484843,-343642.0,5620794.0,0.13579287949581864,1931505.0,2936757.0,0.07094917362378017,0.10304834290027647,0.09835592357624802,28498828.0,29858466.0,,,1620593699,16:54:59,20210509
76,2003-03-31,IPAR,USD,2003-03-31,2003-03-31,Q1,37563918.0,19615308.0,17948610.0,0.47781517359291437,0.0,13219513.0,0.0,0.0,13219513.0,32834821.0,0.0,487114.0,5216211.0,0.13886227203456253,4729097.0,0.12589466838895771,43997.0,4811056.0,0.12807652279509288,1710715.0,2502991.0,0.06663285230257397,0.08868070205324022,0.08382003041375363,28224754.0,29861490.0,,,1620593699,16:54:59,20210509
77,2002-12-31,IPAR,USD,2003-03-28,2003-03-28,Q4,37117723.0,19499401.0,17618322.0,0.47466063583695584,0.0,12526418.0,0.0,0.0,12526418.0,32025819.0,54142.0,721905.0,5813809.0,0.15663161773150794,5091904.0,0.13718255292761358,-94044.0,5134474.0,0.13832944440045528,1860986.0,2777483.0,0.0748290243989374,0.09840592410477696,0.09840592410477696,28224754.0,28224754.0,https://www.sec.gov/Archives/edgar/data/822663/000093041303000972/0000930413-03-000972-index.htm,https://www.sec.gov/Archives/edgar/data/822663/000093041303000972/c27578_10k.txt,1620593699,16:54:59,20210509
78,2002-09-30,IPAR,USD,2002-09-30,2002-09-30,Q3,37373822.0,20913855.0,16459967.0,0.44041433600234947,0.0,11447770.0,0.0,0.0,11447770.0,32361625.0,90417.0,533393.0,5545590.0,0.14838166671848546,5012197.0,0.13410983227779058,-16165.0,5012938.0,0.13412965898965323,1766809.0,2691327.0,0.07201101883559033,0.09553592603585048,0.09026526411959046,28170837.0,29815755.0,,,1620593699,16:54:59,20210509
79,2002-06-30,IPAR,USD,2002-06-30,2002-06-30,Q2,27442809.0,14635220.0,12807589.0,0.4667010946291978,0.0,9212038.0,0.0,0.0,9212038.0,23847258.0,169491.0,581386.0,4176937.0,0.15220515509181293,3595551.0,0.13101978736943437,-63667.0,3604551.0,0.13134774213528944,1268633.0,1926494.0,0.0702003209656854,0.06845901562913712,0.06414578229096751,28140837.0,30033058.0,,,1620593699,16:54:59,20210509
80,2002-03-31,IPAR,USD,2002-03-31,2002-03-31,Q1,28417646.0,14711524.0,13706122.0,0.4823102518765981,0.0,9885774.0,0.0,0.0,9885774.0,24597298.0,79950.0,383316.0,4203664.0,0.1479244269564059,3820348.0,0.13443576572105936,876.0,3829037.0,0.13474152644451973,1385572.0,2009696.0,0.0707200026349825,0.073333,0.066667,28125490.0,29942050.0,,,1620593699,16:54:59,20210509
81,2001-12-31,IPAR,USD,2002-03-29,2002-03-29,Q4,27301934.0,14409172.0,12892762.0,0.47222889045149696,0.0,8991161.0,0.0,0.0,8991161.0,23400333.0,145943.0,802703.0,4704304.0,0.17230662120859278,3901601.0,0.14290566375261182,33395.0,4055354.0,0.14853724281950137,1386114.0,2224023.0,0.08146027310739232,0.07907499567118653,0.07907499567118653,28125490.0,28125490.0,https://www.sec.gov/Archives/edgar/data/822663/000093041302001114/0000930413-02-001114-index.htm,https://www.sec.gov/Archives/edgar/data/822663/000093041302001114/c23853_10k-.txt,1620593699,16:54:59,20210509
82,2001-09-30,IPAR,USD,2001-11-09 00:00:00,2001-11-09 00:00:00,Q3,27628127.0,14347432.0,13280695.0,0.48069472823836373,0.0,9530447.0,0.0,0.0,9530447.0,23877879.0,71382.0,395531.0,4145779.0,0.15005646238704493,3750248.0,0.13574021865470648,-157867.0,3718379.0,0.1345867202651848,1408964.0,1922321.0,0.06957840464538186,0.073333,0.066667,26682624.0,30250021.0,https://www.sec.gov/Archives/edgar/data/822663/000093041301501460/0000930413-01-501460-index.html,https://www.sec.gov/Archives/edgar/data/822663/000093041301501460/c22238_10q.txt,1620593699,16:54:59,20210509
83,2001-06-30,IPAR,USD,2001-08-09 00:00:00,2001-08-09 00:00:00,Q2,26259763.0,13701340.0,12558423.0,0.4782382460953665,0.0,9232698.0,0.0,0.0,9232698.0,22934038.0,80063.0,518212.0,3843937.0,0.1463812525649984,3325725.0,0.12664718261166333,142548.0,3350712.0,0.1275987144286108,1409509.0,1941203.0,0.0739230967164479,0.075556,0.066667,26169248.0,29977533.0,https://www.sec.gov/Archives/edgar/data/822663/000093041301500936/0000930413-01-500936-index.html,https://www.sec.gov/Archives/edgar/data/822663/000093041301500936/c21556_10-q.txt,1620593699,16:54:59,20210509
84,2001-03-31,IPAR,USD,2001-05-11 00:00:00,2001-05-11 00:00:00,Q1,31043176.0,15429058.0,15614118.0,0.5029806872853474,0.0,11869694.0,0.0,0.0,11869694.0,27298752.0,49612.0,417554.0,4161978.0,0.1340706247324694,3744424.0,0.12061987471900426,-52076.0,3485865.0,0.11229086224940386,1454413.0,2031452.0,0.06543956713707386,0.075556,0.071111,26172022.0,29459902.0,https://www.sec.gov/Archives/edgar/data/822663/000093041301500494/0000930413-01-500494-index.html,https://www.sec.gov/Archives/edgar/data/822663/000093041301500494/c20918-10q.txt,1620593699,16:54:59,20210509
85,2000-12-31,IPAR,USD,2000-12-31,2000-12-31,Q4,29196000.0,12297000.0,16899000.0,0.5788121660501439,0.0,12093000.0,0.0,0.0,12960000.0,25257000.0,139000.0,867000.0,4806000.0,0.16461159062885328,3939000.0,0.13491574188244965,-352000.0,3346000.0,0.1146047403753939,1322000.0,2024000.0,0.06932456500890533,0.07733449100722901,0.07733449100722901,26172022.0,26172022.0,,,1620593699,16:54:59,20210509
86,2000-09-30,IPAR,USD,2000-11-03 00:00:00,2000-11-03 00:00:00,Q3,25940000.0,13429000.0,12511000.0,0.4823053199691596,0.0,8750000.0,0.0,0.0,9245000.0,22674000.0,62000.0,475325.0,3741325.0,0.14422995373939862,3266000.0,0.1259059367771781,-1000.0,3138000.0,0.12097147262914418,1503000.0,1635000.0,0.06303006939090208,0.062222,0.057778,26384886.0,29280633.0,https://www.sec.gov/Archives/edgar/data/822663/000093041300001372/0000930413-00-001372-index.html,https://www.sec.gov/Archives/edgar/data/822663/000093041300001372/0000930413-00-001372-0001.txt,1620593699,16:54:59,20210509
87,2000-06-30,IPAR,USD,2000-08-11 00:00:00,2000-08-11 00:00:00,Q2,24277090.0,11974481.0,12302609.0,0.5067579763472475,0.0,9199843.0,0.0,0.0,9766319.0,21740800.0,0.0,566476.0,3102766.0,0.1278063392276422,2536290.0,0.10447257064170376,529495.0,2901095.0,0.11949928924759928,1393220.0,1507875.0,0.06211102731011007,0.057778,0.053333,26447602.0,29309519.0,https://www.sec.gov/Archives/edgar/data/822663/000088981200003429/0000889812-00-003429-index.html,https://www.sec.gov/Archives/edgar/data/822663/000088981200003429/0000889812-00-003429-0001.txt,1620593699,16:54:59,20210509
88,2000-03-31,IPAR,USD,2000-05-15 00:00:00,2000-05-15 00:00:00,Q1,22168514.0,11791621.0,10376893.0,0.4680915013067633,0.0,7466092.0,0.0,0.0,7919291.0,19710912.0,57905.0,453199.0,2910801.0,0.131303388219887,2457602.0,0.11086002426684982,460994.0,2835667.0,0.12791416691258603,1413329.0,1422338.0,0.06416027704879092,0.053333,0.05037,26476311.0,29081649.0,https://www.sec.gov/Archives/edgar/data/822663/000088981200002310/0000889812-00-002310-index.html,https://www.sec.gov/Archives/edgar/data/822663/0000889812-00-002310.txt,1620593699,16:54:59,20210509
89,1999-12-31,IPAR,USD,1999-12-31,1999-12-31,Q4,23700000.0,10600000.0,13100000.0,0.5527426160337553,0.0,9000000.0,0.0,0.0,10200000.0,20800000.0,0.0,1200000.0,4100000.0,0.1729957805907173,2900000.0,0.12236286919831224,-100000.0,2600000.0,0.10970464135021098,1200000.0,1400000.0,0.05907172995780591,0.05287745713517265,0.05287745713517265,26476311.0,26476311.0,,,1620593699,16:54:59,20210509
90,1999-09-30,IPAR,USD,1999-09-30,1999-09-30,Q3,21700000.0,11200000.0,10500000.0,0.4838709677419355,0.0,7600000.0,0.0,0.0,8000000.0,19200000.0,100000.0,400000.0,2900000.0,0.1336405529953917,2500000.0,0.1152073732718894,-100000.0,2100000.0,0.0967741935483871,900000.0,1200000.0,0.055299539170506916,0.048938,0.044489,24520822.0,26972960.0,,,1620593699,16:54:59,20210509
91,1999-06-30,IPAR,USD,1999-06-30,1999-06-30,Q2,22200000.0,11300000.0,10900000.0,0.49099099099099097,0.0,8300000.0,0.0,0.0,8700000.0,20000000.0,0.0,400000.0,2600000.0,0.11711711711711711,2200000.0,0.0990990990990991,-100000.0,1900000.0,0.08558558558558559,800000.0,1100000.0,0.04954954954954955,0.044489,0.04004,24725213.0,27472527.0,,,1620593699,16:54:59,20210509
92,1999-03-31,IPAR,USD,1999-03-31,1999-03-31,Q1,19600000.0,9700000.0,9900000.0,0.5051020408163265,0.0,7100000.0,0.0,0.0,7500000.0,17200000.0,100000.0,400000.0,2800000.0,0.14285714285714285,2400000.0,0.12244897959183673,100000.0,2200000.0,0.11224489795918367,1000000.0,1200000.0,0.061224489795918366,0.044489,0.044489,26972960.0,26972960.0,,,1620593699,16:54:59,20210509
93,1998-12-31,IPAR,USD,1998-12-31,1998-12-31,Q4,22000000.0,10800000.0,11200000.0,0.509090909090909,0.0,8500000.0,0.0,0.0,8900000.0,19700000.0,100000.0,400000.0,2700000.0,0.12272727272727273,2300000.0,0.10454545454545454,100000.0,1900000.0,0.08636363636363636,800000.0,1100000.0,0.05,0.040781582740641,0.040781582740641,26972960.0,26972960.0,,,1620593699,16:54:59,20210509
94,1998-09-30,IPAR,USD,1998-09-30,1998-09-30,Q3,22500000.0,12100000.0,10400000.0,0.4622222222222222,0.0,8000000.0,0.0,0.0,8300000.0,20400000.0,100000.0,300000.0,2400000.0,0.10666666666666667,2100000.0,0.09333333333333334,200000.0,1900000.0,0.08444444444444445,800000.0,1100000.0,0.04888888888888889,0.035591,0.035591,30906690.0,30906690.0,,,1620593699,16:54:59,20210509
95,1998-06-30,IPAR,USD,1998-06-30,1998-06-30,Q2,24100000.0,12400000.0,11700000.0,0.4854771784232365,0.0,9100000.0,0.0,0.0,9500000.0,21900000.0,0.0,400000.0,2600000.0,0.1078838174273859,2200000.0,0.0912863070539419,300000.0,2000000.0,0.08298755186721991,800000.0,1200000.0,0.04979253112033195,0.04004,0.04004,29970030.0,29970030.0,,,1620593699,16:54:59,20210509
96,1998-03-31,IPAR,USD,1998-05-08,1998-05-08,Q1,20800000.0,10600000.0,10200000.0,0.49038461538461536,0.0,7300000.0,0.0,0.0,7600000.0,18200000.0,0.0,300000.0,2900000.0,0.13942307692307693,2600000.0,0.125,100000.0,2400000.0,0.11538461538461539,1200000.0,1200000.0,0.057692307692307696,0.04004,0.04004,29970030.0,29970030.0,https://www.sec.gov/Archives/edgar/data/822663/0000889812-98-001142-index.html,https://www.sec.gov/Archives/edgar/data/822663/,1620593699,16:54:59,20210509
97,1997-12-31,IPAR,USD,1997-12-31,1997-12-31,Q4,24200000.0,12400000.0,11800000.0,0.48760330578512395,0.0,8800000.0,0.0,0.0,9100000.0,21500000.0,0.0,300000.0,3000000.0,0.12396694214876033,2700000.0,0.1115702479338843,300000.0,2500000.0,0.10330578512396695,1100000.0,1400000.0,0.05785123966942149,0.04671333328662,0.04671333328662,29970030.0,29970030.0,,,1620593699,16:54:59,20210509
98,1997-09-30,IPAR,USD,1997-09-30,1997-09-30,Q3,24500000.0,13900000.0,10600000.0,0.4326530612244898,0.0,7000000.0,0.0,0.0,7300000.0,21200000.0,0.0,300000.0,3600000.0,0.1469387755102041,3300000.0,0.1346938775510204,-100000.0,2700000.0,0.11020408163265306,1100000.0,1600000.0,0.0653061224489796,0.053387,0.053387,29969843.0,29969843.0,,,1620593699,16:54:59,20210509
99,1997-06-30,IPAR,USD,1997-08-13 00:00:00,1997-08-13 00:00:00,Q2,21800000.0,11400000.0,10400000.0,0.47706422018348627,0.0,8400000.0,0.0,0.0,8600000.0,20000000.0,200000.0,200000.0,2000000.0,0.09174311926605505,1800000.0,0.08256880733944955,100000.0,1700000.0,0.0779816513761468,600000.0,1100000.0,0.05045871559633028,0.035591,0.035591,30906690.0,30906690.0,https://www.sec.gov/Archives/edgar/data/822663/000088981297001708/0000889812-97-001708-index.html,https://www.sec.gov/Archives/edgar/data/822663/0000889812-97-001708.txt,1620593699,16:54:59,20210509
100,1997-03-31,IPAR,USD,1997-05-15 00:00:00,1997-05-15 00:00:00,Q1,21000000.0,10500000.0,10500000.0,0.5,0.0,8100000.0,0.0,0.0,8500000.0,19000000.0,200000.0,400000.0,2400000.0,0.11428571428571428,2000000.0,0.09523809523809523,-1100000.0,500000.0,0.023809523809523808,200000.0,300000.0,0.014285714285714285,0.013347,0.013347,32406750.0,32406750.0,https://www.sec.gov/Archives/edgar/data/822663/000088981297001163/0000889812-97-001163-index.html,https://www.sec.gov/Archives/edgar/data/822663/0000889812-97-001163.txt,1620593699,16:54:59,20210509
101,1996-12-31,IPAR,USD,1996-12-31,1996-12-31,Q4,24800000.0,13500000.0,11300000.0,0.45564516129032256,0.0,9000000.0,0.0,0.0,9500000.0,23000000.0,300000.0,500000.0,2300000.0,0.09274193548387097,1800000.0,0.07258064516129033,300000.0,1800000.0,0.07258064516129033,600000.0,1200000.0,0.04838709677419355,0.03702932259482978,0.03702932259482978,32406750.0,32406750.0,,,1620593699,16:54:59,20210509
102,1996-09-30,IPAR,USD,1996-11-14 00:00:00,1996-11-14 00:00:00,Q3,22600000.0,12200000.0,10400000.0,0.46017699115044247,0.0,7500000.0,0.0,0.0,7900000.0,20100000.0,200000.0,400000.0,2900000.0,0.12831858407079647,2500000.0,0.11061946902654868,100000.0,2300000.0,0.10176991150442478,800000.0,1500000.0,0.06637168141592921,0.044489,0.044489,33716200.0,33716200.0,https://www.sec.gov/Archives/edgar/data/822663/000088981296001708/0000889812-96-001708-index.html,https://www.sec.gov/Archives/edgar/data/822663/0000889812-96-001708.txt,1620593699,16:54:59,20210509
103,1996-06-30,IPAR,USD,1996-08-14 00:00:00,1996-08-14 00:00:00,Q2,22600000.0,12400000.0,10200000.0,0.45132743362831856,0.0,8000000.0,0.0,0.0,8200000.0,20600000.0,200000.0,200000.0,2200000.0,0.09734513274336283,2000000.0,0.08849557522123894,0.0,1700000.0,0.0752212389380531,400000.0,1300000.0,0.05752212389380531,0.04004,0.04004,32467532.0,32467532.0,https://www.sec.gov/Archives/edgar/data/822663/000088981296001086/0000889812-96-001086-index.html,https://www.sec.gov/Archives/edgar/data/822663/0000889812-96-001086.txt,1620593699,16:54:59,20210509
104,1996-03-31,IPAR,USD,1996-05-13 00:00:00,1996-05-13 00:00:00,Q1,23300000.0,11700000.0,11600000.0,0.4978540772532189,0.0,7900000.0,0.0,0.0,8400000.0,20100000.0,200000.0,500000.0,3700000.0,0.15879828326180256,3200000.0,0.13733905579399142,100000.0,2900000.0,0.12446351931330472,1100000.0,1800000.0,0.07725321888412018,0.053387,0.053387,33716073.0,33716073.0,https://www.sec.gov/Archives/edgar/data/822663/000088981296000450/0000889812-96-000450-index.html,https://www.sec.gov/Archives/edgar/data/822663/0000889812-96-000450.txt,1620593699,16:54:59,20210509
105,1995-12-31,IPAR,USD,1995-12-31,1995-12-31,Q4,24500000.0,13000000.0,11500000.0,0.46938775510204084,0.0,8700000.0,0.0,0.0,9000000.0,22000000.0,300000.0,300000.0,2800000.0,0.11428571428571428,2500000.0,0.10204081632653061,1700000.0,3500000.0,0.14285714285714285,-200000.0,3700000.0,0.1510204081632653,0.10973994509977482,0.10973994509977482,33716073.0,33716073.0,,,1620593699,16:54:59,20210509
106,1995-09-30,IPAR,USD,1995-11-14 00:00:00,1995-11-14 00:00:00,Q3,25500000.0,13200000.0,12300000.0,0.4823529411764706,0.0,8500000.0,0.0,0.0,8800000.0,22000000.0,300000.0,300000.0,3800000.0,0.14901960784313725,3500000.0,0.13725490196078433,200000.0,3300000.0,0.12941176470588237,1200000.0,2100000.0,0.08235294117647059,0.057836,0.057836,36309565.0,36309565.0,https://www.sec.gov/Archives/edgar/data/822663/000088981295000664/0000889812-95-000664-index.html,https://www.sec.gov/Archives/edgar/data/822663/0000889812-95-000664.txt,1620593699,16:54:59,20210509
107,1995-06-30,IPAR,USD,1995-08-11 00:00:00,1995-08-11 00:00:00,Q2,22200000.0,10800000.0,11400000.0,0.5135135135135135,0.0,8000000.0,0.0,0.0,8400000.0,19200000.0,300000.0,400000.0,3400000.0,0.15315315315315314,3000000.0,0.13513513513513514,100000.0,2700000.0,0.12162162162162163,1100000.0,1600000.0,0.07207207207207207,0.048938,0.048938,32694430.0,32694430.0,https://www.sec.gov/Archives/edgar/data/822663/000088981295000405/0000889812-95-000405-index.html,https://www.sec.gov/Archives/edgar/data/822663/0000889812-95-000405.txt,1620593699,16:54:59,20210509
108,1995-03-31,IPAR,USD,1995-03-31,1995-03-31,Q1,21600000.0,10400000.0,11200000.0,0.5185185185185185,0.0,0.0,0.0,0.0,8100000.0,18500000.0,400000.0,300000.0,3400000.0,0.1574074074074074,3100000.0,0.14351851851851852,100000.0,2600000.0,0.12037037037037036,1000000.0,1600000.0,0.07407407407407407,0.048938,0.048938,32694430.0,32694430.0,,,1620593699,16:54:59,20210509
109,1994-12-31,IPAR,USD,1994-12-31,1994-12-31,Q4,23000000.0,11300000.0,11700000.0,0.508695652173913,0.0,0.0,0.0,0.0,8100000.0,19400000.0,300000.0,300000.0,3900000.0,0.16956521739130434,3600000.0,0.1565217391304348,100000.0,3500000.0,0.15217391304347827,1000000.0,2500000.0,0.10869565217391304,0.07253586876949891,0.07253586876949891,34465707.0,34465707.0,,,1620593699,16:54:59,20210509
110,1994-09-30,IPAR,USD,1994-09-30,1994-09-30,Q3,22100000.0,10900000.0,11200000.0,0.5067873303167421,0.0,0.0,0.0,0.0,7100000.0,18000000.0,200000.0,300000.0,4400000.0,0.19909502262443438,4100000.0,0.18552036199095023,100000.0,3900000.0,0.17647058823529413,1600000.0,2300000.0,0.10407239819004525,0.066733,0.066733,34465707.0,34465707.0,,,1620593699,16:54:59,20210509
111,1994-06-30,IPAR,USD,1994-06-30,1994-06-30,Q2,15200000.0,8100000.0,7100000.0,0.46710526315789475,0.0,0.0,0.0,0.0,4800000.0,12900000.0,200000.0,200000.0,2500000.0,0.16447368421052633,2300000.0,0.1513157894736842,100000.0,2200000.0,0.14473684210526316,900000.0,1300000.0,0.08552631578947369,0.04004,0.04004,32467532.0,32467532.0,,,1620593699,16:54:59,20210509
112,1994-03-31,IPAR,USD,1994-03-31,1994-03-31,Q1,14700000.0,7900000.0,6800000.0,0.46258503401360546,0.0,0.0,0.0,0.0,4700000.0,12600000.0,200000.0,100000.0,2200000.0,0.14965986394557823,2100000.0,0.14285714285714285,100000.0,2000000.0,0.1360544217687075,800000.0,1200000.0,0.08163265306122448,0.035591,0.035591,33716389.0,33716389.0,,,1620593699,16:54:59,20210509
113,1993-12-31,IPAR,USD,1993-12-31,1993-12-31,Q4,16000000.0,8700000.0,7300000.0,0.45625,0.0,0.0,0.0,0.0,4000000.0,12700000.0,200000.0,100000.0,3400000.0,0.2125,3300000.0,0.20625,800000.0,3900000.0,0.24375,1300000.0,2600000.0,0.1625,0.07229408254026724,0.07229408254026724,35964216.0,35964216.0,,,1620593699,16:54:59,20210509
114,1993-09-30,IPAR,USD,1993-09-30,1993-09-30,Q3,17800000.0,9700000.0,8100000.0,0.4550561797752809,0.0,0.0,0.0,0.0,4300000.0,14000000.0,200000.0,100000.0,3900000.0,0.21910112359550563,3800000.0,0.21348314606741572,300000.0,3900000.0,0.21910112359550563,1500000.0,2400000.0,0.1348314606741573,0.066733,0.066733,35964216.0,35964216.0,,,1620593699,16:54:59,20210509
115,1993-06-30,IPAR,USD,1993-06-30,1993-06-30,Q2,13800000.0,7700000.0,6100000.0,0.4420289855072464,0.0,0.0,0.0,0.0,4200000.0,11900000.0,100000.0,100000.0,2000000.0,0.14492753623188406,1900000.0,0.13768115942028986,100000.0,1900000.0,0.13768115942028986,700000.0,1200000.0,0.08695652173913043,0.035591,0.035591,33716389.0,33716389.0,,,1620593699,16:54:59,20210509
116,1993-03-31,IPAR,USD,1993-03-31,1993-03-31,Q1,11900000.0,6500000.0,5400000.0,0.453781512605042,0.0,0.0,0.0,0.0,3800000.0,10300000.0,100000.0,100000.0,1700000.0,0.14285714285714285,1600000.0,0.13445378151260504,0.0,1500000.0,0.12605042016806722,600000.0,900000.0,0.07563025210084033,0.031142,0.031142,28899878.0,28899878.0,,,1620593699,16:54:59,20210509
117,1992-12-31,IPAR,USD,1992-12-31,1992-12-31,Q4,13700000.0,8200000.0,5500000.0,0.40145985401459855,0.0,0.0,0.0,0.0,3500000.0,11700000.0,200000.0,0.0,1800000.0,0.13138686131386862,2000000.0,0.145985401459854,200000.0,2000000.0,0.145985401459854,600000.0,1400000.0,0.10218978102189781,0.04844311107472495,0.04844311107472495,28899878.0,28899878.0,,,1620593699,16:54:59,20210509
118,1992-09-30,IPAR,USD,1992-09-30,1992-09-30,Q3,14800000.0,7900000.0,6900000.0,0.46621621621621623,0.0,0.0,0.0,0.0,4000000.0,11900000.0,100000.0,100000.0,3000000.0,0.20270270270270271,2900000.0,0.19594594594594594,200000.0,3000000.0,0.20270270270270271,1200000.0,1800000.0,0.12162162162162163,0.062284,0.062284,28899878.0,28899878.0,,,1620593699,16:54:59,20210509
119,1992-06-30,IPAR,USD,1992-06-30,1992-06-30,Q2,9000000.0,4700000.0,4300000.0,0.4777777777777778,0.0,0.0,0.0,0.0,3100000.0,7800000.0,100000.0,100000.0,1300000.0,0.14444444444444443,1200000.0,0.13333333333333333,0.0,1100000.0,0.12222222222222222,400000.0,700000.0,0.07777777777777778,0.022244,0.022244,31469160.0,31469160.0,,,1620593699,16:54:59,20210509
120,1992-03-31,IPAR,USD,1992-03-31,1992-03-31,Q1,6200000.0,3300000.0,2900000.0,0.46774193548387094,0.0,0.0,0.0,0.0,2200000.0,5500000.0,0.0,100000.0,800000.0,0.12903225806451613,700000.0,0.11290322580645161,100000.0,800000.0,0.12903225806451613,300000.0,500000.0,0.08064516129032258,0.017796,0.017796,28096201.0,28096201.0,,,1620593699,16:54:59,20210509
121,1991-12-31,IPAR,USD,1991-12-31,1991-12-31,Q4,8000000.0,4600000.0,3400000.0,0.425,0.0,0.0,0.0,0.0,2200000.0,6800000.0,100000.0,100000.0,1300000.0,0.1625,1200000.0,0.15,0.0,900000.0,0.1125,200000.0,700000.0,0.0875,0.027681888594476626,0.027681888594476626,25287292.0,25287292.0,,,1620593699,16:54:59,20210509
122,1991-09-30,IPAR,USD,1991-09-30,1991-09-30,Q3,7200000.0,3400000.0,3800000.0,0.5277777777777778,0.0,0.0,0.0,0.0,2200000.0,5600000.0,200000.0,0.0,1600000.0,0.2222222222222222,1600000.0,0.2222222222222222,100000.0,1400000.0,0.19444444444444445,500000.0,900000.0,0.125,0.035591,0.035591,25287292.0,25287292.0,,,1620593699,16:54:59,20210509
123,1991-06-30,IPAR,USD,1991-06-30,1991-06-30,Q2,2200000.0,1200000.0,1000000.0,0.45454545454545453,0.0,0.0,0.0,0.0,900000.0,2100000.0,0.0,0.0,100000.0,0.045454545454545456,100000.0,0.045454545454545456,0.0,0.0,0.0,100000.0,0.0,0.0,0.004449,0.004449,11238481.0,11238481.0,,,1620593699,16:54:59,20210509
124,1991-03-31,IPAR,USD,1991-03-31,1991-03-31,Q1,2300000.0,1100000.0,1200000.0,0.5217391304347826,0.0,0.0,0.0,0.0,900000.0,2000000.0,0.0,0.0,300000.0,0.13043478260869565,300000.0,0.13043478260869565,-100000.0,200000.0,0.08695652173913043,100000.0,100000.0,0.043478260869565216,0.008898,0.008898,11238481.0,11238481.0,,,1620593699,16:54:59,20210509
125,1990-12-31,IPAR,USD,1990-12-31,1990-12-31,Q4,2500000.0,1300000.0,1200000.0,0.48,0.0,0.0,0.0,0.0,900000.0,2200000.0,0.0,0.0,300000.0,0.12,300000.0,0.12,0.0,400000.0,0.16,200000.0,200000.0,0.08,0.01186366700964528,0.01186366700964528,16858194.0,16858194.0,,,1620593699,16:54:59,20210509
126,1990-09-30,IPAR,USD,1990-09-30,1990-09-30,Q3,3400000.0,1600000.0,1800000.0,0.5294117647058824,0.0,0.0,0.0,0.0,900000.0,2500000.0,0.0,0.0,900000.0,0.2647058823529412,900000.0,0.2647058823529412,0.0,900000.0,0.2647058823529412,300000.0,600000.0,0.17647058823529413,0.035591,0.035591,16858194.0,16858194.0,,,1620593699,16:54:59,20210509
127,1990-06-30,IPAR,USD,1990-06-30,1990-06-30,Q2,1400000.0,800000.0,600000.0,0.42857142857142855,0.0,0.0,0.0,0.0,600000.0,1400000.0,0.0,0.0,0.0,0.0,0.0,0.0,0.0,0.0,0.0,0.0,100000.0,0.07142857142857142,0.004449,0.004449,15184961.0,15184961.0,,,1620593699,16:54:59,20210509
128,1990-03-31,IPAR,USD,1990-03-31,1990-03-31,Q1,1200000.0,500000.0,700000.0,0.5833333333333334,0.0,0.0,0.0,0.0,600000.0,1100000.0,0.0,0.0,100000.0,0.08333333333333333,100000.0,0.08333333333333333,100000.0,200000.0,0.16666666666666666,100000.0,100000.0,0.08333333333333333,0.004449,0.004449,15184961.0,15184961.0,,,1620593699,16:54:59,20210509
129,1989-12-31,IPAR,USD,1989-12-31,1989-12-31,Q4,1700000.0,800000.0,900000.0,0.5294117647058824,0.0,0.0,0.0,0.0,600000.0,1400000.0,0.0,0.0,300000.0,0.17647058823529413,300000.0,0.17647058823529413,0.0,300000.0,0.17647058823529413,100000.0,200000.0,0.11764705882352941,0.007914147016598063,0.007914147016598063,25271201.0,25271201.0,,,1620593699,16:54:59,20210509
130,1989-09-30,IPAR,USD,1989-09-30,1989-09-30,Q3,1500000.0,600000.0,900000.0,0.6,0.0,0.0,0.0,0.0,600000.0,1200000.0,0.0,0.0,300000.0,0.2,300000.0,0.2,0.0,300000.0,0.2,100000.0,200000.0,0.13333333333333333,0.004449,0.004449,25271201.0,25271201.0,,,1620593699,16:54:59,20210509
131,1989-06-30,IPAR,USD,1989-06-30,1989-06-30,Q2,900000.0,0.0,0.0,0.0,0.0,0.0,0.0,0.0,0.0,0.0,0.0,0.0,900000.0,1.0,900000.0,1.0,0.0,0.0,0.0,0.0,0.0,0.0,0.004449,0.004449,15784811.0,15784811.0,,,1620593699,16:54:59,20210509
132,1989-03-31,IPAR,USD,1989-03-31,1989-03-31,Q1,1000000.0,0.0,0.0,0.0,0.0,0.0,0.0,0.0,0.0,0.0,0.0,0.0,1000000.0,1.0,1000000.0,1.0,0.0,0.0,0.0,0.0,0.0,0.0,0.004449,0.004449,15784811.0,15784811.0,,,1620593699,16:54:59,20210509
133,1988-12-31,IPAR,USD,1988-12-31,1988-12-31,Q4,1500000.0,0.0,0.0,0.0,0.0,0.0,0.0,0.0,0.0,0.0,0.0,0.0,-2300000.0,-1.5333333333333334,-2300000.0,-1.5333333333333334,0.0,0.0,0.0,0.0,0.0,0.0,0.0,0.0,14393024.0,14393024.0,,,1620593699,16:54:59,20210509
134,1988-09-30,IPAR,USD,1988-09-30,1988-09-30,Q3,1100000.0,0.0,0.0,0.0,0.0,0.0,0.0,0.0,0.0,0.0,0.0,0.0,1100000.0,1.0,1100000.0,1.0,0.0,0.0,0.0,0.0,0.0,0.0,0.013347,0.013347,14393024.0,14393024.0,,,1620593699,16:54:59,20210509
135,1988-06-30,IPAR,USD,1988-06-30,1988-06-30,Q2,900000.0,0.0,0.0,0.0,0.0,0.0,0.0,0.0,0.0,0.0,0.0,0.0,900000.0,1.0,900000.0,1.0,0.0,0.0,0.0,0.0,0.0,0.0,0.004449,0.004449,14393024.0,14393024.0,,,1620593699,16:54:59,20210509
136,1988-03-31,IPAR,USD,1988-03-31,1988-03-31,Q1,1000000.0,0.0,0.0,0.0,0.0,0.0,0.0,0.0,0.0,0.0,0.0,0.0,1000000.0,1.0,1000000.0,1.0,0.0,0.0,0.0,0.0,0.0,0.0,0.004449,0.004449,14393024.0,14393024.0,,,1620593699,16:54:59,20210509
137,1987-12-31,IPAR,USD,1987-12-31,1987-12-31,Q4,800000.0,0.0,0.0,0.0,0.0,0.0,0.0,0.0,0.0,0.0,0.0,0.0,-1800000.0,-2.25,-1800000.0,-2.25,0.0,0.0,0.0,0.0,0.0,0.0,0.0,0.0,9924480.0,9924480.0,,,1620593699,16:54:59,20210509
138,1987-09-30,IPAR,USD,1987-09-30,1987-09-30,Q3,900000.0,0.0,0.0,0.0,0.0,0.0,0.0,0.0,0.0,0.0,0.0,0.0,900000.0,1.0,900000.0,1.0,0.0,0.0,0.0,0.0,0.0,0.0,0.008898,0.008898,9924480.0,9924480.0,,,1620593699,16:54:59,20210509
139,1987-06-30,IPAR,USD,1987-06-30,1987-06-30,Q2,800000.0,0.0,0.0,0.0,0.0,0.0,0.0,0.0,0.0,0.0,0.0,0.0,800000.0,1.0,800000.0,1.0,0.0,0.0,0.0,0.0,0.0,0.0,0.008898,0.008898,9924480.0,9924480.0,,,1620593699,16:54:59,20210509
140,1987-03-31,IPAR,USD,1987-03-31,1987-03-31,Q1,900000.0,0.0,0.0,0.0,0.0,0.0,0.0,0.0,0.0,0.0,0.0,0.0,900000.0,1.0,900000.0,1.0,0.0,0.0,0.0,0.0,0.0,0.0,0.008898,0.008898,9924480.0,9924480.0,,,1620593699,16:54:59,20210509
