,date,symbol,reportedCurrency,fillingDate,acceptedDate,period,revenue,costOfRevenue,grossProfit,grossProfitRatio,researchAndDevelopmentExpenses,generalAndAdministrativeExpenses,sellingAndMarketingExpenses,otherExpenses,operatingExpenses,costAndExpenses,interestExpense,depreciationAndAmortization,ebitda,ebitdaratio,operatingIncome,operatingIncomeRatio,totalOtherIncomeExpensesNet,incomeBeforeTax,incomeBeforeTaxRatio,incomeTaxExpense,netIncome,netIncomeRatio,eps,epsdiluted,weightedAverageShsOut,weightedAverageShsOutDil,link,finalLink,timestamp,est_time,est_date
0,2020-12-31,EYEG,USD,2021-03-25,2021-03-25 16:16:00,Q4,12059.0,0.0,0.0,0.0,1011010.0,1514514.0,0.0,0.0,2525524.0,2525524.0,4186.0,9056.0,-2504409.0,-207.6796583464632,-2513465.0,-208.43063272244797,0.0,-2403710.0,-199.3291317688034,0.0,-2415765.0,-200.3288000663405,-0.5312264432249285,-0.5312264432249285,4547524.0,4547524.0,https://www.sec.gov/Archives/edgar/data/1372514/000110465921041515/0001104659-21-041515-index.htm,https://www.sec.gov/Archives/edgar/data/1372514/000110465921041515/tm211090d1_10k.htm,1620591914,16:25:14,20210509
1,2020-09-30,EYEG,USD,2020-11-09,2020-11-09 16:15:31,Q3,0.0,0.0,0.0,0.0,985880.0,1021325.0,0.0,-2007205.0,2007205.0,2007205.0,0.0,8638.0,-1998567.0,0.0,-2007205.0,0.0,0.331,-2006874.0,0.0,0.0,-2006874.0,0.0,-0.44,-0.44,4547524.0,4547524.0,https://www.sec.gov/Archives/edgar/data/1372514/000110465920123064/0001104659-20-123064-index.htm,https://www.sec.gov/Archives/edgar/data/1372514/000110465920123064/tm2029551-1_10q.htm,1620591914,16:25:14,20210509
2,2020-06-30,EYEG,USD,2020-08-06,2020-08-06 16:15:50,Q2,0.0,0.0,0.0,0.0,631114.0,1090327.0,0.0,0.0,1721441.0,1721441.0,0.0,8638.0,-1712803.0,0.0,-1721441.0,0.0,0.0,-1717101.0,0.0,0.0,-1717101.0,0.0,-0.38,-0.38,4539659.0,4539659.0,https://www.sec.gov/Archives/edgar/data/1372514/000110465920091445/0001104659-20-091445-index.htm,https://www.sec.gov/Archives/edgar/data/1372514/000110465920091445/tm2020446-1_10q.htm,1620591914,16:25:14,20210509
3,2020-03-31,EYEG,USD,2020-05-06 00:00:00,2020-05-06 16:16:34,Q1,0.0,0.0,0.0,0.0,938041.0,1032603.0,0.0,0.0,1970644.0,1970644.0,0.0,7067.0,-1963577.0,0.0,-1970644.0,0.0,0.0,-1952200.0,0.0,0.0,-1952200.0,0.0,-0.43,-0.43,4524738.0,4524738.0,https://www.sec.gov/Archives/edgar/data/1372514/000110465920057438/0001104659-20-057438-index.html,https://www.sec.gov/Archives/edgar/data/1372514/000110465920057438/tm2014616d1_10q.htm,1620591914,16:25:14,20210509
4,2019-12-31,EYEG,USD,2020-03-04 00:00:00,2020-03-04 16:16:36,Q4,0.0,0.0,0.0,0.0,1497855.0,1118752.0,0.0,0.0,2616607.0,2616607.0,0.0,54742.0,-2561865.0,0.0,-2616607.0,0.0,0.0,-2606450.0,0.0,0.0,-2701846.0,0.0,-0.9057497266169493,-0.9057497266169493,2982994.0,2982994.0,https://www.sec.gov/Archives/edgar/data/1372514/000110465920029162/0001104659-20-029162-index.html,https://www.sec.gov/Archives/edgar/data/1372514/000110465920029162/tm205287d1_10k.htm,1620591914,16:25:14,20210509
5,2019-09-30,EYEG,USD,2019-11-07 00:00:00,2019-11-07 08:31:23,Q3,0.0,0.0,0.0,0.0,2406129.0,1045145.0,0.0,0.0,3451274.0,3451274.0,109.0,53714.0,-3397560.0,0.0,-3451274.0,0.0,0.0,-3428387.0,0.0,0.0,-3428387.0,0.0,-1.15,-1.15,2982994.0,2982994.0,https://www.sec.gov/Archives/edgar/data/1372514/000110465919060851/0001104659-19-060851-index.html,https://www.sec.gov/Archives/edgar/data/1372514/000110465919060851/tm1919583-1_10q.htm,1620591914,16:25:14,20210509
6,2019-06-30,EYEG,USD,2019-08-08,2019-08-08,Q2,0.0,0.0,0.0,0.0,763896.0,1105904.0,0.0,0.0,1869800.0,1869800.0,108.0,53238.0,-1816562.0,0.0,-1869800.0,0.0,0.0,-1837272.0,0.0,0.0,-1837272.0,0.0,-0.599997,-0.599997,2920033.0,2920033.0,https://www.sec.gov/Archives/edgar/data/1372514/000114420419038393/0001144204-19-038393-index.htm,https://www.sec.gov/Archives/edgar/data/1372514/000114420419038393/tv526647_10q.htm,1620591914,16:25:14,20210509
7,2019-03-31,EYEG,USD,2019-05-08 00:00:00,2019-05-08 16:17:14,Q1,2686000.0,0.0,0.0,0.0,721477.0,1135883.0,0.0,0.0,1857360.0,1857360.0,108.0,52239.0,880879.0,0.32795197319434105,828640.0,0.30850335070737156,0.0,870809.0,0.3242029039463887,0.0,870809.0,0.3242029039463887,0.299999,0.149999,2917517.0,4495753.0,https://www.sec.gov/Archives/edgar/data/1372514/000114420419024513/0001144204-19-024513-index.html,https://www.sec.gov/Archives/edgar/data/1372514/000114420419024513/tv520655_10q.htm,1620591914,16:25:14,20210509
8,2018-12-31,EYEG,USD,2019-03-01 00:00:00,2019-03-01 16:06:53,Q4,0.0,0.0,0.0,0.0,1437254.0,1052202.0,0.0,0.0,2489456.0,2489456.0,128.0,12919.0,-2476537.0,0.0,-2489456.0,0.0,0.0,-2441960.0,0.0,0.0,-2528005.0,0.0,-0.8780081618477034,-0.8780081618477034,2879250.0,2879250.0,https://www.sec.gov/Archives/edgar/data/1372514/000114420419011634/0001144204-19-011634-index.html,https://www.sec.gov/Archives/edgar/data/1372514/000114420419011634/tv514566_10k.htm,1620591914,16:25:14,20210509
9,2018-09-30,EYEG,USD,2018-11-13 00:00:00,2018-11-13 16:12:05,Q3,314500.0,0.0,0.0,0.0,2259701.0,1232677.0,0.0,0.0,3492378.0,3492378.0,304.0,9632.0,-3168246.0,-10.073914149443562,-3177878.0,-10.10454054054054,0.0,-3123836.0,-9.932705882352941,0.0,-3123836.0,-9.932705882352941,-1.049995,-1.049995,2879250.0,2879250.0,https://www.sec.gov/Archives/edgar/data/1372514/000114420418059360/0001144204-18-059360-index.html,https://www.sec.gov/Archives/edgar/data/1372514/000114420418059360/tv506647_10q.htm,1620591914,16:25:14,20210509
10,2018-06-30,EYEG,USD,2018-08-03 00:00:00,2018-08-03 08:32:26,Q2,242012.0,0.0,0.0,0.0,1837799.0,1202531.0,0.0,0.0,3040330.0,3040330.0,304.0,7966.0,-2790352.0,-11.529808439250946,-2798318.0,-11.562724162438226,0.0,-2780255.0,-11.48808736756855,0.0,-2780255.0,-11.48808736756855,-1.049995,-1.049995,2498967.0,2498967.0,https://www.sec.gov/Archives/edgar/data/1372514/000114420418041798/0001144204-18-041798-index.html,https://www.sec.gov/Archives/edgar/data/1372514/000114420418041798/tv499549_10q.htm,1620591914,16:25:14,20210509
11,2018-03-31,EYEG,USD,2018-05-11 00:00:00,2018-05-11 08:21:15,Q1,1096008.0,0.0,0.0,0.0,2521009.0,954048.0,0.0,0.0,3475057.0,3475057.0,304.0,7966.0,-2371083.0,-2.1633811067072504,-2379049.0,-2.1706493018299136,0.0,-2379327.0,-2.1709029496135064,0.0,-2379327.0,-2.1709029496135064,-2.09999,-2.09999,1150489.0,1150489.0,https://www.sec.gov/Archives/edgar/data/1372514/000114420418027296/0001144204-18-027296-index.html,https://www.sec.gov/Archives/edgar/data/1372514/000114420418027296/tv493170_10q.htm,1620591914,16:25:14,20210509
12,2017-12-31,EYEG,USD,2018-03-02 00:00:00,2018-03-02 16:18:57,Q4,0.0,0.0,0.0,0.0,3077178.0,1095551.0,0.0,0.0,4172729.0,4172729.0,303.0,5680.0,-4167049.0,0.0,-4172729.0,0.0,0.0,-4173005.0,0.0,0.0,-2831032.0,0.0,-2.468227273123567,-2.468227273123567,1146990.0,1146990.0,https://www.sec.gov/Archives/edgar/data/1372514/000114420418012542/0001144204-18-012542-index.html,https://www.sec.gov/Archives/edgar/data/1372514/000114420418012542/tv486567_10k.htm,1620591914,16:25:14,20210509
13,2017-09-30,EYEG,USD,2017-11-14 00:00:00,2017-11-14 08:31:14,Q3,74696.0,0.0,0.0,0.0,3175978.0,1038822.0,0.0,0.0,4214800.0,4214800.0,304.0,4536.0,-4135568.0,-55.3653207668416,-4140104.0,-55.426046910142446,0.0,-4140368.0,-55.429581235943026,0.0,-4140368.0,-55.429581235943026,-3.599982,-3.599982,1146990.0,1146990.0,https://www.sec.gov/Archives/edgar/data/1372514/000114420417058607/0001144204-17-058607-index.html,https://www.sec.gov/Archives/edgar/data/1372514/000114420417058607/tv478795_10q.htm,1620591914,16:25:14,20210509
14,2017-06-30,EYEG,USD,2017-08-04 00:00:00,2017-08-04 16:13:47,Q2,148290.0,0.0,0.0,0.0,2262193.0,1212891.0,0.0,0.0,3475084.0,3475084.0,305.0,4536.0,-3322258.0,-22.403789871198327,-3326794.0,-22.43437858250725,0.0,-3326863.0,-22.434843886978218,0.0,-3326863.0,-22.434843886978218,-4.199979,-4.199979,804483.0,804483.0,https://www.sec.gov/Archives/edgar/data/1372514/000114420417040582/0001144204-17-040582-index.html,https://www.sec.gov/Archives/edgar/data/1372514/000114420417040582/v471866_10q.htm,1620591914,16:25:14,20210509
15,2017-03-31,EYEG,USD,2017-05-05 00:00:00,2017-05-05 16:17:26,Q1,184532.0,0.0,0.0,0.0,1815000.0,1289144.0,0.0,0.0,3104144.0,3104144.0,303.0,4536.0,-2915076.0,-15.797130037066742,-2919612.0,-15.821711139531356,0.0,-2919654.0,-15.821938742331954,0.0,-2919654.0,-15.821938742331954,-4.199979,-4.199979,697095.0,697095.0,https://www.sec.gov/Archives/edgar/data/1372514/000114420417024841/0001144204-17-024841-index.html,https://www.sec.gov/Archives/edgar/data/1372514/000114420417024841/v465327_10-q.htm,1620591914,16:25:14,20210509
16,2016-12-31,EYEG,USD,2017-02-23 00:00:00,2017-02-23 16:02:23,Q4,160370.0,0.0,0.0,0.0,2577591.0,1283826.0,0.0,0.0,3861417.0,3861417.0,0.0,4536.0,-3696511.0,-23.049890877346137,-3701047.0,-23.07817546922741,0.0,-3701061.0,-23.078262767350502,0.0,-3701061.0,-23.078262767350502,-5.989043192895471,-5.989043192895471,617972.0,617972.0,https://www.sec.gov/Archives/edgar/data/1372514/000114420417010635/0001144204-17-010635-index.html,https://www.sec.gov/Archives/edgar/data/1372514/000114420417010635/v459809_10k.htm,1620591914,16:25:14,20210509
17,2016-09-30,EYEG,USD,2016-11-01 00:00:00,2016-11-01 17:12:26,Q3,274289.0,0.0,0.0,0.0,2449445.0,1201804.0,0.0,0.0,3651249.0,3651249.0,0.0,404.0,-3376556.0,-12.31021295057403,-3376960.0,-12.311685849596593,0.0,-3376662.0,-12.31059940427797,0.0,-3376662.0,-12.31059940427797,-5.399973,-5.399973,617972.0,617972.0,https://www.sec.gov/Archives/edgar/data/1372514/000114420416130888/0001144204-16-130888-index.html,https://www.sec.gov/Archives/edgar/data/1372514/000114420416130888/v451635_10q.htm,1620591914,16:25:14,20210509
18,2016-06-30,EYEG,USD,2016-06-30,2016-06-30,Q2,234600.0,0.0,0.0,0.0,2481534.0,1579155.0,0.0,0.0,4060689.0,4060689.0,0.0,161.0,-3825928.0,-16.30830349531117,-3826089.0,-16.308989769820972,0.0,-3823281.0,-16.297020460358056,0.0,-3823281.0,-16.297020460358056,-6.899966,-6.899966,558303.0,558303.0,,,1620591914,16:25:14,20210509
19,2016-03-31,EYEG,USD,2016-05-13 00:00:00,2016-05-13 17:19:22,Q1,0.0,0.0,0.0,0.0,913972.0,1528778.0,0.0,0.0,2442750.0,2442750.0,0.0,84.0,-2442666.0,0.0,-2442750.0,0.0,0.0,-2442433.0,0.0,0.0,-2442433.0,0.0,-4.649977,-4.649977,523110.0,523110.0,https://www.sec.gov/Archives/edgar/data/1372514/000114420416101911/0001144204-16-101911-index.html,https://www.sec.gov/Archives/edgar/data/1372514/000114420416101911/v439379_10q.htm,1620591914,16:25:14,20210509
20,2015-12-31,EYEG,USD,2016-03-30 00:00:00,2016-03-30 16:08:33,Q4,0.0,0.0,0.0,0.0,1383992.0,1291985.0,0.0,0.0,2675977.0,2675977.0,14347.0,231.0,-2675746.0,0.0,-2675977.0,0.0,1.0,-2689997.0,0.0,0.0,-2689997.0,0.0,-5.634044326783314,-5.634044326783314,477454.0,477454.0,https://www.sec.gov/Archives/edgar/data/1372514/000114420416091485/0001144204-16-091485-index.html,https://www.sec.gov/Archives/edgar/data/1372514/000114420416091485/v434534_10k.htm,1620591914,16:25:14,20210509
21,2015-09-30,EYEG,USD,2015-11-12 00:00:00,2015-11-12 06:09:25,Q3,0.0,0.0,0.0,0.0,407571.0,946180.0,0.0,0.0,1353751.0,1353751.0,0.0,342.0,-1353409.0,0.0,-1353751.0,0.0,-1987.0,-1355536.0,0.0,0.0,-1355536.0,0.0,-2.849986,-2.849986,477454.0,477454.0,https://www.sec.gov/Archives/edgar/data/1372514/000114420415064326/0001144204-15-064326-index.html,https://www.sec.gov/Archives/edgar/data/1372514/000114420415064326/v424033_10q.htm,1620591914,16:25:14,20210509
22,2015-06-30,EYEG,USD,2015-08-12 00:00:00,2015-08-12 17:16:47,Q2,0.0,0.0,0.0,0.0,604108.0,939487.0,0.0,0.0,1543595.0,1543595.0,0.0,342.0,-1543253.0,0.0,-1543595.0,0.0,0.0,-1541353.0,0.0,0.0,-1541353.0,0.0,-3.599982,-3.599982,424203.0,424203.0,https://www.sec.gov/Archives/edgar/data/1372514/000114420415048608/0001144204-15-048608-index.html,https://www.sec.gov/Archives/edgar/data/1372514/000114420415048608/v417600_10q.htm,1620591914,16:25:14,20210509
23,2015-03-31,EYEG,USD,2015-05-15 00:00:00,2015-05-15 17:28:58,Q1,0.0,0.0,0.0,0.0,321439.0,782846.0,0.0,0.0,1104285.0,1104285.0,1920146.0,342.0,-1103943.0,0.0,-1104285.0,0.0,223181.0,-2801086.0,0.0,0.0,-2806263.0,0.0,-48.449758,-48.449758,227835.0,227835.0,https://www.sec.gov/Archives/edgar/data/1372514/000114420415031775/0001144204-15-031775-index.html,https://www.sec.gov/Archives/edgar/data/1372514/000114420415031775/v410087_10q.htm,1620591914,16:25:14,20210509
