,date,symbol,reportedCurrency,fillingDate,acceptedDate,period,revenue,costOfRevenue,grossProfit,grossProfitRatio,researchAndDevelopmentExpenses,generalAndAdministrativeExpenses,sellingAndMarketingExpenses,otherExpenses,operatingExpenses,costAndExpenses,interestExpense,depreciationAndAmortization,ebitda,ebitdaratio,operatingIncome,operatingIncomeRatio,totalOtherIncomeExpensesNet,incomeBeforeTax,incomeBeforeTaxRatio,incomeTaxExpense,netIncome,netIncomeRatio,eps,epsdiluted,weightedAverageShsOut,weightedAverageShsOutDil,link,finalLink,timestamp,est_time,est_date
0,2020-12-31,DWNI.DE,EUR,2020-12-31,2020-12-31,Q4,1203000000,962500000.0,240500000,0.1999168744804655,0.0,0.0,0.0,0.0,68800000.0,1031300000.0,37300000.0,3000000.0,174700000,0.14522028262676642,171700000,0.1427265170407315,0.0,1817800000.0,1.5110556940980882,581100000.0,1202500000.0,0.9995843724023276,3.548808170919951,3.548808170919951,338846154,338846154,https://www.bundesanzeiger.de/pub/de/suche;wwwsid=627BFD7A56A5CB624C47FDDEAB2FC509.web07-pub?0,https://www.bundesanzeiger.de/pub/de/suche;wwwsid=627BFD7A56A5CB624C47FDDEAB2FC509.web07-pub?0,1620591349,16:15:49,20210509
1,2020-09-30,DWNI.DE,EUR,2020-09-30,2020-09-30,Q3,526700000,289900000.0,236800000,0.4495917979874691,0.0,0.0,0.0,0.0,72200000.0,362100000.0,39800000.0,10200000.0,174800000,0.3318777292576419,164600000,0.31251186633757355,0.0,113400000.0,0.21530282893487754,22200000.0,88100000.0,0.16726789443706094,0.26,0.26,338846154,338846154,https://www.bundesanzeiger.de/pub/de/suche;wwwsid=627BFD7A56A5CB624C47FDDEAB2FC509.web07-pub?0,https://www.bundesanzeiger.de/pub/de/suche;wwwsid=627BFD7A56A5CB624C47FDDEAB2FC509.web07-pub?0,1620591349,16:15:49,20210509
2,2020-06-30,DWNI.DE,EUR,2020-06-30,2020-06-30,Q2,552700000,313600000.0,239100000,0.4326035824136059,0.0,0.0,0.0,5300000.0,74700000.0,388300000.0,40300000.0,9600000.0,174000000,0.3148181653700018,164400000,0.2974488872806224,0.0,187600000.0,0.3394246426632893,96300000.0,89300000.0,0.16157047222724805,0.26,0.26,351500000,351500000,https://www.bundesanzeiger.de/pub/de/suche;wwwsid=627BFD7A56A5CB624C47FDDEAB2FC509.web07-pub?0,https://www.bundesanzeiger.de/pub/de/suche;wwwsid=627BFD7A56A5CB624C47FDDEAB2FC509.web07-pub?0,1620591349,16:15:49,20210509
3,2020-03-31,DWNI.DE,EUR,2020-03-31,2020-03-31,Q1,438100000,202900000.0,235200000,0.536863729742068,0.0,0.0,0.0,4700000.0,92100000.0,295000000.0,53100000.0,9400000.0,152500000,0.34809404245606024,143100000,0.3266377539374572,0.0,124900000.0,0.28509472723122575,-500000.0,122800000.0,0.2803013010728144,0.35,0.26,354530000,354530000,https://www.bundesanzeiger.de/pub/de/suche;wwwsid=627BFD7A56A5CB624C47FDDEAB2FC509.web07-pub?0,https://www.bundesanzeiger.de/pub/de/suche;wwwsid=627BFD7A56A5CB624C47FDDEAB2FC509.web07-pub?0,1620591349,16:15:49,20210509
4,2019-12-31,DWNI.DE,EUR,2019-12-31,2019-12-31,Q4,999900000,636400000.0,363500000,0.3635363536353635,0.0,-36100000.0,0.0,65300000.0,129300000.0,765700000.0,33000000.0,13000000.0,247200000,0.24722472247224722,234200000,0.23422342234223423,0.0,1251500000.0,1.2516251625162516,285300000.0,912200000.0,0.9122912291229123,2.6920771837947437,2.6920771837947437,338846154,338846154,https://www.bundesanzeiger.de/pub/de/suche;wwwsid=627BFD7A56A5CB624C47FDDEAB2FC509.web07-pub?0,https://www.bundesanzeiger.de/pub/de/suche;wwwsid=627BFD7A56A5CB624C47FDDEAB2FC509.web07-pub?0,1620591349,16:15:49,20210509
5,2019-09-30,DWNI.DE,EUR,2019-09-30,2019-09-30,Q3,378500000,171300000.0,207200000,0.5474240422721268,0.0,25100000.0,0.0,6400000.0,45100000.0,216400000.0,44900000.0,10200000.0,172300000,0.45521796565389694,162100000,0.42826948480845445,0.0,61500000.0,0.16248348745046234,29900000.0,29500000.0,0.07793923381770146,0.08,0.08,368750000,368750000,https://www.bundesanzeiger.de/pub/de/suche;wwwsid=627BFD7A56A5CB624C47FDDEAB2FC509.web07-pub?0,https://www.bundesanzeiger.de/pub/de/suche;wwwsid=627BFD7A56A5CB624C47FDDEAB2FC509.web07-pub?0,1620591349,16:15:49,20210509
6,2019-06-30,DWNI.DE,EUR,2019-06-30,2019-06-30,Q2,428700000,221000000.0,207700000,0.48448798693725215,0.0,24200000.0,0.0,6400000.0,41000000.0,262000000.0,48500000.0,7300000.0,174000000,0.4058782365290413,166700000,0.38885001166316774,0.0,657300000.0,1.5332400279916025,165200000.0,480400000.0,1.1205971541870772,1.35,1.07,355851852,448971963,https://www.bundesanzeiger.de/pub/de/suche;wwwsid=627BFD7A56A5CB624C47FDDEAB2FC509.web07-pub?0,https://www.bundesanzeiger.de/pub/de/suche;wwwsid=627BFD7A56A5CB624C47FDDEAB2FC509.web07-pub?0,1620591349,16:15:49,20210509
7,2019-03-31,DWNI.DE,EUR,2019-03-31,2019-03-31,Q1,426600000,201700000.0,224900000,0.527191748710736,0.0,23200000.0,0.0,6000000.0,41800000.0,243500000.0,35000000.0,12400000.0,195500000,0.45827473042662914,183100000,0.4292076887013596,0.0,134300000.0,0.3148148148148148,23300000.0,107400000.0,0.2517580872011252,0.3,0.29,358000000,370344828,https://www.bundesanzeiger.de/pub/de/suche;wwwsid=627BFD7A56A5CB624C47FDDEAB2FC509.web07-pub?0,https://www.bundesanzeiger.de/pub/de/suche;wwwsid=627BFD7A56A5CB624C47FDDEAB2FC509.web07-pub?0,1620591349,16:15:49,20210509
8,2018-12-31,DWNI.DE,EUR,2018-12-31,2018-12-31,Q4,412300000,209000000.0,203300000,0.4930875576036866,0.0,-32900000.0,0.0,13800000.0,46700000.0,255700000.0,35200000.0,4300000.0,160900000,0.39024981809362114,156600000,0.37982051903953434,0.0,1608400000.0,3.9010429299054086,502500000.0,1101400000.0,2.6713558088770313,3.2504426772983233,3.2504426772983233,338846154,338846154,https://www.bundesanzeiger.de/pub/de/suche;wwwsid=627BFD7A56A5CB624C47FDDEAB2FC509.web07-pub?0,https://www.bundesanzeiger.de/pub/de/suche;wwwsid=627BFD7A56A5CB624C47FDDEAB2FC509.web07-pub?0,1620591349,16:15:49,20210509
9,2018-09-30,DWNI.DE,EUR,2018-09-30,2018-09-30,Q3,352900000,165700000.0,187200000,0.5304618872201757,0.0,22700000.0,0.0,2800000.0,30100000.0,195800000.0,31300000.0,2000000.0,159100000,0.4508359308586002,157100000,0.44516860300368377,0.0,138000000.0,0.3910456219892321,34000000.0,101800000.0,0.2884669878152451,0.28,0.25,363571429,407200000,https://www.bundesanzeiger.de/pub/de/suche;wwwsid=627BFD7A56A5CB624C47FDDEAB2FC509.web07-pub?0,https://www.bundesanzeiger.de/pub/de/suche;wwwsid=627BFD7A56A5CB624C47FDDEAB2FC509.web07-pub?0,1620591349,16:15:49,20210509
10,2018-06-30,DWNI.DE,EUR,2018-06-30,2018-06-30,Q2,316500000,132500000.0,184000000,0.5813586097946287,0.0,21100000.0,0.0,3300000.0,27500000.0,160000000.0,27400000.0,2100000.0,158600000,0.5011058451816746,156500000,0.49447077409162715,0.0,752200000.0,2.376619273301738,202900000.0,528500000.0,1.669826224328594,1.49,1.48,354697987,357094595,https://www.bundesanzeiger.de/pub/de/suche;wwwsid=627BFD7A56A5CB624C47FDDEAB2FC509.web07-pub?0,https://www.bundesanzeiger.de/pub/de/suche;wwwsid=627BFD7A56A5CB624C47FDDEAB2FC509.web07-pub?0,1620591349,16:15:49,20210509
11,2018-03-31,DWNI.DE,EUR,2018-03-31,2018-03-31,Q1,356000000,175900000.0,180100000,0.5058988764044944,0.0,20000000.0,0.0,2700000.0,24100000.0,200000000.0,28200000.0,1900000.0,157900000,0.4435393258426966,156000000,0.43820224719101125,0.0,128200000.0,0.3601123595505618,24800000.0,101300000.0,0.2845505617977528,0.29,0.26,349310345,389615385,https://www.bundesanzeiger.de/pub/de/suche;wwwsid=627BFD7A56A5CB624C47FDDEAB2FC509.web07-pub?0,https://www.bundesanzeiger.de/pub/de/suche;wwwsid=627BFD7A56A5CB624C47FDDEAB2FC509.web07-pub?0,1620591349,16:15:49,20210509
12,2017-12-31,DWNI.DE,EUR,2017-12-31,2017-12-31,Q4,329700000,145600000.0,184100000,0.5583864118895966,0.0,-30600000.0,0.0,3300000.0,52400000.0,198000000.0,-5900000.0,2200000.0,133900000,0.40612678192296026,131700000,0.3994540491355778,0.0,1554400000.0,4.714589020321505,497100000.0,1038900000.0,3.1510464058234757,3.06599318816527,3.06599318816527,338846154,338846154,https://www.bundesanzeiger.de/pub/de/suche;wwwsid=627BFD7A56A5CB624C47FDDEAB2FC509.web07-pub?0,https://www.bundesanzeiger.de/pub/de/suche;wwwsid=627BFD7A56A5CB624C47FDDEAB2FC509.web07-pub?0,1620591349,16:15:49,20210509
13,2017-09-30,DWNI.DE,EUR,2017-09-30,2017-09-30,Q3,265700000,90200000.0,175500000,0.6605193827625141,0.0,18200000.0,0.0,1700000.0,26400000.0,116600000.0,40400000.0,1700000.0,150800000,0.5675573955589011,149100000,0.5611592021076401,0.0,57700000.0,0.2171622130222055,23700000.0,31700000.0,0.11930748964998118,0.09,0.07,352222222,452857143,https://www.bundesanzeiger.de/pub/de/suche;wwwsid=627BFD7A56A5CB624C47FDDEAB2FC509.web07-pub?0,https://www.bundesanzeiger.de/pub/de/suche;wwwsid=627BFD7A56A5CB624C47FDDEAB2FC509.web07-pub?0,1620591349,16:15:49,20210509
14,2017-06-30,DWNI.DE,EUR,2017-06-30,2017-06-30,Q2,314600000,138400000.0,176200000,0.5600762873490146,0.0,20800000.0,0.0,3300000.0,25400000.0,163800000.0,36200000.0,1800000.0,152600000,0.48506039415130325,150800000,0.4793388429752066,0.0,910900000.0,2.8954227590591226,286200000.0,602000000.0,1.9135410044500953,1.72,1.72,350000000,350000000,https://www.bundesanzeiger.de/pub/de/suche;wwwsid=627BFD7A56A5CB624C47FDDEAB2FC509.web07-pub?0,https://www.bundesanzeiger.de/pub/de/suche;wwwsid=627BFD7A56A5CB624C47FDDEAB2FC509.web07-pub?0,1620591349,16:15:49,20210509
15,2017-03-31,DWNI.DE,EUR,2017-03-31,2017-03-31,Q1,262300000,87000000.0,175300000,0.6683187190240183,0.0,19100000.0,0.0,500000.0,22300000.0,109300000.0,38400000.0,1700000.0,154700000,0.589782691574533,153000000,0.5833015630956919,0.0,75200000.0,0.2866946244757911,27900000.0,45300000.0,0.1727030118185284,0.13,0.124646,344350000,363430000,https://www.bundesanzeiger.de/pub/de/suche;wwwsid=627BFD7A56A5CB624C47FDDEAB2FC509.web07-pub?0,https://www.bundesanzeiger.de/pub/de/suche;wwwsid=627BFD7A56A5CB624C47FDDEAB2FC509.web07-pub?0,1620591349,16:15:49,20210509
16,2016-12-31,DWNI.DE,EUR,2016-12-31,2016-12-31,Q4,248834000,96151000.0,152683000,0.6135938014901501,0.0,-26633000.0,0.0,-4942000.0,575503000.0,671654000.0,29300000.0,539153000.0,116333000,0.4675124781983169,-422820000,-1.6992050925516609,0.0,1559676000.0,6.26793766125208,574899000.0,965620000.0,3.880579020551854,2.849729851146547,2.849729851146547,338846154,338846154,https://www.bundesanzeiger.de/pub/de/suche;wwwsid=627BFD7A56A5CB624C47FDDEAB2FC509.web07-pub?0,https://www.bundesanzeiger.de/pub/de/suche;wwwsid=627BFD7A56A5CB624C47FDDEAB2FC509.web07-pub?0,1620591349,16:15:49,20210509
17,2016-09-30,DWNI.DE,EUR,2016-09-30,2016-09-30,Q3,276232000,109027000.0,167205000,0.6053064091053897,0.0,17836000.0,0.0,0.0,20624000.0,129651000.0,36849000.0,1581000.0,148162000,0.5363679805380984,146581000,0.5306445306843522,0.0,50445000.0,0.18261823394827537,35072000.0,12945000.0,0.0468627820093255,0.04,0.04,323625000,323625000,https://www.bundesanzeiger.de/pub/de/suche;wwwsid=627BFD7A56A5CB624C47FDDEAB2FC509.web07-pub?0,https://www.bundesanzeiger.de/pub/de/suche;wwwsid=627BFD7A56A5CB624C47FDDEAB2FC509.web07-pub?0,1620591349,16:15:49,20210509
18,2016-06-30,DWNI.DE,EUR,2016-06-30,2016-06-30,Q2,255524000,93448000.0,162076000,0.634288755655046,0.0,18155000.0,0.0,0.0,19713000.0,113161000.0,32276000.0,1651000.0,144014000,0.5636026361515943,142363000,0.5571414035472206,0.0,751432000.0,2.940749205554077,228972000.0,507960000.0,1.9879150295079915,1.51,1.51,336397351,336397351,https://www.bundesanzeiger.de/pub/de/suche;wwwsid=627BFD7A56A5CB624C47FDDEAB2FC509.web07-pub?0,https://www.bundesanzeiger.de/pub/de/suche;wwwsid=627BFD7A56A5CB624C47FDDEAB2FC509.web07-pub?0,1620591349,16:15:49,20210509
19,2016-03-31,DWNI.DE,EUR,2016-03-31,2016-03-31,Q1,347254000,171755000.0,175499000,0.5053908666278862,0.0,16442000.0,0.0,170000.0,17780000.0,189535000.0,26500000.0,1338000.0,159057000,0.4580422399741976,157719000,0.45418915260875325,0.0,127630000.0,0.3675407626694005,27074000.0,97326000.0,0.28027322939404586,0.29,0.26,337420000,374330769,https://www.bundesanzeiger.de/pub/de/suche;wwwsid=627BFD7A56A5CB624C47FDDEAB2FC509.web07-pub?0,https://www.bundesanzeiger.de/pub/de/suche;wwwsid=627BFD7A56A5CB624C47FDDEAB2FC509.web07-pub?0,1620591349,16:15:49,20210509
20,2015-12-31,DWNI.DE,EUR,2015-12-31,2015-12-31,Q4,258490000,120532000.0,137958000,0.5337073000889783,0.0,-26046000.0,0.0,0.0,50959000.0,171491000.0,39100000.0,1523000.0,88522000,0.34245812217107047,86999000,0.33656621145885723,0.0,1001789000.0,3.875542574180819,316921000.0,661244000.0,2.558102827962397,1.9514578878767501,1.9514578878767501,338846154,338846154,https://www.bundesanzeiger.de/pub/de/suche;wwwsid=627BFD7A56A5CB624C47FDDEAB2FC509.web07-pub?0,https://www.bundesanzeiger.de/pub/de/suche;wwwsid=627BFD7A56A5CB624C47FDDEAB2FC509.web07-pub?0,1620591349,16:15:49,20210509
21,2015-09-30,DWNI.DE,EUR,2015-09-30,2015-09-30,Q3,262453000,109997000.0,152456000,0.5808887686557213,0.0,18017000.0,0.0,0.0,37508000.0,147505000.0,49075000.0,1457000.0,116405000,0.44352703150659356,114948000,0.4379755613386016,0.0,-21172000.0,-0.08066968180969546,-39000.0,-23885000.0,-0.0910067707360937,-0.14,-0.14,337370000,337370000,https://www.bundesanzeiger.de/pub/de/suche;wwwsid=627BFD7A56A5CB624C47FDDEAB2FC509.web07-pub?0,https://www.bundesanzeiger.de/pub/de/suche;wwwsid=627BFD7A56A5CB624C47FDDEAB2FC509.web07-pub?0,1620591349,16:15:49,20210509
22,2015-06-30,DWNI.DE,EUR,2015-06-30,2015-06-30,Q2,628508000,460830000.0,167678000,0.2667873758170143,0.0,18109000.0,0.0,0.0,27975000.0,488805000.0,70407000.0,1416000.0,141119000,0.22453015713403807,139703000,0.2222772025177086,0.0,833791000.0,1.3266195497909334,246720000.0,571119000.0,0.9086901041832403,1.88,1.79,303786702,319060894,https://www.bundesanzeiger.de/pub/de/suche;wwwsid=627BFD7A56A5CB624C47FDDEAB2FC509.web07-pub?0,https://www.bundesanzeiger.de/pub/de/suche;wwwsid=627BFD7A56A5CB624C47FDDEAB2FC509.web07-pub?0,1620591349,16:15:49,20210509
23,2015-03-31,DWNI.DE,EUR,2015-03-31,2015-03-31,Q1,226296000,77652000.0,148644000,0.6568565065224308,0.0,18270000.0,0.0,-450000.0,27458000.0,105110000.0,30200000.0,1261000.0,122447000,0.5410921978293916,121186000,0.5355198501078234,0.0,-27252000.0,-0.12042634425707922,16980000.0,-47074000.0,-0.20801958496836,-0.145417,-0.145417,324254578,324254578,https://www.bundesanzeiger.de/pub/de/suche;wwwsid=627BFD7A56A5CB624C47FDDEAB2FC509.web07-pub?0,https://www.bundesanzeiger.de/pub/de/suche;wwwsid=627BFD7A56A5CB624C47FDDEAB2FC509.web07-pub?0,1620591349,16:15:49,20210509
24,2014-12-31,DWNI.DE,EUR,2014-12-31,2014-12-31,Q4,224489000,87075000.0,137414000,0.6121190793312813,0.0,-33177000.0,0.0,0.0,36176000.0,123251000.0,35200000.0,1545000.0,102783000,0.45785316875214377,101238000,0.4509708716239994,0.0,851960000.0,3.7951080008374576,107596000.0,717076000.0,3.1942589614635906,2.1162288299131764,2.1162288299131764,338846154,338846154,https://www.bundesanzeiger.de/pub/de/suche;wwwsid=627BFD7A56A5CB624C47FDDEAB2FC509.web07-pub?0,https://www.bundesanzeiger.de/pub/de/suche;wwwsid=627BFD7A56A5CB624C47FDDEAB2FC509.web07-pub?0,1620591349,16:15:49,20210509
25,2014-09-30,DWNI.DE,EUR,2014-09-30,2014-09-30,Q3,240229000,96648000.0,143581000,0.597683876634378,0.0,20932000.0,0.0,0.0,33552000.0,130200000.0,56292000.0,1378000.0,111407000,0.4637533353591781,110029000,0.45801714197703025,0.0,55980000.0,0.2330276527813045,5693000.0,47298000.0,0.1968871368569157,0.154505,0.118151,306125733,400318266,https://www.bundesanzeiger.de/pub/de/suche;wwwsid=627BFD7A56A5CB624C47FDDEAB2FC509.web07-pub?0,https://www.bundesanzeiger.de/pub/de/suche;wwwsid=627BFD7A56A5CB624C47FDDEAB2FC509.web07-pub?0,1620591349,16:15:49,20210509
26,2014-06-30,DWNI.DE,EUR,2014-06-30,2014-06-30,Q2,225409000,83462000.0,141947000,0.6297308448198607,0.0,23011000.0,0.0,0.0,27784000.0,111246000.0,47659000.0,1606000.0,115769000,0.513595286789791,114163000,0.5064704603631621,0.0,59306000.0,0.2631039576946794,10254000.0,47241000.0,0.20957903189313648,0.145417,0.145417,601144145,601144145,https://www.bundesanzeiger.de/pub/de/suche;wwwsid=627BFD7A56A5CB624C47FDDEAB2FC509.web07-pub?0,https://www.bundesanzeiger.de/pub/de/suche;wwwsid=627BFD7A56A5CB624C47FDDEAB2FC509.web07-pub?0,1620591349,16:15:49,20210509
27,2014-03-31,DWNI.DE,EUR,2014-03-31,2014-03-31,Q1,258404000,106700000.0,151704000,0.5870806953452733,0.0,22834000.0,0.0,0.0,28690000.0,135390000.0,52300000.0,1563000.0,124577000,0.48210167025278244,123014000,0.47605300227550656,0.0,54183000.0,0.20968328663642977,8634000.0,44292000.0,0.17140601538675873,0.145417,0.136328,314902139,314902139,https://www.bundesanzeiger.de/pub/de/suche;wwwsid=627BFD7A56A5CB624C47FDDEAB2FC509.web07-pub?0,https://www.bundesanzeiger.de/pub/de/suche;wwwsid=627BFD7A56A5CB624C47FDDEAB2FC509.web07-pub?0,1620591349,16:15:49,20210509
28,2013-12-31,DWNI.DE,EUR,2013-12-31,2013-12-31,Q4,198505000,109289000.0,89216000,0.44943956071635477,0.0,-16748000.0,0.0,0.0,31078000.0,140367000.0,40300000.0,1499000.0,59637000,0.30043071962922846,58138000,0.292879272562404,0.0,121287000.0,0.6110022417571346,-24949000.0,145934000.0,0.7351653610740284,0.43067922795428865,0.43067922795428865,338846154,338846154,https://www.bundesanzeiger.de/pub/de/suche;wwwsid=627BFD7A56A5CB624C47FDDEAB2FC509.web07-pub?0,https://www.bundesanzeiger.de/pub/de/suche;wwwsid=627BFD7A56A5CB624C47FDDEAB2FC509.web07-pub?0,1620591349,16:15:49,20210509
29,2013-09-30,DWNI.DE,EUR,2013-09-30,2013-09-30,Q3,144485000,66490000.0,77995000,0.5398138215039624,0.0,12285000.0,0.0,0.0,18904000.0,85394000.0,32026000.0,1304000.0,60395000,0.41800186870609407,59091000,0.4089767103851611,0.0,27345000.0,0.18925840052600615,11058000.0,16287000.0,0.11272450427380006,0.090885,0.090885,354759477,354759477,https://www.bundesanzeiger.de/pub/de/suche;wwwsid=627BFD7A56A5CB624C47FDDEAB2FC509.web07-pub?0,https://www.bundesanzeiger.de/pub/de/suche;wwwsid=627BFD7A56A5CB624C47FDDEAB2FC509.web07-pub?0,1620591349,16:15:49,20210509
30,2013-06-30,DWNI.DE,EUR,2013-06-30,2013-06-30,Q2,130186000,51755000.0,78431000,0.602453412809365,0.0,10404000.0,0.0,0.0,12557000.0,64312000.0,31231000.0,1390000.0,67264000,0.5166761402915828,65874000,0.50599910896717,0.0,35147000.0,0.2699752661576514,11168000.0,23979000.0,0.18419031232236954,0.136328,0.136328,354759477,354759477,https://www.bundesanzeiger.de/pub/de/suche;wwwsid=627BFD7A56A5CB624C47FDDEAB2FC509.web07-pub?0,https://www.bundesanzeiger.de/pub/de/suche;wwwsid=627BFD7A56A5CB624C47FDDEAB2FC509.web07-pub?0,1620591349,16:15:49,20210509
31,2013-03-31,DWNI.DE,EUR,2013-03-31,2013-03-31,Q1,128138000,48621000.0,79517000,0.6205575239195242,0.0,11759000.0,0.0,0.0,15190000.0,63811000.0,30300000.0,1316000.0,65643000,0.5122836317095631,64327000,0.5020134542446425,0.0,34135000.0,0.2663924831041533,7924000.0,26211000.0,0.20455290390048228,0.154505,0.154505,173955374,173955374,https://www.bundesanzeiger.de/pub/de/suche;wwwsid=627BFD7A56A5CB624C47FDDEAB2FC509.web07-pub?0,https://www.bundesanzeiger.de/pub/de/suche;wwwsid=627BFD7A56A5CB624C47FDDEAB2FC509.web07-pub?0,1620591349,16:15:49,20210509
32,2012-12-31,DWNI.DE,EUR,2012-12-31,2012-12-31,Q4,161140000,190135000.0,-28995000,-0.17993670100533699,0.0,0.0,0.0,0.0,-92143000.0,97992000.0,0.0,905000.0,64053000,0.39749906913243144,63148000,0.3918828348020355,0.0,133179000.0,0.8264800794340326,38438000.0,94741000.0,0.5879421620950727,0.2795988647992741,0.2795988647992741,338846154,338846154,https://www.bundesanzeiger.de/pub/de/suche;wwwsid=627BFD7A56A5CB624C47FDDEAB2FC509.web07-pub?0,https://www.bundesanzeiger.de/pub/de/suche;wwwsid=627BFD7A56A5CB624C47FDDEAB2FC509.web07-pub?0,1620591349,16:15:49,20210509
33,2012-09-30,DWNI.DE,EUR,2012-09-30,2012-09-30,Q3,99695000,13662000.0,86033000,0.8629620342043232,0.0,0.0,0.0,0.0,38845000.0,52507000.0,0.0,788000.0,47976000,0.48122774462109436,47188000,0.4733236370931341,0.0,19063000.0,0.1912132002607954,5221000.0,13842000.0,0.13884347259140378,0.06362,0.06362,146140000,146140000,https://www.bundesanzeiger.de/pub/de/suche;wwwsid=627BFD7A56A5CB624C47FDDEAB2FC509.web07-pub?0,https://www.bundesanzeiger.de/pub/de/suche;wwwsid=627BFD7A56A5CB624C47FDDEAB2FC509.web07-pub?0,1620591349,16:15:49,20210509
34,2012-06-30,DWNI.DE,EUR,2012-06-30,2012-06-30,Q2,51719000,9197000.0,42522000,0.8221736692511457,0.0,8273000.0,0.0,0.0,-17844000.0,-8647000.0,26842000.0,733000.0,61099000,1.181364682225101,60366000,1.167191941066146,0.0,33914000.0,0.6557358030897736,11407000.0,22507000.0,0.43517856107039965,0.199948,0.199948,112564361,112564361,https://www.bundesanzeiger.de/pub/de/suche;wwwsid=627BFD7A56A5CB624C47FDDEAB2FC509.web07-pub?0,https://www.bundesanzeiger.de/pub/de/suche;wwwsid=627BFD7A56A5CB624C47FDDEAB2FC509.web07-pub?0,1620591349,16:15:49,20210509
35,2012-03-31,DWNI.DE,EUR,2012-03-31,2012-03-31,Q1,68738000,18235000.0,50503000,0.734717332479851,0.0,7762000.0,0.0,0.0,8132000.0,26367000.0,23178000.0,703000.0,43074000,0.6266402863045186,42371000,0.6164130466408683,0.0,19480000.0,0.283394919840554,5057000.0,14423000.0,0.20982571503389683,0.12724,0.12724,112559360,112559360,https://www.bundesanzeiger.de/pub/de/suche;wwwsid=627BFD7A56A5CB624C47FDDEAB2FC509.web07-pub?0,https://www.bundesanzeiger.de/pub/de/suche;wwwsid=627BFD7A56A5CB624C47FDDEAB2FC509.web07-pub?0,1620591349,16:15:49,20210509
36,2011-12-31,DWNI.DE,EUR,2011-12-31,2011-12-31,Q4,-29877000,-50700000.0,20823000,-0.6969575258560097,0.0,0.0,0.0,0.0,-51861000.0,-102561000.0,24584000.0,545000.0,73229000,-2.451015831576129,72684000,-2.432774374937243,0.0,48365000.0,-1.6188037620912408,17519000.0,30846000.0,-1.032432975198313,0.09103246306877073,0.09103246306877073,338846154,338846154,https://www.bundesanzeiger.de/pub/de/suche;wwwsid=627BFD7A56A5CB624C47FDDEAB2FC509.web07-pub?0,https://www.bundesanzeiger.de/pub/de/suche;wwwsid=627BFD7A56A5CB624C47FDDEAB2FC509.web07-pub?0,1620591349,16:15:49,20210509
37,2011-09-30,DWNI.DE,EUR,2011-09-30,2011-09-30,Q3,78792000,33461000.0,45331000,0.5753249060818357,0.0,0.0,0.0,0.0,11291000.0,44752000.0,23527000.0,834000.0,34874000,0.44260838663823737,34040000,0.4320235556909331,0.0,10141000.0,0.12870595999593867,7358000.0,2783000.0,0.03532084475581277,0.026507,0.026507,92623746,92623746,https://www.bundesanzeiger.de/pub/de/suche;wwwsid=627BFD7A56A5CB624C47FDDEAB2FC509.web07-pub?0,https://www.bundesanzeiger.de/pub/de/suche;wwwsid=627BFD7A56A5CB624C47FDDEAB2FC509.web07-pub?0,1620591349,16:15:49,20210509
38,2011-06-30,DWNI.DE,EUR,2011-06-30,2011-06-30,Q2,81330000,29175000.0,52155000,0.6412762818148284,0.0,0.0,0.0,96000.0,16380000.0,45555000.0,22886000.0,823000.0,36598000,0.4499938522070577,35775000,0.4398745850239764,0.0,13107000.0,0.16115824419033567,4618000.0,8489000.0,0.1043772285749416,0.088357,0.088357,92623746,92623746,https://www.bundesanzeiger.de/pub/de/suche;wwwsid=627BFD7A56A5CB624C47FDDEAB2FC509.web07-pub?0,https://www.bundesanzeiger.de/pub/de/suche;wwwsid=627BFD7A56A5CB624C47FDDEAB2FC509.web07-pub?0,1620591349,16:15:49,20210509
39,2011-03-31,DWNI.DE,EUR,2011-03-31,2011-03-31,Q1,73241000,27045000.0,46196000,0.6307396130582598,0.0,0.0,0.0,215000.0,9670000.0,36715000.0,22715000.0,805000.0,37331000,0.509700850616458,36526000,0.49870973908056965,0.0,14176000.0,0.19355279146925902,5719000.0,8457000.0,0.11546811212299123,0.088357,0.088357,92623746,92623746,https://www.bundesanzeiger.de/pub/de/suche;wwwsid=627BFD7A56A5CB624C47FDDEAB2FC509.web07-pub?0,https://www.bundesanzeiger.de/pub/de/suche;wwwsid=627BFD7A56A5CB624C47FDDEAB2FC509.web07-pub?0,1620591349,16:15:49,20210509
40,2010-12-31,DWNI.DE,EUR,2010-12-31,2010-12-31,Q4,226205000,182450000.0,43755000,0.19343073760526955,0.0,0.0,0.0,77683000.0,12877000.0,195327000.0,0.0,667000.0,31545000,0.13945315090294202,30878000,0.1365044981322252,0.0,32625000.0,0.14422758117636658,18941000.0,13684000.0,0.060493799871797704,0.040384108948747284,0.040384108948747284,338846154,338846154,https://www.bundesanzeiger.de/pub/de/suche;wwwsid=627BFD7A56A5CB624C47FDDEAB2FC509.web07-pub?0,https://www.bundesanzeiger.de/pub/de/suche;wwwsid=627BFD7A56A5CB624C47FDDEAB2FC509.web07-pub?0,1620591349,16:15:49,20210509
41,2010-09-30,DWNI.DE,EUR,2010-09-30,2010-09-30,Q3,85284000,34570000.0,50714000,0.5946484686459359,0.0,0.0,0.0,0.0,16792000.0,51362000.0,25022000.0,813000.0,34735000,0.4072862436095868,33922000,0.3977533886778294,0.0,8509000.0,0.09977252474086581,6521000.0,1988000.0,0.023310351296843487,0.017671,0.017671,112497561,112497561,https://www.bundesanzeiger.de/pub/de/suche;wwwsid=627BFD7A56A5CB624C47FDDEAB2FC509.web07-pub?0,https://www.bundesanzeiger.de/pub/de/suche;wwwsid=627BFD7A56A5CB624C47FDDEAB2FC509.web07-pub?0,1620591349,16:15:49,20210509
42,2010-06-30,DWNI.DE,EUR,2010-06-30,2010-06-30,Q2,83956000,32139000.0,51817000,0.6171923388441565,0.0,0.0,0.0,-1534000.0,17326000.0,49465000.0,25798000.0,847000.0,35338000,0.42091095335652007,34491000,0.4108223355090762,0.0,7255000.0,0.08641431225880224,4284000.0,2971000.0,0.035387583972557056,0.035343,0.035343,84061935,84061935,https://www.bundesanzeiger.de/pub/de/suche;wwwsid=627BFD7A56A5CB624C47FDDEAB2FC509.web07-pub?0,https://www.bundesanzeiger.de/pub/de/suche;wwwsid=627BFD7A56A5CB624C47FDDEAB2FC509.web07-pub?0,1620591349,16:15:49,20210509
43,2010-03-31,DWNI.DE,EUR,2010-03-31,2010-03-31,Q1,74048000,25546000.0,48502000,0.6550075626620571,0.0,0.0,0.0,-353000.0,14718000.0,40264000.0,24901000.0,717000.0,34501000,0.46592750648228176,33784000,0.4562445980985307,0.0,8750000.0,0.11816659464131374,3588000.0,5162000.0,0.06971153846153846,0.053014,0.053014,92623746,92623746,https://www.bundesanzeiger.de/pub/de/suche;wwwsid=627BFD7A56A5CB624C47FDDEAB2FC509.web07-pub?0,https://www.bundesanzeiger.de/pub/de/suche;wwwsid=627BFD7A56A5CB624C47FDDEAB2FC509.web07-pub?0,1620591349,16:15:49,20210509
44,2009-12-31,DWNI.DE,EUR,2009-12-31,2009-12-31,Q4,77738000,38738000.0,39000000,0.5016851475468883,0.0,0.0,0.0,-3148000.0,5925000.0,44663000.0,33659000.0,668000.0,33743000,0.4340605624019141,33075000,0.4254675962849572,0.0,-3914000.0,-0.050348606858936426,6860000.0,-10773000.0,-0.1385808742185289,-0.03179318954288618,-0.03179318954288618,338846154,338846154,https://www.bundesanzeiger.de/pub/de/suche;wwwsid=627BFD7A56A5CB624C47FDDEAB2FC509.web07-pub?0,https://www.bundesanzeiger.de/pub/de/suche;wwwsid=627BFD7A56A5CB624C47FDDEAB2FC509.web07-pub?0,1620591349,16:15:49,20210509
45,2009-09-30,DWNI.DE,EUR,2009-09-30,2009-09-30,Q3,89302000,38048000.0,51254000,0.5739401133233298,0.0,0.0,0.0,0.0,16701000.0,54749000.0,29328000.0,701000.0,35254000,0.39477279344247607,34553000,0.3869230252401962,0.0,3126000.0,0.0350048151217218,3238000.0,-112000.0,-0.0012541712391659762,-0.002199,-0.002199,50943060,50943060,https://www.bundesanzeiger.de/pub/de/suche;wwwsid=627BFD7A56A5CB624C47FDDEAB2FC509.web07-pub?0,https://www.bundesanzeiger.de/pub/de/suche;wwwsid=627BFD7A56A5CB624C47FDDEAB2FC509.web07-pub?0,1620591349,16:15:49,20210509
46,2009-06-30,DWNI.DE,EUR,2009-06-30,2009-06-30,Q2,89328000,10034000.0,79294000,0.8876723983521404,0.0,0.0,0.0,-914000.0,44998000.0,55032000.0,0.0,914000.0,35210000,0.39416532330288373,34296000,0.38393336915636755,0.0,3453000.0,0.03865529285330468,3621000.0,-169000.0,-0.0018919039942683145,-0.005182,-0.005182,50943060,50943060,https://www.bundesanzeiger.de/pub/de/suche;wwwsid=627BFD7A56A5CB624C47FDDEAB2FC509.web07-pub?0,https://www.bundesanzeiger.de/pub/de/suche;wwwsid=627BFD7A56A5CB624C47FDDEAB2FC509.web07-pub?0,1620591349,16:15:49,20210509
47,2009-03-31,DWNI.DE,EUR,2009-03-31,2009-03-31,Q1,74626000,26185000.0,48441000,0.6491169297563851,0.0,0.0,0.0,0.0,15955000.0,42140000.0,27909000.0,496000.0,32982000,0.44196392678155066,32486000,0.4353174496824163,0.0,688000.0,0.00921930694396055,2911000.0,-2224000.0,-0.02980194570257015,-0.070686,-0.070686,29878627,29878627,https://www.bundesanzeiger.de/pub/de/suche;wwwsid=627BFD7A56A5CB624C47FDDEAB2FC509.web07-pub?0,https://www.bundesanzeiger.de/pub/de/suche;wwwsid=627BFD7A56A5CB624C47FDDEAB2FC509.web07-pub?0,1620591349,16:15:49,20210509
48,2008-06-30,DWNI.DE,EUR,2008-06-30,2008-06-30,Q2,91956000,9828000.0,82128000,0.893122797859846,0.0,0.0,0.0,-417000.0,49380000.0,59208000.0,0.0,0.0,48269000,0.5249140893470791,32748000,0.35612684327286964,0.0,35668000.0,0.38788116055504807,12075000.0,23121000.0,0.25143546913741355,0.456039,0.450856,50943060,51282415,https://www.bundesanzeiger.de/pub/de/suche;wwwsid=627BFD7A56A5CB624C47FDDEAB2FC509.web07-pub?0,https://www.bundesanzeiger.de/pub/de/suche;wwwsid=627BFD7A56A5CB624C47FDDEAB2FC509.web07-pub?0,1620591349,16:15:49,20210509
