,date,symbol,reportedCurrency,fillingDate,acceptedDate,period,revenue,costOfRevenue,grossProfit,grossProfitRatio,researchAndDevelopmentExpenses,generalAndAdministrativeExpenses,sellingAndMarketingExpenses,otherExpenses,operatingExpenses,costAndExpenses,interestExpense,depreciationAndAmortization,ebitda,ebitdaratio,operatingIncome,operatingIncomeRatio,totalOtherIncomeExpensesNet,incomeBeforeTax,incomeBeforeTaxRatio,incomeTaxExpense,netIncome,netIncomeRatio,eps,epsdiluted,weightedAverageShsOut,weightedAverageShsOutDil,link,finalLink,timestamp,est_time,est_date
0,2021-03-31,UEIC,USD,2021-05-07,2021-05-06 18:24:00,Q1,150542000.0,104143000.0,46399000.0,0.3082129903947071,7942000.0,29846000.0,0.0,23000.0,37788000.0,141931000.0,108.0,6319000.0,14930000.0,0.09917498106840617,8611000.0,0.05719998405760519,23.0,8526000.0,0.056635357574630334,1533.0,6993000.0,0.04645215288756626,0.5079169087739687,0.49599262359032553,13768000.0,14099000.0,https://www.sec.gov/Archives/edgar/data/101984/000010198421000031/0000101984-21-000031-index.htm,https://www.sec.gov/Archives/edgar/data/101984/000010198421000031/ueic-20210331.htm,1620599226,18:27:06,20210509
1,2020-12-31,UEIC,USD,2021-03-05,2021-03-05 13:50:46,Q4,156264000.0,105180000.0,51084000.0,0.3269083090155122,8471000.0,30098000.0,0.0,456000.0,38569000.0,143749000.0,0.0,6878000.0,19393000.0,0.12410408027440742,12515000.0,0.0800888240413659,-141000.0,12224000.0,0.0782265908974556,66000.0,12158000.0,0.07780422874110479,0.88,0.86,13768000.0,14099000.0,https://www.sec.gov/Archives/edgar/data/101984/000010198421000009/0000101984-21-000009-index.htm,https://www.sec.gov/Archives/edgar/data/101984/000010198421000009/ueic-20201231.htm,1620599226,18:27:06,20210509
2,2020-09-30,UEIC,USD,2020-11-06,2020-11-05 17:49:11,Q3,153505000.0,109349000.0,44156000.0,0.28765186801732845,7696000.0,26214000.0,0.0,-49000.0,33910000.0,143259000.0,0.0,7194000.0,17440000.0,0.11361193446467542,10246000.0,0.0667470114979968,-1646000.0,8332000.0,0.05427836226833002,2164000.0,6168000.0,0.040181101592781994,0.44,0.43,13928000.0,14205000.0,https://www.sec.gov/Archives/edgar/data/101984/000010198420000048/0000101984-20-000048-index.htm,https://www.sec.gov/Archives/edgar/data/101984/000010198420000048/ueic-20200930.htm,1620599226,18:27:06,20210509
3,2020-06-30,UEIC,USD,2020-08-07,2020-08-06 18:08:20,Q2,153133000.0,115058000.0,38075000.0,0.24864007104934926,7385000.0,24230000.0,0.0,226000.0,31615000.0,146673000.0,0.0,8165000.0,14625000.0,0.09550521442145063,6460000.0,0.042185551122227084,10195000.0,16283000.0,0.10633240385808415,1883000.0,14400000.0,0.0940359034303514,1.03,1.02,13915000.0,14151000.0,https://www.sec.gov/Archives/edgar/data/101984/000010198420000035/0000101984-20-000035-index.htm,https://www.sec.gov/Archives/edgar/data/101984/000010198420000035/uei-06302020x10q.htm,1620599226,18:27:06,20210509
4,2020-03-31,UEIC,USD,2020-05-08,2020-05-08 13:57:25,Q1,151778000.0,108837000.0,42941000.0,0.28291979074701207,7898000.0,26997000.0,0.0,-52000.0,34895000.0,143732000.0,0.0,7498000.0,15544000.0,0.10241273438838304,8046000.0,0.05301163541488226,-348000.0,7066000.0,0.04655483666934602,1220000.0,5846000.0,0.038516781088168243,0.42,0.41,13960000.0,14211000.0,https://www.sec.gov/Archives/edgar/data/101984/000010198420000018/0000101984-20-000018-index.htm,https://www.sec.gov/Archives/edgar/data/101984/000010198420000009/a10k20191231-10k.htm,1620599226,18:27:06,20210509
5,2019-12-31,UEIC,USD,2020-03-16,2020-03-13 19:06:58,Q4,174694000.0,124837000.0,49857000.0,0.2853961784606226,7528000.0,30878000.0,0.0,-307000.0,38406000.0,163243000.0,0.0,8192000.0,19643000.0,0.11244232772734038,11451000.0,0.06554890265263832,-569000.0,10052000.0,0.05754061387340149,3025000.0,7027000.0,0.04022462133788224,0.5,0.49,13931000.0,14286000.0,https://www.sec.gov/Archives/edgar/data/101984/000010198420000009/0000101984-20-000009-index.htm,https://www.sec.gov/Archives/edgar/data/101984/000010198420000009/a10k20191231-10k.htm,1620599226,18:27:06,20210509
6,2019-09-30,UEIC,USD,2019-11-08,2019-11-07 18:52:24,Q3,200724000.0,154245000.0,46479000.0,0.23155676451246487,7930000.0,32422000.0,0.0,173000.0,40352000.0,194597000.0,0.0,7863000.0,13990000.0,0.06969769434646579,6127000.0,0.030524501305274905,-148000.0,5195000.0,0.025881309659034298,2526000.0,2669000.0,0.013296865347442259,0.19209730819058587,0.18835568101623149,13894000.0,14170000.0,https://www.sec.gov/Archives/edgar/data/101984/000010198419000045/0000101984-19-000045-index.htm,https://www.sec.gov/Archives/edgar/data/101984/000010198419000045/uei-09302019x10q.htm,1620599226,18:27:06,20210509
7,2019-06-30,UEIC,USD,2019-08-08,2019-08-08 17:31:10,Q2,193896000.0,159903000.0,33993000.0,0.17531563312291126,7163000.0,30756000.0,0.0,135000.0,37919000.0,197822000.0,0.0,7852000.0,3926000.0,0.02024796798283616,-3926000.0,-0.02024796798283616,188000.0,-4836000.0,-0.024941205594751825,225000.0,-5061000.0,-0.026101621487807897,-0.37,-0.37,13863000.0,13863000.0,https://www.sec.gov/Archives/edgar/data/101984/000010198419000034/0000101984-19-000034-index.htm,https://www.sec.gov/Archives/edgar/data/101984/000010198419000034/uei-06302019x10q.htm,1620599226,18:27:06,20210509
8,2019-03-31,UEIC,USD,2019-05-09,2019-05-08 19:38:19,Q1,184163000.0,144289000.0,39874000.0,0.21651471794008567,6791000.0,31420000.0,0.0,-63000.0,38211000.0,182500000.0,0.0,8019000.0,9682000.0,0.05257299240346867,1663000.0,0.009030044037075852,-466000.0,-9000.0,-4.886975125296612e-05,996000.0,-1005000.0,-0.005457122223247884,-0.07,-0.07,13827000.0,13827000.0,https://www.sec.gov/Archives/edgar/data/101984/000010198419000021/0000101984-19-000021-index.htm,https://www.sec.gov/Archives/edgar/data/101984/000010198419000012/a10k20181231-10k.htm,1620599226,18:27:06,20210509
9,2018-12-31,UEIC,USD,2019-03-15,2019-03-14 20:25:11,Q4,170303000.0,132776000.0,37527000.0,0.22035430967158534,6112000.0,28843000.0,0.0,-78000.0,34955000.0,167731000.0,0.0,8338000.0,10910000.0,0.06406228897905498,2572000.0,0.015102493790479322,-506000.0,902000.0,0.005296442223566232,12009000.0,-11107000.0,-0.06521905075072078,-0.8,-0.8,13804000.0,13804000.0,https://www.sec.gov/Archives/edgar/data/101984/000010198419000012/0000101984-19-000012-index.htm,https://www.sec.gov/Archives/edgar/data/101984/000010198419000012/a10k20181231-10k.htm,1620599226,18:27:06,20210509
10,2018-09-30,UEIC,USD,2018-11-09,2018-11-08 21:00:47,Q3,182717000.0,142401000.0,40316000.0,0.22064723041643636,5593000.0,29994000.0,0.0,26000.0,35587000.0,177988000.0,0.0,8351000.0,13080000.0,0.07158611404521746,4729000.0,0.02588155453515546,-2282000.0,1270000.0,0.006950639513564693,311000.0,959000.0,0.005248553774416174,0.06931193986701359,0.06870119636077082,13836000.0,13959000.0,https://www.sec.gov/Archives/edgar/data/101984/000010198418000042/0000101984-18-000042-index.htm,https://www.sec.gov/Archives/edgar/data/101984/000010198418000042/uei-09302018x10q.htm,1620599226,18:27:06,20210509
11,2018-06-30,UEIC,USD,2018-08-08,2018-08-08 17:27:17,Q2,162523000.0,135764000.0,26759000.0,0.16464746528183702,6059000.0,30570000.0,0.0,18000.0,36629000.0,172393000.0,0.0,8670000.0,-1200000.0,-0.007383570325430862,-9870000.0,-0.06072986592666884,35896000.0,24747000.0,0.15226767903619795,2088000.0,22659000.0,0.13942026666994825,1.61,1.6,14070000.0,14158000.0,https://www.sec.gov/Archives/edgar/data/101984/000010198418000032/0000101984-18-000032-index.htm,https://www.sec.gov/Archives/edgar/data/101984/000010198418000032/uei-06302018x10q.htm,1620599226,18:27:06,20210509
12,2018-03-31,UEIC,USD,2018-05-09,2018-05-09 17:27:01,Q1,164698000.0,127496000.0,37202000.0,0.22588009569029374,6051000.0,30247000.0,0.0,19000.0,36298000.0,163794000.0,0.0,8243000.0,9147000.0,0.05553801503357661,904000.0,0.0054888341084894775,-587000.0,-753000.0,-0.004572004517359045,-166000.0,-587000.0,-0.003564099139030225,-0.04,-0.04,14087000.0,14087000.0,https://www.sec.gov/Archives/edgar/data/101984/000010198418000017/0000101984-18-000017-index.htm,https://www.sec.gov/Archives/edgar/data/101984/000010198418000008/a10k20171231-10k.htm,1620599226,18:27:06,20210509
13,2017-12-31,UEIC,USD,2018-03-13,2018-03-12 21:43:21,Q4,181152000.0,143300000.0,37852000.0,0.208951598657481,5557000.0,32775000.0,0.0,239000.0,38332000.0,181632000.0,0.0,8110000.0,7630000.0,0.0421193252075605,-480000.0,-0.002649708532061473,-850000.0,-2188000.0,-0.012078254725313549,14666000.0,-16854000.0,-0.09303789083200847,-1.19,-1.19,14172000.0,14172000.0,https://www.sec.gov/Archives/edgar/data/101984/000010198418000008/0000101984-18-000008-index.htm,https://www.sec.gov/Archives/edgar/data/101984/000010198418000008/a10k20171231-10k.htm,1620599226,18:27:06,20210509
14,2017-09-30,UEIC,USD,2017-11-09,2017-11-08 21:03:30,Q3,175652000.0,132582000.0,43070000.0,0.2452007378225127,5415000.0,32997000.0,0.0,373000.0,38412000.0,170994000.0,0.0,7248000.0,11906000.0,0.06778175027896068,4658000.0,0.026518343087468404,-385000.0,3552000.0,0.02022180219980416,1824000.0,1728000.0,0.009837633502607428,0.12015854252138237,0.11782353743351971,14381000.0,14666000.0,https://www.sec.gov/Archives/edgar/data/101984/000010198417000046/0000101984-17-000046-index.htm,https://www.sec.gov/Archives/edgar/data/101984/000010198417000046/uei-09302017x10q.htm,1620599226,18:27:06,20210509
15,2017-06-30,UEIC,USD,2017-08-08,2017-08-08 15:07:52,Q2,177580000.0,133829000.0,43751000.0,0.2463734654803469,4946000.0,31053000.0,0.0,-50000.0,35999000.0,169828000.0,0.0,8309000.0,16061000.0,0.09044374366482712,7752000.0,0.04365356459060705,-1091000.0,6099000.0,0.03434508390584525,1415000.0,4684000.0,0.02637684423921613,0.33,0.32,14404000.0,14683000.0,https://www.sec.gov/Archives/edgar/data/101984/000010198417000033/0000101984-17-000033-index.htm,https://www.sec.gov/Archives/edgar/data/101984/000010198417000033/uei-06302017x10q.htm,1620599226,18:27:06,20210509
16,2017-03-31,UEIC,USD,2017-05-09,2017-05-09 12:49:49,Q1,161406000.0,120372000.0,41034000.0,0.25422846734322146,5498000.0,30651000.0,0.0,19000.0,36149000.0,156521000.0,0.0,7645000.0,12530000.0,0.07763032353196288,4885000.0,0.030265293731335886,-4667000.0,-175000.0,-0.0010842223956978056,-294000.0,119000.0,0.0007372712290745078,0.008235864073638315,0.008085887069375552,14449000.0,14717000.0,https://www.sec.gov/Archives/edgar/data/101984/000010198417000022/0000101984-17-000022-index.htm,https://www.sec.gov/Archives/edgar/data/101984/000010198417000007/a10k20161231-10k.htm,1620599226,18:27:06,20210509
17,2016-12-31,UEIC,USD,2017-03-09,2017-03-09 15:44:21,Q4,160542000.0,119306000.0,41236000.0,0.25685490401265715,4558000.0,30412000.0,0.0,15000.0,34970000.0,154276000.0,0.0,7973000.0,14239000.0,0.08869330144136736,6266000.0,0.039030284909867825,-886000.0,5084000.0,0.031667725579599106,1848000.0,3236000.0,0.02015671911400132,0.22263501891984863,0.21816220589226723,14535000.0,14833000.0,https://www.sec.gov/Archives/edgar/data/101984/000010198417000007/0000101984-17-000007-index.htm,https://www.sec.gov/Archives/edgar/data/101984/000010198417000007/a10k20161231-10k.htm,1620599226,18:27:06,20210509
18,2016-09-30,UEIC,USD,2016-11-08,2016-11-08 15:55:50,Q3,169185000.0,127400000.0,41785000.0,0.24697816000236428,4955000.0,28709000.0,0.0,114000.0,33664000.0,161064000.0,0.0,6962000.0,15083000.0,0.08915092945592103,8121000.0,0.04800070928273783,335000.0,8228000.0,0.04863315305730413,421000.0,7807000.0,0.04614475278541242,0.54,0.53,14510000.0,14848000.0,https://www.sec.gov/Archives/edgar/data/101984/000010198416000096/0000101984-16-000096-index.htm,https://www.sec.gov/Archives/edgar/data/101984/000010198416000096/uei-09302016x10q.htm,1620599226,18:27:06,20210509
19,2016-06-30,UEIC,USD,2016-08-09,2016-08-08 20:59:49,Q2,170986000.0,127530000.0,43456000.0,0.2541494625290959,5151000.0,30336000.0,0.0,43000.0,35487000.0,163017000.0,0.0,6103000.0,14072000.0,0.08229913560174518,7969000.0,0.046606154889874025,671000.0,8382000.0,0.04902155732048238,1784000.0,6590000.0,0.03854116711309698,0.46,0.45,14440000.0,14735000.0,https://www.sec.gov/Archives/edgar/data/101984/000010198416000083/0000101984-16-000083-index.htm,https://www.sec.gov/Archives/edgar/data/101984/000010198416000083/ueic-06302016x10q.htm,1620599226,18:27:06,20210509
20,2016-03-31,UEIC,USD,2016-05-10,2016-05-09 18:50:05,Q1,150658000.0,113011000.0,37647000.0,0.24988384287591764,5186000.0,29420000.0,0.0,8000.0,34606000.0,147617000.0,0.0,5929000.0,8970000.0,0.0595388230296433,3041000.0,0.020184789390540164,720000.0,3494000.0,0.023191599516786364,751000.0,2721000.0,0.018060773407319892,0.18931329576288874,0.18589874974379997,14373000.0,14637000.0,https://www.sec.gov/Archives/edgar/data/101984/000010198416000070/0000101984-16-000070-index.htm,https://www.sec.gov/Archives/edgar/data/101984/000010198416000062/a10k20151231-10k.htm,1620599226,18:27:06,20210509
21,2015-12-31,UEIC,USD,2016-03-11,2016-03-11 14:50:14,Q4,162110000.0,115859000.0,46251000.0,0.2853062735179816,5477000.0,30391000.0,0.0,51000.0,35868000.0,151727000.0,0.0,5993000.0,16376000.0,0.10101782740114737,10383000.0,0.06404910246129171,265000.0,10513000.0,0.06485102708037752,1178000.0,9339000.0,0.057609030904941086,0.65,0.64,14404000.0,14682000.0,https://www.sec.gov/Archives/edgar/data/101984/000010198416000062/0000101984-16-000062-index.htm,https://www.sec.gov/Archives/edgar/data/101984/000010198416000062/a10k20151231-10k.htm,1620599226,18:27:06,20210509
22,2015-09-30,UEIC,USD,2015-11-06,2015-11-06 16:40:10,Q3,160467000.0,117658000.0,42809000.0,0.266777592900721,4134000.0,29642000.0,0.0,75000.0,33776000.0,151434000.0,0.0,5047000.0,14080000.0,0.08774389749917429,9033000.0,0.05629194787713362,-558000.0,8459000.0,0.0527148884194258,2185000.0,6271000.0,0.03907968616600298,0.42,0.41,14966000.0,15230000.0,https://www.sec.gov/Archives/edgar/data/101984/000010198415000052/0000101984-15-000052-index.htm,https://www.sec.gov/Archives/edgar/data/101984/000010198415000052/ueic-09302015x10q.htm,1620599226,18:27:06,20210509
23,2015-06-30,UEIC,USD,2015-08-10,2015-08-07 19:21:39,Q2,147551000.0,107271000.0,40280000.0,0.27299035587695103,4096000.0,25784000.0,0.0,45000.0,29880000.0,137151000.0,0.0,4745000.0,15145000.0,0.10264247616078509,10400000.0,0.07048410380139748,56000.0,10560000.0,0.07156847462911128,2185000.0,8375000.0,0.05676003551314461,0.53,0.52,15732000.0,16029000.0,https://www.sec.gov/Archives/edgar/data/101984/000010198415000044/0000101984-15-000044-index.htm,https://www.sec.gov/Archives/edgar/data/101984/000010198415000044/ueic-06302015x10q.htm,1620599226,18:27:06,20210509
24,2015-03-31,UEIC,USD,2015-05-08,2015-05-08 16:07:09,Q1,132705000.0,95296000.0,37409000.0,0.2818959345917637,4434000.0,26872000.0,0.0,50000.0,31306000.0,126602000.0,0.0,4667000.0,10770000.0,0.08115745450435176,6103000.0,0.045989224219132666,230000.0,6443000.0,0.04855129799178629,1254000.0,5189000.0,0.03910176707735202,0.33,0.32,15907000.0,16243000.0,https://www.sec.gov/Archives/edgar/data/101984/000010198415000026/0000101984-15-000026-index.htm,https://www.sec.gov/Archives/edgar/data/101984/000010198415000011/a10k20141231-10k.htm,1620599226,18:27:06,20210509
25,2014-12-31,UEIC,USD,2015-03-06,2015-03-05 19:51:57,Q4,138389000.0,96708000.0,41681000.0,0.30118723308933515,4369000.0,27481000.0,0.0,34000.0,31850000.0,128558000.0,0.0,4799000.0,14630000.0,0.10571649480811336,9831000.0,0.0710388831482271,498000.0,10361000.0,0.0748686673073727,1459000.0,8902000.0,0.06432592185795113,0.56,0.55,15831000.0,16204000.0,https://www.sec.gov/Archives/edgar/data/101984/000010198415000011/0000101984-15-000011-index.htm,https://www.sec.gov/Archives/edgar/data/101984/000010198415000011/a10k20141231-10k.htm,1620599226,18:27:06,20210509
26,2014-09-30,UEIC,USD,2014-11-07,2014-11-06 18:37:30,Q3,147780000.0,102665000.0,45115000.0,0.30528488293409123,4210000.0,27120000.0,0.0,20000.0,31330000.0,133995000.0,0.0,4596000.0,18381000.0,0.12438083637840032,13785000.0,0.09328055217214778,-655000.0,13196000.0,0.08929489782108539,2325000.0,10871000.0,0.0735620516984707,0.69,0.68,15723000.0,16103000.0,https://www.sec.gov/Archives/edgar/data/101984/000010198414000063/0000101984-14-000063-index.htm,https://www.sec.gov/Archives/edgar/data/101984/000010198414000063/ueic-09302014x10q.htm,1620599226,18:27:06,20210509
27,2014-06-30,UEIC,USD,2014-08-08,2014-08-07 20:13:49,Q2,146315000.0,102757000.0,43558000.0,0.29770016744694666,4119000.0,27765000.0,0.0,-47000.0,31884000.0,134641000.0,0.0,4589000.0,16263000.0,0.1111505997334518,11674000.0,0.07978676143936028,-334000.0,11269000.0,0.07701876089259474,2781000.0,8488000.0,0.0580118238048047,0.54,0.53,15784000.0,16141000.0,https://www.sec.gov/Archives/edgar/data/101984/000010198414000047/0000101984-14-000047-index.htm,https://www.sec.gov/Archives/edgar/data/101984/000010198414000047/ueic-06302014x10q.htm,1620599226,18:27:06,20210509
28,2014-03-31,UEIC,USD,2014-05-06,2014-05-05 19:28:38,Q1,129845000.0,93299000.0,36546000.0,0.2814586622511456,4277000.0,26279000.0,0.0,7000.0,30556000.0,123855000.0,0.0,4260000.0,10250000.0,0.07894027494320151,5990000.0,0.046131926527783126,-349000.0,5625000.0,0.04332088259078132,1352000.0,4273000.0,0.032908467788517075,0.27,0.26,15787000.0,16163000.0,https://www.sec.gov/Archives/edgar/data/101984/000010198414000031/0000101984-14-000031-index.htm,https://www.sec.gov/Archives/edgar/data/101984/000010198414000014/ueic-12312013x10k.htm,1620599226,18:27:06,20210509
29,2013-12-31,UEIC,USD,2014-03-12,2014-03-12 16:02:34,Q4,136134000.0,95506000.0,40628000.0,0.2984412417177193,3984000.0,28832000.0,0.0,6000.0,32816000.0,128322000.0,0.0,4976000.0,12788000.0,0.09393685633273098,7812000.0,0.057384635726563535,-272000.0,7531000.0,0.05532049304361879,1978000.0,5553000.0,0.0407906915245273,0.36,0.35,15602000.0,16011000.0,https://www.sec.gov/Archives/edgar/data/101984/000010198414000014/0000101984-14-000014-index.htm,https://www.sec.gov/Archives/edgar/data/101984/000010198414000014/ueic-12312013x10k.htm,1620599226,18:27:06,20210509
30,2013-09-30,UEIC,USD,2013-11-08,2013-11-07 19:25:13,Q3,142389000.0,101940000.0,40449000.0,0.2840739102037376,4182000.0,25796000.0,0.0,68000.0,29978000.0,131918000.0,0.0,4599000.0,15070000.0,0.10583682728300642,10471000.0,0.0735379839734811,-717000.0,9801000.0,0.06883256431325453,1178000.0,8623000.0,0.06055945332855768,0.56,0.55,15324000.0,15743000.0,https://www.sec.gov/Archives/edgar/data/101984/000010198413000026/0000101984-13-000026-index.htm,https://www.sec.gov/Archives/edgar/data/101984/000010198413000026/ueic-09302013x10q.htm,1620599226,18:27:06,20210509
31,2013-06-30,UEIC,USD,2013-08-09,2013-08-08 20:08:58,Q2,136109000.0,98273000.0,37836000.0,0.277983087084616,4040000.0,23820000.0,0.0,23000.0,27860000.0,126133000.0,0.0,4414000.0,14390000.0,0.10572408878178519,9976000.0,0.07329419803245928,-1630000.0,8350000.0,0.06134789029380864,2509000.0,5841000.0,0.042914134994746854,0.39,0.38,15098000.0,15419000.0,https://www.sec.gov/Archives/edgar/data/101984/000010198413000012/0000101984-13-000012-index.htm,https://www.sec.gov/Archives/edgar/data/101984/000010198413000012/ueic-06302013x10q.htm,1620599226,18:27:06,20210509
32,2013-03-31,UEIC,USD,2013-05-09,2013-05-09 15:08:41,Q1,114722000.0,82173000.0,32549000.0,0.2837206464322449,4241000.0,24413000.0,0.0,1000.0,28654000.0,110827000.0,0.0,4374000.0,8269000.0,0.07207858998274089,3895000.0,0.03395163961576681,-550000.0,3354000.0,0.02923589198235735,408000.0,2946000.0,0.02567946862851066,0.2,0.19,14965000.0,15225000.0,https://www.sec.gov/Archives/edgar/data/101984/000144530513001234/0001445305-13-001234-index.htm,https://www.sec.gov/Archives/edgar/data/101984/000144530513000608/ueic-12312012x10k.htm,1620599226,18:27:06,20210509
33,2012-12-31,UEIC,USD,2013-03-14,2013-03-14 14:46:43,Q4,117783000.0,82081000.0,35702000.0,0.30311674859699617,3744000.0,24068000.0,0.0,-898000.0,27812000.0,109893000.0,0.0,4665000.0,12555000.0,0.10659433025139452,7890000.0,0.06698759583301495,-898000.0,6953000.0,0.059032288190995305,4035000.0,2918000.0,0.024774373211753818,0.19432605221097496,0.1922266139657444,15016000.0,15180000.0,https://www.sec.gov/Archives/edgar/data/101984/000144530513000608/0001445305-13-000608-index.htm,https://www.sec.gov/Archives/edgar/data/101984/000144530513000608/ueic-12312012x10k.htm,1620599226,18:27:06,20210509
34,2012-09-30,UEIC,USD,2012-11-08,2012-11-08 17:30:18,Q3,124871000.0,88433000.0,36438000.0,0.2918051429074805,3521000.0,23383000.0,0.0,0.0,26904000.0,115337000.0,24000.0,4423000.0,13957000.0,0.11177134803116817,9534000.0,0.07635079401942806,-65000.0,9445000.0,0.0756380584763476,2595000.0,6850000.0,0.054856612023608364,0.46,0.45,14984000.0,15099000.0,https://www.sec.gov/Archives/edgar/data/101984/000119312512460862/0001193125-12-460862-index.htm,https://www.sec.gov/Archives/edgar/data/101984/000119312512460862/d399032d10q.htm,1620599226,18:27:06,20210509
35,2012-06-30,UEIC,USD,2012-08-08,2012-08-08 17:18:19,Q2,116704000.0,83734000.0,32970000.0,0.2825095969289827,3424000.0,23080000.0,0.0,0.0,26504000.0,110238000.0,51000.0,4265000.0,10731000.0,0.09195057581573897,6466000.0,0.055405127502056485,-126000.0,6289000.0,0.053888469975322185,1136000.0,5153000.0,0.04415444200712915,0.35,0.34,14933000.0,15048000.0,https://www.sec.gov/Archives/edgar/data/101984/000119312512344370/0001193125-12-344370-index.htm,https://www.sec.gov/Archives/edgar/data/101984/000119312512344370/d362800d10q.htm,1620599226,18:27:06,20210509
36,2012-03-31,UEIC,USD,2012-05-09,2012-05-09 06:14:08,Q1,103732000.0,75405000.0,28327000.0,0.2730787028110901,3463000.0,22552000.0,0.0,0.0,26015000.0,101420000.0,0.0,4260000.0,6572000.0,0.0633555701230093,2312000.0,0.022288204218563222,-324000.0,1951000.0,0.01880808236609725,319000.0,1632000.0,0.015732850036632863,0.10974379665120032,0.10802223987291501,14871000.0,15108000.0,https://www.sec.gov/Archives/edgar/data/101984/000119312512220108/0001193125-12-220108-index.htm,https://www.sec.gov/Archives/edgar/data/101984/000119312512114613/d281396d10k.htm,1620599226,18:27:06,20210509
37,2011-12-31,UEIC,USD,2012-03-14,2012-03-14 15:06:01,Q4,117645000.0,84285000.0,33360000.0,0.28356496238684176,2992000.0,24102000.0,0.0,0.0,27094000.0,111379000.0,0.0,4428000.0,10694000.0,0.09090059076033831,6266000.0,0.05326193208381147,-304000.0,5902000.0,0.05016787793786391,988000.0,4914000.0,0.04176973097029198,0.3304417994754892,0.3304417994754892,14871000.0,14871000.0,https://www.sec.gov/Archives/edgar/data/101984/000119312512114613/0001193125-12-114613-index.htm,https://www.sec.gov/Archives/edgar/data/101984/000119312512114613/d281396d10k.htm,1620599226,18:27:06,20210509
38,2011-09-30,UEIC,USD,2011-11-08,2011-11-08 16:11:04,Q3,123527000.0,89349000.0,34178000.0,0.2766844495535389,2861000.0,21852000.0,0.0,0.0,24713000.0,114062000.0,0.0,4319000.0,13784000.0,0.11158694050693371,9465000.0,0.0766229245428125,-353000.0,9056000.0,0.0733119075181944,1972000.0,7084000.0,0.057347786313923274,0.48,0.47,14887000.0,15147000.0,https://www.sec.gov/Archives/edgar/data/101984/000119312511302138/0001193125-11-302138-index.htm,https://www.sec.gov/Archives/edgar/data/101984/000119312511302138/d253243d10q.htm,1620599226,18:27:06,20210509
39,2011-06-30,UEIC,USD,2011-08-09,2011-08-08 17:52:03,Q2,121746000.0,86802000.0,34944000.0,0.28702380365679364,3157000.0,23477000.0,0.0,0.0,26634000.0,113436000.0,0.0,4279000.0,12589000.0,0.1034038079279812,8310000.0,0.06825686264846484,-384000.0,7857000.0,0.0645360011827904,1736000.0,6121000.0,0.05027680580881507,0.41,0.4,15025000.0,15407000.0,https://www.sec.gov/Archives/edgar/data/101984/000095012311074534/0000950123-11-074534-index.htm,https://www.sec.gov/Archives/edgar/data/101984/000095012311074534/a57887e10vq.htm,1620599226,18:27:06,20210509
40,2011-03-31,UEIC,USD,2011-05-10,2011-05-10 12:25:16,Q1,105712000.0,78133000.0,27579000.0,0.26088807325563795,3257000.0,21787000.0,0.0,0.0,25044000.0,103177000.0,0.0,4309000.0,6844000.0,0.06474194036627819,2535000.0,0.02398024822158317,-34000.0,2416000.0,0.02285454820644771,589000.0,1827000.0,0.017282806114726806,0.1219951923076923,0.11876747058441137,14976000.0,15383000.0,https://www.sec.gov/Archives/edgar/data/101984/000095012311048039/0000950123-11-048039-index.htm,https://www.sec.gov/Archives/edgar/data/101984/000095012311025838/a58948e10vk.htm,1620599226,18:27:06,20210509
41,2010-12-31,UEIC,USD,2011-03-16,2011-03-16 12:21:37,Q4,102505000.0,73863000.0,28642000.0,0.2794205160723867,2765000.0,21145000.0,0.0,0.0,23910000.0,97773000.0,0.0,3399000.0,8131000.0,0.0793229598556168,4732000.0,0.046163601775523144,461000.0,5128000.0,0.050026827959611726,1362000.0,3766000.0,0.036739671235549484,0.2514690170940171,0.2514690170940171,14976000.0,14976000.0,https://www.sec.gov/Archives/edgar/data/101984/000095012311025838/0000950123-11-025838-index.htm,https://www.sec.gov/Archives/edgar/data/101984/000095012311025838/a58948e10vk.htm,1620599226,18:27:06,20210509
42,2010-09-30,UEIC,USD,2010-11-09,2010-11-09 13:23:57,Q3,79007000.0,53289000.0,25718000.0,0.32551546065538495,2687000.0,16465000.0,0.0,0.0,19152000.0,72441000.0,0.0,1581000.0,8147000.0,0.10311744528965788,6566000.0,0.08310656017821205,40000.0,6605000.0,0.08360018732517371,1903000.0,4702000.0,0.0595137139747111,0.35,0.34,13417000.0,13671000.0,https://www.sec.gov/Archives/edgar/data/101984/000095012310103085/0000950123-10-103085-index.htm,https://www.sec.gov/Archives/edgar/data/101984/000095012310103085/a57762e10vq.htm,1620599226,18:27:06,20210509
43,2010-06-30,UEIC,USD,2010-08-06,2010-08-06 13:38:37,Q2,78892000.0,51467000.0,27425000.0,0.347627135831263,2488000.0,17621000.0,0.0,0.0,20109000.0,71576000.0,0.0,1500000.0,8816000.0,0.11174770572428129,7316000.0,0.09273437103888861,-21000.0,7312000.0,0.0926836688130609,2535000.0,4777000.0,0.060551133194747246,0.35,0.34,13601000.0,13929000.0,https://www.sec.gov/Archives/edgar/data/101984/000095012310074091/0000950123-10-074091-index.htm,https://www.sec.gov/Archives/edgar/data/101984/000095012310074091/a56923e10vq.htm,1620599226,18:27:06,20210509
44,2010-03-31,UEIC,USD,2010-05-07,2010-05-07 15:12:21,Q1,71376000.0,49312000.0,22064000.0,0.30912351490697154,2769000.0,16608000.0,0.0,0.0,19377000.0,68689000.0,0.0,1579000.0,4266000.0,0.0597679892400807,2687000.0,0.03764570724052903,43000.0,2813000.0,0.03941100650078458,977000.0,1836000.0,0.025722932078009415,0.134014598540146,0.13027744270205066,13700000.0,14093000.0,https://www.sec.gov/Archives/edgar/data/101984/000095012310046303/0000950123-10-046303-index.htm,https://www.sec.gov/Archives/edgar/data/101984/000095012310024580/a55420e10vk.htm,1620599226,18:27:06,20210509
45,2009-12-31,UEIC,USD,2010-03-15,2010-03-15 14:11:32,Q4,84939000.0,56329000.0,28610000.0,0.33682996032446816,2280000.0,18250000.0,0.0,0.0,20530000.0,76859000.0,0.0,1782000.0,9862000.0,0.11610685315343952,8080000.0,0.09512709120663064,-80000.0,8095000.0,0.09530368852941523,2255000.0,5840000.0,0.06875522433746571,0.42627737226277373,0.42627737226277373,13700000.0,13700000.0,https://www.sec.gov/Archives/edgar/data/101984/000095012310024580/0000950123-10-024580-index.htm,https://www.sec.gov/Archives/edgar/data/101984/000095012310024580/a55420e10vk.htm,1620599226,18:27:06,20210509
46,2009-09-30,UEIC,USD,2009-11-09,2009-11-09 13:05:30,Q3,83182000.0,57112000.0,26070000.0,0.3134091510182491,2251000.0,17175000.0,0.0,0.0,19426000.0,76538000.0,0.0,1687000.0,8331000.0,0.10015387944507226,6644000.0,0.0798730494578154,25000.0,6779000.0,0.08149599673006179,2556000.0,4223000.0,0.05076819504219663,0.31,0.3,13687000.0,14008000.0,https://www.sec.gov/Archives/edgar/data/101984/000095012309059965/0000950123-09-059965-index.htm,https://www.sec.gov/Archives/edgar/data/101984/000095012309059965/a54236e10vq.htm,1620599226,18:27:06,20210509
47,2009-06-30,UEIC,USD,2009-08-10,2009-08-10 14:35:09,Q2,78303000.0,52808000.0,25495000.0,0.3255941662516123,2050000.0,17758000.0,0.0,0.0,19808000.0,72616000.0,0.0,1736000.0,7423000.0,0.09479841129969478,5687000.0,0.07262812408209136,182000.0,5996000.0,0.07657433303960257,2180000.0,3816000.0,0.048733764989847134,0.28,0.27,13621000.0,13981000.0,https://www.sec.gov/Archives/edgar/data/101984/000095012309032764/0000950123-09-032764-index.htm,https://www.sec.gov/Archives/edgar/data/101984/000095012309032764/a53359e10vq.htm,1620599226,18:27:06,20210509
48,2009-03-31,UEIC,USD,2009-05-08,2009-05-08 14:49:03,Q1,71126000.0,49689000.0,21437000.0,0.30139470798301604,2110000.0,17791000.0,0.0,0.0,19901000.0,69590000.0,0.0,1596000.0,3132000.0,0.04403453027022467,1536000.0,0.021595478446700223,-368000.0,1307000.0,0.018375840058487754,511000.0,796000.0,0.011191406799201418,0.05828086103382633,0.05755187622008531,13658000.0,13831000.0,https://www.sec.gov/Archives/edgar/data/101984/000095013409010104/0000950134-09-010104-index.htm,https://www.sec.gov/Archives/edgar/data/101984/000095013409005306/a51365e10vk.htm,1620599226,18:27:06,20210509
49,2008-12-31,UEIC,USD,2009-03-13,2009-03-13 14:10:22,Q4,78693000.0,53378000.0,25315000.0,0.32169316203474263,1858000.0,15646000.0,0.0,0.0,17504000.0,70882000.0,0.0,1719000.0,9530000.0,0.12110352890346028,7811000.0,0.0992591463027207,548000.0,8727000.0,0.11089931760131143,2894000.0,5833000.0,0.074123492559694,0.4270757065456143,0.4270757065456143,13658000.0,13658000.0,https://www.sec.gov/Archives/edgar/data/101984/000095013409005306/0000950134-09-005306-index.htm,https://www.sec.gov/Archives/edgar/data/101984/000095013409005306/a51365e10vk.htm,1620599226,18:27:06,20210509
50,2008-09-30,UEIC,USD,2008-11-07,2008-11-07 17:15:09,Q3,76532000.0,51604000.0,24928000.0,0.3257199602780536,1985000.0,17033000.0,0.0,0.0,19018000.0,70622000.0,0.0,1473000.0,7383000.0,0.0964694506872942,5910000.0,0.07722259969685882,-417000.0,6352000.0,0.08299796163696231,2347000.0,4005000.0,0.05233105106360738,0.29,0.28,13919000.0,14420000.0,https://www.sec.gov/Archives/edgar/data/101984/000089256908001464/0000892569-08-001464-index.htm,https://www.sec.gov/Archives/edgar/data/101984/000089256908001464/a50388e10vq.htm,1620599226,18:27:06,20210509
51,2008-06-30,UEIC,USD,2008-08-08,2008-08-08 17:26:32,Q2,70684000.0,46472000.0,24212000.0,0.3425386226020033,2121000.0,17734000.0,0.0,0.0,19855000.0,66327000.0,0.0,1523000.0,5880000.0,0.08318714277630015,4357000.0,0.06164054099937751,-2000.0,5248000.0,0.07424593967517401,1753000.0,3495000.0,0.049445419048157996,0.25,0.24,14033000.0,14547000.0,https://www.sec.gov/Archives/edgar/data/101984/000089256908001104/0000892569-08-001104-index.htm,https://www.sec.gov/Archives/edgar/data/101984/000089256908001104/a42859e10vq.htm,1620599226,18:27:06,20210509
52,2008-03-31,UEIC,USD,2008-05-09,2008-05-09 16:28:07,Q1,61191000.0,39456000.0,21735000.0,0.35519929401382555,2196000.0,16856000.0,0.0,0.0,19052000.0,58508000.0,0.0,1369000.0,4052000.0,0.06621888839862071,2683000.0,0.04384631726887941,182000.0,3762000.0,0.06147962935725842,1289000.0,2473000.0,0.04041444003203085,0.1708580903689374,0.1653406431771077,14474000.0,14957000.0,https://www.sec.gov/Archives/edgar/data/101984/000089256908000802/0000892569-08-000802-index.htm,https://www.sec.gov/Archives/edgar/data/101984/000089256908000295/a38680e10vk.htm,1620599226,18:27:06,20210509
53,2007-12-31,UEIC,USD,2008-03-14,2008-03-14 15:32:44,Q4,66222000.0,41575000.0,24647000.0,0.37218749056204886,2159000.0,14469000.0,0.0,0.0,16628000.0,58203000.0,0.0,1411000.0,9430000.0,0.14239980671076077,8019000.0,0.12109268823049742,-127000.0,8797000.0,0.13284104980218053,2665000.0,6132000.0,0.09259762616653076,0.4236562111372115,0.4236562111372115,14474000.0,14474000.0,https://www.sec.gov/Archives/edgar/data/101984/000089256908000295/0000892569-08-000295-index.htm,https://www.sec.gov/Archives/edgar/data/101984/000089256908000295/a38680e10vk.htm,1620599226,18:27:06,20210509
54,2007-09-30,UEIC,USD,2007-11-09,2007-11-09 14:10:49,Q3,68961000.0,43224000.0,25737000.0,0.3732109453169183,2070000.0,17393000.0,0.0,0.0,19463000.0,62687000.0,0.0,1104000.0,7378000.0,0.1069880077145053,6274000.0,0.09097895912182248,13000.0,7166000.0,0.10391380635431621,2251000.0,4915000.0,0.07127216832702542,0.34,0.32,14508000.0,15280000.0,https://www.sec.gov/Archives/edgar/data/101984/000095013707016919/0000950137-07-016919-index.htm,https://www.sec.gov/Archives/edgar/data/101984/000095013707016919/a35371e10vq.htm,1620599226,18:27:06,20210509
55,2007-06-30,UEIC,USD,2007-08-09,2007-08-09 15:42:17,Q2,71478000.0,46852000.0,24626000.0,0.3445255882929013,2269000.0,16385000.0,0.0,0.0,18654000.0,65506000.0,0.0,1046000.0,7018000.0,0.0981840566328101,5972000.0,0.08355018327317497,27000.0,6731000.0,0.09416883516606508,2185000.0,4546000.0,0.06359998880774503,0.31,0.3,14437000.0,15262000.0,https://www.sec.gov/Archives/edgar/data/101984/000095013707011797/0000950137-07-011797-index.htm,https://www.sec.gov/Archives/edgar/data/101984/000095013707011797/a32789e10vq.htm,1620599226,18:27:06,20210509
56,2007-03-31,UEIC,USD,2007-05-10,2007-05-10 16:09:58,Q1,66019000.0,41678000.0,24341000.0,0.3686968902891592,2322000.0,15833000.0,0.0,0.0,18155000.0,59833000.0,0.0,1114000.0,7300000.0,0.11057422863115164,6186000.0,0.09370029839894575,94000.0,6868000.0,0.10403065784092458,2231000.0,4637000.0,0.0702373559126918,0.33,0.31,14130000.0,14908000.0,https://www.sec.gov/Archives/edgar/data/101984/000095013707007236/0000950137-07-007236-index.htm,https://www.sec.gov/Archives/edgar/data/101984/000089256907000250/a27604e10vk.htm,1620599226,18:27:06,20210509
57,2006-12-31,UEIC,USD,2007-03-16,2007-03-16 14:25:59,Q4,69691000.0,43464000.0,26227000.0,0.37633266849377967,1838000.0,17673000.0,0.0,0.0,19511000.0,62975000.0,0.0,1284000.0,8000000.0,0.11479244091776557,6716000.0,0.0963682541504642,104000.0,7163000.0,0.10278228178674434,1731000.0,5432000.0,0.07794406738316281,0.38443029016277425,0.38443029016277425,14130000.0,14130000.0,https://www.sec.gov/Archives/edgar/data/101984/000089256907000250/0000892569-07-000250-index.htm,https://www.sec.gov/Archives/edgar/data/101984/000089256907000250/a27604e10vk.htm,1620599226,18:27:06,20210509
58,2006-09-30,UEIC,USD,2006-11-09,2006-11-09 15:34:56,Q3,59612000.0,38033000.0,21579000.0,0.3619908743206066,1809000.0,15142000.0,0.0,0.0,16951000.0,54984000.0,0.0,988000.0,5616000.0,0.0942092196202107,4628000.0,0.07763537542776622,-30000.0,5035000.0,0.0844628598268805,1502000.0,3533000.0,0.05926659061933839,0.26,0.25,13845000.0,14415000.0,https://www.sec.gov/Archives/edgar/data/101984/000089256906001347/0000892569-06-001347-index.htm,https://www.sec.gov/Archives/edgar/data/101984/000089256906001347/a24996e10vq.htm,1620599226,18:27:06,20210509
59,2006-06-30,UEIC,USD,2006-08-09,2006-08-09 16:10:18,Q2,52370000.0,32788000.0,19582000.0,0.37391636433072367,1919000.0,13620000.0,0.0,0.0,15539000.0,48327000.0,0.0,995000.0,5038000.0,0.09620011456940997,4043000.0,0.0772006874164598,-411000.0,3981000.0,0.0760168035134619,1562000.0,2419000.0,0.04619056711857934,0.18,0.17,13802000.0,14356000.0,https://www.sec.gov/Archives/edgar/data/101984/000095013706008923/0000950137-06-008923-index.htm,https://www.sec.gov/Archives/edgar/data/101984/000095013706008923/a22850e10vq.htm,1620599226,18:27:06,20210509
60,2006-03-31,UEIC,USD,2006-05-10,2006-05-10 15:53:29,Q1,54173000.0,35685000.0,18488000.0,0.3412770199176712,1846000.0,13512000.0,0.0,0.0,15358000.0,51043000.0,0.0,920000.0,4050000.0,0.07476048954276115,3130000.0,0.057777859819467266,-161000.0,3241000.0,0.05982685101434294,1105000.0,2136000.0,0.039429235966256256,0.16,0.15,13643000.0,14240000.0,https://www.sec.gov/Archives/edgar/data/101984/000095013706005718/0000950137-06-005718-index.htm,https://www.sec.gov/Archives/edgar/data/101984/000095013706003127/a18029e10vk.htm,1620599226,18:27:06,20210509
61,2005-12-31,UEIC,USD,2006-03-16,2006-03-16 11:47:27,Q4,49319000.0,30621000.0,18698000.0,0.37912366430787325,1628000.0,11723000.0,0.0,0.0,13351000.0,43972000.0,0.0,913000.0,6260000.0,0.1269287698452929,5347000.0,0.10841663456274458,21000.0,5574000.0,0.11301932318173523,2051000.0,3523000.0,0.07143291632028224,0.2582276625375651,0.2582276625375651,13643000.0,13643000.0,https://www.sec.gov/Archives/edgar/data/101984/000095013706003127/0000950137-06-003127-index.htm,https://www.sec.gov/Archives/edgar/data/101984/000095013706003127/a18029e10vk.htm,1620599226,18:27:06,20210509
62,2005-09-30,UEIC,USD,2005-11-09,2005-11-09 15:26:05,Q3,46206000.0,29212000.0,16994000.0,0.36778773319482316,1782000.0,11541000.0,0.0,0.0,13323000.0,42535000.0,0.0,969000.0,4640000.0,0.10041985889278449,3671000.0,0.07944855646452842,-118000.0,3840000.0,0.08310609011816647,1063000.0,2777000.0,0.060100419858892785,0.21,0.2,13391000.0,13918000.0,https://www.sec.gov/Archives/edgar/data/101984/000095013705013554/0000950137-05-013554-index.htm,https://www.sec.gov/Archives/edgar/data/101984/000095013705013554/a14262e10vq.htm,1620599226,18:27:06,20210509
63,2005-06-30,UEIC,USD,2005-08-09,2005-08-09 15:03:54,Q2,44322000.0,28604000.0,15718000.0,0.35463201119083076,1570000.0,13174000.0,0.0,0.0,14744000.0,43348000.0,0.0,940000.0,1914000.0,0.04318397184242588,974000.0,0.021975542619917875,1296000.0,2405000.0,0.05426199178737422,860000.0,1545000.0,0.03485853526465412,0.11472488304744932,0.1104913108774941,13467000.0,13983000.0,https://www.sec.gov/Archives/edgar/data/101984/000089256905000615/0000892569-05-000615-index.htm,https://www.sec.gov/Archives/edgar/data/101984/000089256905000615/a11564e10vq.htm,1620599226,18:27:06,20210509
64,2005-03-31,UEIC,USD,2005-05-10,2005-05-10 15:35:30,Q1,41502000.0,25786000.0,15716000.0,0.37868054551587876,1600000.0,12432000.0,0.0,0.0,14032000.0,39818000.0,0.0,880000.0,2564000.0,0.061780155173244665,1684000.0,0.0405763577658908,952000.0,2854000.0,0.06876777022794082,998000.0,1856000.0,0.04472073635005542,0.14,0.13,13518000.0,14082000.0,https://www.sec.gov/Archives/edgar/data/101984/000095013705005647/0000950137-05-005647-index.htm,https://www.sec.gov/Archives/edgar/data/101984/000089256905000144/a06845e10vk.htm,1620599226,18:27:06,20210509
65,2004-12-31,UEIC,USD,2005-03-16,2005-03-16 16:54:42,Q4,51710726.0,31466689.0,20244037.0,0.3914862266679451,1773431.0,12723501.0,0.0,0.0,14496932.0,45963621.0,0.0,794630.0,6541735.0,0.1265063460915246,5747105.0,0.11113951484649433,-483640.0,5461664.0,0.10561955753628367,1742275.0,3719389.0,0.07192683777056234,0.27514343837845834,0.27514343837845834,13518000.0,13518000.0,https://www.sec.gov/Archives/edgar/data/101984/000089256905000144/0000892569-05-000144-index.htm,https://www.sec.gov/Archives/edgar/data/101984/000089256905000144/a06845e10vk.htm,1620599226,18:27:06,20210509
66,2004-09-30,UEIC,USD,2004-11-09,2004-11-09 16:42:56,Q3,40047000.0,24254000.0,15793000.0,0.39436162509051864,1841000.0,10656000.0,0.0,0.0,12497000.0,36751000.0,0.0,727000.0,4023000.0,0.10045696306839463,3296000.0,0.08230329362998477,-551000.0,3006000.0,0.07506180238220092,1078000.0,1928000.0,0.04814343146802507,0.14285714285714285,0.137429610093378,13496000.0,14029000.0,https://www.sec.gov/Archives/edgar/data/101984/000095013704009680/0000950137-04-009680-index.htm,https://www.sec.gov/Archives/edgar/data/101984/000095013704009680/a03098e10vq.htm,1620599226,18:27:06,20210509
67,2004-06-30,UEIC,USD,2004-08-09,2004-08-09 13:26:53,Q2,34011000.0,21132000.0,12879000.0,0.3786716062450384,1078000.0,9384000.0,0.0,0.0,10462000.0,31594000.0,0.0,974000.0,3391000.0,0.09970303725265356,2417000.0,0.07106524359765957,-7000.0,2560000.0,0.07526976566404987,872000.0,1688000.0,0.04963100173473288,0.13,0.12,13483000.0,13889000.0,https://www.sec.gov/Archives/edgar/data/101984/000095013704006422/0000950137-04-006422-index.htm,https://www.sec.gov/Archives/edgar/data/101984/000095013704006422/a00986e10vq.htm,1620599226,18:27:06,20210509
68,2004-03-31,UEIC,USD,2004-05-10,2004-05-10 14:22:30,Q1,32611000.0,19947000.0,12664000.0,0.38833522431081535,1130000.0,9454000.0,0.0,0.0,10584000.0,30531000.0,0.0,598000.0,2678000.0,0.08211953021986446,2080000.0,0.06378215939406949,500000.0,2694000.0,0.08261016221520345,916000.0,1778000.0,0.054521480482045935,0.12963908129784907,0.12653003131226873,13715000.0,14052000.0,https://www.sec.gov/Archives/edgar/data/101984/000095013704003820/0000950137-04-003820-index.htm,https://www.sec.gov/Archives/edgar/data/101984/000095015004000338/a97327e10vk.htm,1620599226,18:27:06,20210509
69,2003-12-31,UEIC,USD,2004-03-15,2004-03-15 17:16:22,Q4,35536786.0,22057285.0,13479501.0,0.37931120163764953,1158626.0,9020393.0,0.0,0.0,10179019.0,32236304.0,0.0,726748.0,4027230.0,0.11332566766167318,3300482.0,0.09287508442659953,243159.0,3726174.0,0.10485399551889696,1267359.0,2458815.0,0.06919069721161615,0.17927925628873495,0.17927925628873495,13715000.0,13715000.0,https://www.sec.gov/Archives/edgar/data/101984/000095015004000338/0000950150-04-000338-index.htm,https://www.sec.gov/Archives/edgar/data/101984/000095015004000338/a97327e10vk.htm,1620599226,18:27:06,20210509
70,2003-09-30,UEIC,USD,2003-11-14,2003-11-14 14:54:44,Q3,30300000.0,18467000.0,11833000.0,0.3905280528052805,1201000.0,8242000.0,0.0,0.0,9443000.0,27910000.0,0.0,772000.0,3162000.0,0.10435643564356435,2390000.0,0.07887788778877888,29000.0,2525000.0,0.08333333333333333,858000.0,1667000.0,0.055016501650165014,0.12122754708748455,0.11785083068221987,13751000.0,14145000.0,https://www.sec.gov/Archives/edgar/data/101984/000095015003001357/0000950150-03-001357-index.htm,https://www.sec.gov/Archives/edgar/data/101984/000095015003001357/a94484e10vq.htm,1620599226,18:27:06,20210509
71,2003-06-30,UEIC,USD,2003-08-14,2003-08-14 16:02:57,Q2,27712000.0,16882000.0,10830000.0,0.3908054272517321,1177000.0,8076000.0,0.0,0.0,9253000.0,26135000.0,0.0,922000.0,2499000.0,0.09017754041570439,1577000.0,0.05690675519630485,51000.0,1821000.0,0.0657116050808314,619000.0,1202000.0,0.04337471131639723,0.08830443726124008,0.0865931849290397,13612000.0,13881000.0,https://www.sec.gov/Archives/edgar/data/101984/000095015003000962/0000950150-03-000962-index.htm,https://www.sec.gov/Archives/edgar/data/101984/000095015003000962/a92467e10vq.htm,1620599226,18:27:06,20210509
72,2003-03-31,UEIC,USD,2003-05-15,2003-05-15 17:03:31,Q1,26919000.0,16762000.0,10157000.0,0.37731713659497007,1163000.0,7688000.0,0.0,0.0,8851000.0,25613000.0,0.0,937000.0,2243000.0,0.08332404621271221,1306000.0,0.0485159181247446,15000.0,1423000.0,0.052862290575429995,484000.0,939000.0,0.03488242505293659,0.06913562067442203,0.06811751904243743,13582000.0,13785000.0,https://www.sec.gov/Archives/edgar/data/101984/000095015003000626/0000950150-03-000626-index.htm,https://www.sec.gov/Archives/edgar/data/101984/000095015003000380/a88642e10vk.htm,1620599226,18:27:06,20210509
73,2002-12-31,UEIC,USD,2003-03-28,2003-03-28 13:19:31,Q4,29885728.0,18532709.0,11353019.0,0.37988095856323123,0.0,4418709.0,0.0,0.0,8869335.0,27402044.0,0.0,831248.0,3314932.0,0.11092023590658391,2483684.0,0.08310602304886132,-3757.0,2636806.0,0.08822960578373731,632553.0,2004253.0,0.06706388413894418,0.147566853188043,0.147566853188043,13582000.0,13582000.0,https://www.sec.gov/Archives/edgar/data/101984/000095015003000380/0000950150-03-000380-index.htm,https://www.sec.gov/Archives/edgar/data/101984/000095015003000380/a88642e10vk.htm,1620599226,18:27:06,20210509
74,2002-09-30,UEIC,USD,2002-11-14,2002-11-14 14:30:49,Q3,26004000.0,15975000.0,10029000.0,0.38567143516382096,0.0,8234000.0,0.0,0.0,8234000.0,24209000.0,0.0,1072000.0,2867000.0,0.11025226888171051,1795000.0,0.06902784187048147,20000.0,1981000.0,0.07618058760190739,124000.0,1857000.0,0.07141209044762344,0.1342150910667823,0.13220845792396413,13836000.0,14046000.0,https://www.sec.gov/Archives/edgar/data/101984/000095015002001054/0000950150-02-001054-index.htm,https://www.sec.gov/Archives/edgar/data/101984/000095015002001054/a85930e10vq.htm,1620599226,18:27:06,20210509
75,2002-06-30,UEIC,USD,2002-08-14,2002-08-14 15:55:25,Q2,24590000.0,13733000.0,10857000.0,0.4415209434729565,0.0,9046000.0,0.0,0.0,9046000.0,22779000.0,0.0,893000.0,2704000.0,0.10996339975599838,1811000.0,0.0736478243188288,192000.0,2158000.0,0.08775925172834485,755000.0,1403000.0,0.05705571370475803,0.10050863242352603,0.09665862900447812,13959000.0,14515000.0,https://www.sec.gov/Archives/edgar/data/101984/000095015002000772/0000950150-02-000772-index.htm,https://www.sec.gov/Archives/edgar/data/101984/000095015002000772/a83698e10vq.htm,1620599226,18:27:06,20210509
76,2002-03-31,UEIC,USD,2002-05-15,2002-05-15 15:54:09,Q1,23411000.0,13995000.0,9416000.0,0.40220409209346036,0.0,8525000.0,0.0,0.0,8525000.0,22520000.0,0.0,906000.0,1797000.0,0.07675878860364786,891000.0,0.03805903207893725,31000.0,1039000.0,0.04438084661056768,364000.0,675000.0,0.02883260005980095,0.04891304347826087,0.04697286012526096,13800000.0,14370000.0,https://www.sec.gov/Archives/edgar/data/101984/000095015002000506/0000950150-02-000506-index.htm,https://www.sec.gov/Archives/edgar/data/101984/000095015002000294/a80178e10-k.htm,1620599226,18:27:06,20210509
77,2001-12-31,UEIC,USD,2002-03-28,2002-03-28 00:00:00,Q4,27869715.0,16895570.0,10974145.0,0.39376595706127604,0.0,6852604.0,0.0,0.0,6852604.0,23748174.0,0.0,1008190.0,5129731.0,0.18406112154358234,4121541.0,0.1478860117514657,142309.0,4383964.0,0.1573020750301896,754186.0,3629778.0,0.13024094433689043,0.2630273913043478,0.2630273913043478,13800000.0,13800000.0,https://www.sec.gov/Archives/edgar/data/101984/000095015002000294/0000950150-02-000294-index.htm,https://www.sec.gov/Archives/edgar/data/101984/000095015002000294/a80178e10-k.htm,1620599226,18:27:06,20210509
78,2001-09-30,UEIC,USD,2001-11-14,2001-11-14 00:00:00,Q3,31030000.0,18374000.0,12656000.0,0.40786335804060586,0.0,8467000.0,0.0,0.0,8467000.0,26841000.0,0.0,984000.0,5173000.0,0.16670963583628745,4189000.0,0.13499838865613922,215000.0,4663000.0,0.15027392845633258,1865000.0,2798000.0,0.09017080244924267,0.2,0.19,13868000.0,14435000.0,https://www.sec.gov/Archives/edgar/data/101984/000095015001500753/0000950150-01-500753-index.htm,https://www.sec.gov/Archives/edgar/data/101984/000095015001500753/a77131e10-q.htm,1620599226,18:27:06,20210509
79,2001-06-30,UEIC,USD,2001-08-13 00:00:00,2001-08-13 00:00:00,Q2,29107000.0,16974000.0,12133000.0,0.4168413096505995,0.0,8438000.0,0.0,0.0,8438000.0,25412000.0,0.0,1057000.0,4752000.0,0.16325969698010787,3695000.0,0.12694540832102244,-168000.0,3861000.0,0.13264850379633766,1544000.0,2317000.0,0.07960284467653829,0.17,0.16,13926000.0,14705000.0,https://www.sec.gov/Archives/edgar/data/101984/000095015001500510/0000950150-01-500510-index.html,https://www.sec.gov/Archives/edgar/data/101984/000095015001500510/a74971e10-q.htm,1620599226,18:27:06,20210509
80,2001-03-31,UEIC,USD,2001-05-14 00:00:00,2001-05-14 00:00:00,Q1,31023000.0,17713000.0,13310000.0,0.42903652129065534,0.0,9307000.0,0.0,0.0,9307000.0,27020000.0,0.0,1051000.0,5054000.0,0.1629113883247913,4003000.0,0.1290332978757696,-42000.0,4235000.0,0.13651162041066306,1694000.0,2541000.0,0.08190697224639783,0.18,0.17,13818000.0,14588000.0,https://www.sec.gov/Archives/edgar/data/101984/000095015001500315/0000950150-01-500315-index.html,https://www.sec.gov/Archives/edgar/data/101984/000095015001500315/a72287e10-q.txt,1620599226,18:27:06,20210509
81,2000-12-31,UEIC,USD,2001-03-28 00:00:00,2001-03-28 00:00:00,Q4,38804877.0,21993385.0,16811492.0,0.4332314208855758,0.0,8386047.0,0.0,0.0,9035633.0,31029018.0,0.0,649586.0,8425445.0,0.2171233528198015,7775859.0,0.20038354972752523,166709.0,8108088.0,0.2089450766716771,3324456.0,4783632.0,0.12327398950394818,0.3461884498480243,0.3461884498480243,13818000.0,13818000.0,https://www.sec.gov/Archives/edgar/data/101984/000095015001000099/0000950150-01-000099-index.html,https://www.sec.gov/Archives/edgar/data/101984/000095015001000099/a70694e10-k.txt,1620599226,18:27:06,20210509
82,2000-09-30,UEIC,USD,2000-11-14 00:00:00,2000-11-14 00:00:00,Q3,34979000.0,19581000.0,15398000.0,0.44020698133165614,0.0,8639000.0,0.0,0.0,9760000.0,29341000.0,0.0,1121000.0,6759000.0,0.19323022384859487,5638000.0,0.16118242373995825,280000.0,6166000.0,0.17627719488836158,2528000.0,3638000.0,0.10400526029903656,0.26,0.24,13759000.0,15112000.0,https://www.sec.gov/Archives/edgar/data/101984/000095015000000930/0000950150-00-000930-index.html,https://www.sec.gov/Archives/edgar/data/101984/000095015000000930/a67196e10-q.txt,1620599226,18:27:06,20210509
83,2000-06-30,UEIC,USD,2000-08-14 00:00:00,2000-08-14 00:00:00,Q2,28291000.0,15805000.0,12486000.0,0.4413417694673218,0.0,8164000.0,0.0,0.0,9196000.0,25001000.0,0.0,1032000.0,4322000.0,0.15276943197483298,3290000.0,0.11629140009190202,42000.0,3634000.0,0.128450744052879,1490000.0,2144000.0,0.07578381817539147,0.16,0.14,13743000.0,15066000.0,https://www.sec.gov/Archives/edgar/data/101984/000095015000000698/0000950150-00-000698-index.html,https://www.sec.gov/Archives/edgar/data/101984/000095015000000698/e10-q.txt,1620599226,18:27:06,20210509
84,2000-03-31,UEIC,USD,2000-05-15 00:00:00,2000-05-15 00:00:00,Q1,22664000.0,12004000.0,10660000.0,0.470349452876809,0.0,8141000.0,0.0,0.0,9123000.0,21127000.0,0.0,982000.0,2519000.0,0.11114542887398518,1537000.0,0.06781680197670314,37000.0,1753000.0,0.07734733498058595,719000.0,1034000.0,0.045623014472290856,0.08,0.07,13695000.0,15063000.0,https://www.sec.gov/Archives/edgar/data/101984/000095015000000437/0000950150-00-000437-index.html,https://www.sec.gov/Archives/edgar/data/101984/0000950150-00-000437.txt,1620599226,18:27:06,20210509
85,1999-12-31,UEIC,USD,2000-03-30 00:00:00,2000-03-30 00:00:00,Q4,33291183.0,18298457.0,14992726.0,0.4503512536637704,0.0,7908321.0,0.0,0.0,8724588.0,27023045.0,0.0,816267.0,7084405.0,0.21280123929510106,6268138.0,0.18828222475602624,0.0,6318783.0,0.18980349842178934,2578701.0,3740082.0,0.11234452076995882,0.2730983570646221,0.2730983570646221,13695000.0,13695000.0,https://www.sec.gov/Archives/edgar/data/101984/000095015000000259/0000950150-00-000259-index.html,https://www.sec.gov/Archives/edgar/data/101984/0000950150-00-000259.txt,1620599226,18:27:06,20210509
86,1999-09-30,UEIC,USD,1999-11-15 00:00:00,1999-11-15 00:00:00,Q3,28100000.0,15400000.0,12700000.0,0.45195729537366547,0.0,7900000.0,0.0,0.0,8800000.0,24200000.0,0.0,1000000.0,4900000.0,0.17437722419928825,3900000.0,0.1387900355871886,0.0,3900000.0,0.1387900355871886,1600000.0,2300000.0,0.08185053380782918,0.09,0.085,13462000.0,13462000.0,https://www.sec.gov/Archives/edgar/data/101984/000095015099001249/0000950150-99-001249-index.html,https://www.sec.gov/Archives/edgar/data/101984/0000950150-99-001249.txt,1620599226,18:27:06,20210509
87,1999-06-30,UEIC,USD,1999-08-16 00:00:00,1999-08-16 00:00:00,Q2,22800000.0,12700000.0,10100000.0,0.44298245614035087,0.0,7100000.0,0.0,0.0,8000000.0,20700000.0,0.0,900000.0,3000000.0,0.13157894736842105,2100000.0,0.09210526315789473,0.0,2000000.0,0.08771929824561403,800000.0,1200000.0,0.05263157894736842,0.045,0.045,13462000.0,13462000.0,https://www.sec.gov/Archives/edgar/data/101984/000095015099000987/0000950150-99-000987-index.html,https://www.sec.gov/Archives/edgar/data/101984/0000950150-99-000987.txt,1620599226,18:27:06,20210509
88,1999-03-31,UEIC,USD,1999-05-17 00:00:00,1999-05-17 00:00:00,Q1,20900000.0,11800000.0,9100000.0,0.4354066985645933,0.0,7500000.0,0.0,0.0,8400000.0,20200000.0,0.0,900000.0,1600000.0,0.07655502392344497,700000.0,0.03349282296650718,0.0,700000.0,0.03349282296650718,300000.0,400000.0,0.019138755980861243,0.02,0.02,14688214.0,14688214.0,https://www.sec.gov/Archives/edgar/data/101984/000095015099000685/0000950150-99-000685-index.html,https://www.sec.gov/Archives/edgar/data/101984/0000950150-99-000685.txt,1620599226,18:27:06,20210509
89,1998-12-31,UEIC,USD,1999-03-31 00:00:00,1999-03-31 00:00:00,Q4,31500000.0,20100000.0,11400000.0,0.3619047619047619,0.0,6300000.0,0.0,0.0,7300000.0,27400000.0,0.0,1000000.0,5100000.0,0.1619047619047619,4100000.0,0.13015873015873017,-200000.0,3700000.0,0.11746031746031746,1400000.0,2300000.0,0.07301587301587302,0.1565881324986142,0.1565881324986142,14688214.0,14688214.0,https://www.sec.gov/Archives/edgar/data/101984/000095015299002950/0000950152-99-002950-index.html,https://www.sec.gov/Archives/edgar/data/101984/0000950152-99-002950.txt,1620599226,18:27:06,20210509
90,1998-09-30,UEIC,USD,1998-11-16 00:00:00,1998-11-16 00:00:00,Q3,23700000.0,13300000.0,10400000.0,0.4388185654008439,0.0,6800000.0,0.0,0.0,7700000.0,21000000.0,0.0,900000.0,3600000.0,0.1518987341772152,2700000.0,0.11392405063291139,100000.0,2700000.0,0.11392405063291139,1100000.0,1600000.0,0.06751054852320675,0.065,0.06,12934000.0,12934000.0,https://www.sec.gov/Archives/edgar/data/101984/000089256998003125/0000892569-98-003125-index.html,https://www.sec.gov/Archives/edgar/data/101984/0000892569-98-003125.txt,1620599226,18:27:06,20210509
91,1998-06-30,UEIC,USD,1998-08-14 00:00:00,1998-08-14 00:00:00,Q2,22300000.0,12900000.0,9400000.0,0.42152466367713004,0.0,7000000.0,0.0,0.0,7300000.0,20200000.0,0.0,300000.0,2400000.0,0.10762331838565023,2100000.0,0.09417040358744394,-100000.0,2000000.0,0.08968609865470852,700000.0,1300000.0,0.05829596412556054,0.055,0.05,12702000.0,12702000.0,https://www.sec.gov/Archives/edgar/data/101984/000095014898002025/0000950148-98-002025-index.html,https://www.sec.gov/Archives/edgar/data/101984/0000950148-98-002025.txt,1620599226,18:27:06,20210509
92,1998-03-31,UEIC,USD,1998-05-15 00:00:00,1998-05-15 00:00:00,Q1,18600000.0,10900000.0,7700000.0,0.41397849462365593,0.0,6600000.0,0.0,0.0,7000000.0,17900000.0,0.0,400000.0,1100000.0,0.05913978494623656,700000.0,0.03763440860215054,0.0,500000.0,0.026881720430107527,200000.0,300000.0,0.016129032258064516,0.015,0.015,12734000.0,12734000.0,https://www.sec.gov/Archives/edgar/data/101984/000095015298004605/0000950152-98-004605-index.html,https://www.sec.gov/Archives/edgar/data/101984/0000950152-98-004605.txt,1620599226,18:27:06,20210509
93,1997-12-31,UEIC,USD,1997-12-31,1997-12-31,Q4,34500000.0,22600000.0,11900000.0,0.34492753623188405,0.0,8000000.0,0.0,0.0,8600000.0,31200000.0,0.0,600000.0,3900000.0,0.11304347826086956,3300000.0,0.09565217391304348,0.0,-11700000.0,-0.3391304347826087,-4000000.0,-7700000.0,-0.22318840579710145,-0.6046803832260091,-0.6046803832260091,12734000.0,12734000.0,,,1620599226,18:27:06,20210509
94,1997-09-30,UEIC,USD,1997-11-14 00:00:00,1997-11-14 00:00:00,Q3,33500000.0,22700000.0,10800000.0,0.32238805970149254,0.0,8300000.0,0.0,0.0,8800000.0,31500000.0,0.0,500000.0,2500000.0,0.07462686567164178,2000000.0,0.05970149253731343,0.0,1800000.0,0.05373134328358209,600000.0,1200000.0,0.03582089552238806,0.05,0.05,12624000.0,12624000.0,https://www.sec.gov/Archives/edgar/data/101984/000095015297008062/0000950152-97-008062-index.html,https://www.sec.gov/Archives/edgar/data/101984/0000950152-97-008062.txt,1620599226,18:27:06,20210509
95,1997-06-30,UEIC,USD,1997-08-14 00:00:00,1997-08-14 00:00:00,Q2,23900000.0,16100000.0,7800000.0,0.3263598326359833,0.0,6700000.0,0.0,0.0,7200000.0,23300000.0,0.0,500000.0,1100000.0,0.04602510460251046,600000.0,0.02510460251046025,0.0,500000.0,0.02092050209205021,200000.0,300000.0,0.012552301255230125,0.015,0.015,12508000.0,12508000.0,https://www.sec.gov/Archives/edgar/data/101984/000095015297006005/0000950152-97-006005-index.html,https://www.sec.gov/Archives/edgar/data/101984/0000950152-97-006005.txt,1620599226,18:27:06,20210509
96,1997-03-31,UEIC,USD,1997-05-14 00:00:00,1997-05-14 00:00:00,Q1,22400000.0,15100000.0,7300000.0,0.32589285714285715,0.0,7100000.0,0.0,0.0,7600000.0,22700000.0,0.0,500000.0,200000.0,0.008928571428571428,-300000.0,-0.013392857142857142,0.0,-500000.0,-0.022321428571428572,-200000.0,-300000.0,-0.013392857142857142,-0.01,-0.01,12578000.0,12578000.0,https://www.sec.gov/Archives/edgar/data/101984/000095015297003907/0000950152-97-003907-index.html,https://www.sec.gov/Archives/edgar/data/101984/0000950152-97-003907.txt,1620599226,18:27:06,20210509
97,1996-12-31,UEIC,USD,1996-12-31,1996-12-31,Q4,29500000.0,22700000.0,6800000.0,0.2305084745762712,0.0,8900000.0,0.0,0.0,9300000.0,32000000.0,0.0,400000.0,-2100000.0,-0.0711864406779661,-2500000.0,-0.0847457627118644,-1000000.0,-3900000.0,-0.13220338983050847,-1800000.0,-2100000.0,-0.0711864406779661,-0.1669581809508666,-0.1669581809508666,12578000.0,12578000.0,,,1620599226,18:27:06,20210509
98,1996-09-30,UEIC,USD,1996-11-14 00:00:00,1996-11-14 00:00:00,Q3,25600000.0,18500000.0,7100000.0,0.27734375,0.0,6500000.0,0.0,0.0,6900000.0,25400000.0,0.0,400000.0,600000.0,0.0234375,200000.0,0.0078125,100000.0,200000.0,0.0078125,100000.0,100000.0,0.00390625,0.005,0.005,13710000.0,13710000.0,https://www.sec.gov/Archives/edgar/data/101984/000095015296006068/0000950152-96-006068-index.html,https://www.sec.gov/Archives/edgar/data/101984/0000950152-96-006068.txt,1620599226,18:27:06,20210509
99,1996-06-30,UEIC,USD,1996-08-14 00:00:00,1996-08-14 00:00:00,Q2,21500000.0,14500000.0,7000000.0,0.32558139534883723,0.0,6100000.0,0.0,0.0,6500000.0,21000000.0,0.0,400000.0,900000.0,0.04186046511627907,500000.0,0.023255813953488372,0.0,300000.0,0.013953488372093023,100000.0,200000.0,0.009302325581395349,0.01,0.01,13550000.0,13550000.0,https://www.sec.gov/Archives/edgar/data/101984/000095015296004171/0000950152-96-004171-index.html,https://www.sec.gov/Archives/edgar/data/101984/0000950152-96-004171.txt,1620599226,18:27:06,20210509
100,1996-03-31,UEIC,USD,1996-05-15 00:00:00,1996-05-15 00:00:00,Q1,21900000.0,15700000.0,6200000.0,0.2831050228310502,0.0,7100000.0,0.0,0.0,7500000.0,23200000.0,0.0,400000.0,-900000.0,-0.0410958904109589,-1300000.0,-0.0593607305936073,100000.0,-1300000.0,-0.0593607305936073,-700000.0,-600000.0,-0.0273972602739726,-0.02,-0.02,13532000.0,13532000.0,https://www.sec.gov/Archives/edgar/data/101984/000095015296002501/0000950152-96-002501-index.html,https://www.sec.gov/Archives/edgar/data/101984/0000950152-96-002501.txt,1620599226,18:27:06,20210509
101,1995-12-31,UEIC,USD,1995-12-31,1995-12-31,Q4,31100000.0,20900000.0,10200000.0,0.3279742765273312,0.0,7600000.0,0.0,0.0,7900000.0,28800000.0,0.0,300000.0,2600000.0,0.08360128617363344,2300000.0,0.07395498392282958,200000.0,2200000.0,0.0707395498392283,900000.0,1300000.0,0.04180064308681672,0.09606857818504286,0.09606857818504286,13532000.0,13532000.0,,,1620599226,18:27:06,20210509
102,1995-09-30,UEIC,USD,1995-09-30,1995-09-30,Q3,30700000.0,21300000.0,9400000.0,0.30618892508143325,0.0,6800000.0,0.0,0.0,7100000.0,28400000.0,0.0,300000.0,2600000.0,0.08469055374592833,2300000.0,0.0749185667752443,0.0,2100000.0,0.06840390879478828,700000.0,1400000.0,0.04560260586319218,0.05,0.05,13484000.0,13484000.0,,,1620599226,18:27:06,20210509
103,1995-06-30,UEIC,USD,1995-06-30,1995-06-30,Q2,24800000.0,17200000.0,7600000.0,0.3064516129032258,0.0,7000000.0,0.0,0.0,7400000.0,24600000.0,0.0,400000.0,600000.0,0.024193548387096774,200000.0,0.008064516129032258,100000.0,0.0,0.0,0.0,100000.0,0.004032258064516129,0.005,0.005,13484000.0,13484000.0,,,1620599226,18:27:06,20210509
104,1995-03-31,UEIC,USD,1995-03-31,1995-03-31,Q1,18700000.0,13600000.0,5100000.0,0.2727272727272727,0.0,7600000.0,0.0,0.0,7900000.0,21500000.0,0.0,300000.0,-2500000.0,-0.13368983957219252,-2800000.0,-0.1497326203208556,-800000.0,-3900000.0,-0.20855614973262032,-1400000.0,-2500000.0,-0.13368983957219252,-0.09,-0.09,13484000.0,13484000.0,,,1620599226,18:27:06,20210509
105,1994-12-31,UEIC,USD,1994-12-31,1994-12-31,Q4,24900000.0,18200000.0,6700000.0,0.26907630522088355,0.0,0.0,0.0,0.0,10400000.0,28600000.0,0.0,200000.0,-3500000.0,-0.14056224899598393,-3700000.0,-0.14859437751004015,0.0,-15800000.0,-0.6345381526104418,-5100000.0,-10700000.0,-0.42971887550200805,-0.7935330762385049,-0.7935330762385049,13484000.0,13484000.0,,,1620599226,18:27:06,20210509
106,1994-09-30,UEIC,USD,1994-09-30,1994-09-30,Q3,28000000.0,19000000.0,9000000.0,0.32142857142857145,0.0,0.0,0.0,0.0,7900000.0,26900000.0,0.0,300000.0,1400000.0,0.05,1100000.0,0.039285714285714285,0.0,700000.0,0.025,300000.0,400000.0,0.014285714285714285,0.015,0.015,13484000.0,13484000.0,,,1620599226,18:27:06,20210509
107,1994-06-30,UEIC,USD,1994-06-30,1994-06-30,Q2,23100000.0,16200000.0,6900000.0,0.2987012987012987,0.0,0.0,0.0,0.0,8800000.0,25000000.0,0.0,200000.0,-1700000.0,-0.0735930735930736,-1900000.0,-0.08225108225108226,0.0,-2100000.0,-0.09090909090909091,-800000.0,-1300000.0,-0.05627705627705628,-0.05,-0.05,13484000.0,13484000.0,,,1620599226,18:27:06,20210509
108,1994-03-31,UEIC,USD,1994-03-31,1994-03-31,Q1,20400000.0,13400000.0,7000000.0,0.3431372549019608,0.0,0.0,0.0,0.0,8900000.0,22300000.0,0.0,200000.0,-1700000.0,-0.08333333333333333,-1900000.0,-0.09313725490196079,0.0,-1900000.0,-0.09313725490196079,-700000.0,-1200000.0,-0.058823529411764705,-0.045,-0.045,13270000.0,13270000.0,,,1620599226,18:27:06,20210509
109,1993-12-31,UEIC,USD,1993-12-31,1993-12-31,Q4,29800000.0,17400000.0,12400000.0,0.4161073825503356,0.0,0.0,0.0,0.0,10000000.0,27400000.0,0.0,300000.0,2700000.0,0.09060402684563758,2400000.0,0.08053691275167785,0.0,2500000.0,0.08389261744966443,800000.0,1700000.0,0.05704697986577181,0.1282051282051282,0.1282051282051282,13260000.0,13260000.0,,,1620599226,18:27:06,20210509
110,1993-09-30,UEIC,USD,1993-09-30,1993-09-30,Q3,24700000.0,13200000.0,11500000.0,0.46558704453441296,0.0,0.0,0.0,0.0,7500000.0,20700000.0,0.0,-100000.0,3900000.0,0.15789473684210525,4000000.0,0.16194331983805668,0.0,4100000.0,0.1659919028340081,1600000.0,2500000.0,0.10121457489878542,0.1,0.1,13260000.0,13260000.0,,,1620599226,18:27:06,20210509
111,1993-06-30,UEIC,USD,1993-06-30,1993-06-30,Q2,18900000.0,10900000.0,8000000.0,0.42328042328042326,0.0,0.0,0.0,0.0,7100000.0,18000000.0,0.0,0.0,900000.0,0.047619047619047616,900000.0,0.047619047619047616,100000.0,800000.0,0.042328042328042326,300000.0,500000.0,0.026455026455026454,0.025,0.025,11170000.0,11170000.0,,,1620599226,18:27:06,20210509
112,1993-03-31,UEIC,USD,1993-03-31,1993-03-31,Q1,15600000.0,0.0,0.0,0.0,0.0,0.0,0.0,0.0,0.0,0.0,0.0,0.0,15600000.0,1.0,15600000.0,1.0,0.0,0.0,0.0,0.0,200000.0,0.01282051282051282,0.015,0.015,8958000.0,8958000.0,,,1620599226,18:27:06,20210509
113,1992-12-31,UEIC,USD,1992-12-31,1992-12-31,Q4,21500000.0,0.0,0.0,0.0,0.0,0.0,0.0,0.0,0.0,0.0,0.0,0.0,-23900000.0,-1.1116279069767443,-23900000.0,-1.1116279069767443,0.0,0.0,0.0,0.0,2300000.0,0.10697674418604651,0.17250000431250012,0.17250000431250012,13333333.0,13333333.0,,,1620599226,18:27:06,20210509
114,1992-09-30,UEIC,USD,1992-09-30,1992-09-30,Q3,15000000.0,0.0,0.0,0.0,0.0,0.0,0.0,0.0,0.0,0.0,0.0,0.0,15000000.0,1.0,15000000.0,1.0,0.0,0.0,0.0,0.0,1400000.0,0.09333333333333334,0.105,0.105,13333333.0,13333333.0,,,1620599226,18:27:06,20210509
115,1992-06-30,UEIC,USD,1992-06-30,1992-06-30,Q2,8700000.0,0.0,0.0,0.0,0.0,0.0,0.0,0.0,0.0,0.0,0.0,0.0,8700000.0,1.0,8700000.0,1.0,0.0,0.0,0.0,0.0,-700000.0,-0.08045977011494253,-0.065,-0.065,10769231.0,10769231.0,,,1620599226,18:27:06,20210509
116,1992-03-31,UEIC,USD,1992-03-31,1992-03-31,Q1,5600000.0,0.0,0.0,0.0,0.0,0.0,0.0,0.0,0.0,0.0,0.0,0.0,5600000.0,1.0,5600000.0,1.0,0.0,0.0,0.0,0.0,-400000.0,-0.07142857142857142,-0.035,-0.035,11428571.0,11428571.0,,,1620599226,18:27:06,20210509
117,1991-12-31,UEIC,USD,1991-12-31,1991-12-31,Q4,7800000.0,0.0,0.0,0.0,0.0,0.0,0.0,0.0,0.0,0.0,0.0,0.0,-12600000.0,-1.6153846153846154,-12600000.0,-1.6153846153846154,0.0,0.0,0.0,0.0,600000.0,0.07692307692307693,0.046666666148148156,0.046666666148148156,12857143.0,12857143.0,,,1620599226,18:27:06,20210509
118,1991-09-30,UEIC,USD,1991-09-30,1991-09-30,Q3,7400000.0,0.0,0.0,0.0,0.0,0.0,0.0,0.0,0.0,0.0,0.0,0.0,7400000.0,1.0,7400000.0,1.0,0.0,0.0,0.0,0.0,900000.0,0.12162162162162163,0.07,0.07,12857143.0,12857143.0,,,1620599226,18:27:06,20210509
119,1991-06-30,UEIC,USD,1991-06-30,1991-06-30,Q2,4100000.0,0.0,0.0,0.0,0.0,0.0,0.0,0.0,0.0,0.0,0.0,0.0,4100000.0,1.0,4100000.0,1.0,0.0,0.0,0.0,0.0,-100000.0,-0.024390243902439025,-0.015,-0.015,6666667.0,6666667.0,,,1620599226,18:27:06,20210509
120,1991-03-31,UEIC,USD,1991-03-31,1991-03-31,Q1,3200000.0,0.0,0.0,0.0,0.0,0.0,0.0,0.0,0.0,0.0,0.0,0.0,3200000.0,1.0,3200000.0,1.0,0.0,0.0,0.0,0.0,-200000.0,-0.0625,-0.02,-0.02,10000000.0,10000000.0,,,1620599226,18:27:06,20210509
