,date,symbol,reportedCurrency,fillingDate,acceptedDate,period,revenue,costOfRevenue,grossProfit,grossProfitRatio,researchAndDevelopmentExpenses,generalAndAdministrativeExpenses,sellingAndMarketingExpenses,otherExpenses,operatingExpenses,costAndExpenses,interestExpense,depreciationAndAmortization,ebitda,ebitdaratio,operatingIncome,operatingIncomeRatio,totalOtherIncomeExpensesNet,incomeBeforeTax,incomeBeforeTaxRatio,incomeTaxExpense,netIncome,netIncomeRatio,eps,epsdiluted,weightedAverageShsOut,weightedAverageShsOutDil,link,finalLink,timestamp,est_time,est_date
0,2020-09-30,SXL.AX,AUD,2020-09-30,2020-09-30,Q3,134792250.0,29567250.0,105225000.0,0.7806457715484384,0.0,58964750.0,19766750.0,405250.0,0.0,0.0,5233750.0,9147250.0,26493500.0,0.19655061770984608,17346250.0,0.12868877847205606,-969250.0,9573500.0,0.0710241130332048,3298500.0,6275000.0,0.04655312156299787,0.04425,0.04425,141872100,141872100,,,1620598518,18:15:18,20210509
1,2020-06-30,SXL.AX,AUD,2020-06-30,2020-06-30,Q2,134792250.0,29567250.0,105225000.0,0.7806457715484384,0.0,58964750.0,19766750.0,405250.0,0.0,0.0,5233750.0,9147250.0,26493500.0,0.19655061770984608,17346250.0,0.12868877847205606,-969250.0,9573500.0,0.0710241130332048,3298500.0,6275000.0,0.04655312156299787,0.04425,0.04425,141872100,141872100,,,1620598518,18:15:18,20210509
2,2020-03-31,SXL.AX,AUD,2020-03-31,2020-03-31,Q1,134792250.0,29567250.0,105225000.0,0.7806457715484384,0.0,58964750.0,19766750.0,405250.0,0.0,0.0,5233750.0,9147250.0,26493500.0,0.19655061770984608,17346250.0,0.12868877847205606,-969250.0,9573500.0,0.0710241130332048,3298500.0,6275000.0,0.04655312156299787,0.04425,0.04425,141872100,141872100,,,1620598518,18:15:18,20210509
3,2020-01-31,SXL.AX,AUD,2020-01-31,2020-01-31,Q1,134792250.0,29567250.0,105225000.0,0.7806457715484384,0.0,58964750.0,19766750.0,405250.0,0.0,0.0,5233750.0,9147250.0,26493500.0,0.19655061770984608,17346250.0,0.12868877847205606,-969250.0,9573500.0,0.0710241130332048,3298500.0,6275000.0,0.04655312156299787,0.04425,0.04425,141872100,141872100,,,1620598518,18:15:18,20210509
4,2019-06-30,SXL.AX,AUD,2019-06-30,2019-06-30,Q2,164083000.0,30900000.0,133183000.0,0.8116806738053303,0.0,71511000.0,23901000.0,-1105250.0,0.0,0.0,5044750.0,7660750.0,37771000.0,0.23019447474753632,30110250.0,0.1835062133188691,-57646250.0,-32368750.0,-0.19727058866549246,-9520000.0,-22848750.0,-0.1392511716631217,-0.21109075,-0.21109075,108198501,108198501,,,1620598518,18:15:18,20210509
5,2019-03-31,SXL.AX,AUD,2019-03-31,2019-03-31,Q1,164083000.0,30900000.0,133183000.0,0.8116806738053303,0.0,71511000.0,23901000.0,-1105250.0,0.0,0.0,5044750.0,7660750.0,37771000.0,0.23019447474753632,30110250.0,0.1835062133188691,-57646250.0,-32368750.0,-0.19727058866549246,-9520000.0,-22848750.0,-0.1392511716631217,-0.21109075,-0.21109075,108198501,108198501,,,1620598518,18:15:18,20210509
6,2019-01-31,SXL.AX,AUD,2019-01-31,2019-01-31,Q1,164083000.0,30900000.0,133183000.0,0.8116806738053303,0.0,71511000.0,23901000.0,-1105250.0,0.0,0.0,5044750.0,7660750.0,37771000.0,0.23019447474753632,30110250.0,0.1835062133188691,-57646250.0,-32368750.0,-0.19727058866549246,-9520000.0,-22848750.0,-0.1392511716631217,-0.21109075,-0.21109075,108198501,108198501,,,1620598518,18:15:18,20210509
7,2018-06-30,SXL.AX,AUD,2018-06-30,2018-06-30,Q2,162286250.0,31598250.0,130688000.0,0.8052931163299417,0.0,69190750.0,24352500.0,1232750.0,0.0,0.0,3902250.0,7679500.0,36943000.0,0.227640973896433,29263500.0,0.18032026742869467,-24454500.0,1108250.0,0.0068289827388333885,752750.0,355500.0,0.0021905737547081162,0.003376,0.003376,108198501,108198501,,,1620598518,18:15:18,20210509
8,2018-03-31,SXL.AX,AUD,2018-03-31,2018-03-31,Q1,162286250.0,31598250.0,130688000.0,0.8052931163299417,0.0,69190750.0,24352500.0,1232750.0,0.0,0.0,3902250.0,7679500.0,36943000.0,0.227640973896433,29263500.0,0.18032026742869467,-24454500.0,1108250.0,0.0068289827388333885,752750.0,355500.0,0.0021905737547081162,0.003376,0.003376,108198501,108198501,,,1620598518,18:15:18,20210509
9,2018-01-31,SXL.AX,AUD,2018-01-31,2018-01-31,Q1,162286250.0,31598250.0,130688000.0,0.8052931163299417,0.0,69190750.0,24352500.0,1232750.0,0.0,0.0,3902250.0,7679500.0,36943000.0,0.227640973896433,29263500.0,0.18032026742869467,-24454500.0,1108250.0,0.0068289827388333885,752750.0,355500.0,0.0021905737547081162,0.003376,0.003376,108198501,108198501,,,1620598518,18:15:18,20210509
10,2017-06-30,SXL.AX,AUD,2017-06-30,2017-06-30,Q2,170320750.0,32848500.0,137472250.0,0.8071374157288528,0.0,69977000.0,25654500.0,1490250.0,0.0,0.0,4877500.0,7717500.0,41840750.0,0.24565855892485208,34123250.0,0.2003469923658744,2507500.0,31934500.0,0.18749623871430815,4793750.0,27140750.0,0.1593508130982279,0.2508925,0.250004,108197234,108561225,,,1620598518,18:15:18,20210509
11,2017-03-31,SXL.AX,AUD,2017-03-31,2017-03-31,Q1,170320750.0,32848500.0,137472250.0,0.8071374157288528,0.0,69977000.0,25654500.0,1490250.0,0.0,0.0,4877500.0,7717500.0,41840750.0,0.24565855892485208,34123250.0,0.2003469923658744,2507500.0,31934500.0,0.18749623871430815,4793750.0,27140750.0,0.1593508130982279,0.2508925,0.250004,108197234,108561225,,,1620598518,18:15:18,20210509
12,2017-01-31,SXL.AX,AUD,2017-01-31,2017-01-31,Q1,170320750.0,32848500.0,137472250.0,0.8071374157288528,0.0,69977000.0,25654500.0,1490250.0,0.0,0.0,4877500.0,7717500.0,41840750.0,0.24565855892485208,34123250.0,0.2003469923658744,2507500.0,31934500.0,0.18749623871430815,4793750.0,27140750.0,0.1593508130982279,0.2508925,0.250004,108197234,108561225,,,1620598518,18:15:18,20210509
13,2016-06-30,SXL.AX,AUD,2016-06-30,2016-06-30,Q2,158248250.0,27906750.0,130341500.0,0.8236520783010238,0.0,66078500.0,24728000.0,1640500.0,0.0,0.0,6507250.0,7212500.0,39535000.0,0.2498289870504097,32322500.0,0.20425186376468618,2395500.0,28544250.0,0.18037640226669174,9233500.0,19310750.0,0.12202820568315921,0.17981825,0.17946275,107411719,107603093,,,1620598518,18:15:18,20210509
14,2016-03-31,SXL.AX,AUD,2016-03-31,2016-03-31,Q1,158248250.0,27906750.0,130341500.0,0.8236520783010238,0.0,66078500.0,24728000.0,1640500.0,0.0,0.0,6507250.0,7212500.0,39535000.0,0.2498289870504097,32322500.0,0.20425186376468618,2395500.0,28544250.0,0.18037640226669174,9233500.0,19310750.0,0.12202820568315921,0.17981825,0.17946275,107411719,107603093,,,1620598518,18:15:18,20210509
15,2016-01-31,SXL.AX,AUD,2016-01-31,2016-01-31,Q1,158248250.0,27906750.0,130341500.0,0.8236520783010238,0.0,66078500.0,24728000.0,1640500.0,0.0,0.0,6507250.0,7212500.0,39535000.0,0.2498289870504097,32322500.0,0.20425186376468618,2395500.0,28544250.0,0.18037640226669174,9233500.0,19310750.0,0.12202820568315921,0.17981825,0.17946275,107411719,107603093,,,1620598518,18:15:18,20210509
16,2015-09-30,SXL.AX,AUD,2015-09-30,2015-09-30,Q3,151214750.0,26939000.0,124275750.0,0.8218493896924738,0.0,62989750.0,22080500.0,1565250.0,0.0,0.0,10054000.0,7133500.0,39205500.0,0.25927034234424884,32072000.0,0.21209571156252946,-88743500.0,-66304000.0,-0.4384757439337102,4933500.0,-71237500.0,-0.4711015294473588,-0.6977725,-0.6977725,102102632,102102632,,,1620598518,18:15:18,20210509
17,2015-06-30,SXL.AX,AUD,2015-06-30,2015-06-30,Q2,151214750.0,26939000.0,124275750.0,0.8218493896924738,0.0,62989750.0,22080500.0,1565250.0,0.0,0.0,10054000.0,7133500.0,39205500.0,0.25927034234424884,32072000.0,0.21209571156252946,-88743500.0,-66304000.0,-0.4384757439337102,4933500.0,-71237500.0,-0.4711015294473588,-0.6977725,-0.6977725,102102632,102102632,,,1620598518,18:15:18,20210509
18,2015-03-31,SXL.AX,AUD,2015-03-31,2015-03-31,Q1,151214750.0,26939000.0,124275750.0,0.8218493896924738,0.0,62989750.0,22080500.0,1565250.0,0.0,0.0,10054000.0,7133500.0,39205500.0,0.25927034234424884,32072000.0,0.21209571156252946,-88743500.0,-66304000.0,-0.4384757439337102,4933500.0,-71237500.0,-0.4711015294473588,-0.6977725,-0.6977725,102102632,102102632,,,1620598518,18:15:18,20210509
19,2015-01-31,SXL.AX,AUD,2015-01-31,2015-01-31,Q1,151214750.0,26939000.0,124275750.0,0.8218493896924738,0.0,62989750.0,22080500.0,1565250.0,0.0,0.0,10054000.0,7133500.0,39205500.0,0.25927034234424884,32072000.0,0.21209571156252946,-88743500.0,-66304000.0,-0.4384757439337102,4933500.0,-71237500.0,-0.4711015294473588,-0.6977725,-0.6977725,102102632,102102632,,,1620598518,18:15:18,20210509
20,2014-09-30,SXL.AX,AUD,2014-09-30,2014-09-30,Q3,158864250.0,30110000.0,128754250.0,0.8104671126449154,0.0,63134000.0,22035500.0,1350250.0,0.0,0.0,10409250.0,6877750.0,43584750.0,0.27435215915475003,36707000.0,0.23105890721166028,-96775250.0,-69894250.0,-0.4399621060118938,4107750.0,-74002000.0,-0.46581908768020497,-0.7459255,-0.7459255,99210854,99210854,,,1620598518,18:15:18,20210509
21,2014-06-30,SXL.AX,AUD,2014-06-30,2014-06-30,Q2,158864250.0,30110000.0,128754250.0,0.8104671126449154,0.0,63134000.0,22035500.0,1350250.0,0.0,0.0,10409250.0,6877750.0,43584750.0,0.27435215915475003,36707000.0,0.23105890721166028,-96775250.0,-69894250.0,-0.4399621060118938,4107750.0,-74002000.0,-0.46581908768020497,-0.7459255,-0.7459255,99210854,99210854,,,1620598518,18:15:18,20210509
22,2014-03-31,SXL.AX,AUD,2014-03-31,2014-03-31,Q1,158864250.0,30110000.0,128754250.0,0.8104671126449154,0.0,63134000.0,22035500.0,1350250.0,0.0,0.0,10409250.0,6877750.0,43584750.0,0.27435215915475003,36707000.0,0.23105890721166028,-96775250.0,-69894250.0,-0.4399621060118938,4107750.0,-74002000.0,-0.46581908768020497,-0.7459255,-0.7459255,99210854,99210854,,,1620598518,18:15:18,20210509
23,2014-01-31,SXL.AX,AUD,2014-01-31,2014-01-31,Q1,158864250.0,30110000.0,128754250.0,0.8104671126449154,0.0,63134000.0,22035500.0,1350250.0,0.0,0.0,10409250.0,6877750.0,43584750.0,0.27435215915475003,36707000.0,0.23105890721166028,-96775250.0,-69894250.0,-0.4399621060118938,4107750.0,-74002000.0,-0.46581908768020497,-0.7459255,-0.7459255,99210854,99210854,,,1620598518,18:15:18,20210509
24,2013-09-30,SXL.AX,AUD,2013-09-30,2013-09-30,Q3,159248250.0,26077750.0,133170500.0,0.8362446683087569,0.0,63945500.0,20340500.0,3997750.0,0.0,0.0,13736750.0,6619000.0,48884500.0,0.30697040626820077,42265500.0,0.26540637024268715,3863250.0,33317250.0,0.20921579985965308,9289500.0,24027750.0,0.15088234878562246,0.2423635,0.24147525,99167290,99504022,,,1620598518,18:15:18,20210509
25,2013-06-30,SXL.AX,AUD,2013-06-30,2013-06-30,Q2,159248250.0,26077750.0,133170500.0,0.8362446683087569,0.0,63945500.0,20340500.0,3997750.0,0.0,0.0,13736750.0,6619000.0,48884500.0,0.30697040626820077,42265500.0,0.26540637024268715,3863250.0,33317250.0,0.20921579985965308,9289500.0,24027750.0,0.15088234878562246,0.2423635,0.24147525,99167290,99504022,,,1620598518,18:15:18,20210509
26,2013-03-31,SXL.AX,AUD,2013-03-31,2013-03-31,Q1,159248250.0,26077750.0,133170500.0,0.8362446683087569,0.0,63945500.0,20340500.0,3997750.0,0.0,0.0,13736750.0,6619000.0,48884500.0,0.30697040626820077,42265500.0,0.26540637024268715,3863250.0,33317250.0,0.20921579985965308,9289500.0,24027750.0,0.15088234878562246,0.2423635,0.24147525,99167290,99504022,,,1620598518,18:15:18,20210509
27,2013-01-31,SXL.AX,AUD,2013-01-31,2013-01-31,Q1,159248250.0,26077750.0,133170500.0,0.8362446683087569,0.0,63945500.0,20340500.0,3997750.0,0.0,0.0,13736750.0,6619000.0,48884500.0,0.30697040626820077,42265500.0,0.26540637024268715,3863250.0,33317250.0,0.20921579985965308,9289500.0,24027750.0,0.15088234878562246,0.2423635,0.24147525,99167290,99504022,,,1620598518,18:15:18,20210509
28,2012-09-30,SXL.AX,AUD,2012-09-30,2012-09-30,Q3,170429500.0,28840250.0,141589250.0,0.8307790024614283,0.0,65569750.0,20807000.0,1398750.0,0.0,0.0,17909250.0,7630750.0,55212500.0,0.3239609339932347,47581750.0,0.2791872885856028,1232500.0,31570500.0,0.18524081805086562,7815000.0,23755500.0,0.13938608046142245,0.2395205,0.2389875,99211278,99400571,,,1620598518,18:15:18,20210509
29,2012-06-30,SXL.AX,AUD,2012-06-30,2012-06-30,Q2,170429500.0,28840250.0,141589250.0,0.8307790024614283,0.0,65569750.0,20807000.0,1398750.0,0.0,0.0,17909250.0,7630750.0,55212500.0,0.3239609339932347,47581750.0,0.2791872885856028,1232500.0,31570500.0,0.18524081805086562,7815000.0,23755500.0,0.13938608046142245,0.2395205,0.2389875,99211278,99400571,,,1620598518,18:15:18,20210509
30,2012-03-31,SXL.AX,AUD,2012-03-31,2012-03-31,Q1,170429500.0,28840250.0,141589250.0,0.8307790024614283,0.0,65569750.0,20807000.0,1398750.0,0.0,0.0,17909250.0,7630750.0,55212500.0,0.3239609339932347,47581750.0,0.2791872885856028,1232500.0,31570500.0,0.18524081805086562,7815000.0,23755500.0,0.13938608046142245,0.2395205,0.2389875,99211278,99400571,,,1620598518,18:15:18,20210509
31,2012-01-31,SXL.AX,AUD,2012-01-31,2012-01-31,Q1,170429500.0,28840250.0,141589250.0,0.8307790024614283,0.0,65569750.0,20807000.0,1398750.0,0.0,0.0,17909250.0,7630750.0,55212500.0,0.3239609339932347,47581750.0,0.2791872885856028,1232500.0,31570500.0,0.18524081805086562,7815000.0,23755500.0,0.13938608046142245,0.2395205,0.2389875,99211278,99400571,,,1620598518,18:15:18,20210509
32,2011-09-30,SXL.AX,AUD,2011-09-30,2011-09-30,Q3,121375750.0,29390750.0,91985000.0,0.7578531955518297,0.0,44940000.0,10088000.0,1078500.0,1575000.0,0.0,13130500.0,5535750.0,35382000.0,0.2915079824429509,29846250.0,0.24589961339064847,1844250.0,19136250.0,0.1576612296937403,5811750.0,13324500.0,0.10977893030527103,0.20522725,0.20487175,64944460,64944460,,,1620598518,18:15:18,20210509
33,2011-06-30,SXL.AX,AUD,2011-06-30,2011-06-30,Q2,121375750.0,29390750.0,91985000.0,0.7578531955518297,0.0,44940000.0,10088000.0,1078500.0,1575000.0,0.0,13130500.0,5535750.0,35382000.0,0.2915079824429509,29846250.0,0.24589961339064847,1844250.0,19136250.0,0.1576612296937403,5811750.0,13324500.0,0.10977893030527103,0.20522725,0.20487175,64944460,64944460,,,1620598518,18:15:18,20210509
34,2011-03-31,SXL.AX,AUD,2011-03-31,2011-03-31,Q1,121375750.0,29390750.0,91985000.0,0.7578531955518297,0.0,44940000.0,10088000.0,1078500.0,1575000.0,0.0,13130500.0,5535750.0,35382000.0,0.2915079824429509,29846250.0,0.24589961339064847,1844250.0,19136250.0,0.1576612296937403,5811750.0,13324500.0,0.10977893030527103,0.20522725,0.20487175,64944460,64944460,,,1620598518,18:15:18,20210509
35,2011-01-31,SXL.AX,AUD,2011-01-31,2011-01-31,Q1,121375750.0,29390750.0,91985000.0,0.7578531955518297,0.0,44940000.0,10088000.0,1078500.0,1575000.0,0.0,13130500.0,5535750.0,35382000.0,0.2915079824429509,29846250.0,0.24589961339064847,1844250.0,19136250.0,0.1576612296937403,5811750.0,13324500.0,0.10977893030527103,0.20522725,0.20487175,64944460,64944460,,,1620598518,18:15:18,20210509
36,2010-09-30,SXL.AX,AUD,2010-09-30,2010-09-30,Q3,101168250.0,26068250.0,75100000.0,0.7423277559906394,0.0,36707500.0,7483750.0,-30873500.0,1144500.0,0.0,15465500.0,5446250.0,29764250.0,0.2942054448900717,24318000.0,0.24037185579467868,-30467750.0,-19598500.0,-0.19372184455103256,1070500.0,-20669000.0,-0.2043032275442147,-0.42204775,-0.42204775,48978899,48978899,,,1620598518,18:15:18,20210509
37,2010-06-30,SXL.AX,AUD,2010-06-30,2010-06-30,Q2,101168250.0,26068250.0,75100000.0,0.7423277559906394,0.0,36707500.0,7483750.0,-30873500.0,1144500.0,0.0,15465500.0,5446250.0,29764250.0,0.2942054448900717,24318000.0,0.24037185579467868,-30467750.0,-19598500.0,-0.19372184455103256,1070500.0,-20669000.0,-0.2043032275442147,-0.42204775,-0.42204775,48978899,48978899,,,1620598518,18:15:18,20210509
38,2010-03-31,SXL.AX,AUD,2010-03-31,2010-03-31,Q1,101168250.0,26068250.0,75100000.0,0.7423277559906394,0.0,36707500.0,7483750.0,-30873500.0,1144500.0,0.0,15465500.0,5446250.0,29764250.0,0.2942054448900717,24318000.0,0.24037185579467868,-30467750.0,-19598500.0,-0.19372184455103256,1070500.0,-20669000.0,-0.2043032275442147,-0.42204775,-0.42204775,48978899,48978899,,,1620598518,18:15:18,20210509
39,2010-01-31,SXL.AX,AUD,2010-01-31,2010-01-31,Q1,101168250.0,26068250.0,75100000.0,0.7423277559906394,0.0,36707500.0,7483750.0,-30873500.0,1144500.0,0.0,15465500.0,5446250.0,29764250.0,0.2942054448900717,24318000.0,0.24037185579467868,-30467750.0,-19598500.0,-0.19372184455103256,1070500.0,-20669000.0,-0.2043032275442147,-0.42204775,-0.42204775,48978899,48978899,,,1620598518,18:15:18,20210509
40,2009-09-30,SXL.AX,AUD,2009-09-30,2009-09-30,Q3,131078250.0,34766000.0,96312250.0,0.7347691169206181,0.0,59550000.0,2325500.0,-1720250.0,616250.0,0.0,25274250.0,7867750.0,33820500.0,0.25801763450458026,25952750.0,0.19799432781563683,-36169500.0,-30411500.0,-0.23201026867539046,-9269500.0,-21142000.0,-0.1612929681316313,-0.536693,-0.536693,39391090,39391090,,,1620598518,18:15:18,20210509
41,2009-06-30,SXL.AX,AUD,2009-06-30,2009-06-30,Q2,131078250.0,34766000.0,96312250.0,0.7347691169206181,0.0,59550000.0,2325500.0,-1720250.0,616250.0,0.0,25274250.0,7867750.0,33820500.0,0.25801763450458026,25952750.0,0.19799432781563683,-36169500.0,-30411500.0,-0.23201026867539046,-9269500.0,-21142000.0,-0.1612929681316313,-0.536693,-0.536693,39391090,39391090,,,1620598518,18:15:18,20210509
42,2009-03-31,SXL.AX,AUD,2009-03-31,2009-03-31,Q1,131078250.0,34766000.0,96312250.0,0.7347691169206181,0.0,59550000.0,2325500.0,-1720250.0,616250.0,0.0,25274250.0,7867750.0,33820500.0,0.25801763450458026,25952750.0,0.19799432781563683,-36169500.0,-30411500.0,-0.23201026867539046,-9269500.0,-21142000.0,-0.1612929681316313,-0.536693,-0.536693,39391090,39391090,,,1620598518,18:15:18,20210509
43,2009-01-31,SXL.AX,AUD,2009-01-31,2009-01-31,Q1,131078250.0,34766000.0,96312250.0,0.7347691169206181,0.0,59550000.0,2325500.0,-1720250.0,616250.0,0.0,25274250.0,7867750.0,33820500.0,0.25801763450458026,25952750.0,0.19799432781563683,-36169500.0,-30411500.0,-0.23201026867539046,-9269500.0,-21142000.0,-0.1612929681316313,-0.536693,-0.536693,39391090,39391090,,,1620598518,18:15:18,20210509
44,2008-09-30,SXL.AX,AUD,2008-09-30,2008-09-30,Q3,106825250.0,27271000.0,79554250.0,0.7447139136112483,0.0,47458000.0,2171000.0,3075000.0,3133750.0,0.0,20800000.0,5322000.0,26791500.0,0.25079744723274694,21469500.0,0.2009777650883101,3544500.0,5811250.0,0.054399591856794154,878250.0,68451000.0,0.6407754720911021,1.7267395,1.7267395,39640960,39640960,,,1620598518,18:15:18,20210509
45,2008-06-30,SXL.AX,AUD,2008-06-30,2008-06-30,Q2,106825250.0,27271000.0,79554250.0,0.7447139136112483,0.0,47458000.0,2171000.0,3075000.0,3133750.0,0.0,20800000.0,5322000.0,26791500.0,0.25079744723274694,21469500.0,0.2009777650883101,3544500.0,5811250.0,0.054399591856794154,878250.0,68451000.0,0.6407754720911021,1.7267395,1.7267395,39640960,39640960,,,1620598518,18:15:18,20210509
46,2008-03-31,SXL.AX,AUD,2008-03-31,2008-03-31,Q1,106825250.0,27271000.0,79554250.0,0.7447139136112483,0.0,47458000.0,2171000.0,3075000.0,3133750.0,0.0,20800000.0,5322000.0,26791500.0,0.25079744723274694,21469500.0,0.2009777650883101,3544500.0,5811250.0,0.054399591856794154,878250.0,68451000.0,0.6407754720911021,1.7267395,1.7267395,39640960,39640960,,,1620598518,18:15:18,20210509
47,2008-01-31,SXL.AX,AUD,2008-01-31,2008-01-31,Q1,106825250.0,27271000.0,79554250.0,0.7447139136112483,0.0,47458000.0,2171000.0,3075000.0,3133750.0,0.0,20800000.0,5322000.0,26791500.0,0.25079744723274694,21469500.0,0.2009777650883101,3544500.0,5811250.0,0.054399591856794154,878250.0,68451000.0,0.6407754720911021,1.7267395,1.7267395,39640960,39640960,,,1620598518,18:15:18,20210509
48,2007-09-30,SXL.AX,AUD,2007-09-30,2007-09-30,Q3,100051250.0,17382000.0,82669250.0,0.8262690371184768,0.0,29142250.0,1788000.0,-9083500.0,8246500.0,0.0,20760500.0,9647500.0,43492500.0,0.4347022151147537,33845000.0,0.33827663322547197,-8687500.0,7474250.0,0.07470421409027873,1959500.0,9439500.0,0.0943466473432366,0.2447745,0.24410875,38569721,38669249,,,1620598518,18:15:18,20210509
49,2007-06-30,SXL.AX,AUD,2007-06-30,2007-06-30,Q2,100051250.0,17382000.0,82669250.0,0.8262690371184768,0.0,29142250.0,1788000.0,-9083500.0,8246500.0,0.0,20760500.0,9647500.0,43492500.0,0.4347022151147537,33845000.0,0.33827663322547197,-8687500.0,7474250.0,0.07470421409027873,1959500.0,9439500.0,0.0943466473432366,0.2447745,0.24410875,38569721,38669249,,,1620598518,18:15:18,20210509
50,2007-03-31,SXL.AX,AUD,2007-03-31,2007-03-31,Q1,100051250.0,17382000.0,82669250.0,0.8262690371184768,0.0,29142250.0,1788000.0,-9083500.0,8246500.0,0.0,20760500.0,9647500.0,43492500.0,0.4347022151147537,33845000.0,0.33827663322547197,-8687500.0,7474250.0,0.07470421409027873,1959500.0,9439500.0,0.0943466473432366,0.2447745,0.24410875,38569721,38669249,,,1620598518,18:15:18,20210509
51,2007-01-31,SXL.AX,AUD,2007-01-31,2007-01-31,Q1,100051250.0,17382000.0,82669250.0,0.8262690371184768,0.0,29142250.0,1788000.0,-9083500.0,8246500.0,0.0,20760500.0,9647500.0,43492500.0,0.4347022151147537,33845000.0,0.33827663322547197,-8687500.0,7474250.0,0.07470421409027873,1959500.0,9439500.0,0.0943466473432366,0.2447745,0.24410875,38569721,38669249,,,1620598518,18:15:18,20210509
52,2006-09-30,SXL.AX,AUD,2006-09-30,2006-09-30,Q3,43880250.0,0.0,43880250.0,1.0,0.0,14561000.0,823500.0,3416000.0,15261250.0,0.0,10888750.0,2812000.0,12791000.0,0.2914978834441463,9979000.0,0.2274143834640869,4017750.0,5852750.0,0.13338005138986217,1784500.0,1091250.0,0.024868819115661373,0.029032,0.029032,37639925,37639925,,,1620598518,18:15:18,20210509
53,2006-06-30,SXL.AX,AUD,2006-06-30,2006-06-30,Q2,43880250.0,0.0,43880250.0,1.0,0.0,14561000.0,823500.0,3416000.0,15261250.0,0.0,10888750.0,2812000.0,12791000.0,0.2914978834441463,9979000.0,0.2274143834640869,4017750.0,5852750.0,0.13338005138986217,1784500.0,1091250.0,0.024868819115661373,0.029032,0.029032,37639925,37639925,,,1620598518,18:15:18,20210509
54,2006-03-31,SXL.AX,AUD,2006-03-31,2006-03-31,Q1,43880250.0,0.0,43880250.0,1.0,0.0,14561000.0,823500.0,3416000.0,15261250.0,0.0,10888750.0,2812000.0,12791000.0,0.2914978834441463,9979000.0,0.2274143834640869,4017750.0,5852750.0,0.13338005138986217,1784500.0,1091250.0,0.024868819115661373,0.029032,0.029032,37639925,37639925,,,1620598518,18:15:18,20210509
55,2006-01-31,SXL.AX,AUD,2006-01-31,2006-01-31,Q1,43880250.0,0.0,43880250.0,1.0,0.0,14561000.0,823500.0,3416000.0,15261250.0,0.0,10888750.0,2812000.0,12791000.0,0.2914978834441463,9979000.0,0.2274143834640869,4017750.0,5852750.0,0.13338005138986217,1784500.0,1091250.0,0.024868819115661373,0.029032,0.029032,37639925,37639925,,,1620598518,18:15:18,20210509
56,2005-09-30,SXL.AX,AUD,2005-09-30,2005-09-30,Q3,0.0,0.0,0.0,0.0,0.0,0.0,0.0,0.0,0.0,0.0,0.0,0.0,0.0,0.0,0.0,0.0,0.0,0.0,0.0,0.0,0.0,0.0,0.0,0.0,266846934,266846934,,,1620598518,18:15:18,20210509
57,2005-06-30,SXL.AX,AUD,2005-06-30,2005-06-30,Q2,0.0,0.0,0.0,0.0,0.0,0.0,0.0,0.0,0.0,0.0,0.0,0.0,0.0,0.0,0.0,0.0,0.0,0.0,0.0,0.0,0.0,0.0,0.0,0.0,266846934,266846934,,,1620598518,18:15:18,20210509
58,2005-03-31,SXL.AX,AUD,2005-03-31,2005-03-31,Q1,0.0,0.0,0.0,0.0,0.0,0.0,0.0,0.0,0.0,0.0,0.0,0.0,0.0,0.0,0.0,0.0,0.0,0.0,0.0,0.0,0.0,0.0,0.0,0.0,266846934,266846934,,,1620598518,18:15:18,20210509
59,2005-01-31,SXL.AX,AUD,2005-01-31,2005-01-31,Q1,0.0,0.0,0.0,0.0,0.0,0.0,0.0,0.0,0.0,0.0,0.0,0.0,0.0,0.0,0.0,0.0,0.0,0.0,0.0,0.0,0.0,0.0,0.0,0.0,266846934,266846934,,,1620598518,18:15:18,20210509
