,date,symbol,reportedCurrency,fillingDate,acceptedDate,period,revenue,costOfRevenue,grossProfit,grossProfitRatio,researchAndDevelopmentExpenses,generalAndAdministrativeExpenses,sellingAndMarketingExpenses,otherExpenses,operatingExpenses,costAndExpenses,interestExpense,depreciationAndAmortization,ebitda,ebitdaratio,operatingIncome,operatingIncomeRatio,totalOtherIncomeExpensesNet,incomeBeforeTax,incomeBeforeTaxRatio,incomeTaxExpense,netIncome,netIncomeRatio,eps,epsdiluted,weightedAverageShsOut,weightedAverageShsOutDil,link,finalLink,timestamp,est_time,est_date
0,2021-01-01,J,USD,2021-02-09,2021-02-09 07:18:31,Q1,3381836000,2749776000.0,632060000.0,0.186898477631677,0.0,-418120000.0,0.0,140171.0,-418120.0,2331656000.0,17313.0,0.0,-87023000.0,-0.025732471947190815,-87023000.0,-0.025732471947190815,140171.0,-87023000.0,-0.025732471947190815,-87023000.0,0.0,0.0,1.98,1.98,131263000,131263000,https://www.sec.gov/Archives/edgar/data/52988/000005298821000016/0000052988-21-000016-index.htm,https://www.sec.gov/Archives/edgar/data/52988/000005298821000016/jec-20210101.htm,1620593848,16:57:28,20210509
1,2020-10-02,J,USD,2020-11-24,2020-11-24 07:13:57,Q4,10306918000,8349276000.0,1957642000.0,0.18993476032311502,0.0,-1616045000.0,0.0,-204075000.0,-1616045000.0,6733231000.0,44013.0,-90071000.0,-77717000.0,-0.007540275376208484,12354000.0,0.0011986124271096364,-109305000.0,12354000.0,0.0011986124271096364,12354000.0,-409821000.0,-0.03976174060955952,2.69,2.69,131263000,131263000,https://www.sec.gov/Archives/edgar/data/52988/000005298820000070/0000052988-20-000070-index.htm,https://www.sec.gov/Archives/edgar/data/52988/000005298820000070/jec-20201002.htm,1620593848,16:57:28,20210509
2,2020-06-26,J,USD,2020-08-03,2020-08-03 06:55:10,Q3,3260057000,2631031000.0,629026000.0,0.19294938708126882,0.0,434650000.0,0.0,109305.0,434650000.0000001,3065681000.0,-16944000.0,45410999.99999999,239787000.0,0.07355300842899373,194376000.0,0.05962349738056727,126249000.0,303681000.0,0.09315205224939319,67674000.0,244927000.0,0.07512966797819792,1.86593,1.86593,131263000,131263000,https://www.sec.gov/Archives/edgar/data/52988/000005298820000050/0000052988-20-000050-index.htm,https://www.sec.gov/Archives/edgar/data/52988/000005298820000050/jec-20200626.htm,1620593848,16:57:28,20210509
3,2020-03-27,J,USD,2020-05-06 00:00:00,2020-05-06 16:28:26,Q2,6787229000,5494523000.0,1292706000.0,0.19046152708270195,0.0,973582000.0,0.0,-344583000.0,973581999.9999994,6468104999.999999,15154000.0,44660000.00000001,363784000.0,0.05359830941316405,319124000.0,0.04701830452457107,-213719000.0,77366000.0,0.01139876081976901,7367000.0,164894000.0,0.024294745322428344,1.24726,1.24726,132205000,132205000,https://www.sec.gov/Archives/edgar/data/52988/000005298820000033/0000052988-20-000033-index.html,https://www.sec.gov/Archives/edgar/data/52988/000005298820000033/jec-20200327.htm,1620593848,16:57:28,20210509
4,2019-12-27,J,USD,2020-02-04 00:00:00,2020-02-04 08:58:45,Q1,3360049000,2715477000.0,644572000.0,0.19183410718117502,0.0,493225000.0,0.0,102824000.0,493225000.00000036,3208702000.0000005,14817000.0,43997000.0,195344000.0,0.05813724740323727,151347000.0,0.045043093121558644,116695000.0,254171000.0,0.0756450277957256,68490000.0,256975000.0,0.076479539435288,1.92764,1.92764,133310500,133310500,https://www.sec.gov/Archives/edgar/data/52988/000005298820000019/0000052988-20-000019-index.html,https://www.sec.gov/Archives/edgar/data/52988/000005298820000019/jec-20191227.htm,1620593848,16:57:28,20210509
5,2019-09-27,J,USD,2019-11-25 00:00:00,2019-11-25 07:28:00,Q4,3392863000,2727329000.0,665534000.0,0.1961570508446701,0.0,480646000.0,0.0,-45548000.0,566445999.9999999,3293775000.0,10120000.0,43260000.00000001,142348000.0,0.04195512757220082,99088000.0,0.02920483379376061,-37743000.0,53540000.0,0.015780183284736224,-12342000.0,142250000.0,0.04192624341153769,1.04513,1.04513,136107000,136107000,https://www.sec.gov/Archives/edgar/data/52988/000005298819000069/0000052988-19-000069-index.html,https://www.sec.gov/Archives/edgar/data/52988/000005298819000069/jecfy201910-k1.htm,1620593848,16:57:28,20210509
6,2019-06-28,J,USD,2019-08-05,2019-08-05 09:02:59,Q3,3169622000,2543488000.0,626134000.0,0.19754216748874157,0.0,431580000.0,0.0,3445000.0,536180000.0000003,3079668000.0000005,18978000.0,44233999.99999999,134188000.0,0.042335647594571216,89954000.0,0.028380040269786112,19025000.0,93399000.0,0.02946692066120187,-1981000.0,523929000.0,0.1652969975599614,3.80146,3.80146,137823000,137823000,https://www.sec.gov/Archives/edgar/data/52988/000005298819000053/jecfy2019q310-q1.htm,https://www.sec.gov/Archives/edgar/data/52988/000005298819000053/jecfy2019q310-q1.htm,1620593848,16:57:28,20210509
7,2019-03-29,J,USD,2019-05-07 00:00:00,2019-05-07 09:46:51,Q2,6175383000,4990023000.0,1185360000.0,0.1919492280883631,0.0,827851000.0,0.0,9150000.0,969550999.9999995,5959573999.999999,29424000.0,42169000.0,257978000.0,0.04177522268659288,215809000.0,0.0349466583692056,39186000.0,204020000.0,0.03303762697795424,14810000.0,181005000.0,0.029310732629862796,1.3019,1.3019,139031000,139031000,https://www.sec.gov/Archives/edgar/data/52988/000005298819000031/0000052988-19-000031-index.html,https://www.sec.gov/Archives/edgar/data/52988/000005298819000031/jecfy2019q210-q.htm,1620593848,16:57:28,20210509
8,2018-12-28,J,USD,2019-02-06 00:00:00,2019-02-06 09:48:40,Q1,3083788000,2515268000.0,568520000.0,0.18435767958108665,0.0,410991000.0,0.0,-20939000.0,455391000.0000001,2970659000.0,25325000.0,39606000.0,152735000.0,0.04952837224867598,113129000.0,0.03668507692487292,2282000.0,92189000.0,0.02989472687486948,22758000.0,124197000.0,0.040274169300872825,0.88471,0.88471,140381500,140381500,https://www.sec.gov/Archives/edgar/data/52988/000005298819000008/0000052988-19-000008-index.html,https://www.sec.gov/Archives/edgar/data/52988/000005298819000008/jecfy2019q110-q.htm,1620593848,16:57:28,20210509
9,2018-09-28,J,USD,2018-11-21 00:00:00,2018-11-21 17:08:45,Q4,2991900000,2385600000.0,606200000.0,0.2026137237207126,0.0,445400000.0,0.0,-43474000.0,445400000.0000001,2831000000.0,26654000.0,51400000.00000001,212200000.0,0.07092483037534678,160800000.0,0.05374511180186504,6100000.0,142400000.0,0.04759517363548247,21900000.0,-37800000.0,-0.012634112102677229,-0.26582,-0.26582,142200000,142200000,https://www.sec.gov/Archives/edgar/data/52988/000005298818000036/0000052988-18-000036-index.html,https://www.sec.gov/Archives/edgar/data/52988/000005298818000036/jecfy201810-k.htm,1620593848,16:57:28,20210509
10,2018-06-29,J,USD,2018-08-06 00:00:00,2018-08-06 09:42:05,Q3,2933600000,2325000000.0,608600000.0,0.20745841287155714,0.0,338700000.0,0.0,-19946000.0,446099999.9999999,2771100000.0,23787000.0,52100000.0,214600000.0,0.07315244068721026,162500000.0,0.055392691573493316,6600000.0,146600000.0,0.04997272975184074,34100000.0,150100000.0,0.05116580310880829,1.04965,1.04965,143000000,143000000,https://www.sec.gov/Archives/edgar/data/52988/000005298818000023/0000052988-18-000023-index.html,https://www.sec.gov/Archives/edgar/data/52988/000005298818000023/jecfy2018q310-q.htm,1620593848,16:57:28,20210509
11,2018-03-30,J,USD,2018-05-08 00:00:00,2018-05-08 09:47:41,Q2,2870300000,2268700000.0,601600000.0,0.20959481587290527,0.0,456400000.0,0.0,-24118000.0,532800000.0000002,2801500000.0,19227000.0,55599999.99999999,124400000.0,0.04334041737797443,68800000.0,0.023969619900358848,-2700000.0,48700000.0,0.016966867574817964,11500000.0,48400000.0,0.01686234888339198,0.34061,0.34061,142100000,142100000,https://www.sec.gov/Archives/edgar/data/52988/000005298818000012/0000052988-18-000012-index.html,https://www.sec.gov/Archives/edgar/data/52988/000005298818000012/jecfy2018q210-q.htm,1620593848,16:57:28,20210509
12,2017-12-29,J,USD,2018-02-07 00:00:00,2018-02-07 09:46:36,Q1,1784000000,1441900000.0,342100000.0,0.19176008968609864,0.0,331100000.0,0.0,-5728000.0,346799999.99999994,1788700000.0,7092000.0,39500000.0,34800000.0,0.019506726457399103,-4700000.0,-0.002634529147982063,1200000.0,-6700000.0,-0.003755605381165919,-1800000.0,1900000.0,0.0010650224215246636,0.01383,0.01383,137400000,137400000,https://www.sec.gov/Archives/edgar/data/52988/000156459018001463/0001564590-18-001463-index.html,https://www.sec.gov/Archives/edgar/data/52988/000156459018001463/jec-10q_20171229.htm,1620593848,16:57:28,20210509
13,2017-09-29,J,USD,2017-11-21 00:00:00,2017-11-21 17:06:49,Q4,2653900000,2179600000.0,474300000.0,0.17871811296582388,0.0,360700000.0,0.0,12457000.0,367300000.0000002,2546900000.0,708000.0,34900000.00000001,141900000.0,0.053468480349674066,107000000.0,0.04031802253287615,-800000.0,119500000.0,0.04502807189419345,26000000.0,94100000.0,0.03545725159199668,0.7764,0.7764,121200000,121200000,https://www.sec.gov/Archives/edgar/data/52988/000156459017024192/0001564590-17-024192-index.html,https://www.sec.gov/Archives/edgar/data/52988/000156459017024192/jec-10k_20170929.htm,1620593848,16:57:28,20210509
14,2017-06-30,J,USD,2017-08-08 00:00:00,2017-08-08 11:43:24,Q3,2514751000,2055386000.0,459365000.0,0.18266818464333048,0.0,0.0,0.0,852000.0,330890000.0,2386276000.0,4054000.0,29917000.0,158392000.0,0.06298516234808138,128475000.0,0.05108855707781804,852000.0,127396000.0,0.05065948875256437,38767000.0,89032000.0,0.035403902811848964,0.7468751572907404,0.7353215669108598,119206000,121079000,https://www.sec.gov/Archives/edgar/data/52988/000156459017016325/0001564590-17-016325-index.html,https://www.sec.gov/Archives/edgar/data/52988/000156459017016325/jec-10q_20170630.htm,1620593848,16:57:28,20210509
15,2017-03-31,J,USD,2017-05-09 00:00:00,2017-05-09 10:46:43,Q2,2302567000,1883283000.0,419284000.0,0.1820941583893107,0.0,0.0,0.0,-6015000.0,351111000.0,2234394000.0,3755000.0,29157000.0,97330000.0,0.042270214069775165,68173000.0,0.029607390360410792,-6015000.0,60491000.0,0.02627111393501253,16326000.0,50018000.0,0.021722712086119537,0.41861671855645943,0.4109469740539297,119484000,121714000,https://www.sec.gov/Archives/edgar/data/52988/000156459017009666/0001564590-17-009666-index.html,https://www.sec.gov/Archives/edgar/data/52988/000156459017009666/jec-10q_20170331.htm,1620593848,16:57:28,20210509
16,2016-12-30,J,USD,2017-02-08 00:00:00,2017-02-08 10:46:21,Q1,2551600000,2132300000.0,419300000.0,0.16432826461827874,0.0,298900000.0,0.0,-2748000.0,330699999.9999998,2463000000.0,3518000.0,28500000.0,117100000.0,0.04589277316193761,88600000.0,0.03472331086377175,-700000.0,85900000.0,0.03366515127762972,24700000.0,60500000.0,0.023710612948738045,0.49631,0.49631,121900000,121900000,https://www.sec.gov/Archives/edgar/data/52988/000156459017001129/0001564590-17-001129-index.html,https://www.sec.gov/Archives/edgar/data/52988/000156459017001129/jec-10q_20161230.htm,1620593848,16:57:28,20210509
17,2016-09-30,J,USD,2016-11-22 00:00:00,2016-11-22 09:46:55,Q4,2640587000,2208895000.0,431692000.0,0.16348334669526132,0.0,0.0,0.0,-3523000.0,348881000.0,2557776000.0,4945000.0,31025000.0,113836000.0,0.04311011150172291,82811000.0,0.031360829997269545,-44933000.0,35673000.0,0.013509496183992423,5790000.0,29644000.0,0.011226291729831283,0.24418451400329488,0.24418451400329488,121400000,121400000,https://www.sec.gov/Archives/edgar/data/52988/000156459016029571/0001564590-16-029571-index.html,https://www.sec.gov/Archives/edgar/data/52988/000156459016029571/jec-10k_20160930.htm,1620593848,16:57:28,20210509
18,2016-07-01,J,USD,2016-08-09,2016-08-09 09:46:15,Q3,2693900000,2242400000.0,451400000.0,0.16756375515052527,0.0,374700000.0,0.0,-4737000.0,341900000.0000001,2584300000.0,4572000.0,32199999.999999996,141800000.0,0.05263744014254427,109600000.0,0.04068450944726976,-2800000.0,102800000.0,0.03816028805820557,31900000.0,69100000.0,0.02565054382122573,0.56919,0.56919,121400000,121400000,https://www.sec.gov/Archives/edgar/data/52988/000156459016023511/jec-10q_20160701.htm,https://www.sec.gov/Archives/edgar/data/52988/000156459016023511/jec-10q_20160701.htm,1620593848,16:57:28,20210509
19,2016-04-01,J,USD,2016-05-05 00:00:00,2016-05-05 10:46:16,Q2,2781800000,2337500000.0,444200000.0,0.1596807822273348,0.0,392800000.0,0.0,1663000.0,357500000.0,2695000000.0,2200000.0,32800000.000000004,119600000.0,0.04299374505715724,86800000.0,0.03120281831907398,3600000.0,90500000.0,0.03253289237184557,27100000.0,65300000.0,0.023474009634049896,0.53922,0.53922,121100000,121100000,https://www.sec.gov/Archives/edgar/data/52988/000156459016017848/0001564590-16-017848-index.html,https://www.sec.gov/Archives/edgar/data/52988/000156459016017848/jec-10q_20160401.htm,1620593848,16:57:28,20210509
20,2016-01-01,J,USD,2016-02-03 00:00:00,2016-02-03 10:47:47,Q1,2847900000,2407500000.0,440500000.0,0.15467537483759963,0.0,449400000.0,0.0,-1663000.0,381000000.0,2788500000.0,3543000.0,33900000.0,93400000.0,0.03279609536851715,59500000.0,0.020892587520629235,-300000.0,57800000.0,0.020295656448611258,7500000.0,46500000.0,0.016327820499315283,0.38115,0.38115,122000000,122000000,https://www.sec.gov/Archives/edgar/data/52988/000005298816000172/0000052988-16-000172-index.html,https://www.sec.gov/Archives/edgar/data/52988/000005298816000172/jec-01012016x10q.htm,1620593848,16:57:28,20210509
21,2015-10-02,J,USD,2015-11-24 00:00:00,2015-11-23 21:36:08,Q4,3117000000,2643600000.0,473400000.0,0.15187680461982675,0.0,320000000.0,0.0,-4535000.0,419500000.0,3063100000.0,4129000.0,35500000.0,89300000.0,0.028649342316329804,53800000.0,0.01726018607635547,-2100000.0,49300000.0,0.015816490214950272,12000000.0,29900000.0,0.0095925569457812,0.24368,0.24368,122700000,122700000,https://www.sec.gov/Archives/edgar/data/52988/000005298815000155/0000052988-15-000155-index.html,https://www.sec.gov/Archives/edgar/data/52988/000005298815000155/fiscal2015form10-k.htm,1620593848,16:57:28,20210509
22,2015-06-26,J,USD,2015-07-31 00:00:00,2015-07-30 19:51:18,Q3,2907500000,2422900000.0,484600000.0,0.16667239896818573,0.0,340500000.0,0.0,-3244000.0,384199999.9999998,2807100000.0,5508000.0,37100000.0,137500000.0,0.04729148753224419,100400000.0,0.03453138435081685,600000.0,97200000.0,0.03343078245915735,-100000.0,91100000.0,0.03133276010318143,0.73114,0.73114,124600000,124600000,https://www.sec.gov/Archives/edgar/data/52988/000005298815000119/0000052988-15-000119-index.html,https://www.sec.gov/Archives/edgar/data/52988/000005298815000119/jec-06262015x10q.htm,1620593848,16:57:28,20210509
23,2015-03-27,J,USD,2015-05-01 00:00:00,2015-05-01 15:52:11,Q2,2903300000,2412400000.0,490900000.0,0.16908345675610512,0.0,343900000.0,0.0,-4083000.0,357900000.0000001,2770300000.0,4548000.0,37700000.0,170700000.0,0.05879516412358351,133000000.0,0.0458099404126339,-1100000.0,129000000.0,0.04443219784383288,40900000.0,82000000.0,0.0282437226604209,0.64465,0.64465,127200000,127200000,https://www.sec.gov/Archives/edgar/data/52988/000005298815000047/0000052988-15-000047-index.html,https://www.sec.gov/Archives/edgar/data/52988/000005298815000047/jec-03272015x10q.htm,1620593848,16:57:28,20210509
24,2014-12-26,J,USD,2015-02-02,2015-01-30 18:28:48,Q1,3187000000,2667600000.0,519400000.0,0.16297458424850958,0.0,361200000.0,0.0,-3528000.0,361200000.0000003,3028800000.0000005,5318000.0,39000000.0,197200000.0,0.061876372764355196,158200000.0,0.04963915908377785,-500000.0,154700000.0,0.04854094759962347,48500000.0,100100000.0,0.031408848446815185,0.77,0.77,130000000,130000000,https://www.sec.gov/Archives/edgar/data/52988/000005298815000006/jec-12262014x10q.htm,https://www.sec.gov/Archives/edgar/data/52988/000005298815000006/jec-12262014x10q.htm,1620593848,16:57:28,20210509
25,2014-09-26,J,USD,2014-11-24 00:00:00,2014-11-21 17:54:08,Q4,3218400000,2676600000.0,541800000.0,0.16834451901565994,0.0,405200000.0,0.0,8155000.0,405200000.0000003,3081800000.0000005,947000.0,39399999.99999999,176000000.0,0.05468555804126274,136600000.0,0.042443450161570966,6800000.0,144800000.0,0.04499130002485707,53800000.0,86100000.0,0.0267524235645041,0.65178,0.65178,132100000,132100000,https://www.sec.gov/Archives/edgar/data/52988/000005298814000173/0000052988-14-000173-index.html,https://www.sec.gov/Archives/edgar/data/52988/000005298814000173/fiscal2014form10-k.htm,1620593848,16:57:28,20210509
26,2014-06-27,J,USD,2014-08-01 00:00:00,2014-08-01 13:22:07,Q3,3231800000,2670100000.0,561700000.0,0.17380407203416054,0.0,437800000.0,0.0,-5890000.0,437800000.0000002,3107900000.0,5565000.0,39300000.0,163200000.0,0.0504981743919797,123900000.0,0.038337768426264004,-3000000.0,118000000.0,0.036512160405965714,46700000.0,64800000.0,0.02005074571446253,0.48869,0.48869,132600000,132600000,https://www.sec.gov/Archives/edgar/data/52988/000005298814000149/0000052988-14-000149-index.html,https://www.sec.gov/Archives/edgar/data/52988/000005298814000149/jec-6272014x10q.htm,1620593848,16:57:28,20210509
27,2014-03-28,J,USD,2014-05-02 00:00:00,2014-05-02 15:05:25,Q2,3176000000,2659500000.0,516600000.0,0.16265743073047859,0.0,394100000.0,0.0,9959000.0,394099999.9999999,3053600000.0,5116000.0,38500000.0,160900000.0,0.050661209068010075,122400000.0,0.03853904282115869,-100000.0,132400000.0,0.04168765743073048,41600000.0,83500000.0,0.026290931989924434,0.62971,0.62971,132600000,132600000,https://www.sec.gov/Archives/edgar/data/52988/000005298814000088/0000052988-14-000088-index.html,https://www.sec.gov/Archives/edgar/data/52988/000005298814000088/jec-3282014x10q.htm,1620593848,16:57:28,20210509
28,2013-12-27,J,USD,2014-01-24,2014-01-24 15:24:43,Q1,3068900000,2615200000.0,453700000.0,0.14783798755254327,0.0,308600000.0,0.0,1874000.0,308600000.00000036,2923800000.0000005,-191000.0,28200000.000000004,173200000.0,0.056437159894424715,145000000.0,0.04724819968066734,-100000.0,146900000.0,0.047867314021310566,48000000.0,93700000.0,0.030532112483300206,0.70877,0.70877,132200000,132200000,https://www.sec.gov/Archives/edgar/data/52988/000005298814000008/jec-12272013x10q.htm,https://www.sec.gov/Archives/edgar/data/52988/000005298814000008/jec-12272013x10q.htm,1620593848,16:57:28,20210509
29,2013-09-27,J,USD,2013-11-22 00:00:00,2013-11-22 15:56:16,Q4,3142700000,2668000000.0,474700000.0,0.1510484615139848,0.0,299500000.0,0.0,-242000.0,299500000.0,2967500000.0,3391000.0,26800000.000000007,201900000.0,0.06424412129697393,175100000.0,0.0557164221847456,1300000.0,174900000.0,0.055652782639131954,58400000.0,110800000.0,0.03525630826995895,0.83876,0.83876,132100000,132100000,https://www.sec.gov/Archives/edgar/data/52988/000005298813000140/0000052988-13-000140-index.html,https://www.sec.gov/Archives/edgar/data/52988/000005298813000140/fiscal2013form10-k.htm,1620593848,16:57:28,20210509
30,2013-06-28,J,USD,2013-08-01 00:00:00,2013-08-01 15:40:58,Q3,3081000000,2614000000.0,467000000.0,0.1515741642323921,0.0,298600000.0,0.0,64000.0,298599999.9999999,2912600000.0,2786000.0,24299999.999999996,192700000.0,0.06254462836741317,168400000.0,0.05465757870821162,1500000.0,168400000.0,0.05465757870821162,56300000.0,108900000.0,0.03534566699123661,0.8294,0.8294,131300000,131300000,https://www.sec.gov/Archives/edgar/data/52988/000005298813000113/0000052988-13-000113-index.html,https://www.sec.gov/Archives/edgar/data/52988/000005298813000113/jec-6282013x10q.htm,1620593848,16:57:28,20210509
31,2013-03-29,J,USD,2013-05-01 00:00:00,2013-05-01 16:28:14,Q2,2835100000,2370200000.0,464900000.0,0.1639801065218158,0.0,299700000.0,0.0,-3295000.0,299700000.0000003,2669900000.0000005,3035000.0,23300000.0,188500000.0,0.06648795456950372,165200000.0,0.0582695495749709,-1400000.0,161900000.0,0.05710556946844909,54800000.0,104400000.0,0.03682409791541744,0.79878,0.79878,130700000,130700000,https://www.sec.gov/Archives/edgar/data/52988/000005298813000082/0000052988-13-000082-index.html,https://www.sec.gov/Archives/edgar/data/52988/000005298813000082/jec-3292013x10q.htm,1620593848,16:57:28,20210509
32,2012-12-28,J,USD,2013-01-24 00:00:00,2013-01-24 14:34:26,Q1,2759600000,2323900000.0,435700000.0,0.1578852007537324,0.0,275500000.0,0.0,-3958000.0,275500000.0,2599400000.0,3694000.0,24500000.0,184800000.0,0.06696622698941876,160300000.0,0.05808812871430642,-1400000.0,156300000.0,0.056638643281635016,51800000.0,99000000.0,0.03587476445861719,0.7633,0.7633,129700000,129700000,https://www.sec.gov/Archives/edgar/data/52988/000005298813000006/0000052988-13-000006-index.html,https://www.sec.gov/Archives/edgar/data/52988/000005298813000006/jec-12282012x10q.htm,1620593848,16:57:28,20210509
33,2012-09-28,J,USD,2012-11-20 00:00:00,2012-11-20 17:04:40,Q4,2786300000,2339600000.0,446700000.0,0.1603201378171769,0.0,279000000.0,0.0,2479000.0,272800000.0000002,2612400000.0,2538000.0,25599999.999999993,199500000.0,0.07160033018698632,173900000.0,0.06241251839356853,-2000000.0,170100000.0,0.061048702580483075,59000000.0,107400000.0,0.03854574166457309,0.83063,0.83063,129300000,129300000,https://www.sec.gov/Archives/edgar/data/52988/000005298812000086/0000052988-12-000086-index.html,https://www.sec.gov/Archives/edgar/data/52988/000005298812000086/jec-9282012x10k.htm,1620593848,16:57:28,20210509
34,2012-06-29,J,USD,2012-08-02 00:00:00,2012-08-02 14:12:33,Q3,2772900000,2339800000.0,433100000.0,0.15619027011432074,0.0,279700000.0,0.0,-1995000.0,279699999.9999998,2619500000.0,2990000.0,24700000.000000004,178100000.0,0.06422878574777309,153400000.0,0.05532114392873887,-1300000.0,151400000.0,0.05459987738468751,50400000.0,97900000.0,0.03530599733131379,0.76009,0.76009,128800000,128800000,https://www.sec.gov/Archives/edgar/data/52988/000005298812000065/0000052988-12-000065-index.html,https://www.sec.gov/Archives/edgar/data/52988/000005298812000065/jec-6292012x10q.htm,1620593848,16:57:28,20210509
35,2012-03-30,J,USD,2012-05-02 00:00:00,2012-05-01 20:23:19,Q2,2702900000,2276600000.0,426200000.0,0.15768248917828998,0.0,293100000.0,0.0,-823000.0,293099999.9999999,2569700000.0,2496000.0,25200000.0,158300000.0,0.05856672462910208,133100000.0,0.049243405231418104,100000.0,132300000.0,0.04894742683784084,44900000.0,83900000.0,0.03104073402641607,0.6519,0.6519,128700000,128700000,https://www.sec.gov/Archives/edgar/data/52988/000005298812000028/0000052988-12-000028-index.html,https://www.sec.gov/Archives/edgar/data/52988/000005298812000028/jec-3302012x10q.htm,1620593848,16:57:28,20210509
36,2011-12-30,J,USD,2012-01-27 00:00:00,2012-01-27 14:35:23,Q1,2631800000,2210700000.0,421000000.0,0.15996656280872407,0.0,279100000.0,0.0,-2398000.0,279100000.00000036,2489800000.0000005,3662000.0,25300000.0,167300000.0,0.06356866023254047,142000000.0,0.05395546774070978,-100000.0,139600000.0,0.05304354434227525,48100000.0,89700000.0,0.034083137016490614,0.70023,0.70023,128100000,128100000,https://www.sec.gov/Archives/edgar/data/52988/000005298812000005/0000052988-12-000005-index.html,https://www.sec.gov/Archives/edgar/data/52988/000005298812000005/jec-12302011x10q.htm,1620593848,16:57:28,20210509
37,2011-09-30,J,USD,2011-11-21 00:00:00,2011-11-21 17:26:43,Q4,2723295000,2296733000.0,426562000.0,0.15663451811133206,0.0,0.0,0.0,0.0,278658000.0,2575391000.0,2684000.0,26227000.0,174131000.0,0.06394129170728842,147904000.0,0.05431067879168434,-1591000.0,145156000.0,0.0533016070605645,49909000.0,94280000.0,0.0346198263500649,0.75,0.74,126463000,127537000,https://www.sec.gov/Archives/edgar/data/52988/000119312511318681/0001193125-11-318681-index.html,https://www.sec.gov/Archives/edgar/data/52988/000119312511318681/d219614d10k.htm,1620593848,16:57:28,20210509
38,2011-07-01,J,USD,2011-07-29 00:00:00,2011-07-29 13:50:39,Q3,2744200000,2331500000.0,412700000.0,0.15038991327162743,0.0,273300000.0,0.0,1921000.0,273300000.0000002,2604800000.0,2568000.0,25200000.000000004,164600000.0,0.05998105094380876,139400000.0,0.05079804678959259,3200000.0,141300000.0,0.051490416150426356,49400000.0,90700000.0,0.0330515268566431,0.71082,0.71082,127600000,127600000,https://www.sec.gov/Archives/edgar/data/52988/000119312511202483/0001193125-11-202483-index.html,https://www.sec.gov/Archives/edgar/data/52988/000119312511202483/d10q.htm,1620593848,16:57:28,20210509
39,2011-04-01,J,USD,2011-04-29 00:00:00,2011-04-29 13:52:06,Q2,2558000000,2168800000.0,389200000.0,0.1521501172791243,0.0,261200000.0,0.0,-1534000.0,261199999.9999998,2430000000.0,2720000.0,23799999.999999996,151800000.0,0.059343236903831115,128000000.0,0.05003909304143862,0.0,126500000.0,0.04945269741985926,45100000.0,80300000.0,0.03139171227521501,0.6303,0.6303,127400000,127400000,https://www.sec.gov/Archives/edgar/data/52988/000119312511118033/0001193125-11-118033-index.html,https://www.sec.gov/Archives/edgar/data/52988/000119312511118033/d10q.htm,1620593848,16:57:28,20210509
40,2010-12-31,J,USD,2011-01-26 00:00:00,2011-01-26 17:19:14,Q1,2356175000,2025137000.0,331038000.0,0.14049805298842402,0.0,0.0,0.0,0.0,227419000.0,2252556000.0,827000.0,20233000.0,123852000.0,0.052564856175793394,103619000.0,0.04397763324031534,7000.0,103723000.0,0.04402177257631543,37026000.0,65823000.0,0.027936379937822955,0.53,0.52,124988000,126640000,https://www.sec.gov/Archives/edgar/data/52988/000119312511014932/0001193125-11-014932-index.html,https://www.sec.gov/Archives/edgar/data/52988/000119312511014932/d10q.htm,1620593848,16:57:28,20210509
41,2010-10-01,J,USD,2010-11-23 00:00:00,2010-11-23 14:30:57,Q4,2343000000,1995000000.0,348000000.0,0.14852752880921896,0.0,228500000.0,0.0,872000.0,228500000.0,2223500000.0,383000.0,22700000.000000004,142200000.0,0.060691421254801536,119500000.0,0.051002987622705935,100000.0,120400000.0,0.05138711054204012,43300000.0,77000000.0,0.03286384976525822,0.61063,0.61063,126100000,126100000,https://www.sec.gov/Archives/edgar/data/52988/000119312510267422/0001193125-10-267422-index.html,https://www.sec.gov/Archives/edgar/data/52988/000119312510267422/d10k.htm,1620593848,16:57:28,20210509
42,2010-07-02,J,USD,2010-07-30 00:00:00,2010-07-30 15:18:10,Q3,2507700000,2235500000.0,272200000.0,0.10854567930773218,0.0,227100000.0,0.0,-7844000.0,227099999.9999999,2462600000.0,8174000.0,20800000.000000004,65900000.0,0.02627906049367947,45100000.0,0.017984607409179728,-1600000.0,37200000.0,0.014834310324201459,18000000.0,19000000.0,0.007576663875264187,0.15079,0.15079,126000000,126000000,https://www.sec.gov/Archives/edgar/data/52988/000119312510172144/0001193125-10-172144-index.html,https://www.sec.gov/Archives/edgar/data/52988/000119312510172144/d10q.htm,1620593848,16:57:28,20210509
43,2010-04-02,J,USD,2010-04-29 00:00:00,2010-04-29 16:16:56,Q2,2587000000,2223800000.0,363200000.0,0.14039427908774643,0.0,241200000.0,0.0,-844000.0,241199999.99999982,2465000000.0,1317000.0,22099999.999999993,144100000.0,0.05570158484731349,122000000.0,0.047158871279474296,-900000.0,121200000.0,0.046849632779281024,43600000.0,77500000.0,0.029957479706223426,0.61704,0.61704,125600000,125600000,https://www.sec.gov/Archives/edgar/data/52988/000119312510099363/0001193125-10-099363-index.html,https://www.sec.gov/Archives/edgar/data/52988/000119312510099363/d10q.htm,1620593848,16:57:28,20210509
44,2010-01-01,J,USD,2010-01-28 00:00:00,2010-01-28 15:47:23,Q1,2477800000,2128600000.0,349200000.0,0.14093147146662363,0.0,242613709.0,-6913709.0,-333000.0,235700000.00000027,2364300000.0000005,200000.0,22800000.0,136300000.0,0.055008475260311565,113500000.0,0.045806764064896276,-600000.0,113100000.0,0.04564533053515215,40700000.0,72400000.0,0.029219468883687143,0.57781,0.57781,125300000,125300000,https://www.sec.gov/Archives/edgar/data/52988/000119312510015547/0001193125-10-015547-index.html,https://www.sec.gov/Archives/edgar/data/52988/000119312510015547/d10q.htm,1620593848,16:57:28,20210509
45,2009-10-02,J,USD,2009-11-20 00:00:00,2009-11-20 15:16:24,Q4,2552500000,2204600000.0,348000000.0,0.13633692458374144,0.0,225800000.0,0.0,4200000.0,225800000.00000018,2430400000.0,488000.0,29700000.000000004,151800000.0,0.05947110675808032,122100000.0,0.04783545543584721,-1300000.0,123900000.0,0.048540646425073455,44600000.0,79300000.0,0.03106758080313418,0.63389,0.63389,125100000,125100000,https://www.sec.gov/Archives/edgar/data/52988/000119312509239188/0001193125-09-239188-index.html,https://www.sec.gov/Archives/edgar/data/52988/000119312509239188/d10k.htm,1620593848,16:57:28,20210509
46,2009-06-30,J,USD,2009-07-30 00:00:00,2009-07-29 20:34:13,Q3,2706724000,2334861000.0,371863000.0,0.13738489775832335,0.0,0.0,0.0,-456000.0,225189000.0,2560050000.0,402000.0,19239000.0,165913000.0,0.06129660800288467,146674000.0,0.05418875363723823,-456000.0,148281000.0,0.054782460273008995,53381000.0,94900000.0,0.03506083368677412,0.77,0.76,122953000,124748000,https://www.sec.gov/Archives/edgar/data/52988/000119312509158470/0001193125-09-158470-index.html,https://www.sec.gov/Archives/edgar/data/52988/000119312509158470/d10q.htm,1620593848,16:57:28,20210509
47,2009-03-31,J,USD,2009-04-29 00:00:00,2009-04-29 17:15:26,Q2,2975452000,2571828000.0,403624000.0,0.1356513228914464,0.0,0.0,0.0,0.0,232936000.0,2804764000.0,797000.0,18605000.0,189293000.0,0.06361823346503322,170688000.0,0.05736540196245814,-1736000.0,170744000.0,0.05738422263239333,61457000.0,109287000.0,0.036729545628697756,0.89,0.88,122605000,124358000,https://www.sec.gov/Archives/edgar/data/52988/000119312509092214/0001193125-09-092214-index.html,https://www.sec.gov/Archives/edgar/data/52988/000119312509092214/d10q.htm,1620593848,16:57:28,20210509
48,2008-12-31,J,USD,2009-01-28 00:00:00,2009-01-28 17:29:20,Q1,3232653000,2795234000.0,437419000.0,0.1353126982698112,0.0,0.0,0.0,0.0,256351000.0,3051585000.0,0.0,18799000.0,199867000.0,0.06182754536289543,181068000.0,0.056012198030534054,-2626000.0,181815000.0,0.056243277580365104,65465000.0,116350000.0,0.03599210926752732,0.95,0.94,122473684,123776596,https://www.sec.gov/Archives/edgar/data/52988/000119312509013249/0001193125-09-013249-index.html,https://www.sec.gov/Archives/edgar/data/52988/000119312509013249/d10q.htm,1620593848,16:57:28,20210509
49,2008-09-30,J,USD,2008-11-26 00:00:00,2008-11-26 16:33:10,Q4,3196621000,2736343000.0,460278000.0,0.14398891829841573,0.0,0.0,0.0,0.0,281498000.0,3017841000.0,0.0,19601000.0,198381000.0,0.06205959355206638,178780000.0,0.05592780626793104,-2708000.0,178725000.0,0.05591060059982087,64342000.0,114383000.0,0.035782471553556086,0.9339394085671499,0.9339394085671499,122473684,122473684,https://www.sec.gov/Archives/edgar/data/52988/000119312508244600/0001193125-08-244600-index.html,https://www.sec.gov/Archives/edgar/data/52988/000119312508244600/d10k.htm,1620593848,16:57:28,20210509
50,2008-06-30,J,USD,2008-07-25 00:00:00,2008-07-25 14:31:04,Q3,2918927000,2467283000.0,451644000.0,0.15472946051751207,0.0,0.0,0.0,0.0,282773000.0,2750056000.0,0.0,19420000.0,188291000.0,0.06450692326324023,168871000.0,0.05785379353440494,-1436000.0,169807000.0,0.05817445931330246,61130000.0,108677000.0,0.037231832108168515,0.89,0.87,122108989,124916092,https://www.sec.gov/Archives/edgar/data/52988/000119312508157955/0001193125-08-157955-index.html,https://www.sec.gov/Archives/edgar/data/52988/000119312508157955/d10q.htm,1620593848,16:57:28,20210509
51,2008-03-31,J,USD,2008-04-25 00:00:00,2008-04-25 14:25:24,Q2,2664794000,2230200000.0,434594000.0,0.16308727804100429,0.0,0.0,0.0,0.0,280442000.0,2510642000.0,0.0,17440000.0,171592000.0,0.064392219436099,154152000.0,0.05784762349359838,-1707000.0,155174000.0,0.05823114282004538,55862000.0,99312000.0,0.03726817157348748,0.82,0.8,121112195,124140000,https://www.sec.gov/Archives/edgar/data/52988/000119312508090716/0001193125-08-090716-index.html,https://www.sec.gov/Archives/edgar/data/52988/000119312508090716/d10q.htm,1620593848,16:57:28,20210509
52,2007-12-31,J,USD,2008-01-25,2008-01-25 15:05:27,Q1,2471817000,2083847000.0,387970000.0,0.15695741230034424,0.0,0.0,0.0,0.0,246714000.0,2330561000.0,0.0,16665000.0,157921000.0,0.06388862929577716,141256000.0,0.05714662533674621,9170000.0,153705000.0,0.06218300141151226,55335000.0,98370000.0,0.039796635430535514,0.82,0.79,119963415,124518987,https://www.sec.gov/Archives/edgar/data/52988/000119312508012270/d10q.htm,https://www.sec.gov/Archives/edgar/data/52988/000119312508012270/d10q.htm,1620593848,16:57:28,20210509
53,2007-09-30,J,USD,2007-11-29 00:00:00,2007-11-28 19:49:10,Q4,2280069000,1947610000.0,332459000.0,0.14581093817774812,0.0,0.0,0.0,0.0,203070000.0,2150680000.0,0.0,14351000.0,143740000.0,0.06304195180058147,129389000.0,0.05674784403454457,-1719000.0,131015000.0,0.05746098034752457,47123000.0,83892000.0,0.03679362335087227,0.699313203112799,0.699313203112799,119963415,119963415,https://www.sec.gov/Archives/edgar/data/52988/000119312507255216/0001193125-07-255216-index.html,https://www.sec.gov/Archives/edgar/data/52988/000119312507255216/d10k.htm,1620593848,16:57:28,20210509
54,2007-06-30,J,USD,2007-07-26 00:00:00,2007-07-26 16:14:16,Q3,2083689000,1767073000.0,316616000.0,0.15194973914053392,0.0,0.0,0.0,0.0,200912000.0,1967985000.0,0.0,14573000.0,130277000.0,0.06252228619530074,115704000.0,0.05552844018469167,-1256000.0,116863000.0,0.056084665225952623,42113000.0,74750000.0,0.03587387561195553,0.63,0.61,118650794,122540984,https://www.sec.gov/Archives/edgar/data/52988/000119312507163022/0001193125-07-163022-index.html,https://www.sec.gov/Archives/edgar/data/52988/000119312507163022/d10q.htm,1620593848,16:57:28,20210509
55,2007-03-31,J,USD,2007-04-26 00:00:00,2007-04-26 17:18:42,Q2,2091704000,1800880000.0,290824000.0,0.13903688093535224,0.0,0.0,0.0,0.0,188335000.0,1989215000.0,0.0,13839000.0,116328000.0,0.05561398744755472,102489000.0,0.04899785055629286,-779000.0,105041000.0,0.05021790846123543,37815000.0,67226000.0,0.03213934667620275,0.57,0.55,117940351,122229091,https://www.sec.gov/Archives/edgar/data/52988/000119312507091962/0001193125-07-091962-index.html,https://www.sec.gov/Archives/edgar/data/52988/000119312507091962/d10q.htm,1620593848,16:57:28,20210509
56,2006-12-31,J,USD,2007-01-30,2007-01-30 13:36:25,Q1,2108507000,1747058000.0,361449000.0,0.1714241403988699,0.0,0.0,0.0,0.0,267075000.0,2014133000.0,0.0,12907000.0,107281000.0,0.05088007770427132,94374000.0,0.044758684699647666,-1305000.0,95723000.0,0.04539847389645849,34461000.0,61262000.0,0.029054681819884878,0.52,0.505,117811538,121310891,https://www.sec.gov/Archives/edgar/data/52988/000119312507016114/d10q.htm,https://www.sec.gov/Archives/edgar/data/52988/000119312507016114/d10q.htm,1620593848,16:57:28,20210509
57,2006-09-30,J,USD,2006-12-08,2006-12-07 19:42:35,Q4,1979291000,1726582000.0,252709000.0,0.12767652659462403,0.0,0.0,0.0,0.0,167577000.0,1894159000.0,0.0,12548000.0,97680000.0,0.04935100498107656,85132000.0,0.04301136113891287,-641000.0,89416000.0,0.045175772536731586,30690000.0,58726000.0,0.029670220296055507,0.49847409682403093,0.49847409682403093,117811538,117811538,https://www.sec.gov/Archives/edgar/data/52988/000119312506248847/d10k.htm,https://www.sec.gov/Archives/edgar/data/52988/000119312506248847/d10k.htm,1620593848,16:57:28,20210509
58,2006-06-30,J,USD,2006-07-31,2006-07-31 17:00:43,Q3,1926071000,1682806000.0,243265000.0,0.12630115919921955,0.0,0.0,0.0,0.0,163694000.0,1846500000.0,0.0,12069000.0,91640000.0,0.047578723733444926,79571000.0,0.04131259958745031,-1538000.0,79094000.0,0.04106494516557282,28462000.0,50632000.0,0.02628771213522243,0.435,0.42,116395402,120552381,https://www.sec.gov/Archives/edgar/data/52988/000119312506157111/d10q.htm,https://www.sec.gov/Archives/edgar/data/52988/000119312506157111/d10q.htm,1620593848,16:57:28,20210509
59,2006-03-31,J,USD,2006-05-02,2006-05-01 21:08:54,Q2,1832450000,1606113000.0,226337000.0,0.1235160577369096,0.0,0.0,0.0,0.0,156897000.0,1763010000.0,0.0,12094000.0,81534000.0,0.04449452918224235,69440000.0,0.0378946219542143,-776000.0,69550000.0,0.037954650877240856,25050000.0,44500000.0,0.02428442795164943,0.38,0.37,117105263,120270270,https://www.sec.gov/Archives/edgar/data/52988/000119312506095592/d10q.htm,https://www.sec.gov/Archives/edgar/data/52988/000119312506095592/d10q.htm,1620593848,16:57:28,20210509
60,2005-12-31,J,USD,2006-02-09,2006-02-09 14:06:26,Q1,1683458000,1471521000.0,211937000.0,0.1258938446934821,0.0,0.0,0.0,0.0,144524000.0,1616045000.0,0.0,11551000.0,78964000.0,0.0469058331125576,67413000.0,0.04004436107108107,-1027000.0,67227000.0,0.03993387420416785,24202000.0,43025000.0,0.02555751316635164,0.37,0.36,116283784,119513889,https://www.sec.gov/Archives/edgar/data/52988/000119312506025019/d10q.htm,https://www.sec.gov/Archives/edgar/data/52988/000119312506025019/d10q.htm,1620593848,16:57:28,20210509
61,2005-09-30,J,USD,2005-12-13,2005-12-13 16:07:52,Q4,1519459000,1312246000.0,207213000.0,0.13637288008429316,0.0,0.0,0.0,0.0,139870000.0,1452116000.0,0.0,12618000.0,79961000.0,0.05262465127390736,67343000.0,0.044320379819396245,-415000.0,66933000.0,0.04405054693808783,24153000.0,42780000.0,0.0281547577131071,0.3678930847314016,0.3678930847314016,116283784,116283784,https://www.sec.gov/Archives/edgar/data/52988/000119312505241653/d10k.htm,https://www.sec.gov/Archives/edgar/data/52988/000119312505241653/d10k.htm,1620593848,16:57:28,20210509
62,2005-06-30,J,USD,2005-08-09,2005-08-09 15:45:49,Q3,1449047000,1240170000.0,208877000.0,0.1441478433756807,0.0,0.0,0.0,0.0,145104000.0,1385274000.0,0.0,15852000.0,79625000.0,0.054949908457075584,63773000.0,0.044010304703712165,-825000.0,62576000.0,0.04318424454141239,22526000.0,40050000.0,0.02763885505439092,0.35,0.34,114428571,117794118,https://www.sec.gov/Archives/edgar/data/52988/000119312505162531/d10q.htm,https://www.sec.gov/Archives/edgar/data/52988/000119312505162531/d10q.htm,1620593848,16:57:28,20210509
63,2005-03-31,J,USD,2005-05-09,2005-05-09 17:14:42,Q2,1383195000,1181719000.0,201476000.0,0.14565986719153842,0.0,0.0,0.0,0.0,143837000.0,1325556000.0,0.0,7605000.0,65244000.0,0.047169054254823074,57639000.0,0.041670914079359744,-1248000.0,55721000.0,0.0402842693907945,20061000.0,35660000.0,0.025780891342146263,0.315,0.305,113206349,116918033,https://www.sec.gov/Archives/edgar/data/52988/000119312505101028/d10q.htm,https://www.sec.gov/Archives/edgar/data/52988/000119312505101028/d10q.htm,1620593848,16:57:28,20210509
64,2004-12-31,J,USD,2005-02-08,2005-02-08 16:22:43,Q1,1283300000,1094562000.0,188738000.0,0.14707239149068807,0.0,0.0,0.0,0.0,136019000.0,1230581000.0,0.0,11460000.0,64179000.0,0.05001090937426946,52719000.0,0.04108080729369594,-805000.0,50829000.0,0.03960804176731863,18299000.0,32530000.0,0.025348710356113146,0.285,0.28,114140351,116178571,https://www.sec.gov/Archives/edgar/data/52988/000119312505022196/d10q.htm,https://www.sec.gov/Archives/edgar/data/52988/000119312505022196/d10q.htm,1620593848,16:57:28,20210509
65,2004-09-30,J,USD,2004-12-13,2004-12-13 15:19:24,Q4,1215686000,1040303000.0,175383000.0,0.14426669386667282,0.0,0.0,0.0,0.0,128951000.0,1169254000.0,0.0,8712000.0,55144000.0,0.04536039733944456,46432000.0,0.03819407314059716,842000.0,46878000.0,0.038560944191180946,16408000.0,30470000.0,0.02506403791768598,0.2669520439796089,0.2669520439796089,114140351,114140351,https://www.sec.gov/Archives/edgar/data/52988/000119312504211891/d10k.htm,https://www.sec.gov/Archives/edgar/data/52988/000119312504211891/d10k.htm,1620593848,16:57:28,20210509
66,2004-06-30,J,USD,2004-08-13,2004-08-13 13:02:05,Q3,1119536000,960418000.0,159118000.0,0.142128524674508,0.0,0.0,0.0,0.0,112487000.0,1072905000.0,0.0,8216000.0,54847000.0,0.048990831916079516,46631000.0,0.041652077289162655,-509000.0,46046000.0,0.04112953938060054,16116000.0,29930000.0,0.02673428992010976,0.265,0.26,112943396,115115385,https://www.sec.gov/Archives/edgar/data/52988/000119312504140175/d10q.htm,https://www.sec.gov/Archives/edgar/data/52988/000119312504140175/d10q.htm,1620593848,16:57:28,20210509
67,2004-03-31,J,USD,2004-05-13,2004-05-13 17:22:37,Q2,1123884000,955972000.0,167912000.0,0.14940331920376124,0.0,0.0,0.0,0.0,115127000.0,1071099000.0,0.0,8606000.0,61391000.0,0.054623964750810584,52785000.0,0.04696659085813126,887000.0,53500000.0,0.047602777510846316,18725000.0,34775000.0,0.030941805382050106,0.31,0.305,112177419,114016393,https://www.sec.gov/Archives/edgar/data/52988/000119312504087552/d10q.htm,https://www.sec.gov/Archives/edgar/data/52988/000119312504087552/d10q.htm,1620593848,16:57:28,20210509
68,2003-12-31,J,USD,2004-02-17,2004-02-17 11:14:12,Q1,1135129000,972867000.0,162262000.0,0.14294586782647611,0.0,0.0,0.0,0.0,109844000.0,1082711000.0,0.0,8620000.0,61038000.0,0.053771862052683,52418000.0,0.04617801148591922,-562000.0,52000000.0,0.04580977140043114,18200000.0,33800000.0,0.02977635141028024,0.305,0.295,110819672,114576271,https://www.sec.gov/Archives/edgar/data/52988/000119312504024493/d10q.htm,https://www.sec.gov/Archives/edgar/data/52988/000119312504024493/d10q.htm,1620593848,16:57:28,20210509
69,2003-09-30,J,USD,2003-12-29,2003-12-29 10:12:25,Q4,1063210000,905344000.0,157866000.0,0.1484805447653803,0.0,0.0,0.0,0.0,106658000.0,1012002000.0,0.0,8681000.0,59889000.0,0.05632847697068312,51208000.0,0.04816358010176729,491000.0,51585000.0,0.04851816668391005,18055000.0,33530000.0,0.03153657320755072,0.30256360982551905,0.30256360982551905,110819672,110819672,https://www.sec.gov/Archives/edgar/data/52988/000119312503099528/d10k.htm,https://www.sec.gov/Archives/edgar/data/52988/000119312503099528/d10k.htm,1620593848,16:57:28,20210509
70,2003-06-30,J,USD,2003-08-14,2003-08-14 12:28:10,Q3,1131105000,972991000.0,158114000.0,0.13978719924321792,0.0,0.0,0.0,0.0,107564000.0,1080555000.0,0.0,8981000.0,59531000.0,0.0526308344494985,50550000.0,0.0446908111978994,168000.0,50554000.0,0.044694347562781525,17694000.0,32860000.0,0.02905123750668594,0.295,0.29,111389831,113310345,https://www.sec.gov/Archives/edgar/data/52988/000119312503037446/d10q.htm,https://www.sec.gov/Archives/edgar/data/52988/000119312503037446/d10q.htm,1620593848,16:57:28,20210509
71,2003-03-31,J,USD,2003-05-13,2003-05-13 13:23:31,Q2,1202606000,1043745000.0,158861000.0,0.1320972953735471,0.0,0.0,0.0,0.0,110347000.0,1154092000.0,0.0,9045000.0,57559000.0,0.04786189325514757,48514000.0,0.040340726721802486,555000.0,48431000.0,0.04027170993658771,16951000.0,31480000.0,0.026176486729652105,0.285,0.28,110456140,112428571,https://www.sec.gov/Archives/edgar/data/52988/000089843003002876/d10q.htm,https://www.sec.gov/Archives/edgar/data/52988/000089843003002876/d10q.htm,1620593848,16:57:28,20210509
72,2002-12-31,J,USD,2003-02-13,2003-02-13 12:18:31,Q1,1218680000,1067634000.0,151046000.0,0.12394229822430827,0.0,0.0,0.0,0.0,104203000.0,1171837000.0,0.0,8643000.0,55486000.0,0.04552958939180096,46843000.0,0.038437489743000625,506000.0,46369000.0,0.038048544326648503,16229000.0,30140000.0,0.024731676896314045,0.275,0.27,109600000,111629630,https://www.sec.gov/Archives/edgar/data/52988/000089843003001456/d10q.htm,https://www.sec.gov/Archives/edgar/data/52988/000089843003001456/d10q.htm,1620593848,16:57:28,20210509
73,2002-09-30,J,USD,2002-12-27,2002-12-27 14:55:26,Q4,1211742000,1060225000.0,151517000.0,0.1250406439654646,0.0,106057000.0,0.0,0.0,106057000.0,1166282000.0,0.0,9135000.0,54595000.0,0.0450549704475045,45460000.0,0.03751623695473129,325000.0,44645000.0,0.03684365153638316,15625000.0,29020000.0,0.023948992442285568,0.2647810218978102,0.2647810218978102,109600000,109600000,https://www.sec.gov/Archives/edgar/data/52988/000089843002004659/d10k.htm,https://www.sec.gov/Archives/edgar/data/52988/000089843002004659/d10k.htm,1620593848,16:57:28,20210509
74,2002-06-30,J,USD,2002-08-12 00:00:00,2002-08-12 14:26:29,Q3,1169122000,1021023000.0,148099000.0,0.1266754025670546,0.0,104551000.0,0.0,0.0,104551000.0,1125574000.0,0.0,9165000.0,52713000.0,0.045087681182973204,43548000.0,0.0372484650874759,377000.0,42955000.0,0.03674124685020041,15035000.0,27920000.0,0.023881168945584806,0.255,0.25,109490196,111680000,https://www.sec.gov/Archives/edgar/data/52988/000089843002002949/0000898430-02-002949-index.html,https://www.sec.gov/Archives/edgar/data/52988/000089843002002949/d10q.htm,1620593848,16:57:28,20210509
75,2002-03-31,J,USD,2002-05-14 00:00:00,2002-05-13 21:10:55,Q2,1146611000,1000071000.0,146540000.0,0.12780271600394555,0.0,104180000.0,0.0,0.0,104180000.0,1104251000.0,0.0,8216000.0,50576000.0,0.0441091180880002,42360000.0,0.03694365395064237,375000.0,41353000.0,0.03606541364072035,14473000.0,26880000.0,0.02344299854091754,0.25,0.245,107520000,109714286,https://www.sec.gov/Archives/edgar/data/52988/000095016802001353/0000950168-02-001353-index.html,https://www.sec.gov/Archives/edgar/data/52988/000095016802001353/d10q.htm,1620593848,16:57:28,20210509
76,2001-12-31,J,USD,2002-02-13 00:00:00,2002-02-13 00:00:00,Q1,1028186000,890665000.0,137521000.0,0.13375109172853938,0.0,96519000.0,0.0,0.0,96519000.0,987184000.0,0.0,8571000.0,49573000.0,0.04821403909409387,41002000.0,0.039877998727856634,444000.0,39801000.0,0.038709922134711035,13931000.0,25870000.0,0.025160817206225334,0.24,0.235,107791667,110085106,https://www.sec.gov/Archives/edgar/data/52988/000089843002000536/0000898430-02-000536-index.html,https://www.sec.gov/Archives/edgar/data/52988/000089843002000536/d10q.txt,1620593848,16:57:28,20210509
77,2001-09-30,J,USD,2001-12-21 00:00:00,2001-12-21 00:00:00,Q4,976525000,835382000.0,141143000.0,0.1445359821817158,0.0,102375000.0,0.0,0.0,102375000.0,937757000.0,0.0,8792000.0,47560000.0,0.04870331020711195,38768000.0,0.03969995647832877,550000.0,37135000.0,0.03802770026369012,13555000.0,23580000.0,0.024146847238933976,0.21875531436024642,0.21875531436024642,107791667,107791667,https://www.sec.gov/Archives/edgar/data/52988/000089843001504046/0000898430-01-504046-index.html,https://www.sec.gov/Archives/edgar/data/52988/000089843001504046/d10k.txt,1620593848,16:57:28,20210509
78,2001-06-30,J,USD,2001-08-13 00:00:00,2001-08-13 00:00:00,Q3,1041417000,911956000.0,129461000.0,0.12431235518529081,0.0,92691000.0,0.0,0.0,92691000.0,1004647000.0,0.0,10034000.0,46804000.0,0.04494261184520706,36770000.0,0.03530766254055772,601000.0,35464000.0,0.034053601967319526,12944000.0,22520000.0,0.021624382932101165,0.21,0.205,107238095,109853659,https://www.sec.gov/Archives/edgar/data/52988/000089843001501770/0000898430-01-501770-index.html,https://www.sec.gov/Archives/edgar/data/52988/000089843001501770/d10q.txt,1620593848,16:57:28,20210509
79,2001-03-31,J,USD,2001-05-14 00:00:00,2001-05-14 00:00:00,Q2,1009869000,888456000.0,121413000.0,0.12022648482129861,0.0,86286000.0,0.0,0.0,86286000.0,974742000.0,0.0,10755000.0,45882000.0,0.045433615647178,35127000.0,0.03478371947252564,664000.0,33953000.0,0.03362119245169423,12393000.0,21560000.0,0.02134930372157181,0.2025,0.1975,106469136,109164557,https://www.sec.gov/Archives/edgar/data/52988/000089843001500542/0000898430-01-500542-index.html,https://www.sec.gov/Archives/edgar/data/52988/000089843001500542/d10q.txt,1620593848,16:57:28,20210509
80,2000-12-31,J,USD,2001-02-13 00:00:00,2001-02-13 00:00:00,Q1,929182000,816526000.0,112656000.0,0.12124212479363569,0.0,79469000.0,0.0,0.0,79469000.0,895995000.0,0.0,9359000.0,42546000.0,0.045788661424780074,33187000.0,0.03571636127260321,526000.0,31654000.0,0.034066523027781424,11554000.0,20100000.0,0.021631930020168277,0.19,0.1875,105789474,107200000,https://www.sec.gov/Archives/edgar/data/52988/000089843001000524/0000898430-01-000524-index.html,https://www.sec.gov/Archives/edgar/data/52988/000089843001000524/0000898430-01-000524-0001.txt,1620593848,16:57:28,20210509
81,2000-09-30,J,USD,2000-12-27 00:00:00,2000-12-27 00:00:00,Q4,870227000,748372000.0,121855000.0,0.1400266826931364,0.0,77911000.0,0.0,0.0,89187000.0,837559000.0,0.0,11276000.0,43944000.0,0.05049716912943404,32668000.0,0.037539630464235196,525000.0,31032000.0,0.03565966121483245,11482000.0,19550000.0,0.022465402705271153,0.18480099447323087,0.18480099447323087,105789474,105789474,https://www.sec.gov/Archives/edgar/data/52988/000089843000003950/0000898430-00-003950-index.html,https://www.sec.gov/Archives/edgar/data/52988/000089843000003950/0000898430-00-003950-0001.txt,1620593848,16:57:28,20210509
82,2000-06-30,J,USD,2000-08-11 00:00:00,2000-08-11 00:00:00,Q3,857828000,736355000.0,121473000.0,0.14160531015541578,0.0,80188000.0,0.0,0.0,89764000.0,826119000.0,0.0,9576000.0,41285000.0,0.04812736352742041,31709000.0,0.03696428654695347,473000.0,30560000.0,0.035624857197480146,11460000.0,19100000.0,0.022265535748425092,0.1825,0.18,104657534,106111111,https://www.sec.gov/Archives/edgar/data/52988/000089843000002327/0000898430-00-002327-index.html,https://www.sec.gov/Archives/edgar/data/52988/000089843000002327/0000898430-00-002327-0001.txt,1620593848,16:57:28,20210509
83,2000-03-31,J,USD,2000-05-12 00:00:00,2000-05-12 00:00:00,Q2,881799000,762464000.0,119335000.0,0.13533129431990737,0.0,79281000.0,0.0,0.0,89127000.0,851591000.0,0.0,9846000.0,40054000.0,0.04542304992407567,30208000.0,0.034257240028623306,677000.0,28962000.0,0.03284421960106555,10862000.0,18100000.0,0.02052621969405726,0.1725,0.1725,104927536,104927536,https://www.sec.gov/Archives/edgar/data/52988/000089843000001541/0000898430-00-001541-index.html,https://www.sec.gov/Archives/edgar/data/52988/0000898430-00-001541.txt,1620593848,16:57:28,20210509
84,1999-12-31,J,USD,1999-12-31,1999-12-31,Q1,809100000,696000000.0,113100000.0,0.13978494623655913,0.0,73700000.0,0.0,0.0,83100000.0,779100000.0,0.0,9400000.0,39400000.0,0.04869608206649363,30000000.0,0.03707823507601038,-37500000.0,-9300000.0,-0.011494252873563218,-3500000.0,-5800000.0,-0.007168458781362007,-0.055,-0.055,105454545,105454545,,,1620593848,16:57:28,20210509
85,1999-09-30,J,USD,1999-09-30,1999-09-30,Q4,768000000,651600000.0,116400000.0,0.1515625,0.0,79700000.0,0.0,0.0,87900000.0,739500000.0,0.0,8200000.0,36700000.0,0.04778645833333333,28500000.0,0.037109375,1100000.0,27700000.0,0.03606770833333333,10400000.0,17300000.0,0.022526041666666666,0.16405172484505054,0.16405172484505054,105454545,105454545,,,1620593848,16:57:28,20210509
86,1999-06-30,J,USD,1999-08-12 00:00:00,1999-08-12 00:00:00,Q3,771900000,654300000.0,117600000.0,0.15235134084726001,0.0,79900000.0,0.0,0.0,89000000.0,743300000.0,0.0,9100000.0,37700000.0,0.04884052338385801,28600000.0,0.03705143153258194,1000000.0,26900000.0,0.034849073714211684,10100000.0,16800000.0,0.021764477263894286,0.1625,0.1575,103384615,106666667,https://www.sec.gov/Archives/edgar/data/52988/000089843099003213/0000898430-99-003213-index.html,https://www.sec.gov/Archives/edgar/data/52988/0000898430-99-003213.txt,1620593848,16:57:28,20210509
87,1999-03-31,J,USD,1999-05-13 00:00:00,1999-05-13 00:00:00,Q2,779900000,659300000.0,120600000.0,0.15463520964226182,0.0,84200000.0,0.0,0.0,92500000.0,751800000.0,0.0,8300000.0,36400000.0,0.04667265033978715,28100000.0,0.03603026028978074,0.0,25900000.0,0.0332093858186947,9700000.0,16200000.0,0.020771893832542635,0.1575,0.1525,102857143,106229508,https://www.sec.gov/Archives/edgar/data/52988/000089843099002042/0000898430-99-002042-index.html,https://www.sec.gov/Archives/edgar/data/52988/0000898430-99-002042.txt,1620593848,16:57:28,20210509
88,1998-12-31,J,USD,1998-12-31,1998-12-31,Q1,555200000,480900000.0,74300000.0,0.1338256484149856,0.0,45200000.0,0.0,0.0,51200000.0,532100000.0,0.0,6000000.0,29100000.0,0.05241354466858789,23100000.0,0.04160662824207493,1000000.0,24100000.0,0.04340778097982709,8900000.0,15200000.0,0.027377521613832854,0.1475,0.145,103050847,104827586,,,1620593848,16:57:28,20210509
89,1998-09-30,J,USD,1998-12-28 00:00:00,1998-12-28 00:00:00,Q4,544900000,471300000.0,73600000.0,0.13507065516608552,0.0,46500000.0,0.0,0.0,51600000.0,522900000.0,0.0,5100000.0,27100000.0,0.04973389612772986,22000000.0,0.0403743806202973,1100000.0,23200000.0,0.04257661956322261,8800000.0,14400000.0,0.02642686731510369,0.13973684272580505,0.13973684272580505,103050847,103050847,https://www.sec.gov/Archives/edgar/data/52988/000089843098004557/0000898430-98-004557-index.html,https://www.sec.gov/Archives/edgar/data/52988/0000898430-98-004557.txt,1620593848,16:57:28,20210509
90,1998-06-30,J,USD,1998-08-12 00:00:00,1998-08-12 00:00:00,Q3,525000000,451000000.0,74000000.0,0.14095238095238094,0.0,44900000.0,0.0,0.0,51600000.0,502600000.0,0.0,6700000.0,29100000.0,0.05542857142857143,22400000.0,0.042666666666666665,300000.0,22800000.0,0.04342857142857143,8900000.0,13900000.0,0.026476190476190476,0.135,0.1325,102962963,104905660,https://www.sec.gov/Archives/edgar/data/52988/000104746998030687/0001047469-98-030687-index.html,https://www.sec.gov/Archives/edgar/data/52988/0001047469-98-030687.txt,1620593848,16:57:28,20210509
91,1998-03-31,J,USD,1998-05-12 00:00:00,1998-05-12 00:00:00,Q2,524800000,449700000.0,75100000.0,0.14310213414634146,0.0,47300000.0,0.0,0.0,53400000.0,503100000.0,0.0,6100000.0,27800000.0,0.052972560975609755,21700000.0,0.04134908536585366,100000.0,21800000.0,0.041539634146341466,8500000.0,13300000.0,0.02534298780487805,0.13,0.1275,102307692,104313725,https://www.sec.gov/Archives/edgar/data/52988/000089843098001839/0000898430-98-001839-index.html,https://www.sec.gov/Archives/edgar/data/52988/0000898430-98-001839.txt,1620593848,16:57:28,20210509
92,1997-12-31,J,USD,1997-12-31,1997-12-31,Q1,506400000,435700000.0,70700000.0,0.1396129541864139,0.0,45300000.0,0.0,0.0,50400000.0,486100000.0,0.0,5100000.0,25400000.0,0.050157977883096366,20300000.0,0.040086887835703,800000.0,21000000.0,0.041469194312796206,8200000.0,12800000.0,0.02527646129541864,0.125,0.1225,102400000,104489796,,,1620593848,16:57:28,20210509
93,1997-09-30,J,USD,1997-09-30,1997-09-30,Q4,479000000,405800000.0,73200000.0,0.15281837160751566,0.0,48100000.0,0.0,0.0,53100000.0,458900000.0,0.0,5000000.0,25100000.0,0.05240083507306889,20100000.0,0.04196242171189979,600000.0,20700000.0,0.043215031315240085,8100000.0,12600000.0,0.02630480167014614,0.123046875,0.123046875,102400000,102400000,,,1620593848,16:57:28,20210509
94,1997-06-30,J,USD,1997-08-12 00:00:00,1997-08-12 00:00:00,Q3,430200000,368400000.0,61800000.0,0.14365411436541142,0.0,38400000.0,0.0,0.0,43200000.0,411600000.0,0.0,4800000.0,23400000.0,0.05439330543933055,18600000.0,0.043235704323570434,1300000.0,19800000.0,0.04602510460251046,7800000.0,12000000.0,0.02789400278940028,0.1175,0.115,102127660,104347826,https://www.sec.gov/Archives/edgar/data/52988/000089843097003325/0000898430-97-003325-index.html,https://www.sec.gov/Archives/edgar/data/52988/0000898430-97-003325.txt,1620593848,16:57:28,20210509
95,1997-03-31,J,USD,1997-05-12 00:00:00,1997-05-12 00:00:00,Q2,437700000,378300000.0,59400000.0,0.135709389993146,0.0,37300000.0,0.0,0.0,41700000.0,420000000.0,0.0,4400000.0,22100000.0,0.05049120402101896,17700000.0,0.04043865661411926,1100000.0,18900000.0,0.04318026045236463,7500000.0,11400000.0,0.02604523646333105,0.11,0.11,103636364,103636364,https://www.sec.gov/Archives/edgar/data/52988/000089843097002000/0000898430-97-002000-index.html,https://www.sec.gov/Archives/edgar/data/52988/0000898430-97-002000.txt,1620593848,16:57:28,20210509
96,1996-12-31,J,USD,1997-02-12 00:00:00,1997-02-12 00:00:00,Q1,433600000,375600000.0,58000000.0,0.13376383763837638,0.0,36500000.0,0.0,0.0,41100000.0,416700000.0,0.0,4600000.0,21500000.0,0.04958487084870849,16900000.0,0.0389760147601476,1000000.0,18000000.0,0.04151291512915129,7100000.0,10900000.0,0.025138376383763837,0.105,0.105,103809524,103809524,https://www.sec.gov/Archives/edgar/data/52988/000089843097000481/0000898430-97-000481-index.html,https://www.sec.gov/Archives/edgar/data/52988/0000898430-97-000481.txt,1620593848,16:57:28,20210509
97,1996-09-30,J,USD,1996-12-27 00:00:00,1996-12-27 00:00:00,Q4,404000000,346400000.0,57600000.0,0.14257425742574256,0.0,36300000.0,0.0,0.0,41200000.0,387600000.0,0.0,4900000.0,21300000.0,0.05272277227722772,16400000.0,0.040594059405940595,1000000.0,17600000.0,0.04356435643564356,7000000.0,10600000.0,0.026237623762376237,0.1021100915557613,0.1021100915557613,103809524,103809524,https://www.sec.gov/Archives/edgar/data/52988/000089843096005938/0000898430-96-005938-index.html,https://www.sec.gov/Archives/edgar/data/52988/0000898430-96-005938.txt,1620593848,16:57:28,20210509
98,1996-06-30,J,USD,1996-08-12 00:00:00,1996-08-12 00:00:00,Q3,436800000,379000000.0,57800000.0,0.13232600732600733,0.0,36700000.0,0.0,0.0,41200000.0,420200000.0,0.0,4500000.0,21100000.0,0.04830586080586081,16600000.0,0.038003663003663,500000.0,17200000.0,0.039377289377289376,6800000.0,10400000.0,0.023809523809523808,0.1,0.1,104000000,104000000,https://www.sec.gov/Archives/edgar/data/52988/000089843096003674/0000898430-96-003674-index.html,https://www.sec.gov/Archives/edgar/data/52988/0000898430-96-003674.txt,1620593848,16:57:28,20210509
99,1996-03-31,J,USD,1996-05-10 00:00:00,1996-05-10 00:00:00,Q2,487000000,430300000.0,56700000.0,0.11642710472279261,0.0,36500000.0,0.0,0.0,40500000.0,470800000.0,0.0,4000000.0,20200000.0,0.04147843942505133,16200000.0,0.03326488706365503,200000.0,16400000.0,0.03367556468172485,6500000.0,9900000.0,0.02032854209445585,0.095,0.095,104210526,104210526,https://www.sec.gov/Archives/edgar/data/52988/000089843096001705/0000898430-96-001705-index.html,https://www.sec.gov/Archives/edgar/data/52988/0000898430-96-001705.txt,1620593848,16:57:28,20210509
100,1995-12-31,J,USD,1996-02-12 00:00:00,1996-02-12 00:00:00,Q1,471100000,417900000.0,53200000.0,0.11292719167904904,0.0,34000000.0,0.0,0.0,37900000.0,455800000.0,0.0,3900000.0,19200000.0,0.04075567819995755,15300000.0,0.03247718106559117,500000.0,15900000.0,0.03375079600933984,6300000.0,9600000.0,0.020377839099978774,0.0925,0.0925,103783784,103783784,https://www.sec.gov/Archives/edgar/data/52988/000089843096000423/0000898430-96-000423-index.html,https://www.sec.gov/Archives/edgar/data/52988/0000898430-96-000423.txt,1620593848,16:57:28,20210509
101,1995-09-30,J,USD,1995-09-30,1995-09-30,Q4,469400000,416200000.0,53200000.0,0.11333617383894333,0.0,35500000.0,0.0,0.0,38500000.0,454700000.0,0.0,3000000.0,17700000.0,0.037707711972731144,14700000.0,0.03131657435023434,300000.0,14800000.0,0.031529612270984234,5900000.0,8900000.0,0.01896037494674052,0.08575520815467665,0.08575520815467665,103783784,103783784,,,1620593848,16:57:28,20210509
102,1995-06-30,J,USD,1995-08-09 00:00:00,1995-08-09 00:00:00,Q3,444600000,390900000.0,53700000.0,0.12078272604588394,0.0,35500000.0,0.0,0.0,39600000.0,430500000.0,0.0,4100000.0,18200000.0,0.04093567251461988,14100000.0,0.03171390013495277,-200000.0,13900000.0,0.03126405757984705,5500000.0,8400000.0,0.018893387314439947,0.0825,0.0825,101818182,101818182,https://www.sec.gov/Archives/edgar/data/52988/000089843095001451/0000898430-95-001451-index.html,https://www.sec.gov/Archives/edgar/data/52988/0000898430-95-001451.txt,1620593848,16:57:28,20210509
103,1995-03-31,J,USD,1995-05-11 00:00:00,1995-05-11 00:00:00,Q2,396700000,347400000.0,49300000.0,0.12427527098563146,0.0,33800000.0,0.0,0.0,37300000.0,384700000.0,0.0,3500000.0,15500000.0,0.039072346861608265,12000000.0,0.030249558860599948,500000.0,12600000.0,0.03176203680362995,5000000.0,7600000.0,0.019158053945046636,0.075,0.075,101333333,101333333,https://www.sec.gov/Archives/edgar/data/52988/000089843095000786/0000898430-95-000786-index.html,https://www.sec.gov/Archives/edgar/data/52988/0000898430-95-000786.txt,1620593848,16:57:28,20210509
104,1994-12-31,J,USD,1995-02-07 00:00:00,1995-02-07 00:00:00,Q1,412400000,365000000.0,47400000.0,0.11493695441319107,0.0,31700000.0,0.0,0.0,35300000.0,400300000.0,0.0,3600000.0,15700000.0,0.038069835111542195,12100000.0,0.029340446168768186,-100000.0,12100000.0,0.029340446168768186,4800000.0,7300000.0,0.01770126091173618,0.0725,0.0725,100689655,100689655,https://www.sec.gov/Archives/edgar/data/52988/000089843095000118/0000898430-95-000118-index.html,https://www.sec.gov/Archives/edgar/data/52988/0000898430-95-000118.txt,1620593848,16:57:28,20210509
105,1994-09-30,J,USD,1994-12-28 00:00:00,1994-12-28 00:00:00,Q4,368800000,329700000.0,39100000.0,0.10601952277657267,0.0,40000000.0,0.0,0.0,42900000.0,372600000.0,0.0,2900000.0,-900000.0,-0.002440347071583514,-3800000.0,-0.010303687635574838,-1400000.0,-5200000.0,-0.014099783080260303,-2100000.0,-3100000.0,-0.008405639913232104,-0.030787671285595328,-0.030787671285595328,100689655,100689655,https://www.sec.gov/Archives/edgar/data/52988/000089843094000977/0000898430-94-000977-index.html,https://www.sec.gov/Archives/edgar/data/52988/0000898430-94-000977.txt,1620593848,16:57:28,20210509
106,1994-06-30,J,USD,1994-08-10 00:00:00,1994-08-10 00:00:00,Q3,263800000,224500000.0,39300000.0,0.1489764973464746,0.0,24600000.0,0.0,0.0,27300000.0,251800000.0,0.0,3600000.0,15600000.0,0.05913570887035633,12000000.0,0.045489006823351025,200000.0,12100000.0,0.04586808188021228,4800000.0,7300000.0,0.027672479150871874,0.0725,0.0725,100689655,100689655,https://www.sec.gov/Archives/edgar/data/52988/000089843094000563/0000898430-94-000563-index.html,https://www.sec.gov/Archives/edgar/data/52988/0000898430-94-000563.txt,1620593848,16:57:28,20210509
107,1994-03-31,J,USD,1994-05-12 00:00:00,1994-05-12 00:00:00,Q2,272600000,236000000.0,36600000.0,0.13426265590608952,0.0,22500000.0,0.0,0.0,24700000.0,260700000.0,0.0,2400000.0,14300000.0,0.052457813646368305,11900000.0,0.043653705062362436,200000.0,12200000.0,0.04475421863536317,4900000.0,7300000.0,0.02677916360968452,0.0725,0.0725,100689655,100689655,https://www.sec.gov/Archives/edgar/data/52988/000089843094000342/0000898430-94-000342-index.html,https://www.sec.gov/Archives/edgar/data/52988/0000898430-94-000342.txt,1620593848,16:57:28,20210509
108,1993-12-31,J,USD,1994-02-10 00:00:00,1994-02-10 00:00:00,Q1,260600000,224300000.0,36300000.0,0.13929393706830392,0.0,22500000.0,0.0,0.0,24600000.0,248900000.0,0.0,2100000.0,13800000.0,0.052954719877206444,11700000.0,0.044896392939370686,700000.0,12400000.0,0.047582501918649274,5100000.0,7300000.0,0.028012279355333843,0.0725,0.0725,100689655,100689655,https://www.sec.gov/Archives/edgar/data/52988/000089843094000094/0000898430-94-000094-index.html,https://www.sec.gov/Archives/edgar/data/52988/0000898430-94-000094.txt,1620593848,16:57:28,20210509
109,1993-09-30,J,USD,1993-09-30,1993-09-30,Q4,326500000,274400000.0,52100000.0,0.15957120980091882,0.0,35500000.0,0.0,0.0,38900000.0,313300000.0,0.0,3400000.0,16600000.0,0.050842266462480856,13200000.0,0.04042879019908116,400000.0,13700000.0,0.041960183767228175,5700000.0,8000000.0,0.02450229709035222,0.07945205493056859,0.07945205493056859,100689655,100689655,,,1620593848,16:57:28,20210509
110,1993-06-30,J,USD,1993-06-30,1993-06-30,Q3,258300000,221000000.0,37300000.0,0.14440572977158342,0.0,23300000.0,0.0,0.0,25800000.0,246800000.0,0.0,2500000.0,14000000.0,0.05420054200542006,11500000.0,0.04452187379016647,500000.0,12200000.0,0.047231900890437474,5100000.0,7100000.0,0.02748741773132017,0.0725,0.0725,97931034,97931034,,,1620593848,16:57:28,20210509
111,1993-03-31,J,USD,1993-03-31,1993-03-31,Q2,273100000,239300000.0,33800000.0,0.12376418894177957,0.0,23000000.0,0.0,0.0,23000000.0,262300000.0,0.0,1300000.0,12100000.0,0.04430611497619919,10800000.0,0.039545953863053825,1300000.0,12100000.0,0.04430611497619919,5100000.0,7000000.0,0.025631636763090444,0.0725,0.0725,96551724,96551724,,,1620593848,16:57:28,20210509
112,1992-12-31,J,USD,1992-12-31,1992-12-31,Q1,284900000,253100000.0,31800000.0,0.11161811161811162,0.0,19800000.0,0.0,0.0,21400000.0,274500000.0,0.0,1600000.0,12000000.0,0.04212004212004212,10400000.0,0.036504036504036504,1100000.0,11500000.0,0.040365040365040364,4800000.0,6700000.0,0.023517023517023516,0.07,0.07,95714286,95714286,,,1620593848,16:57:28,20210509
113,1992-09-30,J,USD,1992-09-30,1992-09-30,Q4,299300000,266600000.0,32700000.0,0.10925492816572001,0.0,20400000.0,0.0,0.0,23100000.0,289700000.0,0.0,2700000.0,12300000.0,0.0410958904109589,9600000.0,0.03207484129635817,1700000.0,11200000.0,0.03742064817908453,4700000.0,6500000.0,0.021717340461075842,0.06791044755847628,0.06791044755847628,95714286,95714286,,,1620593848,16:57:28,20210509
114,1992-06-30,J,USD,1992-06-30,1992-06-30,Q3,283400000,251800000.0,31600000.0,0.11150317572335922,0.0,20200000.0,0.0,0.0,22000000.0,273800000.0,0.0,1800000.0,11400000.0,0.04022582921665491,9600000.0,0.03387438249823571,1200000.0,10800000.0,0.038108680310515175,4500000.0,6300000.0,0.022230063514467185,0.065,0.065,96923077,96923077,,,1620593848,16:57:28,20210509
115,1992-03-31,J,USD,1992-03-31,1992-03-31,Q2,270100000,238300000.0,31800000.0,0.11773417252869307,0.0,20500000.0,0.0,0.0,21700000.0,260000000.0,0.0,1200000.0,11300000.0,0.041836356904850054,10100000.0,0.03739355794150315,3900000.0,14000000.0,0.0518326545723806,5900000.0,8100000.0,0.029988893002591634,0.085,0.085,95294118,95294118,,,1620593848,16:57:28,20210509
116,1991-12-31,J,USD,1991-12-31,1991-12-31,Q1,253700000,222600000.0,31100000.0,0.12258573117855735,0.0,19800000.0,0.0,0.0,21800000.0,244400000.0,0.0,2000000.0,11300000.0,0.04454079621600315,9300000.0,0.03665746945210879,600000.0,9900000.0,0.0390224674812771,4200000.0,5700000.0,0.022467481277098935,0.06,0.06,95000000,95000000,,,1620593848,16:57:28,20210509
117,1991-09-30,J,USD,1991-09-30,1991-09-30,Q4,234400000,203000000.0,31400000.0,0.13395904436860068,0.0,20300000.0,0.0,0.0,22200000.0,225200000.0,0.0,1900000.0,11100000.0,0.04735494880546075,9200000.0,0.03924914675767918,600000.0,9900000.0,0.04223549488054607,4100000.0,5800000.0,0.024744027303754267,0.061052631578947365,0.061052631578947365,95000000,95000000,,,1620593848,16:57:28,20210509
118,1991-06-30,J,USD,1991-06-30,1991-06-30,Q3,262800000,232100000.0,30700000.0,0.11681887366818873,0.0,20400000.0,0.0,0.0,22000000.0,254100000.0,0.0,1600000.0,10300000.0,0.03919330289193303,8700000.0,0.033105022831050226,200000.0,8800000.0,0.0334855403348554,3700000.0,5100000.0,0.019406392694063926,0.055,0.055,92727273,92727273,,,1620593848,16:57:28,20210509
119,1991-03-31,J,USD,1991-03-31,1991-03-31,Q2,276200000,247800000.0,28400000.0,0.10282404055032585,0.0,19500000.0,0.0,0.0,21100000.0,268900000.0,0.0,1600000.0,8900000.0,0.03222302679217958,7300000.0,0.026430123099203475,1100000.0,8500000.0,0.030774800868935553,3600000.0,4900000.0,0.01774076755973932,0.0525,0.0525,93333333,93333333,,,1620593848,16:57:28,20210509
120,1990-12-31,J,USD,1990-12-31,1990-12-31,Q1,262900000,235800000.0,27100000.0,0.10308101939901103,0.0,18200000.0,0.0,0.0,20000000.0,255800000.0,0.0,1800000.0,8900000.0,0.03385317611259034,7100000.0,0.02700646633701027,900000.0,7900000.0,0.0300494484594903,3300000.0,4600000.0,0.017497147204260176,0.05,0.05,92000000,92000000,,,1620593848,16:57:28,20210509
121,1990-09-30,J,USD,1990-09-30,1990-09-30,Q4,230300000,204300000.0,26000000.0,0.11289622231871473,0.0,18600000.0,0.0,0.0,20200000.0,224500000.0,0.0,1600000.0,7400000.0,0.03213200173686496,5800000.0,0.02518454190186713,1100000.0,6900000.0,0.029960920538428137,2900000.0,4000000.0,0.017368649587494574,0.043478260869565216,0.043478260869565216,92000000,92000000,,,1620593848,16:57:28,20210509
122,1990-06-30,J,USD,1990-06-30,1990-06-30,Q3,221100000,196100000.0,25000000.0,0.11307100859339665,0.0,17500000.0,0.0,0.0,18900000.0,215000000.0,0.0,1400000.0,7500000.0,0.033921302578018994,6100000.0,0.027589326096788783,100000.0,6200000.0,0.02804161013116237,2600000.0,3600000.0,0.016282225237449117,0.04,0.04,90000000,90000000,,,1620593848,16:57:28,20210509
123,1990-03-31,J,USD,1990-03-31,1990-03-31,Q2,218800000,196300000.0,22500000.0,0.10283363802559416,0.0,15700000.0,0.0,0.0,16900000.0,213200000.0,0.0,1200000.0,6800000.0,0.031078610603290677,5600000.0,0.025594149908592323,300000.0,5900000.0,0.02696526508226691,2500000.0,3400000.0,0.015539305301645339,0.04,0.04,85000000,85000000,,,1620593848,16:57:28,20210509
124,1989-12-31,J,USD,1989-12-31,1989-12-31,Q1,211500000,191100000.0,20400000.0,0.09645390070921986,0.0,14900000.0,0.0,0.0,16200000.0,207300000.0,0.0,1300000.0,5500000.0,0.026004728132387706,4200000.0,0.019858156028368795,1500000.0,5700000.0,0.02695035460992908,2400000.0,3300000.0,0.015602836879432624,0.0375,0.0375,88000000,88000000,,,1620593848,16:57:28,20210509
125,1989-09-30,J,USD,1989-09-30,1989-09-30,Q4,209000000,0.0,0.0,0.0,0.0,0.0,0.0,0.0,0.0,0.0,0.0,1200000.0,-568700000.0,-2.721052631578947,-569900000.0,-2.726794258373206,0.0,0.0,0.0,0.0,0.0,0.0,0.0,0.0,88000000,88000000,,,1620593848,16:57:28,20210509
126,1989-06-30,J,USD,1989-06-30,1989-06-30,Q3,228600000,0.0,0.0,0.0,0.0,0.0,0.0,0.0,0.0,0.0,0.0,2900000.0,231500000.0,1.0126859142607174,228600000.0,1.0,0.0,0.0,0.0,0.0,0.0,0.0,0.03,0.03,83824000,83824000,,,1620593848,16:57:28,20210509
