,date,symbol,reportedCurrency,fillingDate,acceptedDate,period,revenue,costOfRevenue,grossProfit,grossProfitRatio,researchAndDevelopmentExpenses,generalAndAdministrativeExpenses,sellingAndMarketingExpenses,otherExpenses,operatingExpenses,costAndExpenses,interestExpense,depreciationAndAmortization,ebitda,ebitdaratio,operatingIncome,operatingIncomeRatio,totalOtherIncomeExpensesNet,incomeBeforeTax,incomeBeforeTaxRatio,incomeTaxExpense,netIncome,netIncomeRatio,eps,epsdiluted,weightedAverageShsOut,weightedAverageShsOutDil,link,finalLink,timestamp,est_time,est_date
0,2020-12-31,GTH,CNY,2020-12-31,2020-12-31,Q4,133944000,49820000,84124000,0.62805351490175,52969000,44349000,71959000,0.0,160238000,210058000,1630000.0,0.0,-58846000,-0.4393328555217106,-76114000,-0.5682524039897271,-12746000.0,-73222000,-0.5466612912859106,0.0,-73222000,-0.5466612912859106,-0.8,-0.8,91324258,91324258,,,1620592847,16:40:47,20210509
1,2020-09-30,GTH,CNY,2020-09-30,2020-09-30,Q3,111963000,42331000,69632000,0.6219197413431223,38556000,32440000,60558000,0.0,127735000,170066000,1560000.0,0.0,-45331000,-0.40487482471888037,-58103000,-0.5189482239668461,-1107000.0,-47998000,-0.42869519394800065,0.0,-47998000,-0.42869519394800065,-0.55,-0.55,90846297,90846297,,,1620592847,16:40:47,20210509
2,2020-06-30,GTH,CNY,2020-06-30,2020-06-30,Q2,101735000,37512000,64223000,0.6312773381825331,29845000,27906000,60618000,-2778591000.0,117099000,154611000,827000.0,0.0,-2831269000,-27.82984223718484,-52876000,-0.5197424681771269,-2778858000.0,-2832363000,-27.84059566520863,0.0,-2832363000,-27.84059566520863,-85.2,-85.2,33235880,33235880,,,1620592847,16:40:47,20210509
3,2020-03-31,GTH,CNY,2020-03-31,2020-03-31,Q1,76843000,34605000,42238000,0.54966620251682,27629000,21623000,53824000,-44779000.0,108678000,143283000,1216000.0,0.0,-111189000,-1.4469632887836237,-66440000,-0.8646200694923415,-47834000.0,-115460000,-1.5025441484585453,0.0,-115460000,-1.5025441484585453,-1.0,-1.0,69072200,69072200,,,1620592847,16:40:47,20210509
4,2019-12-31,GTH,CNY,2019-12-31,2019-12-31,Q4,102940000,57120000,45820000,0.4451136584418108,32361000,28698000,69009000,-43981000.0,131036000,188156000,8101000.0,0.0,-126205000,-1.226005440062172,-85216000,-0.8278220322517972,-41484000.0,-134798000,-1.3094812512142997,0.0,-134798000,-1.3094812512142997,-1.9515521439884642,-1.9515521439884642,69072200,69072200,,,1620592847,16:40:47,20210509
5,2019-09-30,GTH,CNY,2019-09-30,2019-09-30,Q3,81344000,45398000,35946000,0.44190106215578284,20752000,33416000,65716000,-187955000.0,119625000,165023000,2134000.0,0.0,-271608000,-3.339004720692368,-83679000,-1.0287052517702597,-188286000.0,-274073000,-3.3693081235247835,0.0,-274073000,-3.3693081235247835,-3.967921,-3.967921,69072200,69072200,,,1620592847,16:40:47,20210509
6,2019-06-30,GTH,CNY,2019-06-30,2019-06-30,Q2,72490000,37832000,34658000,0.4781073251482963,19168000,27848000,65248000,-67813000.0,101793000,139625000,1068000.0,0.0,-134864000,-1.8604497172023728,-67135000,-0.9261277417574838,-67569000.0,-135688000,-1.871816802317561,0.0,-135688000,-1.871816802317561,-1.964437,-1.964437,69072200,69072200,,,1620592847,16:40:47,20210509
7,2019-03-31,GTH,CNY,2019-03-31,2019-03-31,Q1,66651000,38085000,28566000,0.42859071881892247,19416000,27207000,53585000,-60194000.0,99125000,137210000,401000.0,0.0,-130425000,-1.956834856191205,-70559000,-1.0586337789380504,-60843000.0,-131475000,-1.972588558311203,0.0,-131475000,-1.972588558311203,-1.903443,-1.903443,69072200,69072200,,,1620592847,16:40:47,20210509
8,2018-12-31,GTH,CNY,2018-12-31,2018-12-31,Q4,73984000,42355000,31629000,0.4275113538062284,21154000,30917000,62417000,-42193000.0,121320000,163675000,0.0,0.0,-124046000,-1.6766598183391004,-89691000,-1.212302660034602,-35314000.0,-124381000,-1.6811878243944636,0.0,-124381000,-1.6811878243944636,-1.8007389369384499,-1.8007389369384499,69072200,69072200,,,1620592847,16:40:47,20210509
