,date,symbol,reportedCurrency,fillingDate,acceptedDate,period,revenue,costOfRevenue,grossProfit,grossProfitRatio,researchAndDevelopmentExpenses,generalAndAdministrativeExpenses,sellingAndMarketingExpenses,otherExpenses,operatingExpenses,costAndExpenses,interestExpense,depreciationAndAmortization,ebitda,ebitdaratio,operatingIncome,operatingIncomeRatio,totalOtherIncomeExpensesNet,incomeBeforeTax,incomeBeforeTaxRatio,incomeTaxExpense,netIncome,netIncomeRatio,eps,epsdiluted,weightedAverageShsOut,weightedAverageShsOutDil,link,finalLink,timestamp,est_time,est_date
0,2021-03-31,MTZ,USD,2021-05-06,2021-05-06,Q1,1775424000,1513859000.0,261565000.0,0.14732537129159007,0.0,73108000.0,0.0,0.0,73108000.0,1586967000.0,-12459000.0,79264000.0,267721000.0,0.1507927120507552,188457000.0,0.10614760192494863,-2596000.0,95429000.0,0.053749977470170504,-29317000.0,66112000.0,0.03723730218809704,0.914563966356795,0.8994707554999252,72288000,73501000,https://www.sec.gov/Archives/edgar/data/15615/000001561521000017/0000015615-21-000017-index.htm,https://www.sec.gov/Archives/edgar/data/15615/000001561521000017/mtz-20210331.htm,1620595403,17:23:23,20210509
1,2020-12-31,MTZ,USD,2021-02-25,2021-02-25 17:30:34,Q4,1636795000,1322235000.0,314560000.0,0.19218045020909766,0.0,76029000.0,0.0,8988000.0,163223000.0,1485458000.0,14264000.0,76668000.0,228005000.0,0.13929966794864354,151337000.0,0.0924593489105233,16636000.0,153709000.0,0.0939085224478325,40784000.0,113122000.0,0.06911189244835181,1.56,1.54,72288000,73501000,https://www.sec.gov/Archives/edgar/data/15615/000001561521000006/0000015615-21-000006-index.htm,https://www.sec.gov/Archives/edgar/data/15615/000001561521000006/mtz-20201231.htm,1620595403,17:23:23,20210509
2,2020-09-30,MTZ,USD,2020-10-29,2020-10-29 17:19:37,Q3,1698279000,1380522000.0,317757000.0,0.18710529895264558,0.0,72690000.0,0.0,-6612.0,155287000.0,1535809000.0,13553000.0,71397000.0,233867000.0,0.13770823286397582,162470000.0,0.09566743744696837,8488000.0,157405000.0,0.09268500640942978,40520000.0,116491000.0,0.06859355853779031,1.61,1.59,72138000,73095000,https://www.sec.gov/Archives/edgar/data/15615/000001561520000032/0000015615-20-000032-index.htm,https://www.sec.gov/Archives/edgar/data/15615/000001561520000032/mtz-20200930.htm,1620595403,17:23:23,20210509
3,2020-06-30,MTZ,USD,2020-07-31,2020-07-31 09:15:30,Q2,1569297000,1341825000.0,227472000.0,0.14495152925163304,0.0,84959000.0,0.0,0.0,152439000.0,1494264000.0,14808000.0,57687000.0,132720000.0,0.08457290111432061,75033000.0,0.04781312906352335,17340000.0,77565000.0,0.049426590377729646,20738000.0,57005000.0,0.03632518254989336,0.79,0.78,72045000,72777000,https://www.sec.gov/Archives/edgar/data/15615/000001561520000024/0000015615-20-000024-index.htm,https://www.sec.gov/Archives/edgar/data/15615/000001561520000024/mtz6302010-q.htm,1620595403,17:23:23,20210509
4,2020-03-31,MTZ,USD,2020-04-30 00:00:00,2020-04-30 17:20:32,Q1,1416604000,1226297000.0,190307000.0,0.1343402955236608,0.0,85514000.0,0.0,0.0,145994000.0,1372291000.0,17004000.0,53089000.0,97402000.0,0.06875739444474249,44313000.0,0.03128114843668379,9176000.0,36485000.0,0.02575525693842457,423000.0,36230000.0,0.025575248975719396,0.4847600952661297,0.4804211475475051,74738000,75413000,https://www.sec.gov/Archives/edgar/data/15615/000001561520000016/0000015615-20-000016-index.html,https://www.sec.gov/Archives/edgar/data/15615/000001561520000016/mtz3312010-q.htm,1620595403,17:23:23,20210509
5,2019-12-31,MTZ,USD,2020-02-27 00:00:00,2020-02-27 17:26:59,Q4,1709223000,1434238000.0,274985000.0,0.16088304451788912,0.0,78919000.0,0.0,0.0,140230000.0,1574468000.0,18848000.0,61311000.0,196066000.0,0.11471060241992999,134755000.0,0.07883991731915613,6548000.0,122455000.0,0.07164366498695607,21770000.0,100916000.0,0.05904203254929286,1.34,1.33,75344000,76067000,https://www.sec.gov/Archives/edgar/data/15615/000001561520000005/0000015615-20-000005-index.html,https://www.sec.gov/Archives/edgar/data/15615/000001561520000005/mtz12311910-k.htm,1620595403,17:23:23,20210509
6,2019-09-30,MTZ,USD,2019-10-31 00:00:00,2019-10-31 17:28:18,Q3,2016618000,1690558000.0,326060000.0,0.16168654648525402,0.0,77146000.0,0.0,0.0,132342000.0,1822900000.0,19297000.0,55196000.0,248914000.0,0.12343140842737693,193718000.0,0.09606083055888621,-1036000.0,173385000.0,0.08597810790144687,43303000.0,128596000.0,0.06376815043801057,1.71,1.69,75217000,75934000,https://www.sec.gov/Archives/edgar/data/15615/000001561519000049/0000015615-19-000049-index.html,https://www.sec.gov/Archives/edgar/data/15615/000001561519000049/mtz9301910-q.htm,1620595403,17:23:23,20210509
7,2019-06-30,MTZ,USD,2019-08-01,2019-08-01 17:23:26,Q2,1939006000,1633400000.0,305606000.0,0.15760962059942052,0.0,70819000.0,0.0,0.0,130763000.0,1764163000.0,16623000.0,59944000.0,234787000.0,0.12108626791252838,174843000.0,0.09017145898465502,1739000.0,159959000.0,0.08249536102518507,39736000.0,119710000.0,0.06173781824295541,1.59,1.58,75183000,75747000,https://www.sec.gov/Archives/edgar/data/15615/000001561519000028/mtz6301910-q.htm,https://www.sec.gov/Archives/edgar/data/15615/000001561519000028/mtz6301910-q.htm,1620595403,17:23:23,20210509
8,2019-03-31,MTZ,USD,2019-05-02 00:00:00,2019-05-02 17:23:21,Q1,1518340000,1312048000.0,206292000.0,0.13586680190207726,0.0,72616000.0,0.0,0.0,131647000.0,1443695000.0,22258000.0,59031000.0,133676000.0,0.08804088675790667,74645000.0,0.04916224297588156,2753000.0,55140000.0,0.03631597665871939,12033000.0,43112000.0,0.02839416731430378,0.5748956541451641,0.5704305485723359,74991000,75578000,https://www.sec.gov/Archives/edgar/data/15615/000001561519000019/0000015615-19-000019-index.html,https://www.sec.gov/Archives/edgar/data/15615/000001561519000019/mtz3311910-q.htm,1620595403,17:23:23,20210509
9,2018-12-31,MTZ,USD,2019-02-28 00:00:00,2019-02-28 17:29:05,Q4,1917552000,1653988000.0,263564000.0,0.13744816307458677,0.0,75743000.0,0.0,0.0,132195000.0,1786183000.0,22388000.0,56452000.0,187821000.0,0.09794832161005282,131369000.0,0.0685087027626891,-43083000.0,65898000.0,0.034365691256351846,34073000.0,31941000.0,0.016657175398633258,0.42,0.41,76604000,77663000,https://www.sec.gov/Archives/edgar/data/15615/000001561519000011/0000015615-19-000011-index.html,https://www.sec.gov/Archives/edgar/data/15615/000001561519000011/mtz12311810-k.htm,1620595403,17:23:23,20210509
10,2018-09-30,MTZ,USD,2018-11-01 00:00:00,2018-11-01 17:06:23,Q3,1977227000,1681438000.0,295789000.0,0.14959789644790406,0.0,80311000.0,0.0,0.0,135174000.0,1816612000.0,22330000.0,54863000.0,215478000.0,0.10897989962710403,160615000.0,0.08123245332984022,7348000.0,145633000.0,0.07365517464610791,25091000.0,120666000.0,0.06102789411635589,1.55,1.52,78096000,79201000,https://www.sec.gov/Archives/edgar/data/15615/000001561518000036/0000015615-18-000036-index.html,https://www.sec.gov/Archives/edgar/data/15615/000001561518000036/mtz9301810-q.htm,1620595403,17:23:23,20210509
11,2018-06-30,MTZ,USD,2018-08-02 00:00:00,2018-08-02 17:21:51,Q2,1617804000,1366584000.0,251220000.0,0.15528457093689965,0.0,67602000.0,0.0,0.0,119278000.0,1485862000.0,20795000.0,51675000.0,183617000.0,0.1134976795705784,131942000.0,0.0815562330171022,5036000.0,116183000.0,0.07181525079675906,35782000.0,80492000.0,0.049753863879678874,1.02,1.01,78984000,80062000,https://www.sec.gov/Archives/edgar/data/15615/000001561518000027/0000015615-18-000027-index.html,https://www.sec.gov/Archives/edgar/data/15615/000001561518000027/mtz6301810-q.htm,1620595403,17:23:23,20210509
12,2018-03-31,MTZ,USD,2018-04-30 00:00:00,2018-04-30 17:10:55,Q1,1396834000,1237299000.0,159535000.0,0.11421185337699398,0.0,63622000.0,0.0,0.0,113562000.0,1350861000.0,17058000.0,49940000.0,95913000.0,0.0686645657250611,45973000.0,0.032912285926602586,8674000.0,37589000.0,0.026910141076176553,11126000.0,26560000.0,0.019014428342952704,0.33,0.32,81150000,82221000,https://www.sec.gov/Archives/edgar/data/15615/000001561518000018/0000015615-18-000018-index.html,https://www.sec.gov/Archives/edgar/data/15615/000001561518000018/mtz3311810-q.htm,1620595403,17:23:23,20210509
13,2017-12-31,MTZ,USD,2018-02-27 00:00:00,2018-02-27 17:30:02,Q4,1602862000,1421665000.0,181197000.0,0.11304591412111585,0.0,73102000.0,0.0,0.0,122767000.0,1544432000.0,16045000.0,49665000.0,108095000.0,0.06743874394676522,58430000.0,0.03645354372366429,15111000.0,57496000.0,0.03587083604202982,-103228000.0,160823000.0,0.10033490094593296,1.98,1.95,81033000,82456000,https://www.sec.gov/Archives/edgar/data/15615/000001561518000007/0000015615-18-000007-index.html,https://www.sec.gov/Archives/edgar/data/15615/000001561518000007/mtz12311710-k.htm,1620595403,17:23:23,20210509
14,2017-09-30,MTZ,USD,2017-11-02 00:00:00,2017-11-02 17:06:27,Q3,1955752000,1726173000.0,229579000.0,0.11738656025917396,0.0,66397000.0,0.0,0.0,116498000.0,1842671000.0,17578000.0,50102000.0,163183000.0,0.08343747059954432,113081000.0,0.05781970311164197,12076000.0,107579000.0,0.055006462987127205,43378000.0,63752000.0,0.032597180010553485,0.79,0.77,80953000,82386000,https://www.sec.gov/Archives/edgar/data/15615/000001561517000034/0000015615-17-000034-index.html,https://www.sec.gov/Archives/edgar/data/15615/000001561517000034/mtz9301710-q.htm,1620595403,17:23:23,20210509
15,2017-06-30,MTZ,USD,2017-08-03 00:00:00,2017-08-03 17:24:57,Q2,1890180000,1626335000.0,263845000.0,0.1395872350781407,0.0,70823000.0,0.0,0.0,116202000.0,1742537000.0,14791000.0,45378000.0,193021000.0,0.10211778772392047,147643000.0,0.07811055031795913,5914000.0,138766000.0,0.07341417219524067,55434000.0,81668000.0,0.04320646710895259,1.01,0.99,80925000,82292000,https://www.sec.gov/Archives/edgar/data/15615/000001561517000026/0000015615-17-000026-index.html,https://www.sec.gov/Archives/edgar/data/15615/000001561517000026/mtz6301710-q.htm,1620595403,17:23:23,20210509
16,2017-03-31,MTZ,USD,2017-05-04 00:00:00,2017-05-04 17:13:59,Q1,1158184000,971134000.0,187050000.0,0.16150283547346536,0.0,64781000.0,0.0,0.0,107685000.0,1078819000.0,12597000.0,42904000.0,122269000.0,0.10556958134458773,79365000.0,0.06852538111388173,1217000.0,67985000.0,0.058699653940997285,27358000.0,40970000.0,0.03537434466371492,0.51,0.5,80697000,82157000,https://www.sec.gov/Archives/edgar/data/15615/000001561517000015/0000015615-17-000015-index.html,https://www.sec.gov/Archives/edgar/data/15615/000001561517000015/mtz3311710-q.htm,1620595403,17:23:23,20210509
17,2016-12-31,MTZ,USD,2017-02-24 00:00:00,2017-02-23 20:06:31,Q4,1341892000,1120554000.0,221338000.0,0.1649447198433257,0.0,66402000.0,0.0,0.0,109068000.0,1229622000.0,12839000.0,42666000.0,154936000.0,0.11546085676045464,112270000.0,0.08366545146703311,-6029000.0,93402000.0,0.06960470738330655,37453000.0,53591000.0,0.03993689507054219,0.67,0.66,80515000,81740000,https://www.sec.gov/Archives/edgar/data/15615/000001561517000007/0000015615-17-000007-index.html,https://www.sec.gov/Archives/edgar/data/15615/000001561517000007/mtz12311610-k.htm,1620595403,17:23:23,20210509
18,2016-09-30,MTZ,USD,2016-11-03 00:00:00,2016-11-03 17:19:39,Q3,1586181000,1368988000.0,217193000.0,0.13692825724176497,0.0,67131000.0,0.0,0.0,109715000.0,1478703000.0,13097000.0,42585000.0,150063000.0,0.09460647933621699,107478000.0,0.06775897580414846,965000.0,95346000.0,0.06011041615048976,38816000.0,56277000.0,0.035479557503210545,0.7,0.69,80462000,81545000,https://www.sec.gov/Archives/edgar/data/15615/000001561516000120/0000015615-16-000120-index.html,https://www.sec.gov/Archives/edgar/data/15615/000001561516000120/mtz9301610-q.htm,1620595403,17:23:23,20210509
19,2016-06-30,MTZ,USD,2016-08-04,2016-08-04 17:21:22,Q2,1232404000,1068182000.0,164222000.0,0.13325338119642585,0.0,67852000.0,0.0,0.0,108509000.0,1176691000.0,12639000.0,40656000.0,96369000.0,0.07819594873109792,55713000.0,0.04520676661224728,-1035000.0,42039000.0,0.034111379060762545,17601000.0,24088000.0,0.01954553863830367,0.2997846946522134,0.29640932247188245,80351000,81266000,https://www.sec.gov/Archives/edgar/data/15615/000001561516000111/mtz6301610-q.htm,https://www.sec.gov/Archives/edgar/data/15615/000001561516000111/mtz6301610-q.htm,1620595403,17:23:23,20210509
20,2016-03-31,MTZ,USD,2016-05-05 00:00:00,2016-05-05 17:20:02,Q1,974225000,884401000.0,89824000.0,0.09220046703790193,0.0,60048000.0,0.0,0.0,99056000.0,983457000.0,12158000.0,39008000.0,29776000.0,0.030563781467320177,-9232000.0,-0.009476250352844568,16422000.0,-4968000.0,-0.0050994380148323025,-2087000.0,-2692000.0,-0.0027632220482947984,-0.03,-0.03,80156000,80156000,https://www.sec.gov/Archives/edgar/data/15615/000001561516000101/0000015615-16-000101-index.html,https://www.sec.gov/Archives/edgar/data/15615/000001561516000101/mtz3311610-q.htm,1620595403,17:23:23,20210509
21,2015-12-31,MTZ,USD,2016-02-26 00:00:00,2016-02-25 21:20:16,Q4,1027424000,916231000.0,111193000.0,0.10822503659638086,0.0,58833000.0,0.0,0.0,100447000.0,1016678000.0,11500000.0,41614000.0,52360000.0,0.05096240695175507,10746000.0,0.010459167782726509,-66804000.0,-68268000.0,-0.06644579063755568,8669000.0,-76764000.0,-0.07471501541719874,-0.96,-0.96,79920000,79920000,https://www.sec.gov/Archives/edgar/data/15615/000001561516000093/0000015615-16-000093-index.html,https://www.sec.gov/Archives/edgar/data/15615/000001561516000093/mtz12311510-k.htm,1620595403,17:23:23,20210509
22,2015-09-30,MTZ,USD,2015-11-03 00:00:00,2015-11-03 17:06:36,Q3,1111010000,972711000.0,138299000.0,0.12448042771892243,0.0,63798000.0,0.0,0.0,105994000.0,1078705000.0,11300000.0,42196000.0,74501000.0,0.06705700218719904,32305000.0,0.029077146020287846,-6702000.0,13639000.0,0.012276217135759354,6197000.0,7618000.0,0.006856823970981359,0.1,0.09,79845000,80448000,https://www.sec.gov/Archives/edgar/data/15615/000001561515000084/0000015615-15-000084-index.html,https://www.sec.gov/Archives/edgar/data/15615/000001561515000084/mtz9301510-q.htm,1620595403,17:23:23,20210509
23,2015-06-30,MTZ,USD,2015-07-31 00:00:00,2015-07-31 17:05:34,Q2,1066629000,945947000.0,120682000.0,0.11314337037526638,0.0,69250000.0,0.0,0.0,112504000.0,1058451000.0,12200000.0,43254000.0,51432000.0,0.048219202740596774,8178000.0,0.007667145746084158,2353000.0,-2376000.0,-0.0022275786613714797,1444000.0,-3700000.0,-0.003468872494559964,-0.05,-0.05,79830000,79830000,https://www.sec.gov/Archives/edgar/data/15615/000001561515000053/0000015615-15-000053-index.html,https://www.sec.gov/Archives/edgar/data/15615/000001561515000053/mtz12311410-k.htm,1620595403,17:23:23,20210509
24,2015-03-31,MTZ,USD,2015-08-07,2015-08-07 17:30:21,Q1,1003268000,886414000.0,116854000.0,0.11647336504303935,0.0,74030000.0,0.0,0.0,116628000.0,1003042000.0,10800000.0,42598000.0,42824000.0,0.04268450703102262,226000.0,0.00022526383777814104,7000.0,-10740000.0,-0.01070501600768688,-4352000.0,-6263000.0,-0.006242599185860608,-0.08,-0.08,82397000,82397000,https://www.sec.gov/Archives/edgar/data/15615/000001561515000053/mtz12311410-k.htm,https://www.sec.gov/Archives/edgar/data/15615/000001561515000053/mtz12311410-k.htm,1620595403,17:23:23,20210509
25,2014-12-31,MTZ,USD,2015-07-31,2015-07-31 17:05:34,Q4,1233623000,1063059000.0,170564000.0,0.13826266209368665,0.0,70851000.0,0.0,0.0,113307000.0,1176366000.0,11900000.0,42456000.0,99713000.0,0.08082939439358702,57257000.0,0.04641369364870791,2692000.0,46775000.0,0.037916770358529306,18758000.0,22579000.0,0.01830299856601247,0.27,0.26,82311000,85385000,https://www.sec.gov/Archives/edgar/data/15615/000001561515000053/mtz12311410-k.htm,https://www.sec.gov/Archives/edgar/data/15615/000001561515000053/mtz12311410-k.htm,1620595403,17:23:23,20210509
26,2014-09-30,MTZ,USD,2014-10-30 00:00:00,2014-10-30 17:16:53,Q3,1309596000,1122961000.0,186635000.0,0.14251341635130224,0.0,59889000.0,0.0,0.0,101636000.0,1224597000.0,11300000.0,41747000.0,126746000.0,0.09678251918912398,84999000.0,0.06490474925091402,1416000.0,73772000.0,0.05633187639546853,28042000.0,45271000.0,0.03456867614134435,0.55,0.53,81811000,85824000,https://www.sec.gov/Archives/edgar/data/15615/000001561514000091/0000015615-14-000091-index.html,https://www.sec.gov/Archives/edgar/data/15615/000001561514000091/mtz09301410-q.htm,1620595403,17:23:23,20210509
27,2014-06-30,MTZ,USD,2014-08-11 00:00:00,2014-08-11 16:43:25,Q2,1104556000,950889000.0,153667000.0,0.13912105859730065,0.0,54237000.0,0.0,0.0,90992000.0,1041881000.0,10600000.0,36755000.0,99430000.0,0.09001807060936702,62675000.0,0.05674225661713847,2051000.0,51777000.0,0.04687584875732874,19714000.0,32050000.0,0.02901618387840906,0.41,0.37,78269000,86730000,https://www.sec.gov/Archives/edgar/data/15615/000001561514000070/0000015615-14-000070-index.html,https://www.sec.gov/Archives/edgar/data/15615/000001561514000070/mtz06301410-q.htm,1620595403,17:23:23,20210509
28,2014-03-31,MTZ,USD,2014-05-01 00:00:00,2014-05-01 17:06:52,Q1,964029000,841054000.0,122975000.0,0.12756358989200534,0.0,53327000.0,0.0,0.0,86821000.0,927875000.0,9700000.0,33494000.0,69648000.0,0.0722467892563398,36154000.0,0.0375030211746742,1955000.0,26106000.0,0.0270800982128131,9916000.0,16023000.0,0.01662086928920188,0.21,0.19,77345000,86622000,https://www.sec.gov/Archives/edgar/data/15615/000001561514000050/0000015615-14-000050-index.html,https://www.sec.gov/Archives/edgar/data/15615/000001561514000050/mtz03311410-q.htm,1620595403,17:23:23,20210509
29,2013-12-31,MTZ,USD,2014-02-27,2014-02-27 17:23:23,Q4,1159130000,987080000.0,172050000.0,0.14843028823341645,0.0,55641000.0,0.0,0.0,93456000.0,1080536000.0,9700000.0,37817000.0,116411000.0,0.10042963256925452,78594000.0,0.06780430150198856,2905000.0,69606000.0,0.060050210071346616,26720000.0,41501000.0,0.03580357682054645,0.5365699140215916,0.5365699140215916,77345000,77345000,https://www.sec.gov/Archives/edgar/data/15615/000001561514000027/mtz12311310-k.htm,https://www.sec.gov/Archives/edgar/data/15615/000001561514000027/mtz12311310-k.htm,1620595403,17:23:23,20210509
30,2013-09-30,MTZ,USD,2013-10-31 00:00:00,2013-10-31 17:10:01,Q3,1269385000,1081132000.0,188253000.0,0.14830252445081674,0.0,58976000.0,0.0,0.0,96732000.0,1177864000.0,10400000.0,37756000.0,129277000.0,0.10184223068651355,91521000.0,0.0720986934617945,2778000.0,81633000.0,0.06430909456153965,31698000.0,46138000.0,0.03634673483616082,0.6,0.54,77093000,85464000,https://www.sec.gov/Archives/edgar/data/15615/000001561513000084/0000015615-13-000084-index.html,https://www.sec.gov/Archives/edgar/data/15615/000001561513000084/mtz09301310-q.htm,1620595403,17:23:23,20210509
31,2013-06-30,MTZ,USD,2013-08-01 00:00:00,2013-08-01 17:03:08,Q2,977624000,822655000.0,154969000.0,0.15851595296351154,0.0,51900000.0,0.0,0.0,85502000.0,908157000.0,9200000.0,33602000.0,103069000.0,0.10542805823097633,69467000.0,0.07105697077813147,-322000.0,57307000.0,0.058618650933283147,21776000.0,34941000.0,0.03574073467918136,0.46,0.41,76741000,84558000,https://www.sec.gov/Archives/edgar/data/15615/000001561513000065/0000015615-13-000065-index.html,https://www.sec.gov/Archives/edgar/data/15615/000001561513000065/mtz06301310-q.htm,1620595403,17:23:23,20210509
32,2013-03-31,MTZ,USD,2013-05-02 00:00:00,2013-05-02 16:59:34,Q1,918648000,791499000.0,127149000.0,0.13840883559317607,0.0,48885000.0,0.0,0.0,80638000.0,872137000.0,7600000.0,31753000.0,78264000.0,0.08519476447997491,46511000.0,0.05062983863242504,-4798000.0,31668000.0,0.03447239856833085,12348000.0,18370000.0,0.019996777873570726,0.24,0.22,76608000,84094000,https://www.sec.gov/Archives/edgar/data/15615/000001561513000037/0000015615-13-000037-index.html,https://www.sec.gov/Archives/edgar/data/15615/000001561513000037/mtz03311310-q.htm,1620595403,17:23:23,20210509
33,2012-12-31,MTZ,USD,2013-02-28 00:00:00,2013-02-28 17:11:15,Q4,932358000,794139000.0,138219000.0,0.14824670351946356,0.0,39332000.0,0.0,0.0,66165000.0,860304000.0,-700000.0,26834000.0,98888000.0,0.10606226363692917,72054000.0,0.07728147342544388,-28000.0,62533000.0,0.06706973072575127,24851000.0,36341000.0,0.038977517219780385,0.4743760442773601,0.4743760442773601,76608000,76608000,https://www.sec.gov/Archives/edgar/data/15615/000001561513000028/0000015615-13-000028-index.html,https://www.sec.gov/Archives/edgar/data/15615/000001561513000028/mtz12311210-k.htm,1620595403,17:23:23,20210509
34,2012-09-30,MTZ,USD,2012-11-01 00:00:00,2012-11-01 17:26:52,Q3,1067300000,924304000.0,142996000.0,0.13397919985008902,0.0,42514000.0,0.0,0.0,65159000.0,989463000.0,9500000.0,22821000.0,100658000.0,0.09431087791623724,77837000.0,0.07292888597395296,-8815000.0,59576000.0,0.05581935725662888,23478000.0,26821000.0,0.02512976670102127,0.35,0.34,76194000,79526000,https://www.sec.gov/Archives/edgar/data/15615/000144530512003353/0001445305-12-003353-index.html,https://www.sec.gov/Archives/edgar/data/15615/000144530512003353/mtz930201210-q.htm,1620595403,17:23:23,20210509
35,2012-06-30,MTZ,USD,2012-08-02 00:00:00,2012-08-02 17:29:23,Q2,992244000,872152000.0,120092000.0,0.12103071421948633,0.0,39591000.0,0.0,0.0,61531000.0,933683000.0,9486000.0,21992000.0,80553000.0,0.0811826526539843,58561000.0,0.05901874942050544,360000.0,49435000.0,0.04982141489391722,19639000.0,30092000.0,0.030327217902048287,0.3749828658301038,0.3648665033828843,80249000,82474000,https://www.sec.gov/Archives/edgar/data/15615/000119312512332275/0001193125-12-332275-index.html,https://www.sec.gov/Archives/edgar/data/15615/000119312512332275/d363470d10q.htm,1620595403,17:23:23,20210509
36,2012-03-31,MTZ,USD,2012-05-03 00:00:00,2012-05-03 17:27:13,Q1,778476000,684657000.0,93819000.0,0.1205162394216392,0.0,40809000.0,0.0,0.0,61763000.0,746420000.0,9100000.0,20954000.0,53010000.0,0.06809458480415581,32056000.0,0.04117789116170569,454000.0,23518000.0,0.03021030834605049,9348000.0,14172000.0,0.01820480014798144,0.18,0.17,80615000,83906000,https://www.sec.gov/Archives/edgar/data/15615/000119312512208962/0001193125-12-208962-index.html,https://www.sec.gov/Archives/edgar/data/15615/000119312512208962/d329195d10q.htm,1620595403,17:23:23,20210509
37,2011-12-31,MTZ,USD,2012-02-29 00:00:00,2012-02-29 17:07:12,Q4,774231000,689393000.0,84838000.0,0.10957711587368628,0.0,38954000.0,0.0,0.0,60653000.0,750046000.0,9384000.0,21676000.0,45861000.0,0.05923425954269462,24185000.0,0.031237447221823977,58361000.0,14988000.0,0.01935856352948926,6427000.0,8559000.0,0.011054840222104255,0.10617130806921789,0.10617130806921789,80615000,80615000,https://www.sec.gov/Archives/edgar/data/15615/000119312512089522/0001193125-12-089522-index.html,https://www.sec.gov/Archives/edgar/data/15615/000119312512089522/d207106d10k.htm,1620595403,17:23:23,20210509
38,2011-09-30,MTZ,USD,2011-11-03 00:00:00,2011-11-03 17:04:01,Q3,865313000,744965000.0,120348000.0,0.13908030966829343,0.0,39419000.0,0.0,0.0,59277000.0,804242000.0,9049000.0,19858000.0,80929000.0,0.09352569532643101,61071000.0,0.07057677395347117,593000.0,51529000.0,0.05954955027833859,19699000.0,31842000.0,0.036798245259229895,0.38,0.36,84732000,89317000,https://www.sec.gov/Archives/edgar/data/15615/000119312511295335/0001193125-11-295335-index.html,https://www.sec.gov/Archives/edgar/data/15615/000119312511295335/d233295d10q.htm,1620595403,17:23:23,20210509
39,2011-06-30,MTZ,USD,2011-08-03 00:00:00,2011-08-03 16:39:57,Q2,750942000,643181000.0,107761000.0,0.14350109595681157,0.0,37560000.0,0.0,0.0,56145000.0,699326000.0,8500000.0,18585000.0,70201000.0,0.09348391753291199,51616000.0,0.06873500217060705,29565000.0,72927000.0,0.0971140247848702,28442000.0,44494000.0,0.059250914185116826,0.54,0.51,82753000,87634000,https://www.sec.gov/Archives/edgar/data/15615/000119312511208285/0001193125-11-208285-index.html,https://www.sec.gov/Archives/edgar/data/15615/000119312511208285/d10q.htm,1620595403,17:23:23,20210509
40,2011-03-31,MTZ,USD,2011-05-04 00:00:00,2011-05-04 16:51:00,Q1,618492000,528553000.0,89939000.0,0.14541659390905623,0.0,32499000.0,0.0,0.0,47608000.0,576161000.0,8100000.0,15109000.0,57440000.0,0.09287104764491699,42331000.0,0.0684422757287079,-165000.0,34584000.0,0.055916648881473005,13488000.0,21106000.0,0.034124936134986385,0.27,0.26,78426000,83633000,https://www.sec.gov/Archives/edgar/data/15615/000119312511126239/0001193125-11-126239-index.html,https://www.sec.gov/Archives/edgar/data/15615/000119312511126239/d10q.htm,1620595403,17:23:23,20210509
41,2010-12-31,MTZ,USD,2011-02-23,2011-02-23 17:00:48,Q4,730740000,604107000.0,126633000.0,0.17329419492569176,0.0,37157000.0,0.0,0.0,51940000.0,656047000.0,0.0,14783000.0,89476000.0,0.12244573993486055,74693000.0,0.1022155623067028,-1355000.0,66132000.0,0.09050004105427376,27701000.0,38511000.0,0.052701371212743243,0.49104888684874914,0.49104888684874914,78426000,78426000,https://www.sec.gov/Archives/edgar/data/15615/000119312511043693/d10k.htm,https://www.sec.gov/Archives/edgar/data/15615/000119312511043693/d10k.htm,1620595403,17:23:23,20210509
42,2010-09-30,MTZ,USD,2010-11-03 00:00:00,2010-11-03 16:38:37,Q3,631947000,528579000.0,103368000.0,0.16357067918670395,0.0,30846000.0,0.0,0.0,45642000.0,574221000.0,14555000.0,14796000.0,72522000.0,0.11475962382921352,57726000.0,0.09134626796234495,228000.0,50699000.0,0.08022666457788391,20698000.0,30006000.0,0.04748182996358872,0.39,0.35,76104000,90507000,https://www.sec.gov/Archives/edgar/data/15615/000119312510246220/0001193125-10-246220-index.html,https://www.sec.gov/Archives/edgar/data/15615/000119312510246220/d10q.htm,1620595403,17:23:23,20210509
43,2010-06-30,MTZ,USD,2010-08-04 00:00:00,2010-08-04 16:36:39,Q2,495113000,417341000.0,77772000.0,0.15707929300987855,0.0,30983000.0,0.0,0.0,45195000.0,462536000.0,14569000.0,14212000.0,46789000.0,0.0945016592171888,32577000.0,0.0657971008638432,-588000.0,24720000.0,0.04992799623520287,10159000.0,14601000.0,0.029490237582127717,0.19,0.18,76073000,90641000,https://www.sec.gov/Archives/edgar/data/15615/000119312510177291/0001193125-10-177291-index.html,https://www.sec.gov/Archives/edgar/data/15615/000119312510177291/d10q.htm,1620595403,17:23:23,20210509
44,2010-03-31,MTZ,USD,2010-05-05 00:00:00,2010-05-05 17:01:40,Q1,450231000,388855000.0,61376000.0,0.13632113292954062,0.0,27673000.0,0.0,0.0,41848000.0,430703000.0,14776000.0,14175000.0,33703000.0,0.07485712889605559,19528000.0,0.04337329059971437,297000.0,12449000.0,0.027650250649111235,5054000.0,7411000.0,0.01646043919676788,0.09751829043633875,0.08781013768098771,75996000,84398000,https://www.sec.gov/Archives/edgar/data/15615/000119312510109060/0001193125-10-109060-index.html,https://www.sec.gov/Archives/edgar/data/15615/000119312510109060/d10q.htm,1620595403,17:23:23,20210509
45,2009-12-31,MTZ,USD,2010-02-25 00:00:00,2010-02-24 19:59:41,Q4,496281000,421911000.0,74370000.0,0.14985461865354507,0.0,25313000.0,0.0,0.0,42705000.0,464616000.0,-9922000.0,17392000.0,49057000.0,0.09884924065196934,31665000.0,0.0638045784545449,1281000.0,25568000.0,0.05151919980817319,7384000.0,18184000.0,0.036640532279091885,0.2392757513553345,0.2392757513553345,75996000,75996000,https://www.sec.gov/Archives/edgar/data/15615/000119312510039265/0001193125-10-039265-index.html,https://www.sec.gov/Archives/edgar/data/15615/000119312510039265/d10k.htm,1620595403,17:23:23,20210509
46,2009-09-30,MTZ,USD,2009-10-28 00:00:00,2009-10-28 17:23:39,Q3,397248000,335241000.0,62007000.0,0.15609140889318512,0.0,23710000.0,0.0,0.0,34470000.0,369711000.0,11569000.0,10761000.0,38298000.0,0.0964082890285162,27537000.0,0.06931941759304011,393000.0,22161000.0,0.05578630981150314,517000.0,21644000.0,0.054484855807958754,0.29,0.27,75727000,83989000,https://www.sec.gov/Archives/edgar/data/15615/000119312509216324/0001193125-09-216324-index.html,https://www.sec.gov/Archives/edgar/data/15615/000119312509216324/d10q.htm,1620595403,17:23:23,20210509
47,2009-06-30,MTZ,USD,2009-07-29 00:00:00,2009-07-29 17:04:08,Q2,387854000,328047000.0,59807000.0,0.15419977620444805,0.0,24654000.0,0.0,0.0,35398000.0,363445000.0,11580000.0,10743000.0,35152000.0,0.09063204195393113,24409000.0,0.06293347496738463,745000.0,19374000.0,0.04995178598132287,383000.0,18991000.0,0.04896430099986077,0.25099785889878673,0.2317021094884277,75662000,81963000,https://www.sec.gov/Archives/edgar/data/15615/000119312509158253/0001193125-09-158253-index.html,https://www.sec.gov/Archives/edgar/data/15615/000119312509158253/d10q.htm,1620595403,17:23:23,20210509
48,2009-03-31,MTZ,USD,2009-04-29 00:00:00,2009-04-29 17:21:27,Q1,342119000,290926000.0,51193000.0,0.14963506849955718,0.0,23255000.0,0.0,0.0,33898000.0,324824000.0,11562000.0,10643000.0,27938000.0,0.08166164404783131,17295000.0,0.050552585503874384,497000.0,12030000.0,0.03516320344675391,101000.0,11929000.0,0.03486798453169804,0.1579037937150875,0.15580225951805654,75546000,76565000,https://www.sec.gov/Archives/edgar/data/15615/000095014409003684/0000950144-09-003684-index.html,https://www.sec.gov/Archives/edgar/data/15615/000095014409003684/g18831e10vq.htm,1620595403,17:23:23,20210509
49,2008-12-31,MTZ,USD,2009-03-02 00:00:00,2009-03-02 17:24:22,Q4,413883000,358336000.0,55547000.0,0.13420942633546196,0.0,22998000.0,0.0,0.0,32018000.0,390354000.0,0.0,9020000.0,32549000.0,0.07864299814198698,23529000.0,0.056849399467965585,-9000.0,18877000.0,0.045609508001053435,328000.0,18157000.0,0.043869885933947514,0.24034363169459666,0.24034363169459666,75546000,75546000,https://www.sec.gov/Archives/edgar/data/15615/000095014409001787/0000950144-09-001787-index.html,https://www.sec.gov/Archives/edgar/data/15615/000095014409001787/g17905e10vk.htm,1620595403,17:23:23,20210509
50,2008-09-30,MTZ,USD,2008-11-05 00:00:00,2008-11-05 17:26:36,Q3,397754000,335569000.0,62185000.0,0.15634035107126515,0.0,26376000.0,0.0,0.0,34215000.0,369784000.0,3963000.0,7839000.0,35809000.0,0.09002800726076922,27970000.0,0.0703198459349246,391000.0,24398000.0,0.06133942084806187,102000.0,24114000.0,0.060625411686620376,0.36,0.35,67578000,68567000,https://www.sec.gov/Archives/edgar/data/15615/000095014408008172/0000950144-08-008172-index.html,https://www.sec.gov/Archives/edgar/data/15615/000095014408008172/g16404e10vq.htm,1620595403,17:23:23,20210509
51,2008-06-30,MTZ,USD,2008-07-30 00:00:00,2008-07-30 17:24:34,Q2,305034000,259561000.0,45473000.0,0.14907518506133743,0.0,19966000.0,0.0,0.0,25983000.0,285544000.0,3656000.0,6578000.0,26068000.0,0.08545932584564343,19490000.0,0.06389451667682947,394000.0,16228000.0,0.0532006268153714,407000.0,15736000.0,0.0515876918638578,0.23414227684616185,0.2307940512158634,67207000,68182000,https://www.sec.gov/Archives/edgar/data/15615/000095014408005858/0000950144-08-005858-index.html,https://www.sec.gov/Archives/edgar/data/15615/000095014408005858/g14440e10vq.htm,1620595403,17:23:23,20210509
52,2008-03-31,MTZ,USD,2008-04-29 00:00:00,2008-04-29 17:30:46,Q1,261992000,226844000.0,35148000.0,0.13415676814559224,0.0,20046000.0,0.0,0.0,24834000.0,251678000.0,2496000.0,5028000.0,15342000.0,0.05855903997068613,10314000.0,0.039367614278298574,151000.0,7969000.0,0.030416959296467067,33000.0,7781000.0,0.02969938013374454,0.11581109440814444,0.1151290966930532,67187000,67585000,https://www.sec.gov/Archives/edgar/data/15615/000095014408003355/0000950144-08-003355-index.html,https://www.sec.gov/Archives/edgar/data/15615/000095014408003355/g13098e10vq.htm,1620595403,17:23:23,20210509
53,2007-12-31,MTZ,USD,2008-02-28,2008-02-27 21:40:37,Q4,273635000,236391000.0,37244000.0,0.13610831947667512,0.0,19376000.0,0.0,0.0,24219000.0,260610000.0,2100000.0,5375000.0,18400000.0,0.06724286001425256,13025000.0,0.0475999049829152,-768000.0,0.0,0.0,0.0,7256000.0,0.02651707566649003,0.10799708276898805,0.10799708276898805,67187000,67187000,https://www.sec.gov/Archives/edgar/data/15615/000095014408001445/g12007e10vk.htm,https://www.sec.gov/Archives/edgar/data/15615/000095014408001445/g12007e10vk.htm,1620595403,17:23:23,20210509
54,2007-09-30,MTZ,USD,2007-11-06 00:00:00,2007-11-06 17:20:55,Q3,266864000,230867000.0,35997000.0,0.13488893219017928,0.0,55865000.0,0.0,0.0,60148000.0,291015000.0,2220000.0,4579000.0,-19572000.0,-0.07334072786138257,-24151000.0,-0.09049928053240602,228000.0,0.0,0.0,0.0,-32156000.0,-0.1204958330835182,-0.48,-0.48,66408000,66408000,https://www.sec.gov/Archives/edgar/data/15615/000095014407009971/0000950144-07-009971-index.html,https://www.sec.gov/Archives/edgar/data/15615/000095014407009971/g10333e10vq.htm,1620595403,17:23:23,20210509
55,2007-06-30,MTZ,USD,2007-08-01 00:00:00,2007-08-01 17:20:27,Q2,256284000,213327000.0,42957000.0,0.16761483354403708,0.0,20234000.0,0.0,0.0,24316000.0,237643000.0,2120000.0,4175000.0,22816000.0,0.08902623651886189,18641000.0,0.07273571506609855,573000.0,0.0,0.0,0.0,15901000.0,0.062044450687518536,0.24145837762322714,0.23581142204623987,65854000,67431000,https://www.sec.gov/Archives/edgar/data/15615/000095014407007100/0000950144-07-007100-index.html,https://www.sec.gov/Archives/edgar/data/15615/000095014407007100/g08681e10vq.htm,1620595403,17:23:23,20210509
56,2007-03-31,MTZ,USD,2007-05-02 00:00:00,2007-05-02 17:06:07,Q1,240996000,210591000.0,30405000.0,0.12616391973310762,0.0,19679000.0,0.0,0.0,23459000.0,234050000.0,0.0,3959000.0,10905000.0,0.04524971368819399,6946000.0,0.02882205513784461,3485000.0,0.0,0.0,0.0,1670000.0,0.006929575594615678,0.025529703121655915,0.025080347220136363,65414000,66586000,https://www.sec.gov/Archives/edgar/data/15615/000095014407004129/0000950144-07-004129-index.html,https://www.sec.gov/Archives/edgar/data/15615/000095014407004129/g07098e10vq.htm,1620595403,17:23:23,20210509
57,2006-12-31,MTZ,USD,2007-03-08,2007-03-08 17:28:08,Q4,241084000,208582000.0,32502000.0,0.1348160807021619,0.0,19486000.0,0.0,0.0,23379000.0,231961000.0,2035000.0,3974000.0,13097000.0,0.05432546332398666,9123000.0,0.037841582187121504,3010000.0,0.0,0.0,0.0,-14845000.0,-0.06157604818237627,-0.22693918732992938,-0.22693918732992938,65414000,65414000,https://www.sec.gov/Archives/edgar/data/15615/000095014407001989/g05907e10vk.htm,https://www.sec.gov/Archives/edgar/data/15615/000095014407001989/g05907e10vk.htm,1620595403,17:23:23,20210509
58,2006-09-30,MTZ,USD,2006-11-09,2006-11-09 16:43:23,Q3,253870000,214743000.0,39127000.0,0.15412218852168433,0.0,21157000.0,0.0,0.0,24868000.0,239611000.0,2155000.0,3667000.0,17926000.0,0.07061094260842163,14259000.0,0.05616654193090952,3130000.0,0.0,0.0,0.0,-7622000.0,-0.030023240241068262,-0.11721825787401575,-0.11506121401506575,65024000,66243000,https://www.sec.gov/Archives/edgar/data/15615/000095014406010630/g04238e10vq.htm,https://www.sec.gov/Archives/edgar/data/15615/000095014406010630/g04238e10vq.htm,1620595403,17:23:23,20210509
59,2006-06-30,MTZ,USD,2006-08-03,2006-08-03 16:45:31,Q2,232100000,198125000.0,33975000.0,0.1463808703145196,0.0,17373000.0,0.0,0.0,21573000.0,219698000.0,2347000.0,3853000.0,16255000.0,0.07003446790176648,12402000.0,0.05343386471348557,1645000.0,0.0,0.0,0.0,-23657000.0,-0.10192589401120207,-0.36534778848529775,-0.3559424040443555,64752000,66463000,https://www.sec.gov/Archives/edgar/data/15615/000095014406007326/g02689e10vq.htm,https://www.sec.gov/Archives/edgar/data/15615/000095014406007326/g02689e10vq.htm,1620595403,17:23:23,20210509
60,2006-03-31,MTZ,USD,2006-05-08,2006-05-08 17:30:47,Q1,218752000,191957000.0,26795000.0,0.1224903086600351,0.0,16594000.0,0.0,0.0,20156000.0,212113000.0,3485000.0,3943000.0,10582000.0,0.048374414862492686,6639000.0,0.03034943680514921,322000.0,0.0,0.0,0.0,-4224000.0,-0.01930953774136922,-0.07124184108886678,-0.0692141312184571,59291000,61028000,https://www.sec.gov/Archives/edgar/data/15615/000095014406001675/g99839e10vk.htm,https://www.sec.gov/Archives/edgar/data/15615/000095014406001675/g99839e10vk.htm,1620595403,17:23:23,20210509
61,2005-12-31,MTZ,USD,2006-03-01,2006-03-01 16:36:51,Q4,150619000,109944000.0,40675000.0,0.27005225104402497,0.0,12796000.0,0.0,0.0,15187000.0,125131000.0,4821000.0,4100000.0,29588000.0,0.19644267987438505,25488000.0,0.16922167853989203,214000.0,0.0,0.0,0.0,-11467000.0,-0.07613249324454419,-0.19340203403551973,-0.19340203403551973,59291000,59291000,https://www.sec.gov/Archives/edgar/data/15615/000095014406001675/g99839e10vk.htm,https://www.sec.gov/Archives/edgar/data/15615/000095014406001675/g99839e10vk.htm,1620595403,17:23:23,20210509
62,2005-09-30,MTZ,USD,2005-11-07,2005-11-07 16:35:51,Q3,243548000,207373000.0,36175000.0,0.14853334866227602,0.0,18546000.0,0.0,0.0,27708000.0,235081000.0,0.0,4380000.0,12847000.0,0.052749355363213825,8467000.0,0.034765220818894015,0.0,0.0,0.0,0.0,7749000.0,0.03181713666299867,0.16,0.15,49039000,50033000,https://www.sec.gov/Archives/edgar/data/15615/000095014405011240/g98096e10vq.htm,https://www.sec.gov/Archives/edgar/data/15615/000095014405011240/g98096e10vq.htm,1620595403,17:23:23,20210509
63,2005-06-30,MTZ,USD,2005-08-09,2005-08-09 16:37:06,Q2,236109000,209218000.0,26891000.0,0.1138923124489113,0.0,16465000.0,0.0,0.0,21116000.0,230334000.0,4734000.0,4697000.0,10472000.0,0.04435239656260456,5775000.0,0.024459042222024573,1433000.0,0.0,0.0,0.0,1116000.0,0.004726630496931502,0.022824886489139773,0.02257692541117922,48894000,49431000,https://www.sec.gov/Archives/edgar/data/15615/000095014405008484/g96811e10vq.htm,https://www.sec.gov/Archives/edgar/data/15615/000095014405008484/g96811e10vq.htm,1620595403,17:23:23,20210509
64,2005-03-31,MTZ,USD,2005-05-10,2005-05-10 16:32:24,Q1,217770000,204970000.0,12800000.0,0.05877760940441751,0.0,16460000.0,0.0,0.0,21425000.0,226395000.0,4851000.0,5011000.0,-3614000.0,-0.016595490655278506,-8625000.0,-0.039606006336961014,1973000.0,0.0,0.0,0.0,-12024000.0,-0.055214216834274694,-0.25,-0.25,48696000,48696000,https://www.sec.gov/Archives/edgar/data/15615/000095014405003374/g94097e10vk.htm,https://www.sec.gov/Archives/edgar/data/15615/000095014405003374/g94097e10vk.htm,1620595403,17:23:23,20210509
65,2004-12-31,MTZ,USD,2005-03-31,2005-03-31 16:41:18,Q4,232565000,208392000.0,24173000.0,0.10394083374540451,0.0,18981000.0,0.0,0.0,21958000.0,230350000.0,5201000.0,3466000.0,5681000.0,0.0244275793864081,2215000.0,0.009524219035538451,-894000.0,0.0,0.0,0.0,-6855000.0,-0.029475630468901167,-0.140771315919172,-0.140771315919172,48696000,48696000,https://www.sec.gov/Archives/edgar/data/15615/000095014405003374/g94097e10vk.htm,https://www.sec.gov/Archives/edgar/data/15615/000095014405003374/g94097e10vk.htm,1620595403,17:23:23,20210509
66,2004-09-30,MTZ,USD,2004-12-30,2004-12-30 16:46:11,Q3,249930000,219517000.0,30413000.0,0.12168607210018806,0.0,17532000.0,0.0,0.0,21837000.0,241354000.0,0.0,4215000.0,12791000.0,0.05117832993238107,8576000.0,0.03431360781018685,781000.0,0.0,0.0,0.0,4223000.0,0.016896731084703718,0.08726108069015394,0.08670923762396567,48395000,48703000,https://www.sec.gov/Archives/edgar/data/15615/000095014404012482/g92577e10vq.htm,https://www.sec.gov/Archives/edgar/data/15615/000095014404012482/g92577e10vq.htm,1620595403,17:23:23,20210509
67,2004-06-30,MTZ,USD,2004-12-23,2004-12-23 16:50:57,Q2,231278000,206261000.0,25017000.0,0.1081685244597411,0.0,16717000.0,0.0,0.0,21373000.0,227634000.0,4664000.0,4481000.0,8125000.0,0.035130881450029836,3644000.0,0.015755930092788764,444000.0,0.0,0.0,0.0,-740000.0,-0.003199612587448871,-0.02,-0.02,48385000,48385000,https://www.sec.gov/Archives/edgar/data/15615/000095014404012387/g92492e10vq.htm,https://www.sec.gov/Archives/edgar/data/15615/000095014404012387/g92492e10vq.htm,1620595403,17:23:23,20210509
68,2004-03-31,MTZ,USD,2004-12-23,2004-12-23 16:50:30,Q1,200022000,194573000.0,5449000.0,0.02724200337962824,0.0,21320000.0,0.0,0.0,31524000.0,226097000.0,4903000.0,4985000.0,-21090000.0,-0.10543840177580466,-26075000.0,-0.130360660327364,-140000.0,-26075000.0,-0.130360660327364,0.0,-26901000.0,-0.1344902060773315,-0.95,-0.95,48323000,48323000,https://www.sec.gov/Archives/edgar/data/15615/000095014404007457/g90004e10vk.htm,https://www.sec.gov/Archives/edgar/data/15615/000095014404007457/g90004e10vk.htm,1620595403,17:23:23,20210509
69,2003-12-31,MTZ,USD,2004-07-29,2004-07-29 17:25:12,Q4,232197000,252187000.0,-19990000.0,-0.08609069023286262,0.0,43268000.0,0.0,0.0,49156000.0,301343000.0,5229000.0,6522000.0,-62624000.0,-0.269702020267273,-69146000.0,-0.2977902384613066,237000.0,-74287000.0,-0.31993092072679663,-14561000.0,-59726000.0,-0.2572212388618285,-1.2359745876704675,-1.2359745876704675,48323000,48323000,https://www.sec.gov/Archives/edgar/data/15615/000095014404007457/g90004e10vk.htm,https://www.sec.gov/Archives/edgar/data/15615/000095014404007457/g90004e10vk.htm,1620595403,17:23:23,20210509
70,2003-09-30,MTZ,USD,2003-11-14,2003-11-14 15:25:15,Q3,248373000,212922000.0,35451000.0,0.14273290575062506,0.0,14663000.0,0.0,0.0,21545000.0,234467000.0,5035000.0,6684000.0,20590000.0,0.08289951001115257,13906000.0,0.055988372327104796,1623000.0,10662000.0,0.042927371332632774,4412000.0,6250000.0,0.025163765787746654,0.12993222735021412,0.12776221917864225,48102000,48919000,https://www.sec.gov/Archives/edgar/data/15615/000001561503000050/form10q-q303.htm,https://www.sec.gov/Archives/edgar/data/15615/000001561503000050/form10q-q303.htm,1620595403,17:23:23,20210509
71,2003-06-30,MTZ,USD,2003-08-14,2003-08-14 16:15:18,Q2,209108000,175267000.0,33841000.0,0.1618350326147254,0.0,15912000.0,0.0,0.0,23424000.0,198691000.0,0.0,7380000.0,17797000.0,0.0851091302102263,10417000.0,0.04981636283642902,-598000.0,4631000.0,0.022146450637947856,1968000.0,2765000.0,0.013222832220670657,0.05756818655007287,0.05734729855853987,48030000,48215000,https://www.sec.gov/Archives/edgar/data/15615/000001561503000038/form10q-q203.htm,https://www.sec.gov/Archives/edgar/data/15615/000001561503000038/form10q-q203.htm,1620595403,17:23:23,20210509
72,2003-03-31,MTZ,USD,2003-03-31,2003-03-31,Q1,180569000,152785000.0,27784000.0,0.15386915805038517,0.0,17909000.0,0.0,0.0,30468000.0,183253000.0,0.0,8350000.0,5666000.0,0.03137858657909165,-2684000.0,-0.01486412396369255,480000.0,-1588000.0,-0.008794422076879199,-1060000.0,-1588000.0,-0.008794422076879199,-0.03,-0.03,48018000,48018000,,,1620595403,17:23:23,20210509
73,2002-12-31,MTZ,USD,2003-04-09,2003-04-09,Q4,189474000,200970000.0,-11496000.0,-0.06067323221127965,0.0,56854000.0,0.0,0.0,66134000.0,267104000.0,4824000.0,8781000.0,-68849000.0,-0.36336911660702786,-77630000.0,-0.4097132060335455,-95037000.0,-177347000.0,-0.9359964955613963,-68953000.0,-108531000.0,-0.5728015453307578,-2.260214919405223,-2.260214919405223,48018000,48018000,https://www.sec.gov/Archives/edgar/data/15615/000001561503000009/0000015615-03-000009-index.htm,https://www.sec.gov/Archives/edgar/data/15615/000001561503000009/k2002final.txt,1620595403,17:23:23,20210509
74,2002-09-30,MTZ,USD,2002-11-14 00:00:00,2002-11-14 15:22:27,Q3,231758000,196604000.0,35154000.0,0.151684084260306,0.0,19196000.0,0.0,0.0,27409000.0,224013000.0,4777000.0,8085000.0,15830000.0,0.068304006765678,7745000.0,0.03341847962098396,484000.0,3716000.0,0.016033966465019547,1357000.0,2363000.0,0.010195980289785035,0.049305178817343406,0.049265089127488795,47926000,47965000,https://www.sec.gov/Archives/edgar/data/15615/000001561502000012/0000015615-02-000012-index.html,https://www.sec.gov/Archives/edgar/data/15615/000001561502000012/q3-2002.txt,1620595403,17:23:23,20210509
75,2002-06-30,MTZ,USD,2002-08-14 00:00:00,2002-08-14 18:25:54,Q2,213041000,183018000.0,30023000.0,0.14092592505667922,0.0,19266000.0,0.0,0.0,27741000.0,210759000.0,4589000.0,8347000.0,10629000.0,0.049891804863852494,2282000.0,0.010711553175210406,4988000.0,2930000.0,0.013753221210940617,1197000.0,1798000.0,0.008439690012720557,0.037525566640230414,0.03728511291292537,47914000,48223000,https://www.sec.gov/Archives/edgar/data/15615/000001561502000010/0000015615-02-000010-index.html,https://www.sec.gov/Archives/edgar/data/15615/000001561502000010/q2-2002.txt,1620595403,17:23:23,20210509
76,2002-03-31,MTZ,USD,2002-05-15 00:00:00,2002-05-15 17:23:00,Q1,203782000,164586000.0,39196000.0,0.19234279769557663,0.0,22079000.0,0.0,0.0,63632000.0,228218000.0,5047000.0,9850000.0,-14586000.0,-0.07157648860056334,-24436000.0,-0.11991245546711682,-274000.0,2213000.0,0.010859644129510949,926000.0,-24436000.0,-0.11991245546711682,-0.5100609501544627,-0.5085112581678944,47908000,48054000,https://www.sec.gov/Archives/edgar/data/15615/000001561502000006/0000015615-02-000006-index.html,https://www.sec.gov/Archives/edgar/data/15615/000001561502000006/q1-2002.txt,1620595403,17:23:23,20210509
77,2001-12-31,MTZ,USD,2002-03-28 00:00:00,2002-03-28 00:00:00,Q4,252905000,202696000.0,50209000.0,0.1985290919515233,0.0,63540000.0,0.0,0.0,78888000.0,281584000.0,5215000.0,12563000.0,-16116000.0,-0.06372353255174867,-28679000.0,-0.11339831161898736,1211000.0,-32551000.0,-0.12870840829560506,-14072000.0,-18247000.0,-0.07214962139933967,-0.38087584537029306,-0.38087584537029306,47908000,47908000,https://www.sec.gov/Archives/edgar/data/15615/000001561502000002/0000015615-02-000002-index.html,https://www.sec.gov/Archives/edgar/data/15615/000001561502000002/form10k2001.txt,1620595403,17:23:23,20210509
78,2001-09-30,MTZ,USD,2001-11-09 00:00:00,2001-11-09 00:00:00,Q3,302243000,247394000.0,54849000.0,0.1814731854832039,0.0,142422000.0,0.0,0.0,157061000.0,404455000.0,5346000.0,12262000.0,-89950000.0,-0.2976082159057447,-102212000.0,-0.3381782208355528,-10223000.0,-117211000.0,-0.3878038531909755,-41970000.0,-75241000.0,-0.2489420764087175,-1.57,-1.57,47787000,47787000,https://www.sec.gov/Archives/edgar/data/15615/000001561501500011/0000015615-01-500011-index.html,https://www.sec.gov/Archives/edgar/data/15615/000001561501500011/q103rd2001.txt,1620595403,17:23:23,20210509
79,2001-06-30,MTZ,USD,2001-08-14 00:00:00,2001-08-14 00:00:00,Q2,330220000,272750000.0,57470000.0,0.17403549149052147,0.0,36164000.0,0.0,0.0,52499000.0,325249000.0,5152000.0,13564000.0,18535000.0,0.056129247168554296,4971000.0,0.015053600629883108,-6047000.0,-3458000.0,-0.01047180667433832,-1290000.0,-2162000.0,-0.00654715038459209,-0.05,-0.05,47763000,47763000,https://www.sec.gov/Archives/edgar/data/15615/000001561501500010/0000015615-01-500010-index.html,https://www.sec.gov/Archives/edgar/data/15615/000001561501500010/q1020012nd.txt,1620595403,17:23:23,20210509
80,2001-03-31,MTZ,USD,2001-05-15 00:00:00,2001-05-15 00:00:00,Q1,337212000,265358000.0,71854000.0,0.21308257120149934,0.0,47914000.0,0.0,0.0,64108000.0,329466000.0,4712000.0,13318000.0,21064000.0,0.062465155451170186,7746000.0,0.02297071278602185,441000.0,5908000.0,0.017520135700983357,2474000.0,3297000.0,0.00977723212697057,0.06910211267605634,0.06727610341379803,47712000,49007000,https://www.sec.gov/Archives/edgar/data/15615/000001561501500004/0000015615-01-500004-index.html,https://www.sec.gov/Archives/edgar/data/15615/000001561501500004/q102001-1st.txt,1620595403,17:23:23,20210509
81,2000-12-31,MTZ,USD,2001-03-26 00:00:00,2001-03-26 00:00:00,Q4,377626000,290665000.0,86961000.0,0.23028340209625398,0.0,27645000.0,0.0,0.0,42290000.0,332955000.0,3908000.0,14645000.0,59316000.0,0.15707604878901346,44671000.0,0.11829429117698463,-29292000.0,12236000.0,0.03240242991743153,4997000.0,7239000.0,0.019169760556741328,0.1517228370221328,0.1517228370221328,47712000,47712000,https://www.sec.gov/Archives/edgar/data/15615/000001561501000001/0000015615-01-000001-index.html,https://www.sec.gov/Archives/edgar/data/15615/000001561501000001/0000015615-01-000001-0001.txt,1620595403,17:23:23,20210509
82,2000-09-30,MTZ,USD,2000-11-14 00:00:00,2000-11-14 00:00:00,Q3,382279000,293351000.0,88928000.0,0.23262590934893101,0.0,25834000.0,0.0,0.0,41807000.0,335158000.0,4516000.0,15973000.0,63094000.0,0.1650469944726234,47121000.0,0.12326337570203962,-1717000.0,42470000.0,0.11109686904067448,17382000.0,25088000.0,0.06562746057199062,0.53,0.51,47300000,48999000,https://www.sec.gov/Archives/edgar/data/15615/000001561500000006/0000015615-00-000006-index.html,https://www.sec.gov/Archives/edgar/data/15615/000001561500000006/0000015615-00-000006-0001.txt,1620595403,17:23:23,20210509
83,2000-06-30,MTZ,USD,2000-08-07 00:00:00,2000-08-07 00:00:00,Q2,297697000,224933000.0,72764000.0,0.2444230207224124,0.0,21930000.0,0.0,0.0,37788000.0,262721000.0,0.0,15858000.0,50834000.0,0.17075751519162102,34976000.0,0.11748858738919102,4873000.0,36462000.0,0.12248023997554561,15120000.0,21342000.0,0.07169034286539669,0.46,0.44,46823000,49055000,https://www.sec.gov/Archives/edgar/data/15615/000001561500000005/0000015615-00-000005-index.html,https://www.sec.gov/Archives/edgar/data/15615/000001561500000005/0000015615-00-000005-0001.txt,1620595403,17:23:23,20210509
84,2000-03-31,MTZ,USD,2000-05-02 00:00:00,2000-05-02 00:00:00,Q1,272694000,208929000.0,63765000.0,0.2338335276903782,0.0,23112000.0,0.0,0.0,40091000.0,249020000.0,5556000.0,16979000.0,40653000.0,0.14907918766089462,23674000.0,0.0868152581281583,380000.0,19856000.0,0.0728142166677668,8379000.0,11477000.0,0.042087468004429876,0.26,0.253333,43804500,45852000,https://www.sec.gov/Archives/edgar/data/15615/000001561500000003/0000015615-00-000003-index.html,https://www.sec.gov/Archives/edgar/data/15615/0000015615-00-000003.txt,1620595403,17:23:23,20210509
85,1999-12-31,MTZ,USD,1999-12-31,1999-12-31,Q4,312400000,235700000.0,76700000.0,0.24551856594110116,0.0,27400000.0,0.0,0.0,42900000.0,278600000.0,0.0,15500000.0,49300000.0,0.15781049935979513,33800000.0,0.10819462227912932,-10000000.0,18900000.0,0.06049935979513444,7900000.0,11000000.0,0.035211267605633804,0.2511157529477565,0.2511157529477565,43804500,43804500,,,1620595403,17:23:23,20210509
86,1999-09-30,MTZ,USD,1999-11-01 00:00:00,1999-11-01 00:00:00,Q3,301100000,227800000.0,73300000.0,0.24344071736964465,0.0,24600000.0,0.0,0.0,38600000.0,266400000.0,7300000.0,14100000.0,48800000.0,0.16207240119561608,34700000.0,0.11524410494852208,-400000.0,29500000.0,0.0979740949850548,12400000.0,17100000.0,0.05679176353370973,0.41,0.4,41707317,42750000,https://www.sec.gov/Archives/edgar/data/15615/000095017099001592/0000950170-99-001592-index.html,https://www.sec.gov/Archives/edgar/data/15615/0000950170-99-001592.txt,1620595403,17:23:23,20210509
87,1999-06-30,MTZ,USD,1999-08-16 00:00:00,1999-08-16 00:00:00,Q2,238700000,178300000.0,60400000.0,0.2530372852953498,0.0,20500000.0,0.0,0.0,34400000.0,212700000.0,0.0,13900000.0,39900000.0,0.16715542521994134,26000000.0,0.10892333472978634,200000.0,21500000.0,0.09007121910347717,9300000.0,12200000.0,0.051110180142438205,0.29,0.29,42068966,42068966,https://www.sec.gov/Archives/edgar/data/15615/000001561599000011/0000015615-99-000011-index.html,https://www.sec.gov/Archives/edgar/data/15615/0000015615-99-000011.txt,1620595403,17:23:23,20210509
88,1999-03-31,MTZ,USD,1999-04-01 00:00:00,1999-04-01 00:00:00,Q1,206800000,162100000.0,44700000.0,0.21615087040618955,0.0,19400000.0,0.0,0.0,32000000.0,194100000.0,6200000.0,12600000.0,25300000.0,0.12234042553191489,12700000.0,0.06141199226305609,2200000.0,8100000.0,0.03916827852998066,3700000.0,4400000.0,0.02127659574468085,0.11,0.11,40000000,40000000,https://www.sec.gov/Archives/edgar/data/15615/000001561599000005/0000015615-99-000005-index.html,https://www.sec.gov/Archives/edgar/data/15615/0000015615-99-000005.txt,1620595403,17:23:23,20210509
89,1998-12-31,MTZ,USD,1999-04-01 00:00:00,1999-04-01 00:00:00,Q4,328100000,245400000.0,82700000.0,0.2520572996037793,0.0,74900000.0,0.0,0.0,87200000.0,332600000.0,9700000.0,12300000.0,7800000.0,0.023773239865894545,-4500000.0,-0.013715330691862237,-4300000.0,-21800000.0,-0.0664431575739104,2800000.0,-24600000.0,-0.07497714111551357,-0.615,-0.615,40000000,40000000,https://www.sec.gov/Archives/edgar/data/15615/000001561599000005/0000015615-99-000005-index.html,https://www.sec.gov/Archives/edgar/data/15615/0000015615-99-000005.txt,1620595403,17:23:23,20210509
90,1998-09-30,MTZ,USD,1998-11-16 00:00:00,1998-11-16 00:00:00,Q3,288600000,218500000.0,70100000.0,0.2428967428967429,0.0,32000000.0,0.0,0.0,43800000.0,262300000.0,7800000.0,11800000.0,38100000.0,0.13201663201663202,26300000.0,0.09112959112959113,4500000.0,22400000.0,0.07761607761607761,9000000.0,13400000.0,0.04643104643104643,0.33,0.32,40606061,41875000,https://www.sec.gov/Archives/edgar/data/15615/000001561598000021/0000015615-98-000021-index.html,https://www.sec.gov/Archives/edgar/data/15615/0000015615-98-000021.txt,1620595403,17:23:23,20210509
91,1998-06-30,MTZ,USD,1998-08-14 00:00:00,1998-08-14 00:00:00,Q2,246100000,186200000.0,59900000.0,0.24339699309223892,0.0,28900000.0,0.0,0.0,39800000.0,226000000.0,0.0,11300000.0,31400000.0,0.1275904104022755,20100000.0,0.08167411621292157,3400000.0,15500000.0,0.06298252742787484,6100000.0,9400000.0,0.03819585534335636,0.23,0.22,40869565,42727273,https://www.sec.gov/Archives/edgar/data/15615/000001561598000019/0000015615-98-000019-index.html,https://www.sec.gov/Archives/edgar/data/15615/0000015615-98-000019.txt,1620595403,17:23:23,20210509
92,1998-03-31,MTZ,USD,1998-05-15 00:00:00,1998-05-15 00:00:00,Q1,186100000,153000000.0,33100000.0,0.17786136485760343,0.0,38500000.0,0.0,0.0,46400000.0,199400000.0,0.0,7900000.0,-5400000.0,-0.029016657710908115,-13300000.0,-0.07146695325094035,2100000.0,-17000000.0,-0.09134873723804406,-5200000.0,-11800000.0,-0.06340677055346589,-0.29,-0.29,40689655,40689655,https://www.sec.gov/Archives/edgar/data/15615/000001561598000014/0000015615-98-000014-index.html,https://www.sec.gov/Archives/edgar/data/15615/0000015615-98-000014.txt,1620595403,17:23:23,20210509
93,1997-12-31,MTZ,USD,1998-03-31 00:00:00,1998-03-31 00:00:00,Q4,203300000,158300000.0,45000000.0,0.22134776192818495,0.0,27900000.0,0.0,0.0,37000000.0,195300000.0,0.0,9100000.0,17100000.0,0.08411214953271028,8000000.0,0.039350713231677326,7600000.0,10600000.0,0.05213969503197245,4300000.0,6300000.0,0.030988686669945892,0.15483050913063776,0.15483050913063776,40689655,40689655,https://www.sec.gov/Archives/edgar/data/15615/000001561598000011/0000015615-98-000011-index.html,https://www.sec.gov/Archives/edgar/data/15615/0000015615-98-000011.txt,1620595403,17:23:23,20210509
94,1997-09-30,MTZ,USD,1997-11-14 00:00:00,1997-11-14 00:00:00,Q3,201100000,151000000.0,50100000.0,0.24912978617603182,0.0,22100000.0,0.0,0.0,27800000.0,178800000.0,0.0,6700000.0,29000000.0,0.14420686225758328,22300000.0,0.11089010442565887,2100000.0,20000000.0,0.09945300845350571,6200000.0,13800000.0,0.06862257583291895,0.29,0.29,47586207,47586207,https://www.sec.gov/Archives/edgar/data/15615/000001561597000025/0000015615-97-000025-index.html,https://www.sec.gov/Archives/edgar/data/15615/0000015615-97-000025.txt,1620595403,17:23:23,20210509
95,1997-06-30,MTZ,USD,1997-08-14 00:00:00,1997-08-14 00:00:00,Q2,141500000,101800000.0,39700000.0,0.280565371024735,0.0,17600000.0,0.0,0.0,22100000.0,123900000.0,2600000.0,4500000.0,22100000.0,0.15618374558303888,17600000.0,0.12438162544169612,1300000.0,16300000.0,0.11519434628975266,5600000.0,10800000.0,0.07632508833922262,0.29,0.29,37241379,37241379,https://www.sec.gov/Archives/edgar/data/15615/000001561597000019/0000015615-97-000019-index.html,https://www.sec.gov/Archives/edgar/data/15615/0000015615-97-000019.txt,1620595403,17:23:23,20210509
96,1997-03-31,MTZ,USD,1997-05-12 00:00:00,1997-05-12 00:00:00,Q1,130100000,93200000.0,36900000.0,0.2836279784780938,0.0,17600000.0,0.0,0.0,21400000.0,114600000.0,2900000.0,3800000.0,19300000.0,0.14834742505764797,15500000.0,0.1191391237509608,1700000.0,14300000.0,0.10991544965411222,5000000.0,9200000.0,0.07071483474250577,0.23,0.23,40000000,40000000,https://www.sec.gov/Archives/edgar/data/15615/000001561597000006/0000015615-97-000006-index.html,https://www.sec.gov/Archives/edgar/data/15615/0000015615-97-000006.txt,1620595403,17:23:23,20210509
97,1996-12-31,MTZ,USD,1997-03-26 00:00:00,1997-03-26 00:00:00,Q4,159200000,120100000.0,39100000.0,0.24560301507537688,0.0,19400000.0,0.0,0.0,22400000.0,142500000.0,3000000.0,3000000.0,19700000.0,0.12374371859296482,16700000.0,0.10489949748743718,1600000.0,15600000.0,0.09798994974874371,4800000.0,10400000.0,0.06532663316582915,0.26,0.26,40000000,40000000,https://www.sec.gov/Archives/edgar/data/15615/000001561597000001/0000015615-97-000001-index.html,https://www.sec.gov/Archives/edgar/data/15615/0000015615-97-000001.txt,1620595403,17:23:23,20210509
98,1996-09-30,MTZ,USD,1996-11-13 00:00:00,1996-11-13 00:00:00,Q3,142400000,103300000.0,39100000.0,0.27457865168539325,0.0,20000000.0,0.0,0.0,23700000.0,127000000.0,3200000.0,3700000.0,19100000.0,0.13412921348314608,15400000.0,0.10814606741573034,2100000.0,14200000.0,0.0997191011235955,4800000.0,9600000.0,0.06741573033707865,0.28,0.28,34285714,34285714,https://www.sec.gov/Archives/edgar/data/15615/000001561596000015/0000015615-96-000015-index.html,https://www.sec.gov/Archives/edgar/data/15615/0000015615-96-000015.txt,1620595403,17:23:23,20210509
99,1996-06-30,MTZ,USD,1996-08-14 00:00:00,1996-08-14 00:00:00,Q2,108600000,81600000.0,27000000.0,0.24861878453038674,0.0,12600000.0,0.0,0.0,15600000.0,97200000.0,3400000.0,3000000.0,14400000.0,0.13259668508287292,11400000.0,0.10497237569060773,2400000.0,10200000.0,0.09392265193370165,3800000.0,6400000.0,0.058931860036832415,0.15,0.15,42666667,42666667,https://www.sec.gov/Archives/edgar/data/15615/000001561596000014/0000015615-96-000014-index.html,https://www.sec.gov/Archives/edgar/data/15615/0000015615-96-000014.txt,1620595403,17:23:23,20210509
100,1996-03-31,MTZ,USD,1996-05-15 00:00:00,1996-05-15 00:00:00,Q1,62500000,47300000.0,15200000.0,0.2432,0.0,6500000.0,0.0,0.0,8800000.0,56100000.0,1700000.0,2300000.0,8700000.0,0.1392,6400000.0,0.1024,1200000.0,6000000.0,0.096,2300000.0,3700000.0,0.0592,0.09,0.09,41111111,41111111,https://www.sec.gov/Archives/edgar/data/15615/000001561596000006/0000015615-96-000006-index.html,https://www.sec.gov/Archives/edgar/data/15615/0000015615-96-000006.txt,1620595403,17:23:23,20210509
101,1995-12-31,MTZ,USD,1996-03-29 00:00:00,1996-03-29 00:00:00,Q4,54200000,41600000.0,12600000.0,0.23247232472324722,0.0,6900000.0,0.0,0.0,9000000.0,50600000.0,1600000.0,2100000.0,5700000.0,0.10516605166051661,3600000.0,0.06642066420664207,-6200000.0,-4100000.0,-0.07564575645756458,-1500000.0,-3600000.0,-0.06642066420664207,-0.08756756780423668,-0.08756756780423668,41111111,41111111,https://www.sec.gov/Archives/edgar/data/15615/000001561596000001/0000015615-96-000001-index.html,https://www.sec.gov/Archives/edgar/data/15615/0000015615-96-000001.txt,1620595403,17:23:23,20210509
102,1995-09-30,MTZ,USD,1995-11-14 00:00:00,1995-11-14 00:00:00,Q3,46600000,36300000.0,10300000.0,0.22103004291845493,0.0,4800000.0,0.0,0.0,6700000.0,43000000.0,1100000.0,1400000.0,5000000.0,0.1072961373390558,3600000.0,0.07725321888412018,-14500000.0,-11800000.0,-0.2532188841201717,-4400000.0,-5800000.0,-0.12446351931330472,-0.16,-0.16,36250000,36250000,https://www.sec.gov/Archives/edgar/data/15615/000001561595000015/0000015615-95-000015-index.html,https://www.sec.gov/Archives/edgar/data/15615/0000015615-95-000015.txt,1620595403,17:23:23,20210509
103,1995-06-30,MTZ,USD,1995-08-14 00:00:00,1995-08-14 00:00:00,Q2,46500000,33400000.0,13100000.0,0.2817204301075269,0.0,4800000.0,0.0,0.0,6600000.0,40000000.0,1100000.0,1800000.0,8300000.0,0.17849462365591398,6500000.0,0.13978494623655913,2100000.0,7500000.0,0.16129032258064516,2800000.0,4700000.0,0.1010752688172043,0.13,0.13,36153846,36153846,https://www.sec.gov/Archives/edgar/data/15615/000001561595000013/0000015615-95-000013-index.html,https://www.sec.gov/Archives/edgar/data/15615/0000015615-95-000013.txt,1620595403,17:23:23,20210509
104,1995-03-31,MTZ,USD,1995-05-12 00:00:00,1995-05-12 00:00:00,Q1,43600000,32000000.0,11600000.0,0.26605504587155965,0.0,5000000.0,0.0,0.0,6600000.0,38600000.0,1200000.0,1600000.0,6600000.0,0.15137614678899083,5000000.0,0.11467889908256881,2900000.0,6600000.0,0.15137614678899083,2400000.0,4200000.0,0.0963302752293578,0.11,0.11,38181818,38181818,https://www.sec.gov/Archives/edgar/data/15615/000001561595000007/0000015615-95-000007-index.html,https://www.sec.gov/Archives/edgar/data/15615/0000015615-95-000007.txt,1620595403,17:23:23,20210509
105,1994-12-31,MTZ,USD,1995-03-29 00:00:00,1995-03-29 00:00:00,Q4,41600000,32200000.0,9400000.0,0.22596153846153846,0.0,5200000.0,0.0,0.0,6600000.0,38800000.0,1200000.0,1400000.0,4200000.0,0.10096153846153846,2800000.0,0.0673076923076923,900000.0,2700000.0,0.06490384615384616,1000000.0,1700000.0,0.040865384615384616,0.04452380973582767,0.04452380973582767,38181818,38181818,https://www.sec.gov/Archives/edgar/data/15615/000001561595000004/0000015615-95-000004-index.html,https://www.sec.gov/Archives/edgar/data/15615/0000015615-95-000004.txt,1620595403,17:23:23,20210509
106,1994-09-30,MTZ,USD,1994-11-14 00:00:00,1994-11-14 00:00:00,Q3,45800000,34400000.0,11400000.0,0.24890829694323144,0.0,5000000.0,0.0,0.0,6900000.0,41300000.0,1200000.0,1800000.0,6300000.0,0.13755458515283842,4500000.0,0.0982532751091703,900000.0,4100000.0,0.08951965065502183,1500000.0,2600000.0,0.056768558951965066,0.07,0.07,37142857,37142857,https://www.sec.gov/Archives/edgar/data/15615/000001561594000018/0000015615-94-000018-index.html,https://www.sec.gov/Archives/edgar/data/15615/0000015615-94-000018.txt,1620595403,17:23:23,20210509
107,1994-06-30,MTZ,USD,1994-08-08 00:00:00,1994-08-08 00:00:00,Q2,36600000,28000000.0,8600000.0,0.23497267759562843,0.0,4200000.0,0.0,0.0,5900000.0,33900000.0,1000000.0,1700000.0,4400000.0,0.12021857923497267,2700000.0,0.07377049180327869,700000.0,2400000.0,0.06557377049180328,800000.0,1600000.0,0.04371584699453552,0.05,0.05,32000000,32000000,https://www.sec.gov/Archives/edgar/data/15615/000001561594000013/0000015615-94-000013-index.html,https://www.sec.gov/Archives/edgar/data/15615/0000015615-94-000013.txt,1620595403,17:23:23,20210509
108,1994-03-31,MTZ,USD,1994-05-13 00:00:00,1994-05-13 00:00:00,Q1,17200000,0.0,0.0,0.0,0.0,0.0,0.0,0.0,0.0,0.0,0.0,600000.0,17800000.0,1.0348837209302326,17200000.0,1.0,0.0,0.0,0.0,0.0,1600000.0,0.09302325581395349,0.05,0.05,32000000,32000000,https://www.sec.gov/Archives/edgar/data/15615/000001561594000009/0000015615-94-000009-index.html,https://www.sec.gov/Archives/edgar/data/15615/0000015615-94-000009.txt,1620595403,17:23:23,20210509
109,1993-10-31,MTZ,USD,1993-10-31,1993-10-31,Q3,34600000,0.0,0.0,0.0,0.0,0.0,0.0,0.0,0.0,0.0,0.0,0.0,34600000.0,1.0,34600000.0,1.0,0.0,0.0,0.0,0.0,-1000000.0,-0.028901734104046242,-0.05,-0.05,20000000,20000000,,,1620595403,17:23:23,20210509
110,1993-07-31,MTZ,USD,1994-01-20,1994-01-20,Q2,37400000,32200000.0,5200000.0,0.13903743315508021,0.0,0.0,0.0,0.0,5100000.0,37300000.0,1100000.0,1300000.0,1400000.0,0.0374331550802139,100000.0,0.00267379679144385,3700000.0,2800000.0,0.0748663101604278,900000.0,1900000.0,0.05080213903743316,0.1,0.1,19000000,19000000,https://www.sec.gov/Archives/edgar/data/15615/0000015615-94-000002-index.html,https://www.sec.gov/Archives/edgar/data/15615/,1620595403,17:23:23,20210509
111,1993-04-30,MTZ,USD,1994-02-08,1994-02-08,Q1,34400000,34600000.0,-200000.0,-0.005813953488372093,0.0,0.0,0.0,0.0,8000000.0,42600000.0,1100000.0,1500000.0,-6700000.0,-0.19476744186046513,-8200000.0,-0.23837209302325582,-1200000.0,-10600000.0,-0.3081395348837209,-3000000.0,-7600000.0,-0.22093023255813954,-0.4,-0.4,19000000,19000000,https://www.sec.gov/Archives/edgar/data/15615/0000015615-94-000005-index.html,https://www.sec.gov/Archives/edgar/data/15615/,1620595403,17:23:23,20210509
112,1992-10-31,MTZ,USD,1992-10-31,1992-10-31,Q3,36000000,30100000.0,5900000.0,0.1638888888888889,0.0,0.0,0.0,0.0,6000000.0,36100000.0,1200000.0,1600000.0,1500000.0,0.041666666666666664,-100000.0,-0.002777777777777778,1700000.0,400000.0,0.011111111111111112,100000.0,300000.0,0.008333333333333333,0.01,0.01,20000000,20000000,,,1620595403,17:23:23,20210509
113,1992-07-31,MTZ,USD,1992-07-31,1992-07-31,Q2,37800000,32000000.0,5800000.0,0.15343915343915343,0.0,0.0,0.0,0.0,5400000.0,37400000.0,0.0,1600000.0,2000000.0,0.05291005291005291,400000.0,0.010582010582010581,1100000.0,300000.0,0.007936507936507936,100000.0,200000.0,0.005291005291005291,0.01,0.01,20000000,20000000,,,1620595403,17:23:23,20210509
114,1992-04-30,MTZ,USD,1992-04-30,1992-04-30,Q1,37400000,0.0,0.0,0.0,0.0,0.0,0.0,0.0,0.0,0.0,0.0,0.0,-119700000.0,-3.200534759358289,-119700000.0,-3.200534759358289,0.0,0.0,0.0,0.0,0.0,0.0,0.0,0.0,20000000,20000000,,,1620595403,17:23:23,20210509
115,1991-10-31,MTZ,USD,1991-10-31,1991-10-31,Q3,43100000,37200000.0,5900000.0,0.1368909512761021,0.0,0.0,0.0,0.0,5600000.0,42800000.0,1200000.0,1700000.0,2000000.0,0.04640371229698376,300000.0,0.0069605568445475635,2100000.0,1200000.0,0.027842227378190254,500000.0,700000.0,0.016241299303944315,0.03,0.03,23333333,23333333,,,1620595403,17:23:23,20210509
116,1991-07-31,MTZ,USD,1991-07-31,1991-07-31,Q2,38400000,32800000.0,5600000.0,0.14583333333333334,0.0,0.0,0.0,0.0,5500000.0,38300000.0,1300000.0,1700000.0,1800000.0,0.046875,100000.0,0.0026041666666666665,1300000.0,0.0,0.0,0.0,0.0,0.0,0.01,0.01,19707646,19707646,,,1620595403,17:23:23,20210509
117,1991-04-30,MTZ,USD,1991-04-30,1991-04-30,Q1,39100000,0.0,0.0,0.0,0.0,0.0,0.0,0.0,0.0,0.0,0.0,0.0,-135100000.0,-3.455242966751918,-135100000.0,-3.455242966751918,0.0,0.0,0.0,0.0,0.0,0.0,0.0,0.0,19707646,19707646,,,1620595403,17:23:23,20210509
118,1990-10-31,MTZ,USD,1990-10-31,1990-10-31,Q3,47700000,0.0,0.0,0.0,0.0,0.0,0.0,0.0,0.0,0.0,0.0,0.0,47700000.0,1.0,47700000.0,1.0,0.0,0.0,0.0,0.0,0.0,0.0,0.09,0.09,28319340,28319340,,,1620595403,17:23:23,20210509
119,1990-07-31,MTZ,USD,1990-07-31,1990-07-31,Q2,48400000,0.0,0.0,0.0,0.0,0.0,0.0,0.0,0.0,0.0,0.0,0.0,48400000.0,1.0,48400000.0,1.0,0.0,0.0,0.0,0.0,0.0,0.0,0.1,0.1,28319340,28319340,,,1620595403,17:23:23,20210509
120,1990-04-30,MTZ,USD,1990-04-30,1990-04-30,Q1,52500000,0.0,0.0,0.0,0.0,0.0,0.0,0.0,0.0,0.0,0.0,0.0,-139500000.0,-2.657142857142857,-139500000.0,-2.657142857142857,0.0,0.0,0.0,0.0,0.0,0.0,0.0,0.0,28319340,28319340,,,1620595403,17:23:23,20210509
121,1989-10-31,MTZ,USD,1989-10-31,1989-10-31,Q3,49600000,0.0,0.0,0.0,0.0,0.0,0.0,0.0,0.0,0.0,0.0,0.0,49600000.0,1.0,49600000.0,1.0,0.0,0.0,0.0,0.0,0.0,0.0,0.05,0.05,28317841,28317841,,,1620595403,17:23:23,20210509
122,1989-07-31,MTZ,USD,1989-07-31,1989-07-31,Q2,44200000,0.0,0.0,0.0,0.0,0.0,0.0,0.0,0.0,0.0,0.0,0.0,44200000.0,1.0,44200000.0,1.0,0.0,0.0,0.0,0.0,0.0,0.0,0.1,0.1,28317841,28317841,,,1620595403,17:23:23,20210509
123,1989-04-30,MTZ,USD,1989-04-30,1989-04-30,Q1,41300000,0.0,0.0,0.0,0.0,0.0,0.0,0.0,0.0,0.0,0.0,0.0,-133400000.0,-3.2300242130750605,-133400000.0,-3.2300242130750605,0.0,0.0,0.0,0.0,0.0,0.0,0.0,0.0,28317841,28317841,,,1620595403,17:23:23,20210509
124,1988-10-31,MTZ,USD,1988-10-31,1988-10-31,Q3,47100000,0.0,0.0,0.0,0.0,0.0,0.0,0.0,0.0,0.0,0.0,0.0,47100000.0,1.0,47100000.0,1.0,0.0,0.0,0.0,0.0,0.0,0.0,0.13,0.13,35881559,35881559,,,1620595403,17:23:23,20210509
125,1988-07-31,MTZ,USD,1988-07-31,1988-07-31,Q2,47500000,0.0,0.0,0.0,0.0,0.0,0.0,0.0,0.0,0.0,0.0,0.0,47500000.0,1.0,47500000.0,1.0,0.0,0.0,0.0,0.0,0.0,0.0,0.09,0.09,27647676,27647676,,,1620595403,17:23:23,20210509
126,1988-04-30,MTZ,USD,1988-04-30,1988-04-30,Q1,51300000,0.0,0.0,0.0,0.0,0.0,0.0,0.0,0.0,0.0,0.0,0.0,-155000000.0,-3.021442495126706,-155000000.0,-3.021442495126706,0.0,0.0,0.0,0.0,0.0,0.0,0.0,0.0,27647676,27647676,,,1620595403,17:23:23,20210509
127,1987-10-31,MTZ,USD,1987-10-31,1987-10-31,Q3,55000000,0.0,0.0,0.0,0.0,0.0,0.0,0.0,0.0,0.0,0.0,0.0,55000000.0,1.0,55000000.0,1.0,0.0,0.0,0.0,0.0,0.0,0.0,0.08,0.08,35877061,35877061,,,1620595403,17:23:23,20210509
128,1987-07-31,MTZ,USD,1987-07-31,1987-07-31,Q2,52000000,0.0,0.0,0.0,0.0,0.0,0.0,0.0,0.0,0.0,0.0,0.0,52000000.0,1.0,52000000.0,1.0,0.0,0.0,0.0,0.0,0.0,0.0,0.07,0.07,35877061,35877061,,,1620595403,17:23:23,20210509
129,1987-04-30,MTZ,USD,1987-04-30,1987-04-30,Q1,48400000,0.0,0.0,0.0,0.0,0.0,0.0,0.0,0.0,0.0,0.0,0.0,-156600000.0,-3.2355371900826446,-156600000.0,-3.2355371900826446,0.0,0.0,0.0,0.0,0.0,0.0,0.0,0.0,35877061,35877061,,,1620595403,17:23:23,20210509
130,1986-10-31,MTZ,USD,1986-10-31,1986-10-31,Q3,55600000,0.0,0.0,0.0,0.0,0.0,0.0,0.0,0.0,0.0,0.0,0.0,55600000.0,1.0,55600000.0,1.0,0.0,0.0,0.0,0.0,0.0,0.0,0.08,0.08,35877061,35877061,,,1620595403,17:23:23,20210509
131,1986-07-31,MTZ,USD,1986-07-31,1986-07-31,Q2,50500000,0.0,0.0,0.0,0.0,0.0,0.0,0.0,0.0,0.0,0.0,0.0,50500000.0,1.0,50500000.0,1.0,0.0,0.0,0.0,0.0,0.0,0.0,0.07,0.07,35877061,35877061,,,1620595403,17:23:23,20210509
132,1986-04-30,MTZ,USD,1986-04-30,1986-04-30,Q1,47100000,0.0,0.0,0.0,0.0,0.0,0.0,0.0,0.0,0.0,0.0,0.0,-143300000.0,-3.0424628450106157,-143300000.0,-3.0424628450106157,0.0,0.0,0.0,0.0,0.0,0.0,0.0,0.0,35877061,35877061,,,1620595403,17:23:23,20210509
133,1985-10-31,MTZ,USD,1985-10-31,1985-10-31,Q3,50000000,0.0,0.0,0.0,0.0,0.0,0.0,0.0,0.0,0.0,0.0,0.0,50000000.0,1.0,50000000.0,1.0,0.0,0.0,0.0,0.0,0.0,0.0,0.05,0.05,20142429,20142429,,,1620595403,17:23:23,20210509
