,date,symbol,reportedCurrency,fillingDate,acceptedDate,period,revenue,costOfRevenue,grossProfit,grossProfitRatio,researchAndDevelopmentExpenses,generalAndAdministrativeExpenses,sellingAndMarketingExpenses,otherExpenses,operatingExpenses,costAndExpenses,interestExpense,depreciationAndAmortization,ebitda,ebitdaratio,operatingIncome,operatingIncomeRatio,totalOtherIncomeExpensesNet,incomeBeforeTax,incomeBeforeTaxRatio,incomeTaxExpense,netIncome,netIncomeRatio,eps,epsdiluted,weightedAverageShsOut,weightedAverageShsOutDil,link,finalLink,timestamp,est_time,est_date
0,2020-12-31,EUCAR.PA,EUR,2020-12-31,2020-12-31,Q4,408979000,275881000,133098000,0.325439692502549,0.0,0.0,0.0,0.0,167345000,443226000,-37804000.0,-2681000.0,-36928000.0,-0.09029314463578815,-34247000.0,-0.7134253836994076,0.0,-291776000.0,-0.7134253836994076,57116000.0,-348779000.0,-0.8528041782096392,-2.2503505883740367,-2.2503505883740367,154988739,154988739,https://www.infogreffe.com/recherche-entreprise-dirigeants/resultats-entreprise-dirigeants.html?ga_cat=globale&ga_q=E.U.C.A.R#phrase=E.U.C.A.R,https://www.infogreffe.com/recherche-entreprise-dirigeants/resultats-entreprise-dirigeants.html?ga_cat=globale&ga_q=E.U.C.A.R#phrase=E.U.C.A.R,1620591827,16:23:47,20210509
1,2020-09-30,EUCAR.PA,EUR,2020-09-30,2020-09-30,Q3,537193000,335274000,201919000,0.3758779433090156,0.0,0.0,0.0,0.0,173466000,508740000,36685000.0,42396000.0,70849000.0,0.131887422211384,28453000.0,0.05296606619967125,0.0,-30417000.0,-0.05662210788301411,-20739000.0,-9678000.0,-0.018015871390729216,-0.062443,-0.062443,154988739,154988739,https://www.infogreffe.com/recherche-entreprise-dirigeants/resultats-entreprise-dirigeants.html?ga_cat=globale&ga_q=E.U.C.A.R#phrase=E.U.C.A.R,https://www.infogreffe.com/recherche-entreprise-dirigeants/resultats-entreprise-dirigeants.html?ga_cat=globale&ga_q=E.U.C.A.R#phrase=E.U.C.A.R,1620591827,16:23:47,20210509
2,2020-06-30,EUCAR.PA,EUR,2020-06-30,2020-06-30,Q2,257880000,268981000,-11101000,-0.04304715371490616,0.0,40880000.0,0.0,0.0,154525000,423506000,0.0,24120000.0,-141506000.0,-0.5487280905847681,-165626000.0,-0.6422599658756011,0.0,-228379000.0,-0.8856018303086707,-47163000.0,-181168000.0,-0.7025283077400342,-1.1689107297014656,-1.1689107297014656,154988739,154988739,https://www.infogreffe.com/recherche-entreprise-dirigeants/resultats-entreprise-dirigeants.html?ga_cat=globale&ga_q=E.U.C.A.R#phrase=E.U.C.A.R,https://www.infogreffe.com/recherche-entreprise-dirigeants/resultats-entreprise-dirigeants.html?ga_cat=globale&ga_q=E.U.C.A.R#phrase=E.U.C.A.R,1620591827,16:23:47,20210509
3,2020-03-31,EUCAR.PA,EUR,2020-03-31,2020-03-31,Q1,556894000,406096000,150798000,0.270784027121858,0.0,64547000.0,0.0,0.0,231935000,638031000,0.0,37142000.0,-43995000.0,-0.07900067158202459,-81137000.0,-0.1456955901841284,0.0,-135067000.0,-0.24253628159039242,-30068000.0,-104999000.0,-0.1885439598918286,-0.677754,-0.677754,154921999,154921999,https://www.infogreffe.com/recherche-entreprise-dirigeants/resultats-entreprise-dirigeants.html?ga_cat=globale&ga_q=E.U.C.A.R#phrase=E.U.C.A.R,https://www.infogreffe.com/recherche-entreprise-dirigeants/resultats-entreprise-dirigeants.html?ga_cat=globale&ga_q=E.U.C.A.R#phrase=E.U.C.A.R,1620591827,16:23:47,20210509
4,2019-12-31,EUCAR.PA,EUR,2019-12-31,2019-12-31,Q4,707696000,437751000,269945000,0.38144203160679163,0.0,67689000.0,0.0,0.0,238890000,676641000,-11270000.0,12947000.0,44002000.0,0.06217641473174922,31055000.0,0.043881836268680335,0.0,-17751000.0,-0.025082803915805658,12818000.0,-30347000.0,-0.042881406705704145,-0.1958013220560495,-0.1958013220560495,154988739,154988739,https://www.infogreffe.com/recherche-entreprise-dirigeants/resultats-entreprise-dirigeants.html?ga_cat=globale&ga_q=E.U.C.A.R#phrase=E.U.C.A.R,https://www.infogreffe.com/recherche-entreprise-dirigeants/resultats-entreprise-dirigeants.html?ga_cat=globale&ga_q=E.U.C.A.R#phrase=E.U.C.A.R,1620591827,16:23:47,20210509
5,2019-09-30,EUCAR.PA,EUR,2019-09-30,2019-09-30,Q3,1008234000,562119000,446115000,0.44247168812001975,0.0,52928000.0,0.0,0.0,220610000,782729000,92593000.0,50927000.0,276432000.0,0.27417444759847415,225505000.0,0.22366335592729467,0.0,171972000.0,0.17056754681948832,42845000.0,129046000.0,0.12799211294203527,0.8326153295562977,0.8326153295562977,154988739,154988739,https://www.infogreffe.com/recherche-entreprise-dirigeants/resultats-entreprise-dirigeants.html?ga_cat=globale&ga_q=E.U.C.A.R#phrase=E.U.C.A.R,https://www.infogreffe.com/recherche-entreprise-dirigeants/resultats-entreprise-dirigeants.html?ga_cat=globale&ga_q=E.U.C.A.R#phrase=E.U.C.A.R,1620591827,16:23:47,20210509
6,2019-06-30,EUCAR.PA,EUR,2019-06-30,2019-06-30,Q2,753382000,443688000,309694000,0.41107167413078627,0.0,61096000.0,0.0,0.0,234935000,678623000,0.0,25252000.0,100011000.0,0.13274938875630157,74759000.0,0.09923120010831159,0.0,-117000.0,-0.0001552997018776663,1215000.0,-1448000.0,-0.0019219997292210327,-0.009342614239864227,-0.009342614239864227,154988739,154988739,https://www.infogreffe.com/recherche-entreprise-dirigeants/resultats-entreprise-dirigeants.html?ga_cat=globale&ga_q=E.U.C.A.R#phrase=E.U.C.A.R,https://www.infogreffe.com/recherche-entreprise-dirigeants/resultats-entreprise-dirigeants.html?ga_cat=globale&ga_q=E.U.C.A.R#phrase=E.U.C.A.R,1620591827,16:23:47,20210509
7,2019-03-31,EUCAR.PA,EUR,2019-03-31,2019-03-31,Q1,553074000,368498000,184576000,0.3337274939700655,0.0,59158000.0,0.0,0.0,219157000,587655000,0.0,36621000.0,2040000.0,0.003688475683181636,-34581000.0,-0.06252508705887458,0.0,-91606000.0,-0.1656306389380083,-23993000.0,-67618000.0,-0.12225850428694894,-0.42,-0.42,160995238,160995238,https://www.infogreffe.com/recherche-entreprise-dirigeants/resultats-entreprise-dirigeants.html?ga_cat=globale&ga_q=E.U.C.A.R#phrase=E.U.C.A.R,https://www.infogreffe.com/recherche-entreprise-dirigeants/resultats-entreprise-dirigeants.html?ga_cat=globale&ga_q=E.U.C.A.R#phrase=E.U.C.A.R,1620591827,16:23:47,20210509
8,2018-12-31,EUCAR.PA,EUR,2018-12-31,2018-12-31,Q4,643612000,423273000,220339000,0.34234756343884204,0.0,69059000.0,0.0,0.0,204080000,627353000,0.0,-11255000.0,5004000.0,0.007774870574196876,16259000.0,0.025262114441620107,0.0,-33247000.0,-0.05165689887696314,-4465000.0,-28375000.0,-0.04408712081191774,-0.18307781702772613,-0.18307781702772613,154988739,154988739,https://www.infogreffe.com/recherche-entreprise-dirigeants/resultats-entreprise-dirigeants.html?ga_cat=globale&ga_q=E.U.C.A.R#phrase=E.U.C.A.R,https://www.infogreffe.com/recherche-entreprise-dirigeants/resultats-entreprise-dirigeants.html?ga_cat=globale&ga_q=E.U.C.A.R#phrase=E.U.C.A.R,1620591827,16:23:47,20210509
9,2018-09-30,EUCAR.PA,EUR,2018-09-30,2018-09-30,Q3,989056000,530963000,458093000,0.46316184321211334,0.0,73875000.0,0.0,0.0,209674000,740637000,0.0,21308000.0,269727000.0,0.2727115552607739,248419000.0,0.25116778018635955,0.0,198681000.0,0.2008794244208619,50455000.0,147747000.0,0.14938183480005177,0.9532757086306767,0.9532757086306767,154988739,154988739,https://www.infogreffe.com/recherche-entreprise-dirigeants/resultats-entreprise-dirigeants.html?ga_cat=globale&ga_q=E.U.C.A.R#phrase=E.U.C.A.R,https://www.infogreffe.com/recherche-entreprise-dirigeants/resultats-entreprise-dirigeants.html?ga_cat=globale&ga_q=E.U.C.A.R#phrase=E.U.C.A.R,1620591827,16:23:47,20210509
10,2018-06-30,EUCAR.PA,EUR,2018-06-30,2018-06-30,Q2,740223000,448130000,292093000,0.3946013566182083,0.0,74339000.0,0.0,62849000.0,214545000,662675000,-31358000.0,830000.0,78378000.0,0.10588430783696265,77548000.0,0.10476302411570568,0.0,24624000.0,0.03326565102678517,6963000.0,17612000.0,0.02379282999852747,0.11363406214950882,0.11363406214950882,154988739,154988739,https://www.infogreffe.com/recherche-entreprise-dirigeants/resultats-entreprise-dirigeants.html?ga_cat=globale&ga_q=E.U.C.A.R#phrase=E.U.C.A.R,https://www.infogreffe.com/recherche-entreprise-dirigeants/resultats-entreprise-dirigeants.html?ga_cat=globale&ga_q=E.U.C.A.R#phrase=E.U.C.A.R,1620591827,16:23:47,20210509
11,2018-03-31,EUCAR.PA,EUR,2018-03-31,2018-03-31,Q1,556398000,367524000,188874000,0.33945844521367796,0.0,77064000.0,0.0,1092000.0,209401000,576925000,38160000.0,9539000.0,-10988000.0,-0.019748453445195706,-20527000.0,-0.03689265597647727,0.0,2647000.0,0.004757385900021208,-985000.0,2513000.0,0.004516551101909065,0.016,0.016,157062500,157062500,https://www.infogreffe.com/recherche-entreprise-dirigeants/resultats-entreprise-dirigeants.html?ga_cat=globale&ga_q=E.U.C.A.R#phrase=E.U.C.A.R,https://www.infogreffe.com/recherche-entreprise-dirigeants/resultats-entreprise-dirigeants.html?ga_cat=globale&ga_q=E.U.C.A.R#phrase=E.U.C.A.R,1620591827,16:23:47,20210509
12,2017-12-31,EUCAR.PA,EUR,2017-12-31,2017-12-31,Q4,589903000,360766000,229137000,0.38843165740808233,0.0,69567000.0,0.0,86969000.0,184311000,545077000,0.0,-5732000.0,39094000.0,0.0662719125008688,44826000.0,0.07598876425446217,0.0,-25875000.0,-0.04386314360157517,-9160000.0,-16869000.0,-0.028596226837293588,-0.10884016547808677,-0.10884016547808677,154988739,154988739,https://www.infogreffe.com/recherche-entreprise-dirigeants/resultats-entreprise-dirigeants.html?ga_cat=globale&ga_q=E.U.C.A.R#phrase=E.U.C.A.R,https://www.infogreffe.com/recherche-entreprise-dirigeants/resultats-entreprise-dirigeants.html?ga_cat=globale&ga_q=E.U.C.A.R#phrase=E.U.C.A.R,1620591827,16:23:47,20210509
13,2017-09-30,EUCAR.PA,EUR,2017-09-30,2017-09-30,Q3,793982000,451244000,342738000,0.4316697355859453,0.0,59812000.0,0.0,-28343000.0,173845000,625089000,0.0,13534000.0,182427000.0,0.22976213566554404,168893000.0,0.21271640918811763,0.0,134666000.0,0.16960837903126266,27565000.0,104979000.0,0.13221836263290604,0.677333080308499,0.677333080308499,154988739,154988739,https://www.infogreffe.com/recherche-entreprise-dirigeants/resultats-entreprise-dirigeants.html?ga_cat=globale&ga_q=E.U.C.A.R#phrase=E.U.C.A.R,https://www.infogreffe.com/recherche-entreprise-dirigeants/resultats-entreprise-dirigeants.html?ga_cat=globale&ga_q=E.U.C.A.R#phrase=E.U.C.A.R,1620591827,16:23:47,20210509
14,2017-06-30,EUCAR.PA,EUR,2017-06-30,2017-06-30,Q2,588485000,352270000,236215000,0.40139510777674875,0.0,61936000.0,0.0,-49020000.0,170246000,522516000,0.0,2066000.0,68035000.0,0.11561042337527719,65969000.0,0.11209971367154643,0.0,-37851000.0,-0.06431939641622131,4971000.0,-45449000.0,-0.07723051564610822,-0.2932406592455727,-0.2932406592455727,154988739,154988739,https://www.infogreffe.com/recherche-entreprise-dirigeants/resultats-entreprise-dirigeants.html?ga_cat=globale&ga_q=E.U.C.A.R#phrase=E.U.C.A.R,https://www.infogreffe.com/recherche-entreprise-dirigeants/resultats-entreprise-dirigeants.html?ga_cat=globale&ga_q=E.U.C.A.R#phrase=E.U.C.A.R,1620591827,16:23:47,20210509
15,2017-03-31,EUCAR.PA,EUR,2017-03-31,2017-03-31,Q1,439291000,283038000,156253000,0.3556936062883146,0.0,58675000.0,0.0,-4670000.0,155807000,438845000,0.0,6595000.0,7041000.0,0.016028099824489918,446000.0,0.0010152723365605032,0.0,11629000.0,0.026472201797897065,-9966000.0,18609000.0,0.04236144150460629,0.129,0.129,144255814,144255814,https://www.infogreffe.com/recherche-entreprise-dirigeants/resultats-entreprise-dirigeants.html?ga_cat=globale&ga_q=E.U.C.A.R#phrase=E.U.C.A.R,https://www.infogreffe.com/recherche-entreprise-dirigeants/resultats-entreprise-dirigeants.html?ga_cat=globale&ga_q=E.U.C.A.R#phrase=E.U.C.A.R,1620591827,16:23:47,20210509
16,2016-12-31,EUCAR.PA,EUR,2016-12-31,2016-12-31,Q4,495658000,310998000,184660000,0.3725552699643706,0.0,49497000.0,0.0,-6759000.0,141119000,452117000,0.0,-6963000.0,36578000.0,0.07379685186156584,43541000.0,0.08784484463077363,0.0,-11413000.0,-0.02302595741418478,-38472000.0,20293000.0,0.04094153630123997,0.13093209307290382,0.13093209307290382,154988739,154988739,https://www.infogreffe.com/recherche-entreprise-dirigeants/resultats-entreprise-dirigeants.html?ga_cat=globale&ga_q=E.U.C.A.R#phrase=E.U.C.A.R,https://www.infogreffe.com/recherche-entreprise-dirigeants/resultats-entreprise-dirigeants.html?ga_cat=globale&ga_q=E.U.C.A.R#phrase=E.U.C.A.R,1620591827,16:23:47,20210509
17,2016-09-30,EUCAR.PA,EUR,2016-09-30,2016-09-30,Q3,707200000,393300000,313900000,0.4438631221719457,0.0,55300000.0,0.0,600000.0,145900000,539200000,0.0,6500000.0,174500000.0,0.2467477375565611,168000000.0,0.23755656108597284,0.0,136300000.0,0.1927319004524887,34100000.0,96300000.0,0.136170814479638,0.671542,0.671542,143401212,143401212,https://www.infogreffe.com/recherche-entreprise-dirigeants/resultats-entreprise-dirigeants.html?ga_cat=globale&ga_q=E.U.C.A.R#phrase=E.U.C.A.R,https://www.infogreffe.com/recherche-entreprise-dirigeants/resultats-entreprise-dirigeants.html?ga_cat=globale&ga_q=E.U.C.A.R#phrase=E.U.C.A.R,1620591827,16:23:47,20210509
18,2016-06-30,EUCAR.PA,EUR,2016-06-30,2016-06-30,Q2,530380000,314569000,215811000,0.4068988272559297,0.0,57577000.0,0.0,3006000.0,151504000,466073000,9226000.0,3714000.0,68021000.0,0.12824955692145254,64307000.0,0.12124703043101173,0.0,37528000.0,0.07075681586786832,14694000.0,22899000.0,0.0431747049285418,0.1477462178719965,0.1477462178719965,154988739,154988739,https://www.infogreffe.com/recherche-entreprise-dirigeants/resultats-entreprise-dirigeants.html?ga_cat=globale&ga_q=E.U.C.A.R#phrase=E.U.C.A.R,https://www.infogreffe.com/recherche-entreprise-dirigeants/resultats-entreprise-dirigeants.html?ga_cat=globale&ga_q=E.U.C.A.R#phrase=E.U.C.A.R,1620591827,16:23:47,20210509
19,2016-03-31,EUCAR.PA,EUR,2016-03-31,2016-03-31,Q1,417554000,270786000,146768000,0.3514946569784986,0.0,53458000.0,0.0,-3466000.0,144977000,415763000,9605000.0,3578000.0,5369000.0,0.012858217140777001,1791000.0,0.004289265580020788,0.0,-20772000.0,-0.049746859088884314,-3651000.0,-19972000.0,-0.047830939231811934,-0.139,-0.139,143683453,143683453,https://www.infogreffe.com/recherche-entreprise-dirigeants/resultats-entreprise-dirigeants.html?ga_cat=globale&ga_q=E.U.C.A.R#phrase=E.U.C.A.R,https://www.infogreffe.com/recherche-entreprise-dirigeants/resultats-entreprise-dirigeants.html?ga_cat=globale&ga_q=E.U.C.A.R#phrase=E.U.C.A.R,1620591827,16:23:47,20210509
20,2015-12-31,EUCAR.PA,EUR,2015-12-31,2015-12-31,Q4,488823000,305130000,183693000,0.3757863275664197,0.0,54775000.0,0.0,8767000.0,150588000,455718000,0.0,-9212000.0,23893000.0,0.048878632961215,33105000.0,0.06772390006198563,0.0,10253000.0,0.02097487229528889,2537000.0,1698000.0,0.003473649971462063,0.010955634654205426,0.010955634654205426,154988739,154988739,https://www.infogreffe.com/recherche-entreprise-dirigeants/resultats-entreprise-dirigeants.html?ga_cat=globale&ga_q=E.U.C.A.R#phrase=E.U.C.A.R,https://www.infogreffe.com/recherche-entreprise-dirigeants/resultats-entreprise-dirigeants.html?ga_cat=globale&ga_q=E.U.C.A.R#phrase=E.U.C.A.R,1620591827,16:23:47,20210509
21,2015-09-30,EUCAR.PA,EUR,2015-09-30,2015-09-30,Q3,692600000,381600000,311000000,0.4490326306670517,0.0,55500000.0,0.0,5400000.0,153000000,534600000,0.0,8100000.0,166100000.0,0.2398209644816633,158000000.0,0.2281259023967658,0.0,134600000.0,0.19434016748483973,33300000.0,99500000.0,0.14366156511695063,0.695369,0.695369,143089486,143089486,https://www.infogreffe.com/recherche-entreprise-dirigeants/resultats-entreprise-dirigeants.html?ga_cat=globale&ga_q=E.U.C.A.R#phrase=E.U.C.A.R,https://www.infogreffe.com/recherche-entreprise-dirigeants/resultats-entreprise-dirigeants.html?ga_cat=globale&ga_q=E.U.C.A.R#phrase=E.U.C.A.R,1620591827,16:23:47,20210509
22,2015-06-30,EUCAR.PA,EUR,2015-06-30,2015-06-30,Q2,546779000,325717000,221062000,0.40429862887930956,0.0,54877000.0,0.0,-32955000.0,151148000,476865000,74489000.0,3676000.0,73590000.0,0.13458819742528516,69914000.0,0.12786518867769245,0.0,-78474000.0,-0.14352050828579738,6747000.0,-87367000.0,-0.15978484908893723,-0.5636990181589903,-0.5636990181589903,154988739,154988739,https://www.infogreffe.com/recherche-entreprise-dirigeants/resultats-entreprise-dirigeants.html?ga_cat=globale&ga_q=E.U.C.A.R#phrase=E.U.C.A.R,https://www.infogreffe.com/recherche-entreprise-dirigeants/resultats-entreprise-dirigeants.html?ga_cat=globale&ga_q=E.U.C.A.R#phrase=E.U.C.A.R,1620591827,16:23:47,20210509
23,2015-03-31,EUCAR.PA,EUR,2015-03-31,2015-03-31,Q1,413726000,268642000,145084000,0.35067653471137905,0.0,53258000.0,0.0,-20782000.0,142207000,410849000,19108000.0,3487000.0,6364000.0,0.015382161140464945,2877000.0,0.006953877687164935,0.0,-72563000.0,-0.1753890255869827,-5044000.0,-69454000.0,-0.16787439029695983,-0.669,-0.669,103810045,103810045,https://www.infogreffe.com/recherche-entreprise-dirigeants/resultats-entreprise-dirigeants.html?ga_cat=globale&ga_q=E.U.C.A.R#phrase=E.U.C.A.R,https://www.infogreffe.com/recherche-entreprise-dirigeants/resultats-entreprise-dirigeants.html?ga_cat=globale&ga_q=E.U.C.A.R#phrase=E.U.C.A.R,1620591827,16:23:47,20210509
24,2014-12-31,EUCAR.PA,EUR,2014-12-31,2014-12-31,Q4,463670000,281343000,182327000,0.39322578558026183,0.0,53139000.0,0.0,-70779000.0,142106000,423449000,0.0,-9619000.0,30602000.0,0.0659995255246188,40221000.0,0.08674488321435504,0.0,-79020000.0,-0.17042293010114953,-5745000.0,-74273000.0,-0.16018504539866715,-0.4792154609374556,-0.4792154609374556,154988739,154988739,https://www.infogreffe.com/recherche-entreprise-dirigeants/resultats-entreprise-dirigeants.html?ga_cat=globale&ga_q=E.U.C.A.R#phrase=E.U.C.A.R,https://www.infogreffe.com/recherche-entreprise-dirigeants/resultats-entreprise-dirigeants.html?ga_cat=globale&ga_q=E.U.C.A.R#phrase=E.U.C.A.R,1620591827,16:23:47,20210509
25,2014-09-30,EUCAR.PA,EUR,2014-09-30,2014-09-30,Q3,646200000,359600000,286600000,0.44351593933766637,0.0,49700000.0,0.0,-30700000.0,138300000,497900000,0.0,7500000.0,155800000.0,0.24110182606004332,148300000.0,0.22949551222531725,0.0,63300000.0,0.0979572887650882,17300000.0,45500000.0,0.07041163726400496,0.438268,0.438268,103817638,103817638,https://www.infogreffe.com/recherche-entreprise-dirigeants/resultats-entreprise-dirigeants.html?ga_cat=globale&ga_q=E.U.C.A.R#phrase=E.U.C.A.R,https://www.infogreffe.com/recherche-entreprise-dirigeants/resultats-entreprise-dirigeants.html?ga_cat=globale&ga_q=E.U.C.A.R#phrase=E.U.C.A.R,1620591827,16:23:47,20210509
26,2014-06-30,EUCAR.PA,EUR,2014-06-30,2014-06-30,Q2,494820000,298144000,196676000,0.3974697869932501,0.0,49261000.0,0.0,-11932000.0,134737000,432881000,39987000.0,3219000.0,65158000.0,0.1316802069439392,61939000.0,0.12517481104239925,0.0,-22016000.0,-0.04449294693019684,-951000.0,-25543000.0,-0.05162079139889253,-0.164805521774069,-0.164805521774069,154988739,154988739,https://www.infogreffe.com/recherche-entreprise-dirigeants/resultats-entreprise-dirigeants.html?ga_cat=globale&ga_q=E.U.C.A.R#phrase=E.U.C.A.R,https://www.infogreffe.com/recherche-entreprise-dirigeants/resultats-entreprise-dirigeants.html?ga_cat=globale&ga_q=E.U.C.A.R#phrase=E.U.C.A.R,1620591827,16:23:47,20210509
27,2014-03-31,EUCAR.PA,EUR,2014-03-31,2014-03-31,Q1,374150000,243495000,130655000,0.3492048643592142,0.0,47213000.0,0.0,1676000.0,132669000,376164000,23939000.0,3207000.0,1193000.0,0.0031885607376720567,-2014000.0,-0.005382867833756515,0.0,-56634000.0,-0.15136709875718296,56000.0,-57956000.0,-0.1549004409995991,-0.558,-0.558,103810045,103810045,https://www.infogreffe.com/recherche-entreprise-dirigeants/resultats-entreprise-dirigeants.html?ga_cat=globale&ga_q=E.U.C.A.R#phrase=E.U.C.A.R,https://www.infogreffe.com/recherche-entreprise-dirigeants/resultats-entreprise-dirigeants.html?ga_cat=globale&ga_q=E.U.C.A.R#phrase=E.U.C.A.R,1620591827,16:23:47,20210509
