,date,symbol,reportedCurrency,fillingDate,acceptedDate,period,revenue,costOfRevenue,grossProfit,grossProfitRatio,researchAndDevelopmentExpenses,generalAndAdministrativeExpenses,sellingAndMarketingExpenses,otherExpenses,operatingExpenses,costAndExpenses,interestExpense,depreciationAndAmortization,ebitda,ebitdaratio,operatingIncome,operatingIncomeRatio,totalOtherIncomeExpensesNet,incomeBeforeTax,incomeBeforeTaxRatio,incomeTaxExpense,netIncome,netIncomeRatio,eps,epsdiluted,weightedAverageShsOut,weightedAverageShsOutDil,link,finalLink,timestamp,est_time,est_date
0,2020-09-30,VRS.AX,AUD,2020-09-30,2020-09-30,Q3,23526250.0,0.0,23526250.0,1.0,0.0,28250.0,0.0,0.0,23061250.0,0.0,518000.0,3460500.0,436750.0,0.018564369587163274,-3023750.0,-0.12852664576802508,-1114000.0,-4655750.0,-0.197895967270602,1146750.0,-6623250.0,-0.2815259550502099,-0.01839443127960868,-0.01839443127960868,360068213,360068213,,,1620599629,18:33:49,20210509
1,2020-06-30,VRS.AX,AUD,2020-06-30,2020-06-30,Q2,23526250.0,0.0,23526250.0,1.0,0.0,28250.0,0.0,0.0,23061250.0,0.0,518000.0,3460500.0,436750.0,0.018564369587163274,-3023750.0,-0.12852664576802508,-1114000.0,-4655750.0,-0.197895967270602,1146750.0,-6623250.0,-0.2815259550502099,-0.01839443127960868,-0.01839443127960868,360068213,360068213,,,1620599629,18:33:49,20210509
2,2020-03-31,VRS.AX,AUD,2020-03-31,2020-03-31,Q1,23526250.0,0.0,23526250.0,1.0,0.0,28250.0,0.0,0.0,23061250.0,0.0,518000.0,3460500.0,436750.0,0.018564369587163274,-3023750.0,-0.12852664576802508,-1114000.0,-4655750.0,-0.197895967270602,1146750.0,-6623250.0,-0.2815259550502099,-0.01839443127960868,-0.01839443127960868,360068213,360068213,,,1620599629,18:33:49,20210509
3,2020-01-31,VRS.AX,AUD,2020-01-31,2020-01-31,Q1,23526250.0,0.0,23526250.0,1.0,0.0,28250.0,0.0,0.0,23061250.0,0.0,518000.0,3460500.0,436750.0,0.018564369587163274,-3023750.0,-0.12852664576802508,-1114000.0,-4655750.0,-0.197895967270602,1146750.0,-6623250.0,-0.2815259550502099,-0.01839443127960868,-0.01839443127960868,360068213,360068213,,,1620599629,18:33:49,20210509
4,2019-06-30,VRS.AX,AUD,2019-06-30,2019-06-30,Q2,31471000.0,0.0,31471000.0,1.0,0.0,146500.0,0.0,-23750.0,29846500.0,0.0,335500.0,2246250.0,1478000.0,0.04696387150074672,-768250.0,-0.024411362841981508,-9455000.0,-10558000.0,-0.3354834609640622,-535750.0,-10022250.0,-0.318459851927171,-0.027825,-0.027825,360068213,360068213,,,1620599629,18:33:49,20210509
5,2019-03-31,VRS.AX,AUD,2019-03-31,2019-03-31,Q1,31471000.0,0.0,31471000.0,1.0,0.0,146500.0,0.0,-23750.0,29846500.0,0.0,335500.0,2246250.0,1478000.0,0.04696387150074672,-768250.0,-0.024411362841981508,-9455000.0,-10558000.0,-0.3354834609640622,-535750.0,-10022250.0,-0.318459851927171,-0.027825,-0.027825,360068213,360068213,,,1620599629,18:33:49,20210509
6,2019-01-31,VRS.AX,AUD,2019-01-31,2019-01-31,Q1,31471000.0,0.0,31471000.0,1.0,0.0,146500.0,0.0,-23750.0,29846500.0,0.0,335500.0,2246250.0,1478000.0,0.04696387150074672,-768250.0,-0.024411362841981508,-9455000.0,-10558000.0,-0.3354834609640622,-535750.0,-10022250.0,-0.318459851927171,-0.027825,-0.027825,360068213,360068213,,,1620599629,18:33:49,20210509
7,2018-06-30,VRS.AX,AUD,2018-06-30,2018-06-30,Q2,26708500.0,0.0,26708500.0,1.0,0.0,257750.0,0.0,-407000.0,23911250.0,0.0,256000.0,1920250.0,2539500.0,0.09508208997135743,619250.0,0.02318550274257259,-849500.0,-481750.0,-0.01803732894022502,-217750.0,-326000.0,-0.012205852069565868,-0.000975,-0.000975,331684479,331684479,,,1620599629,18:33:49,20210509
8,2018-03-31,VRS.AX,AUD,2018-03-31,2018-03-31,Q1,26708500.0,0.0,26708500.0,1.0,0.0,257750.0,0.0,-407000.0,23911250.0,0.0,256000.0,1920250.0,2539500.0,0.09508208997135743,619250.0,0.02318550274257259,-849500.0,-481750.0,-0.01803732894022502,-217750.0,-326000.0,-0.012205852069565868,-0.000975,-0.000975,331684479,331684479,,,1620599629,18:33:49,20210509
9,2018-01-31,VRS.AX,AUD,2018-01-31,2018-01-31,Q1,26708500.0,0.0,26708500.0,1.0,0.0,257750.0,0.0,-407000.0,23911250.0,0.0,256000.0,1920250.0,2539500.0,0.09508208997135743,619250.0,0.02318550274257259,-849500.0,-481750.0,-0.01803732894022502,-217750.0,-326000.0,-0.012205852069565868,-0.000975,-0.000975,331684479,331684479,,,1620599629,18:33:49,20210509
10,2017-06-30,VRS.AX,AUD,2017-06-30,2017-06-30,Q2,26968750.0,0.0,26968750.0,1.0,0.0,74500.0,0.0,-298000.0,24515250.0,0.0,225250.0,2063750.0,2379000.0,0.08821320973348783,315250.0,0.011689455388180765,-625250.0,-521500.0,-0.019337195828505214,-533500.0,12000.0,0.00044495944380069523,5e-05,5e-05,309734798,309734798,,,1620599629,18:33:49,20210509
11,2017-03-31,VRS.AX,AUD,2017-03-31,2017-03-31,Q1,26968750.0,0.0,26968750.0,1.0,0.0,74500.0,0.0,-298000.0,24515250.0,0.0,225250.0,2063750.0,2379000.0,0.08821320973348783,315250.0,0.011689455388180765,-625250.0,-521500.0,-0.019337195828505214,-533500.0,12000.0,0.00044495944380069523,5e-05,5e-05,309734798,309734798,,,1620599629,18:33:49,20210509
12,2017-01-31,VRS.AX,AUD,2017-01-31,2017-01-31,Q1,26968750.0,0.0,26968750.0,1.0,0.0,74500.0,0.0,-298000.0,24515250.0,0.0,225250.0,2063750.0,2379000.0,0.08821320973348783,315250.0,0.011689455388180765,-625250.0,-521500.0,-0.019337195828505214,-533500.0,12000.0,0.00044495944380069523,5e-05,5e-05,309734798,309734798,,,1620599629,18:33:49,20210509
13,2016-06-30,VRS.AX,AUD,2016-06-30,2016-06-30,Q2,30214500.0,0.0,30214500.0,1.0,0.0,262500.0,0.0,334000.0,26170500.0,0.0,205000.0,1397500.0,3781500.0,0.12515514074368267,2384000.0,0.07890251369375631,290750.0,2487000.0,0.08231147296827682,-2437500.0,4924500.0,0.16298465968326467,0.0185,0.0185,264625881,264625881,,,1620599629,18:33:49,20210509
14,2016-03-31,VRS.AX,AUD,2016-03-31,2016-03-31,Q1,30214500.0,0.0,30214500.0,1.0,0.0,262500.0,0.0,334000.0,26170500.0,0.0,205000.0,1397500.0,3781500.0,0.12515514074368267,2384000.0,0.07890251369375631,290750.0,2487000.0,0.08231147296827682,-2437500.0,4924500.0,0.16298465968326467,0.0185,0.0185,264625881,264625881,,,1620599629,18:33:49,20210509
15,2016-01-31,VRS.AX,AUD,2016-01-31,2016-01-31,Q1,30214500.0,0.0,30214500.0,1.0,0.0,262500.0,0.0,334000.0,26170500.0,0.0,205000.0,1397500.0,3781500.0,0.12515514074368267,2384000.0,0.07890251369375631,290750.0,2487000.0,0.08231147296827682,-2437500.0,4924500.0,0.16298465968326467,0.0185,0.0185,264625881,264625881,,,1620599629,18:33:49,20210509
16,2015-09-30,VRS.AX,AUD,2015-09-30,2015-09-30,Q3,17219500.0,0.0,17219500.0,1.0,0.0,0.0,0.0,-304750.0,16149000.0,0.0,196500.0,1512750.0,1070500.0,0.062167891053747204,-442250.0,-0.025683091843549465,-2800500.0,-3417250.0,-0.19845233601440226,-1220750.0,-2196500.0,-0.127558872208833,-0.009,-0.009,241305965,241305965,,,1620599629,18:33:49,20210509
17,2015-06-30,VRS.AX,AUD,2015-06-30,2015-06-30,Q2,17219500.0,0.0,17219500.0,1.0,0.0,0.0,0.0,-304750.0,16149000.0,0.0,196500.0,1512750.0,1070500.0,0.062167891053747204,-442250.0,-0.025683091843549465,-2800500.0,-3417250.0,-0.19845233601440226,-1220750.0,-2196500.0,-0.127558872208833,-0.009,-0.009,241305965,241305965,,,1620599629,18:33:49,20210509
18,2015-03-31,VRS.AX,AUD,2015-03-31,2015-03-31,Q1,17219500.0,0.0,17219500.0,1.0,0.0,0.0,0.0,-304750.0,16149000.0,0.0,196500.0,1512750.0,1070500.0,0.062167891053747204,-442250.0,-0.025683091843549465,-2800500.0,-3417250.0,-0.19845233601440226,-1220750.0,-2196500.0,-0.127558872208833,-0.009,-0.009,241305965,241305965,,,1620599629,18:33:49,20210509
19,2015-01-31,VRS.AX,AUD,2015-01-31,2015-01-31,Q1,17219500.0,0.0,17219500.0,1.0,0.0,0.0,0.0,-304750.0,16149000.0,0.0,196500.0,1512750.0,1070500.0,0.062167891053747204,-442250.0,-0.025683091843549465,-2800500.0,-3417250.0,-0.19845233601440226,-1220750.0,-2196500.0,-0.127558872208833,-0.009,-0.009,241305965,241305965,,,1620599629,18:33:49,20210509
20,2014-09-30,VRS.AX,AUD,2014-09-30,2014-09-30,Q3,28283000.0,3672500.0,24610500.0,0.8701516812219354,0.0,18464250.0,0.0,0.0,2925500.0,0.0,257250.0,934000.0,3220750.0,0.11387582646819644,2286750.0,0.0808524555386628,-236000.0,1803250.0,0.06375738075875968,438250.0,1365000.0,0.04826220697945763,0.007,0.007,193062512,193062512,,,1620599629,18:33:49,20210509
21,2014-06-30,VRS.AX,AUD,2014-06-30,2014-06-30,Q2,28283000.0,3672500.0,24610500.0,0.8701516812219354,0.0,18464250.0,0.0,0.0,2925500.0,0.0,257250.0,934000.0,3220750.0,0.11387582646819644,2286750.0,0.0808524555386628,-236000.0,1803250.0,0.06375738075875968,438250.0,1365000.0,0.04826220697945763,0.007,0.007,193062512,193062512,,,1620599629,18:33:49,20210509
22,2014-03-31,VRS.AX,AUD,2014-03-31,2014-03-31,Q1,28283000.0,3672500.0,24610500.0,0.8701516812219354,0.0,18464250.0,0.0,0.0,2925500.0,0.0,257250.0,934000.0,3220750.0,0.11387582646819644,2286750.0,0.0808524555386628,-236000.0,1803250.0,0.06375738075875968,438250.0,1365000.0,0.04826220697945763,0.007,0.007,193062512,193062512,,,1620599629,18:33:49,20210509
23,2014-01-31,VRS.AX,AUD,2014-01-31,2014-01-31,Q1,28283000.0,3672500.0,24610500.0,0.8701516812219354,0.0,18464250.0,0.0,0.0,2925500.0,0.0,257250.0,934000.0,3220750.0,0.11387582646819644,2286750.0,0.0808524555386628,-236000.0,1803250.0,0.06375738075875968,438250.0,1365000.0,0.04826220697945763,0.007,0.007,193062512,193062512,,,1620599629,18:33:49,20210509
24,2013-09-30,VRS.AX,AUD,2013-09-30,2013-09-30,Q3,28483500.0,0.0,28483500.0,1.0,0.0,23419250.0,0.0,0.0,2327750.0,0.0,280000.0,812250.0,2736500.0,0.09607316516579774,1924250.0,0.0675566556076325,0.0,1644250.0,0.05772640300524865,342250.0,1143000.0,0.04012849544473116,0.006,0.006,193062512,193062512,,,1620599629,18:33:49,20210509
25,2013-06-30,VRS.AX,AUD,2013-06-30,2013-06-30,Q2,28483500.0,0.0,28483500.0,1.0,0.0,23419250.0,0.0,0.0,2327750.0,0.0,280000.0,812250.0,2736500.0,0.09607316516579774,1924250.0,0.0675566556076325,0.0,1644250.0,0.05772640300524865,342250.0,1143000.0,0.04012849544473116,0.006,0.006,193062512,193062512,,,1620599629,18:33:49,20210509
26,2013-03-31,VRS.AX,AUD,2013-03-31,2013-03-31,Q1,28483500.0,0.0,28483500.0,1.0,0.0,23419250.0,0.0,0.0,2327750.0,0.0,280000.0,812250.0,2736500.0,0.09607316516579774,1924250.0,0.0675566556076325,0.0,1644250.0,0.05772640300524865,342250.0,1143000.0,0.04012849544473116,0.006,0.006,193062512,193062512,,,1620599629,18:33:49,20210509
27,2013-01-31,VRS.AX,AUD,2013-01-31,2013-01-31,Q1,28483500.0,0.0,28483500.0,1.0,0.0,23419250.0,0.0,0.0,2327750.0,0.0,280000.0,812250.0,2736500.0,0.09607316516579774,1924250.0,0.0675566556076325,0.0,1644250.0,0.05772640300524865,342250.0,1143000.0,0.04012849544473116,0.006,0.006,193062512,193062512,,,1620599629,18:33:49,20210509
28,2012-09-30,VRS.AX,AUD,2012-09-30,2012-09-30,Q3,38044250.0,11758500.0,26285750.0,0.6909256983644047,0.0,23827750.0,51250.0,850000.0,0.0,0.0,411250.0,596000.0,2406750.0,0.06326185954513494,1810750.0,0.04759589162619844,850000.0,2260250.0,0.059411080518080917,707000.0,1383750.0,0.03637211930843689,0.0105,0.0085,132221158,162794118,,,1620599629,18:33:49,20210509
29,2012-06-30,VRS.AX,AUD,2012-06-30,2012-06-30,Q2,38044250.0,11758500.0,26285750.0,0.6909256983644047,0.0,23827750.0,51250.0,850000.0,0.0,0.0,411250.0,596000.0,2406750.0,0.06326185954513494,1810750.0,0.04759589162619844,850000.0,2260250.0,0.059411080518080917,707000.0,1383750.0,0.03637211930843689,0.0105,0.0085,132221158,162794118,,,1620599629,18:33:49,20210509
30,2012-03-31,VRS.AX,AUD,2012-03-31,2012-03-31,Q1,38044250.0,11758500.0,26285750.0,0.6909256983644047,0.0,23827750.0,51250.0,850000.0,0.0,0.0,411250.0,596000.0,2406750.0,0.06326185954513494,1810750.0,0.04759589162619844,850000.0,2260250.0,0.059411080518080917,707000.0,1383750.0,0.03637211930843689,0.0105,0.0085,132221158,162794118,,,1620599629,18:33:49,20210509
31,2012-01-31,VRS.AX,AUD,2012-01-31,2012-01-31,Q1,38044250.0,11758500.0,26285750.0,0.6909256983644047,0.0,23827750.0,51250.0,850000.0,0.0,0.0,411250.0,596000.0,2406750.0,0.06326185954513494,1810750.0,0.04759589162619844,850000.0,2260250.0,0.059411080518080917,707000.0,1383750.0,0.03637211930843689,0.0105,0.0085,132221158,162794118,,,1620599629,18:33:49,20210509
32,2011-09-30,VRS.AX,AUD,2011-09-30,2011-09-30,Q3,8377750.0,5691750.0,2686000.0,0.32061114260988927,0.0,2460000.0,37500.0,0.0,0.0,0.0,110000.0,0.0,197500.0,42.41898734177215,188500.0,0.02250007460236937,0.0,87500.0,0.010444331711975173,62000.0,25500.0,0.00304377667034705,0.0006125,0.0006125,36984025,36984025,,,1620599629,18:33:49,20210509
33,2011-06-30,VRS.AX,AUD,2011-06-30,2011-06-30,Q2,8377750.0,5691750.0,2686000.0,0.32061114260988927,0.0,2460000.0,37500.0,0.0,0.0,0.0,110000.0,0.0,197500.0,42.41898734177215,188500.0,0.02250007460236937,0.0,87500.0,0.010444331711975173,62000.0,25500.0,0.00304377667034705,0.0006125,0.0006125,36984025,36984025,,,1620599629,18:33:49,20210509
34,2011-03-31,VRS.AX,AUD,2011-03-31,2011-03-31,Q1,8377750.0,5691750.0,2686000.0,0.32061114260988927,0.0,2460000.0,37500.0,0.0,0.0,0.0,110000.0,0.0,197500.0,42.41898734177215,188500.0,0.02250007460236937,0.0,87500.0,0.010444331711975173,62000.0,25500.0,0.00304377667034705,0.0006125,0.0006125,36984025,36984025,,,1620599629,18:33:49,20210509
35,2011-01-31,VRS.AX,AUD,2011-01-31,2011-01-31,Q1,8377750.0,5691750.0,2686000.0,0.32061114260988927,0.0,2460000.0,37500.0,0.0,0.0,0.0,110000.0,0.0,197500.0,42.41898734177215,188500.0,0.02250007460236937,0.0,87500.0,0.010444331711975173,62000.0,25500.0,0.00304377667034705,0.0006125,0.0006125,36984025,36984025,,,1620599629,18:33:49,20210509
36,2010-09-30,VRS.AX,AUD,2010-09-30,2010-09-30,Q3,3201500.0,2184250.0,1017250.0,0.31774168358581917,0.0,1568500.0,30750.0,0.0,0.0,0.0,23000.0,0.0,-526250.0,-6.083610451306413,-582000.0,-0.18178978603779478,0.0,-549250.0,-0.17156020615336562,-122750.0,-426500.0,-0.1332188036857723,-0.012425,-0.012425,34740412,34740412,,,1620599629,18:33:49,20210509
37,2010-06-30,VRS.AX,AUD,2010-06-30,2010-06-30,Q2,3201500.0,2184250.0,1017250.0,0.31774168358581917,0.0,1568500.0,30750.0,0.0,0.0,0.0,23000.0,0.0,-526250.0,-6.083610451306413,-582000.0,-0.18178978603779478,0.0,-549250.0,-0.17156020615336562,-122750.0,-426500.0,-0.1332188036857723,-0.012425,-0.012425,34740412,34740412,,,1620599629,18:33:49,20210509
38,2010-03-31,VRS.AX,AUD,2010-03-31,2010-03-31,Q1,3201500.0,2184250.0,1017250.0,0.31774168358581917,0.0,1568500.0,30750.0,0.0,0.0,0.0,23000.0,0.0,-526250.0,-6.083610451306413,-582000.0,-0.18178978603779478,0.0,-549250.0,-0.17156020615336562,-122750.0,-426500.0,-0.1332188036857723,-0.012425,-0.012425,34740412,34740412,,,1620599629,18:33:49,20210509
39,2010-01-31,VRS.AX,AUD,2010-01-31,2010-01-31,Q1,3201500.0,2184250.0,1017250.0,0.31774168358581917,0.0,1568500.0,30750.0,0.0,0.0,0.0,23000.0,0.0,-526250.0,-6.083610451306413,-582000.0,-0.18178978603779478,0.0,-549250.0,-0.17156020615336562,-122750.0,-426500.0,-0.1332188036857723,-0.012425,-0.012425,34740412,34740412,,,1620599629,18:33:49,20210509
40,2009-09-30,VRS.AX,AUD,2009-09-30,2009-09-30,Q3,3225000.0,1901750.0,1323250.0,0.41031007751937987,0.0,1116000.0,30500.0,0.0,0.0,0.0,1250.0,36500.0,213250.0,0.06612403100775194,176750.0,0.054806201550387595,0.0,321000.0,0.09953488372093024,101500.0,219500.0,0.06806201550387597,0.0102375,0.0102375,35324071,35324071,,,1620599629,18:33:49,20210509
41,2009-06-30,VRS.AX,AUD,2009-06-30,2009-06-30,Q2,3225000.0,1901750.0,1323250.0,0.41031007751937987,0.0,1116000.0,30500.0,0.0,0.0,0.0,1250.0,36500.0,213250.0,0.06612403100775194,176750.0,0.054806201550387595,0.0,321000.0,0.09953488372093024,101500.0,219500.0,0.06806201550387597,0.0102375,0.0102375,35324071,35324071,,,1620599629,18:33:49,20210509
42,2009-03-31,VRS.AX,AUD,2009-03-31,2009-03-31,Q1,3225000.0,1901750.0,1323250.0,0.41031007751937987,0.0,1116000.0,30500.0,0.0,0.0,0.0,1250.0,36500.0,213250.0,0.06612403100775194,176750.0,0.054806201550387595,0.0,321000.0,0.09953488372093024,101500.0,219500.0,0.06806201550387597,0.0102375,0.0102375,35324071,35324071,,,1620599629,18:33:49,20210509
43,2009-01-31,VRS.AX,AUD,2009-01-31,2009-01-31,Q1,3225000.0,1901750.0,1323250.0,0.41031007751937987,0.0,1116000.0,30500.0,0.0,0.0,0.0,1250.0,36500.0,213250.0,0.06612403100775194,176750.0,0.054806201550387595,0.0,321000.0,0.09953488372093024,101500.0,219500.0,0.06806201550387597,0.0102375,0.0102375,35324071,35324071,,,1620599629,18:33:49,20210509
44,2008-09-30,VRS.AX,AUD,2008-09-30,2008-09-30,Q3,2615250.0,1686000.0,929250.0,0.35531975910524805,0.0,378500.0,7250.0,0.0,100000.0,0.0,500.0,5750.0,443500.0,0.16958225791033363,437750.0,0.16738361533314214,-86000.0,386750.0,0.14788261160500907,190750.0,196000.0,0.07494503393557021,0.0097125,0.0097125,20228650,20228650,,,1620599629,18:33:49,20210509
45,2008-06-30,VRS.AX,AUD,2008-06-30,2008-06-30,Q2,2615250.0,1686000.0,929250.0,0.35531975910524805,0.0,378500.0,7250.0,0.0,100000.0,0.0,500.0,5750.0,443500.0,0.16958225791033363,437750.0,0.16738361533314214,-86000.0,386750.0,0.14788261160500907,190750.0,196000.0,0.07494503393557021,0.0097125,0.0097125,20228650,20228650,,,1620599629,18:33:49,20210509
46,2008-03-31,VRS.AX,AUD,2008-03-31,2008-03-31,Q1,2615250.0,1686000.0,929250.0,0.35531975910524805,0.0,378500.0,7250.0,0.0,100000.0,0.0,500.0,5750.0,443500.0,0.16958225791033363,437750.0,0.16738361533314214,-86000.0,386750.0,0.14788261160500907,190750.0,196000.0,0.07494503393557021,0.0097125,0.0097125,20228650,20228650,,,1620599629,18:33:49,20210509
47,2008-01-31,VRS.AX,AUD,2008-01-31,2008-01-31,Q1,2615250.0,1686000.0,929250.0,0.35531975910524805,0.0,378500.0,7250.0,0.0,100000.0,0.0,500.0,5750.0,443500.0,0.16958225791033363,437750.0,0.16738361533314214,-86000.0,386750.0,0.14788261160500907,190750.0,196000.0,0.07494503393557021,0.0097125,0.0097125,20228650,20228650,,,1620599629,18:33:49,20210509
