,date,symbol,reportedCurrency,fillingDate,acceptedDate,period,revenue,costOfRevenue,grossProfit,grossProfitRatio,researchAndDevelopmentExpenses,generalAndAdministrativeExpenses,sellingAndMarketingExpenses,otherExpenses,operatingExpenses,costAndExpenses,interestExpense,depreciationAndAmortization,ebitda,ebitdaratio,operatingIncome,operatingIncomeRatio,totalOtherIncomeExpensesNet,incomeBeforeTax,incomeBeforeTaxRatio,incomeTaxExpense,netIncome,netIncomeRatio,eps,epsdiluted,weightedAverageShsOut,weightedAverageShsOutDil,link,finalLink,timestamp,est_time,est_date
0,2016-06-30,SLBEN.LS,EUR,2016-06-30,2016-06-30,Q2,23600000,2217000.0,21383000.0,0.9060593220338983,0.0,5818000.0,635000.0,-5371000.0,33897000.0,36114000.0,3309000.0,-2503000.0,-15017000.0,-0.6363135593220339,-12514000.0,-0.5302542372881356,0.0,29755000.0,1.2608050847457628,1000.0,29754000.0,1.2607627118644067,1.2978147737329688,1.2978147737329688,22926230,22926230,https://find-and-update.company-information.service.gov.uk/search/companies?q=Sport+Lisboa+e+Benfica+Futebol+SAD,https://find-and-update.company-information.service.gov.uk/search/companies?q=Sport+Lisboa+e+Benfica+Futebol+SAD,1620597996,18:06:36,20210509
1,2016-03-31,SLBEN.LS,EUR,2016-03-31,2016-03-31,Q1,19638000,7928000.0,11710000.0,0.5962929015174662,0.0,7928000.0,0.0,-1176000.0,27810000.0,27810000.0,5237000.0,3925000.0,-4247000.0,-0.2162643853752928,-8172000.0,-0.4161319890009166,0.0,-13947000.0,-0.7102047051634586,38000.0,-13985000.0,-0.7121397290966494,-0.61,-0.61,22926230,22926230,https://find-and-update.company-information.service.gov.uk/search/companies?q=Sport+Lisboa+e+Benfica+Futebol+SAD,https://find-and-update.company-information.service.gov.uk/search/companies?q=Sport+Lisboa+e+Benfica+Futebol+SAD,1620597996,18:06:36,20210509
2,2015-12-31,SLBEN.LS,EUR,2015-12-31,2015-12-31,Q4,20970000,9452000.0,11518000.0,0.5492608488316643,0.0,9452000.0,0.0,-1068000.0,23078000.0,23078000.0,5066000.0,3818000.0,1710000.0,0.0815450643776824,-2108000.0,-0.1005245588936576,0.0,-7574000.0,-0.36118264186933713,37000.0,-7611000.0,-0.36294706723891274,-0.33,-0.33,23063636,23063636,https://find-and-update.company-information.service.gov.uk/search/companies?q=Sport+Lisboa+e+Benfica+Futebol+SAD,https://find-and-update.company-information.service.gov.uk/search/companies?q=Sport+Lisboa+e+Benfica+Futebol+SAD,1620597996,18:06:36,20210509
3,2015-09-30,SLBEN.LS,EUR,2015-09-30,2015-09-30,Q3,20467000,8053000.0,12414000.0,0.6065373528118434,0.0,8053000.0,0.0,-2244000.0,22084000.0,22084000.0,6013000.0,3185000.0,1568000.0,0.07661113011188743,-1617000.0,-0.0790052279278839,0.0,12303000.0,0.6011139883715249,65000.0,12238000.0,0.5979381443298969,0.53,0.53,23090566,23090566,https://find-and-update.company-information.service.gov.uk/search/companies?q=Sport+Lisboa+e+Benfica+Futebol+SAD,https://find-and-update.company-information.service.gov.uk/search/companies?q=Sport+Lisboa+e+Benfica+Futebol+SAD,1620597996,18:06:36,20210509
4,2015-06-30,SLBEN.LS,EUR,2015-06-30,2015-06-30,Q2,22812000,10025000.0,12787000.0,0.5605383131685078,0.0,-4568000.0,0.0,-1771000.0,27395000.0,36711000.0,4476000.0,-1800000.0,-15699000.0,-0.6881904260915308,-13899000.0,-0.6092845870594424,0.0,-6776000.0,-0.29703664737857266,122000.0,-6898000.0,-0.30238470980185866,-0.30087807720676274,-0.30087807720676274,22926230,22926230,https://find-and-update.company-information.service.gov.uk/search/companies?q=Sport+Lisboa+e+Benfica+Futebol+SAD,https://find-and-update.company-information.service.gov.uk/search/companies?q=Sport+Lisboa+e+Benfica+Futebol+SAD,1620597996,18:06:36,20210509
5,2015-03-31,SLBEN.LS,EUR,2015-03-31,2015-03-31,Q1,18813000,6679000.0,12134000.0,0.6449795354276299,0.0,6679000.0,0.0,14086000.0,27813000.0,27813000.0,5821000.0,3122000.0,-5878000.0,-0.3124435230957317,-9000000.0,-0.4783926008611067,0.0,861000.0,0.04576622548237921,66000.0,795000.0,0.04225801307606442,0.03,0.03,26500000,26500000,https://find-and-update.company-information.service.gov.uk/search/companies?q=Sport+Lisboa+e+Benfica+Futebol+SAD,https://find-and-update.company-information.service.gov.uk/search/companies?q=Sport+Lisboa+e+Benfica+Futebol+SAD,1620597996,18:06:36,20210509
6,2014-12-31,SLBEN.LS,EUR,2014-12-31,2014-12-31,Q4,19620000,7453000.0,12167000.0,0.6201325178389399,0.0,7453000.0,0.0,20658000.0,22109000.0,22109000.0,5514000.0,3856000.0,1367000.0,0.06967380224260958,-2489000.0,-0.12686034658511722,0.0,11909000.0,0.6069826707441386,-520000.0,12429000.0,0.6334862385321101,0.54,0.54,23016667,23016667,https://find-and-update.company-information.service.gov.uk/search/companies?q=Sport+Lisboa+e+Benfica+Futebol+SAD,https://find-and-update.company-information.service.gov.uk/search/companies?q=Sport+Lisboa+e+Benfica+Futebol+SAD,1620597996,18:06:36,20210509
7,2014-09-30,SLBEN.LS,EUR,2014-09-30,2014-09-30,Q3,18804000,0.0,0.0,0.0,0.0,8033000.0,0.0,-534000.0,28294000.0,28294000.0,5427000.0,3132000.0,-6358000.0,-0.3381195490321208,-9490000.0,-0.5046798553499255,0.0,812000.0,0.04318230163794937,66000.0,746000.0,0.03967241012550521,0.03,0.03,24866667,24866667,https://find-and-update.company-information.service.gov.uk/search/companies?q=Sport+Lisboa+e+Benfica+Futebol+SAD,https://find-and-update.company-information.service.gov.uk/search/companies?q=Sport+Lisboa+e+Benfica+Futebol+SAD,1620597996,18:06:36,20210509
8,2014-06-30,SLBEN.LS,EUR,2014-06-30,2014-06-30,Q2,21829000,10626000.0,11203000.0,0.5132163635530717,0.0,-1530000.0,0.0,-5236000.0,23031000.0,30768000.0,5992000.0,-1777000.0,-10716000.0,-0.49090659214805993,-8939000.0,-0.40950112236016306,0.0,-1405000.0,-0.06436391955655321,202000.0,-1607000.0,-0.0736176645746484,-0.07009438533941255,-0.07009438533941255,22926230,22926230,https://find-and-update.company-information.service.gov.uk/search/companies?q=Sport+Lisboa+e+Benfica+Futebol+SAD,https://find-and-update.company-information.service.gov.uk/search/companies?q=Sport+Lisboa+e+Benfica+Futebol+SAD,1620597996,18:06:36,20210509
9,2014-03-31,SLBEN.LS,EUR,2014-03-31,2014-03-31,Q1,20458000,7474000.0,12984000.0,0.6346661452732427,0.0,7474000.0,0.0,47241000.0,30864000.0,30864000.0,6191000.0,3612000.0,-6794000.0,-0.3320950239515104,-10406000.0,-0.5086518721282628,0.0,31654000.0,1.5472675725877407,31000.0,31623000.0,1.5457522729494575,1.37,1.37,23082482,23082482,https://find-and-update.company-information.service.gov.uk/search/companies?q=Sport+Lisboa+e+Benfica+Futebol+SAD,https://find-and-update.company-information.service.gov.uk/search/companies?q=Sport+Lisboa+e+Benfica+Futebol+SAD,1620597996,18:06:36,20210509
10,2013-12-31,SLBEN.LS,EUR,2013-12-31,2013-12-31,Q4,18592000,7085000.0,11507000.0,0.6189221170395869,0.0,7085000.0,0.0,-312000.0,19887000.0,19887000.0,5888000.0,3687000.0,2392000.0,0.12865748709122204,-1295000.0,-0.06965361445783133,0.0,-7145000.0,-0.3843050774526678,-386000.0,-6759000.0,-0.3635434595524957,-0.29,-0.29,23000000,23000000,https://find-and-update.company-information.service.gov.uk/search/companies?q=Sport+Lisboa+e+Benfica+Futebol+SAD,https://find-and-update.company-information.service.gov.uk/search/companies?q=Sport+Lisboa+e+Benfica+Futebol+SAD,1620597996,18:06:36,20210509
11,2013-09-30,SLBEN.LS,EUR,2013-09-30,2013-09-30,Q3,15027000,6619000.0,8408000.0,0.5595261861981766,0.0,6619000.0,0.0,-23000.0,27105000.0,27105000.0,5634000.0,2869000.0,-9209000.0,-0.6128302389033073,-12078000.0,-0.8037532441605111,0.0,-9060000.0,-0.6029147534438012,32000.0,-9092000.0,-0.6050442536767152,-0.4,-0.4,22730000,22730000,https://find-and-update.company-information.service.gov.uk/search/companies?q=Sport+Lisboa+e+Benfica+Futebol+SAD,https://find-and-update.company-information.service.gov.uk/search/companies?q=Sport+Lisboa+e+Benfica+Futebol+SAD,1620597996,18:06:36,20210509
12,2013-06-30,SLBEN.LS,EUR,2013-06-30,2013-06-30,Q2,15096201,-8212206.0,23308407.0,1.5439915645002342,0.0,-4201589.0,0.0,-268320.0,13112896.0,22112595.0,4086055.0,1871078.0,-5145316.0,-0.3408351544868805,-7016394.0,-0.4647787877228185,0.0,-18106641.0,-1.199417058636143,-391801.0,-17714840.0,-1.173463442888711,-0.7726887499601984,-0.7726887499601984,22926230,22926230,https://find-and-update.company-information.service.gov.uk/search/companies?q=Sport+Lisboa+e+Benfica+Futebol+SAD,https://find-and-update.company-information.service.gov.uk/search/companies?q=Sport+Lisboa+e+Benfica+Futebol+SAD,1620597996,18:06:36,20210509
13,2013-03-31,SLBEN.LS,EUR,2013-03-31,2013-03-31,Q1,14669207,6487141.0,8182066.0,0.5577715277996963,0.0,6487141.0,0.0,-55225.0,24179326.0,24179326.0,5518360.0,2208634.0,-7301485.0,-0.4977423114964565,-9510119.0,-0.6483049151873036,0.0,-13519156.0,-0.9216010108794566,12146.0,-13531302.0,-0.9224290038309501,-0.59,-0.59,22934410,22934410,https://find-and-update.company-information.service.gov.uk/search/companies?q=Sport+Lisboa+e+Benfica+Futebol+SAD,https://find-and-update.company-information.service.gov.uk/search/companies?q=Sport+Lisboa+e+Benfica+Futebol+SAD,1620597996,18:06:36,20210509
14,2012-12-31,SLBEN.LS,EUR,2012-12-31,2012-12-31,Q4,15463534,4658456.0,7376762.0,0.47704244062191736,0.0,6074020.0,0.0,1772439.0,16120701.0,16120701.0,5451656.0,2235757.0,1578590.0,0.10208468516963845,-657167.0,-0.042497853336759886,0.0,-3331761.0,-0.21545922167597653,18533.0,-3350294.0,-0.21665771873363487,-0.15,-0.15,22335293,22335293,https://find-and-update.company-information.service.gov.uk/search/companies?q=Sport+Lisboa+e+Benfica+Futebol+SAD,https://find-and-update.company-information.service.gov.uk/search/companies?q=Sport+Lisboa+e+Benfica+Futebol+SAD,1620597996,18:06:36,20210509
15,2012-09-30,SLBEN.LS,EUR,2012-09-30,2012-09-30,Q3,14127061,5400744.0,8726317.0,0.6177022241214928,0.0,0.0,0.0,0.0,-19871596.0,-14470852.0,5574915.0,2217813.0,30815726.0,2.1813260380202224,28597913.0,2.024335634991595,0.0,24208610.0,1.7136338549115064,5758.0,24202852.0,1.7132262683653734,1.05,1.05,23050335,23050335,https://find-and-update.company-information.service.gov.uk/search/companies?q=Sport+Lisboa+e+Benfica+Futebol+SAD,https://find-and-update.company-information.service.gov.uk/search/companies?q=Sport+Lisboa+e+Benfica+Futebol+SAD,1620597996,18:06:36,20210509
16,2012-06-30,SLBEN.LS,EUR,2012-06-30,2012-06-30,Q2,13288017,5243011.0,8045006.0,0.6054331507854032,0.0,0.0,0.0,0.0,20715173.0,25958184.0,0.0,2224026.0,-10446141.0,-0.7861324229190857,-12670167.0,-0.9535032202321836,0.0,-14371444.0,-1.0815341371101497,-160675.0,-14210769.0,-1.0694424156742124,-0.619847615591399,-0.619847615591399,22926230,22926230,https://find-and-update.company-information.service.gov.uk/search/companies?q=Sport+Lisboa+e+Benfica+Futebol+SAD,https://find-and-update.company-information.service.gov.uk/search/companies?q=Sport+Lisboa+e+Benfica+Futebol+SAD,1620597996,18:06:36,20210509
17,2012-03-31,SLBEN.LS,EUR,2012-03-31,2012-03-31,Q1,16607652,6509363.0,10098289.0,0.6080503734061865,0.0,6509363.0,0.0,1826177.0,19643653.0,19643653.0,6194452.0,2224899.0,-811102.0,-0.04883905322678968,-3036001.0,-0.1828073589210564,0.0,-5821181.0,-0.35051198086279745,-61535.0,-5759646.0,-0.3468067611243299,-0.25,-0.25,23038584,23038584,https://find-and-update.company-information.service.gov.uk/search/companies?q=Sport+Lisboa+e+Benfica+Futebol+SAD,https://find-and-update.company-information.service.gov.uk/search/companies?q=Sport+Lisboa+e+Benfica+Futebol+SAD,1620597996,18:06:36,20210509
18,2011-12-31,SLBEN.LS,EUR,2011-12-31,2011-12-31,Q4,16231205,0.0,0.0,0.0,0.0,5873983.0,0.0,2510073.0,21498469.0,21498469.0,5555547.0,2206986.0,-3060278.0,-0.18854287158593586,-5267264.0,-0.32451466172721005,0.0,-6657241.0,-0.41015075590506067,113296.0,-6770537.0,-0.41713089077489934,-0.29,-0.29,23346679,23346679,https://find-and-update.company-information.service.gov.uk/search/companies?q=Sport+Lisboa+e+Benfica+Futebol+SAD,https://find-and-update.company-information.service.gov.uk/search/companies?q=Sport+Lisboa+e+Benfica+Futebol+SAD,1620597996,18:06:36,20210509
19,2011-09-30,SLBEN.LS,EUR,2011-09-30,2011-09-30,Q3,17407239,6056651.0,11350588.0,0.6520613636660012,0.0,0.0,0.0,0.0,-7283889.0,-1227238.0,4965672.0,2199065.0,20833542.0,1.1968320765860685,18634477.0,1.0705015884483462,0.0,15025653.0,0.8631841614859197,-25046.0,15050699.0,0.8646229881717601,0.65,0.65,23154922,23154922,https://find-and-update.company-information.service.gov.uk/search/companies?q=Sport+Lisboa+e+Benfica+Futebol+SAD,https://find-and-update.company-information.service.gov.uk/search/companies?q=Sport+Lisboa+e+Benfica+Futebol+SAD,1620597996,18:06:36,20210509
20,2011-06-30,SLBEN.LS,EUR,2011-06-30,2011-06-30,Q2,16297936,5865952.0,10431984.0,0.6400800690345084,0.0,0.0,0.0,0.0,-12184445.0,-6318493.0,4081566.0,29860774.0,52477203.0,3.2198680250063565,22616429.0,1.387686698487465,0.0,-13857538.0,-0.850263370772839,-34898.0,-13822640.0,-0.8481221180399776,-0.6029181422327177,-0.6029181422327177,22926230,22926230,https://find-and-update.company-information.service.gov.uk/search/companies?q=Sport+Lisboa+e+Benfica+Futebol+SAD,https://find-and-update.company-information.service.gov.uk/search/companies?q=Sport+Lisboa+e+Benfica+Futebol+SAD,1620597996,18:06:36,20210509
21,2011-03-31,SLBEN.LS,EUR,2011-03-31,2011-03-31,Q1,14305988,5179669.0,9126319.0,0.6379369953337022,0.0,0.0,0.0,0.0,30907609.0,36087278.0,5326626.0,-10547258.0,-32328548.0,-2.259791354501346,-21781290.0,-1.5225295869114388,0.0,5591460.0,0.390847524826667,-40145.0,5631605.0,0.3936536924258569,0.24564025572455656,0.24564025572455656,22926230,22926230,https://find-and-update.company-information.service.gov.uk/search/companies?q=Sport+Lisboa+e+Benfica+Futebol+SAD,https://find-and-update.company-information.service.gov.uk/search/companies?q=Sport+Lisboa+e+Benfica+Futebol+SAD,1620597996,18:06:36,20210509
22,2010-12-31,SLBEN.LS,EUR,2010-12-31,2010-12-31,Q4,16578296,7036603.0,9541693.0,0.5755533017386105,0.0,0.0,0.0,0.0,14312071.0,21348674.0,4446339.0,8533300.0,3762922.0,0.22697881615818657,-4770378.0,-0.2877483910288488,0.0,-6526200.0,-0.3936592759593628,-71772.0,-6454428.0,-0.3893300011050593,-0.2815302821266296,-0.2815302821266296,22926230,22926230,https://find-and-update.company-information.service.gov.uk/search/companies?q=Sport+Lisboa+e+Benfica+Futebol+SAD,https://find-and-update.company-information.service.gov.uk/search/companies?q=Sport+Lisboa+e+Benfica+Futebol+SAD,1620597996,18:06:36,20210509
23,2010-09-30,SLBEN.LS,EUR,2010-09-30,2010-09-30,Q3,16583992,4839276.0,11744716.0,0.708195951855259,0.0,0.0,0.0,0.0,1007998.0,5847274.0,4600508.0,8921095.0,19657813.0,1.1853486784122906,10736718.0,0.6474145670113686,0.0,7146709.0,0.43094021029436097,164512.0,6982197.0,0.42102028269188746,0.3,0.3,23273990,23273990,https://find-and-update.company-information.service.gov.uk/search/companies?q=Sport+Lisboa+e+Benfica+Futebol+SAD,https://find-and-update.company-information.service.gov.uk/search/companies?q=Sport+Lisboa+e+Benfica+Futebol+SAD,1620597996,18:06:36,20210509
24,2010-06-30,SLBEN.LS,EUR,2010-06-30,2010-06-30,Q2,17762795,5879633.0,11883162.0,0.6689916761410577,0.0,0.0,0.0,-3139.0,7282439.0,13162072.0,4025898.0,9146428.0,13747151.0,0.7739294970189095,4600723.0,0.25900895664224016,0.0,3825105.0,0.21534364383533108,470.0,3824635.0,0.21531718403550792,0.16682354665376734,0.16682354665376734,22926230,22926230,https://find-and-update.company-information.service.gov.uk/search/companies?q=Sport+Lisboa+e+Benfica+Futebol+SAD,https://find-and-update.company-information.service.gov.uk/search/companies?q=Sport+Lisboa+e+Benfica+Futebol+SAD,1620597996,18:06:36,20210509
25,2010-03-31,SLBEN.LS,EUR,2010-03-31,2010-03-31,Q1,15197310,5447520.0,9749790.0,0.6415470895836171,0.0,0.0,0.0,36898.0,15432716.0,20880236.0,4354501.0,7541536.0,1858610.0,0.1222986173210917,-5682926.0,-0.3739428885769916,0.0,-9280324.0,-0.6106557015682381,-281424.0,-8998900.0,-0.5921376875249633,-0.3925154724522959,-0.3925154724522959,22926230,22926230,https://find-and-update.company-information.service.gov.uk/search/companies?q=Sport+Lisboa+e+Benfica+Futebol+SAD,https://find-and-update.company-information.service.gov.uk/search/companies?q=Sport+Lisboa+e+Benfica+Futebol+SAD,1620597996,18:06:36,20210509
26,2009-12-31,SLBEN.LS,EUR,2009-12-31,2009-12-31,Q4,11786870,5098469.0,6688401.0,0.5674450469038854,0.0,0.0,0.0,0.0,11754452.0,16852921.0,1664394.0,6702342.0,1636291.0,0.13882319903417956,-5066051.0,-0.4298046046151353,0.0,-7736697.0,-0.656382652901067,15600.0,-7752297.0,-0.6577061594808461,-0.33814094162014424,-0.33814094162014424,22926230,22926230,https://find-and-update.company-information.service.gov.uk/search/companies?q=Sport+Lisboa+e+Benfica+Futebol+SAD,https://find-and-update.company-information.service.gov.uk/search/companies?q=Sport+Lisboa+e+Benfica+Futebol+SAD,1620597996,18:06:36,20210509
27,2009-09-30,SLBEN.LS,EUR,2009-09-30,2009-09-30,Q3,14209389,4762478.0,9446911.0,0.6648358349539167,0.0,0.0,0.0,0.0,14602976.0,19365454.0,1567404.0,6334903.0,1178838.0,0.08296190638457432,-5156065.0,-0.3628632448587339,0.0,-6055562.0,-0.426166248246142,15600.0,-6071162.0,-0.4272641138897668,-0.4,-0.4,23000000,23000000,https://find-and-update.company-information.service.gov.uk/search/companies?q=Sport+Lisboa+e+Benfica+Futebol+SAD,https://find-and-update.company-information.service.gov.uk/search/companies?q=Sport+Lisboa+e+Benfica+Futebol+SAD,1620597996,18:06:36,20210509
