,date,symbol,reportedCurrency,fillingDate,acceptedDate,period,revenue,costOfRevenue,grossProfit,grossProfitRatio,researchAndDevelopmentExpenses,generalAndAdministrativeExpenses,sellingAndMarketingExpenses,otherExpenses,operatingExpenses,costAndExpenses,interestExpense,depreciationAndAmortization,ebitda,ebitdaratio,operatingIncome,operatingIncomeRatio,totalOtherIncomeExpensesNet,incomeBeforeTax,incomeBeforeTaxRatio,incomeTaxExpense,netIncome,netIncomeRatio,eps,epsdiluted,weightedAverageShsOut,weightedAverageShsOutDil,link,finalLink,timestamp,est_time,est_date
0,2020-12-31,NMDC.NS,INR,2020-12-31,2020-12-31,Q4,43551000000.0,7314800000.0,36236200000.0,0.8320405960827536,0.0,0.0,2238900000.0,1058700000.0,9174400000.0,16489200000.0,16400000.0,605900000.0,27667700000.0,0.6352942527152075,27061800000.0,0.6213818282014191,0.0,28104100000.0,0.6453146885260959,7020100000.0,21578100000.0,0.49546738306812704,7.05,7.05,3060723404,3060723404,https://www.nseindia.com/companies-listing/corporate-filings-annual-reports,https://www.nseindia.com/companies-listing/corporate-filings-annual-reports,1620595732,17:28:52,20210509
1,2020-09-30,NMDC.NS,INR,2020-09-30,2020-09-30,Q3,22298900000.0,4866700000.0,17432200000.0,0.7817515662207553,0.0,0.0,1249400000.0,887800000.0,7680100000.0,12546800000.0,17200000.0,536300000.0,10288400000.0,0.461385987649615,9752100000.0,0.4373354739471454,0.0,10622700000.0,0.47637775854414344,2892000000.0,7523700000.0,0.33740229338666927,2.46,2.46,3058414634,3058414634,https://www.nseindia.com/companies-listing/corporate-filings-annual-reports,https://www.nseindia.com/companies-listing/corporate-filings-annual-reports,1620595732,17:28:52,20210509
2,2020-06-30,NMDC.NS,INR,2020-06-30,2020-06-30,Q2,19375000000.0,4172500000.0,15202500000.0,0.7846451612903226,0.0,0.0,1197300000.0,717700000.0,8242500000.0,12415000000.0,93200000.0,573900000.0,7533900000.0,0.3888464516129032,6960000000.0,0.3592258064516129,0.0,7584500000.0,0.391458064516129,2266700000.0,5310100000.0,0.27406967741935484,1.73,1.73,3069421965,3069421965,https://www.nseindia.com/companies-listing/corporate-filings-annual-reports,https://www.nseindia.com/companies-listing/corporate-filings-annual-reports,1620595732,17:28:52,20210509
3,2020-03-31,NMDC.NS,INR,2020-03-31,2020-03-31,Q1,31873400000.0,7362800000.0,24510600000.0,0.7689986007140751,0.0,259900000.0,2243500000.0,-2772200000.0,10258700000.0,17621500000.0,-213200000.0,676800000.0,14928700000.0,0.46837488313138853,14251900000.0,0.44714087609103514,0.0,14785500000.0,0.4638821085921176,11312200000.0,3153900000.0,0.09895084929753337,1.0312205431331978,1.0312205431331978,3058414634,3058414634,https://www.nseindia.com/companies-listing/corporate-filings-annual-reports,https://www.nseindia.com/companies-listing/corporate-filings-annual-reports,1620595732,17:28:52,20210509
4,2019-12-31,NMDC.NS,INR,2019-12-31,2019-12-31,Q4,30063800000.0,6017600000.0,24046200000.0,0.7998390090407733,0.0,0.0,1941900000.0,1302100000.0,8792000000.0,14809600000.0,97600000.0,646900000.0,15901100000.0,0.5289118474710449,15254200000.0,0.507394274842169,0.0,16458700000.0,0.5474590703769983,2706900000.0,13944000000.0,0.4638136230283597,4.55,4.55,3064615385,3064615385,https://www.nseindia.com/companies-listing/corporate-filings-annual-reports,https://www.nseindia.com/companies-listing/corporate-filings-annual-reports,1620595732,17:28:52,20210509
5,2019-09-30,NMDC.NS,INR,2019-09-30,2019-09-30,Q3,22417600000.0,4705400000.0,17712200000.0,0.7901024195275141,0.0,0.0,1149600000.0,1276300000.0,8104100000.0,12809500000.0,97200000.0,976800000.0,10584900000.0,0.47216918849475414,9608100000.0,0.4285962814931126,0.0,10787200000.0,0.48119334808364855,3770700000.0,6919400000.0,0.3086592677182214,2.26,2.26,3061681416,3061681416,https://www.nseindia.com/companies-listing/corporate-filings-annual-reports,https://www.nseindia.com/companies-listing/corporate-filings-annual-reports,1620595732,17:28:52,20210509
6,2019-06-30,NMDC.NS,INR,2019-06-30,2019-06-30,Q2,32637400000.0,6282200000.0,26355200000.0,0.8075153045279342,0.0,0.0,1901000000.0,1229100000.0,8347900000.0,14630100000.0,117300000.0,648800000.0,18656100000.0,0.5716172244112583,18007300000.0,0.5517381899293449,0.0,19118900000.0,0.5857972755182704,7337400000.0,11715600000.0,0.3589624173494212,3.83,3.83,3058903394,3058903394,https://www.nseindia.com/companies-listing/corporate-filings-annual-reports,https://www.nseindia.com/companies-listing/corporate-filings-annual-reports,1620595732,17:28:52,20210509
7,2019-03-31,NMDC.NS,INR,2019-03-31,2019-03-31,Q1,36433200000.0,6949800000.0,29483400000.0,0.8092454135239288,0.0,205600000.0,1530200000.0,-2868400000.0,9366900000.0,16316700000.0,102400000.0,151400000.0,20267900000.0,0.5563030422801182,20116500000.0,0.5521474918480946,0.0,21957900000.0,0.6026893053588486,7438100000.0,14488500000.0,0.3976730015480386,4.737258264112792,4.737258264112792,3058414634,3058414634,https://www.nseindia.com/companies-listing/corporate-filings-annual-reports,https://www.nseindia.com/companies-listing/corporate-filings-annual-reports,1620595732,17:28:52,20210509
8,2018-12-31,NMDC.NS,INR,2018-12-31,2018-12-31,Q4,36494400000.0,6888700000.0,29605700000.0,0.8112395326406243,0.0,0.0,1696600000.0,1362900000.0,8766500000.0,15655200000.0,96200000.0,694000000.0,21533200000.0,0.5900412118023587,20839200000.0,0.5710245955543864,0.0,22105900000.0,0.605734030426586,6347000000.0,15697700000.0,0.43013996667981935,4.96,4.96,3164858871,3164858871,https://www.nseindia.com/companies-listing/corporate-filings-annual-reports,https://www.nseindia.com/companies-listing/corporate-filings-annual-reports,1620595732,17:28:52,20210509
9,2018-09-30,NMDC.NS,INR,2018-09-30,2018-09-30,Q3,24379200000.0,4820500000.0,19558700000.0,0.8022699678414386,0.0,0.0,338900000.0,1311300000.0,7653800000.0,12474300000.0,96500000.0,675300000.0,12580200000.0,0.5160218546958063,11904900000.0,0.4883220122071274,0.0,13119700000.0,0.538151374942574,6767000000.0,6324600000.0,0.2594260681236464,2.0,2.0,3162300000,3162300000,https://www.nseindia.com/companies-listing/corporate-filings-annual-reports,https://www.nseindia.com/companies-listing/corporate-filings-annual-reports,1620595732,17:28:52,20210509
10,2018-06-30,NMDC.NS,INR,2018-06-30,2018-06-30,Q2,24219900000.0,4850800000.0,19369100000.0,0.7997184133708232,0.0,0.0,317600000.0,1253400000.0,5757700000.0,10608500000.0,108100000.0,615900000.0,14227300000.0,0.587421913385274,13611400000.0,0.5619924111990553,0.0,14756700000.0,0.6092799722542207,5013200000.0,9677600000.0,0.39957225256916834,3.06,3.06,3162614379,3162614379,https://www.nseindia.com/companies-listing/corporate-filings-annual-reports,https://www.nseindia.com/companies-listing/corporate-filings-annual-reports,1620595732,17:28:52,20210509
11,2013-12-31,NMDC.NS,INR,2013-12-31,2013-12-31,Q4,0.0,0.0,0.0,0.0,0.0,0.0,0.0,0.0,0.0,0.0,0.0,0.0,0.0,0.0,0.0,0.0,0.0,0.0,0.0,0.0,0.0,0.0,3.95,3.95,3964716000,3964716000,https://www.nseindia.com/companies-listing/corporate-filings-annual-reports,https://www.nseindia.com/companies-listing/corporate-filings-annual-reports,1620595732,17:28:52,20210509
12,2013-09-30,NMDC.NS,INR,2013-09-30,2013-09-30,Q3,0.0,0.0,0.0,0.0,0.0,0.0,0.0,0.0,0.0,0.0,0.0,352725000.0,0.0,0.0,0.0,0.0,0.0,0.0,0.0,0.0,0.0,0.0,3.33,3.33,3964716000,3964716000,https://www.nseindia.com/companies-listing/corporate-filings-annual-reports,https://www.nseindia.com/companies-listing/corporate-filings-annual-reports,1620595732,17:28:52,20210509
13,2013-06-30,NMDC.NS,INR,2013-06-30,2013-06-30,Q2,0.0,0.0,0.0,0.0,0.0,0.0,0.0,0.0,0.0,0.0,0.0,352725000.0,0.0,0.0,0.0,0.0,0.0,0.0,0.0,0.0,0.0,0.0,3.97,3.97,3960176322,3960176322,https://www.nseindia.com/companies-listing/corporate-filings-annual-reports,https://www.nseindia.com/companies-listing/corporate-filings-annual-reports,1620595732,17:28:52,20210509
14,2013-03-31,NMDC.NS,INR,2013-03-31,2013-03-31,Q1,32077000000.0,3961500000.0,28115500000.0,0.8765002961623594,0.0,114800000.0,3979700000.0,-16553400000.0,11014400000.0,14975900000.0,132000000.0,386800000.0,17487900000.0,0.5451850235371138,17101100000.0,0.5331265392648938,0.0,22425400000.0,0.6991115129220313,7794600000.0,14649500000.0,0.45669794556847587,4.789899916493795,4.789899916493795,3058414634,3058414634,https://www.nseindia.com/companies-listing/corporate-filings-annual-reports,https://www.nseindia.com/companies-listing/corporate-filings-annual-reports,1620595732,17:28:52,20210509
15,2012-12-31,NMDC.NS,INR,2012-12-31,2012-12-31,Q4,20468300000.0,2277500000.0,18190800000.0,0.888730378194574,0.0,0.0,1763700000.0,5562600000.0,4616900000.0,6894400000.0,0.0,338700000.0,13912600000.0,0.6797144853260896,13573900000.0,0.6631669459603386,0.0,19136500000.0,0.9349335313631323,6208500000.0,12928000000.0,0.6316108323602839,3.26,3.26,3964716000,3964716000,https://www.nseindia.com/companies-listing/corporate-filings-annual-reports,https://www.nseindia.com/companies-listing/corporate-filings-annual-reports,1620595732,17:28:52,20210509
16,2012-09-30,NMDC.NS,INR,2012-09-30,2012-09-30,Q3,0.0,0.0,0.0,0.0,0.0,0.0,0.0,0.0,0.0,0.0,0.0,460875000.0,0.0,0.0,0.0,0.0,0.0,0.0,0.0,0.0,0.0,0.0,4.23,4.23,3964716000,3964716000,https://www.nseindia.com/companies-listing/corporate-filings-annual-reports,https://www.nseindia.com/companies-listing/corporate-filings-annual-reports,1620595732,17:28:52,20210509
17,2012-06-30,NMDC.NS,INR,2012-06-30,2012-06-30,Q2,0.0,0.0,0.0,0.0,0.0,0.0,0.0,0.0,0.0,0.0,0.0,460875000.0,0.0,0.0,0.0,0.0,0.0,0.0,0.0,0.0,0.0,0.0,4.81,4.81,3962577963,3962577963,https://www.nseindia.com/companies-listing/corporate-filings-annual-reports,https://www.nseindia.com/companies-listing/corporate-filings-annual-reports,1620595732,17:28:52,20210509
18,2012-03-31,NMDC.NS,INR,2012-03-31,2012-03-31,Q1,25950100000.0,3905500000.0,22044600000.0,0.8494996165718052,0.0,241100000.0,34800000.0,-14225500000.0,2588700000.0,6494200000.0,14800000.0,330800000.0,19786700000.0,0.7624903179563856,19455900000.0,0.749742775557705,0.0,24394700000.0,0.9400618880081387,7970300000.0,16422800000.0,0.6328607596887873,5.3697101162902685,5.3697101162902685,3058414634,3058414634,https://www.nseindia.com/companies-listing/corporate-filings-annual-reports,https://www.nseindia.com/companies-listing/corporate-filings-annual-reports,1620595732,17:28:52,20210509
19,2011-12-31,NMDC.NS,INR,2011-12-31,2011-12-31,Q4,28219500000.0,2884900000.0,25334600000.0,0.8977692730204291,0.0,0.0,444700000.0,5239500000.0,3057700000.0,5942600000.0,0.0,331200000.0,22608100000.0,0.801151685890962,22276900000.0,0.7894151207498361,0.0,27516400000.0,0.9750846046173746,8928300000.0,18588100000.0,0.6586970003012101,4.69,4.69,3964716000,3964716000,https://www.nseindia.com/companies-listing/corporate-filings-annual-reports,https://www.nseindia.com/companies-listing/corporate-filings-annual-reports,1620595732,17:28:52,20210509
