,date,symbol,reportedCurrency,fillingDate,acceptedDate,period,revenue,costOfRevenue,grossProfit,grossProfitRatio,researchAndDevelopmentExpenses,generalAndAdministrativeExpenses,sellingAndMarketingExpenses,otherExpenses,operatingExpenses,costAndExpenses,interestExpense,depreciationAndAmortization,ebitda,ebitdaratio,operatingIncome,operatingIncomeRatio,totalOtherIncomeExpensesNet,incomeBeforeTax,incomeBeforeTaxRatio,incomeTaxExpense,netIncome,netIncomeRatio,eps,epsdiluted,weightedAverageShsOut,weightedAverageShsOutDil,link,finalLink,timestamp,est_time,est_date
0,2021-03-31,ODFL,USD,2021-05-04,2021-05-04 16:25:17,Q1,1126515000,768516000.0,357999000.0,0.31779337159292154,0.0,52286000.0,0.0,-128000.0,88342000.0,856858000.0,507000.0,63991000.0,333648000.0,0.2961771481072156,269657000,0.239062950781836,-128000.0,269308000.0,0.239062950781836,69949000.0,199359000.0,0.17696968082981585,1.71,1.7,116498000,117256000,https://www.sec.gov/Archives/edgar/data/878927/000156459021023371/0001564590-21-023371-index.htm,https://www.sec.gov/Archives/edgar/data/878927/000156459021023371/odfl-10q_20210331.htm,1620596037,17:33:57,20210509
1,2020-12-31,ODFL,USD,2021-02-24,2021-02-24 15:53:17,Q4,1073389000,741769000.0,331620000.0,0.3089467099066601,0.0,31874000.0,0.0,-361000.0,67535000.0,809304000.0,846000.0,65110000.0,329195000.0,0.3066875103061425,264085000,0.24602916556812116,-10144000.0,253323000.0,0.23600297748532917,63491000.0,189832000.0,0.17685293961462248,1.619892821790627,1.619892821790627,117188000,117188000,https://www.sec.gov/Archives/edgar/data/878927/000156459021008056/0001564590-21-008056-index.htm,https://www.sec.gov/Archives/edgar/data/878927/000156459021008056/odfl-10k_20201231.htm,1620596037,17:33:57,20210509
2,2020-09-30,ODFL,USD,2020-11-06,2020-11-06 14:09:59,Q3,1058166000,705315000.0,352851000.0,0.33345524237217977,0.0,35005000.0,0.0,-961000.0,82607000.0,787922000.0,1071000.0,64987000.0,335231000.0,0.3168037907095862,270244000,0.2553890410389296,-961000.0,268335000.0,0.25358497627026383,66467000.0,201868000.0,0.19077158026245408,1.72,1.71,117188000,117933000,https://www.sec.gov/Archives/edgar/data/878927/000156459020051868/0001564590-20-051868-index.htm,https://www.sec.gov/Archives/edgar/data/878927/000156459020051868/odfl-10q_20200930.htm,1620596037,17:33:57,20210509
3,2020-06-30,ODFL,USD,2020-08-06,2020-08-06 09:52:47,Q2,896210000,621036000.0,275174000.0,0.3070418763459457,0.0,33143000.0,0.0,373000.0,76008000.0,697044000.0,765000.0,65735000.0,264901000.0,0.2955791611341092,199166000,0.22223139665926514,373000.0,199005000.0,0.22205175126365473,51200000.0,147805000.0,0.16492228383972507,1.26,1.25,117610000,118360000,https://www.sec.gov/Archives/edgar/data/878927/000156459020037340/0001564590-20-037340-index.htm,https://www.sec.gov/Archives/edgar/data/878927/000156459020037340/odfl-10q_20200630.htm,1620596037,17:33:57,20210509
4,2020-03-31,ODFL,USD,2020-05-05 00:00:00,2020-05-05 10:28:08,Q1,987364000,718411000.0,268953000.0,0.2723949830052544,0.0,41799000.0,0.0,-3617000.0,85783000.0,804194000.0,100000.0,65435000.0,248605000.0,0.2517865751637694,183170000,0.18551415688641676,-3617000.0,180701000.0,0.18301355933576674,47524000.0,133177000.0,0.1348813608760295,1.12,1.11,119050000,119806000,https://www.sec.gov/Archives/edgar/data/878927/000156459020021054/0001564590-20-021054-index.html,https://www.sec.gov/Archives/edgar/data/878927/000156459020021054/odfl-10q_20200331.htm,1620596037,17:33:57,20210509
5,2019-12-31,ODFL,USD,2020-02-26 00:00:00,2020-02-26 11:13:04,Q4,1009206000,732052000.0,277154000.0,0.27462579493185735,0.0,33921000.0,0.0,-375000.0,88890000.0,820942000.0,92000.0,64544000.0,252808000.0,0.250501879695523,188264000,0.18654665152605118,-375000.0,189594000.0,0.18786451923591418,45570000.0,144024000.0,0.14271020980850294,1.206667,1.2,119532000,119799000,https://www.sec.gov/Archives/edgar/data/878927/000156459020006626/0001564590-20-006626-index.html,https://www.sec.gov/Archives/edgar/data/878927/000156459020006626/odfl-10k_20191231.htm,1620596037,17:33:57,20210509
6,2019-09-30,ODFL,USD,2019-11-04 00:00:00,2019-11-04 14:45:18,Q3,1048457000,737350000.0,311107000.0,0.2967284304458838,0.0,41731000.0,0.0,-844000.0,93580000.0,830930000.0,3000.0,63493000.0,281020000.0,0.26803197460649314,217527000,0.20747345861585167,-844000.0,218394000.0,0.20830038809412307,54295000.0,164099000.0,0.15651476407711523,1.3695459856451344,1.367679722628528,119820000,119983500,https://www.sec.gov/Archives/edgar/data/878927/000156459019039710/0001564590-19-039710-index.html,https://www.sec.gov/Archives/edgar/data/878927/000156459019039710/odfl-10q_20190930.htm,1620596037,17:33:57,20210509
7,2019-06-30,ODFL,USD,2019-08-07 00:00:00,2019-08-07 14:40:16,Q2,1060666000,742032000.0,318634000.0,0.3004093654364333,0.0,38525000.0,0.0,-524000.0,84145000.0,826177000.0,160000.0,62571000.0,297060000.0,0.28006931493985854,234489000,0.22107713455508143,-524000.0,235574000.0,0.2221000767442343,61502000.0,174072000.0,0.1641157536868345,1.4411961948287424,1.438998077996156,120783000,120967500,https://www.sec.gov/Archives/edgar/data/878927/000156459019029912/0001564590-19-029912-index.html,https://www.sec.gov/Archives/edgar/data/878927/000156459019029912/odfl-10q_20190630.htm,1620596037,17:33:57,20210509
8,2019-03-31,ODFL,USD,2019-05-07 00:00:00,2019-05-07 12:26:08,Q1,990782000,727461000.0,263321000.0,0.26577087593436294,0.0,39399000.0,0.0,600000.0,84895000.0,812356000.0,122000.0,63073000.0,241499000.0,0.24374584923827844,178426000,0.1800860330526796,600000.0,180387000.0,0.18206527773011622,47064000.0,133323000.0,0.13456340547163756,1.1,1.093333,121549500,121716000,https://www.sec.gov/Archives/edgar/data/878927/000156459019016333/0001564590-19-016333-index.html,https://www.sec.gov/Archives/edgar/data/878927/000156459019016333/odfl-10q_20190331.htm,1620596037,17:33:57,20210509
9,2018-12-31,ODFL,USD,2019-02-27 00:00:00,2019-02-27 11:40:36,Q4,1026944000,728361000.0,298583000.0,0.29074905739748225,0.0,36474000.0,0.0,-2567000.0,79738000.0,808099000.0,138000.0,62555000.0,281400000.0,0.27401688894428516,218845000,0.21310314875981554,-2567000.0,217351000.0,0.21164834694004736,57892000.0,159459000.0,0.1552752633054967,1.306667,1.3,122244000,122380500,https://www.sec.gov/Archives/edgar/data/878927/000156459019004755/0001564590-19-004755-index.html,https://www.sec.gov/Archives/edgar/data/878927/000156459019004755/odfl-10k_20181231.htm,1620596037,17:33:57,20210509
10,2018-09-30,ODFL,USD,2018-11-05 00:00:00,2018-11-05 09:33:05,Q3,1058233000,747529000.0,310704000.0,0.29360641749028804,0.0,39424000.0,0.0,70000.0,82319000.0,829848000.0,29000.0,58086000.0,286471000.0,0.2707069237115078,228385000,0.21581731055448092,70000.0,229204000.0,0.2165912421933544,55762000.0,173442000.0,0.16389774274663518,1.4120779141478903,1.4105103932858398,122827500,122964000,https://www.sec.gov/Archives/edgar/data/878927/000087892718000054/0000878927-18-000054-index.html,https://www.sec.gov/Archives/edgar/data/878927/000087892718000054/odfl2018093010q.htm,1620596037,17:33:57,20210509
11,2018-06-30,ODFL,USD,2018-08-07 00:00:00,2018-08-07 13:19:50,Q2,1033498000,731094000.0,302404000.0,0.2926024046490656,0.0,37330000.0,0.0,334000.0,81923000.0,813017000.0,11000.0,56235000.0,276716000.0,0.26774701063765965,220481000,0.2133347137585172,334000.0,221472000.0,0.21429359321450064,58038000.0,163434000.0,0.1581367356298706,1.3276307452356582,1.3259827187538031,123102000,123255000,https://www.sec.gov/Archives/edgar/data/878927/000087892718000042/0000878927-18-000042-index.html,https://www.sec.gov/Archives/edgar/data/878927/000087892718000042/odfl2018063010q.htm,1620596037,17:33:57,20210509
12,2018-03-31,ODFL,USD,2018-05-07 00:00:00,2018-05-07 16:01:37,Q1,925020000,692468000.0,232552000.0,0.2514021318457979,0.0,37022000.0,0.0,-2299000.0,83212000.0,775680000.0,11000.0,53481000.0,202821000.0,0.2192612051631316,149340000,0.16144515794253098,-2299000.0,147486000.0,0.1594408769540118,38153000.0,109333000.0,0.11819528226416726,0.886152075506871,0.8850437936114753,123379500,123534000,https://www.sec.gov/Archives/edgar/data/878927/000087892718000020/0000878927-18-000020-index.html,https://www.sec.gov/Archives/edgar/data/878927/000087892718000020/odfl2018033110q.htm,1620596037,17:33:57,20210509
13,2017-12-31,ODFL,USD,2018-02-27 00:00:00,2018-02-27 12:54:04,Q4,891117000,667035000.0,224082000.0,0.25146192924161476,0.0,34602000.0,0.0,361000.0,80625000.0,747660000.0,362000.0,53093000.0,196550000.0,0.22056587406591951,143457000,0.16098559448422597,361000.0,143864000.0,0.16144232463301678,-53386000.0,197250000.0,0.22135140503435577,1.6,1.593333,123423000,123564000,https://www.sec.gov/Archives/edgar/data/878927/000087892718000005/0000878927-18-000005-index.html,https://www.sec.gov/Archives/edgar/data/878927/000087892718000005/a201710-k.htm,1620596037,17:33:57,20210509
14,2017-09-30,ODFL,USD,2017-11-07 00:00:00,2017-11-06 17:38:15,Q3,872987000,634033000.0,238954000.0,0.2737199981213924,0.0,35275000.0,0.0,977000.0,75079000.0,709112000.0,555000.0,51934000.0,215809000.0,0.24720757582873515,163875000,0.18771757196842564,977000.0,164525000.0,0.18846214204793427,62211000.0,102314000.0,0.11719991248437835,0.828929992141231,0.8279740878762498,123429000,123571500,https://www.sec.gov/Archives/edgar/data/878927/000087892717000035/0000878927-17-000035-index.html,https://www.sec.gov/Archives/edgar/data/878927/000087892717000035/odfl2017093010q.htm,1620596037,17:33:57,20210509
15,2017-06-30,ODFL,USD,2017-08-07 00:00:00,2017-08-07 15:36:12,Q2,839912000,603775000.0,236137000.0,0.2811449294688015,0.0,35305000.0,0.0,431000.0,75705000.0,679480000.0,642000.0,50449000.0,210881000.0,0.25107511263084703,160432000,0.1910104868129042,431000.0,160290000.0,0.19084142148225053,61872000.0,98418000.0,0.11717656135404661,0.8,0.793333,123478500,123642000,https://www.sec.gov/Archives/edgar/data/878927/000087892717000027/0000878927-17-000027-index.html,https://www.sec.gov/Archives/edgar/data/878927/000087892717000027/odfl2017063010q.htm,1620596037,17:33:57,20210509
16,2017-03-31,ODFL,USD,2017-05-10 00:00:00,2017-05-10 12:31:58,Q1,754096000,577889000.0,176207000.0,0.23366653582567737,0.0,30305000.0,0.0,-409000.0,68085000.0,645974000.0,595000.0,50287000.0,158409000.0,0.21006476628970316,108122000,0.14337962275360167,-409000.0,107153000.0,0.14209464047017886,41361000.0,65792000.0,0.08724618616197408,0.5326273947872268,0.5320136496692704,123523500,123666000,https://www.sec.gov/Archives/edgar/data/878927/000087892717000015/0000878927-17-000015-index.html,https://www.sec.gov/Archives/edgar/data/878927/000087892717000015/odfl2017033110q.htm,1620596037,17:33:57,20210509
17,2016-12-31,ODFL,USD,2017-02-27 00:00:00,2017-02-27 16:50:23,Q4,745738000,571258000.0,174480000.0,0.2339695710826054,0.0,27243000.0,0.0,-1192000.0,61033000.0,632291000.0,954000.0,49574000.0,163021000.0,0.21860358463696367,113447000,0.15212715457707668,-1192000.0,111321000.0,0.1492762873824319,42810000.0,68511000.0,0.09187006696721906,0.5544239569803717,0.5539599757428745,123571500,123675000,https://www.sec.gov/Archives/edgar/data/878927/000087892717000005/0000878927-17-000005-index.html,https://www.sec.gov/Archives/edgar/data/878927/000087892717000005/a201610-k.htm,1620596037,17:33:57,20210509
18,2016-09-30,ODFL,USD,2016-11-07 00:00:00,2016-11-07 10:40:27,Q3,782611000,578271000.0,204340000.0,0.26110034231565876,0.0,29035000.0,0.0,-6000.0,66936000.0,645207000.0,1131000.0,49041000.0,186445000.0,0.2382345763093031,137404000,0.17557126081795427,-6000.0,136277000.0,0.1741312095025498,50696000.0,85581000.0,0.10935317801564251,0.6895409828140485,0.6889664416563017,124113000,124216500,https://www.sec.gov/Archives/edgar/data/878927/000087892716000089/0000878927-16-000089-index.html,https://www.sec.gov/Archives/edgar/data/878927/000087892716000089/odfl2016093010q.htm,1620596037,17:33:57,20210509
19,2016-06-30,ODFL,USD,2016-08-08 00:00:00,2016-08-08 16:46:25,Q2,755435000,555579000.0,199856000.0,0.2645575066021564,0.0,30105000.0,0.0,-260000.0,66420000.0,621999000.0,1064000.0,46480000.0,179916000.0,0.23816211851449826,133436000,0.17663465420585492,-260000.0,132124000.0,0.17489790650419956,50736000.0,81388000.0,0.10773660209018644,0.6509425662435716,0.6507317814210272,125031000,125071500,https://www.sec.gov/Archives/edgar/data/878927/000087892716000079/0000878927-16-000079-index.html,https://www.sec.gov/Archives/edgar/data/878927/000087892716000079/odfl2016063010q.htm,1620596037,17:33:57,20210509
20,2016-03-31,ODFL,USD,2016-05-06 00:00:00,2016-05-06 14:05:41,Q1,707733000,541782000.0,165951000.0,0.23448249551737732,0.0,28147000.0,0.0,-516000.0,66403000.0,608185000.0,1183000.0,44772000.0,144320000.0,0.20391870945681492,99548000,0.14065756436396212,-516000.0,97865000.0,0.13827954892593675,37580000.0,60285000.0,0.08518042821233432,0.48,0.48,125974500,125974500,https://www.sec.gov/Archives/edgar/data/878927/000087892716000066/0000878927-16-000066-index.html,https://www.sec.gov/Archives/edgar/data/878927/000087892716000066/odfl2016033110q.htm,1620596037,17:33:57,20210509
21,2015-12-31,ODFL,USD,2016-02-29 00:00:00,2016-02-29 12:08:12,Q4,734572000,560964000.0,173608000.0,0.2363389837891997,0.0,26903000.0,0.0,-678000.0,59686000.0,620650000.0,1309000.0,44223000.0,158145000.0,0.215288630658397,113922000,0.1550862270818926,-678000.0,111957000.0,0.15241119999128744,39733000.0,72224000.0,0.09832119928339224,0.566667,0.566667,126877500,126877500,https://www.sec.gov/Archives/edgar/data/878927/000087892716000055/0000878927-16-000055-index.html,https://www.sec.gov/Archives/edgar/data/878927/000087892716000055/a201510-k.htm,1620596037,17:33:57,20210509
22,2015-09-30,ODFL,USD,2015-11-09 00:00:00,2015-11-09 12:10:57,Q3,779474000,570514000.0,208960000.0,0.268078216848798,0.0,31217000.0,0.0,-1866000.0,69106000.0,639620000.0,1163000.0,42561000.0,182415000.0,0.23402320026068862,139854000,0.17942099415759857,-1866000.0,136858000.0,0.17557737653853753,52490000.0,84368000.0,0.10823709321927351,0.66,0.66,127870500,127870500,https://www.sec.gov/Archives/edgar/data/878927/000087892715000044/0000878927-15-000044-index.html,https://www.sec.gov/Archives/edgar/data/878927/000087892715000044/odfl2015093010q.htm,1620596037,17:33:57,20210509
23,2015-06-30,ODFL,USD,2015-08-06 00:00:00,2015-08-06 16:39:25,Q2,762151000,555760000.0,206391000.0,0.2708006681090755,0.0,30034000.0,0.0,-441000.0,65492000.0,621252000.0,1169000.0,39771000.0,180670000.0,0.2370527625103162,140899000,0.18487018976554515,-441000.0,139372000.0,0.18286664978462272,53798000.0,85574000.0,0.11227958764076935,0.666667,0.666667,128590500,128590500,https://www.sec.gov/Archives/edgar/data/878927/000087892715000035/0000878927-15-000035-index.html,https://www.sec.gov/Archives/edgar/data/878927/000087892715000035/odfl2015063010q.htm,1620596037,17:33:57,20210509
24,2015-03-31,ODFL,USD,2015-05-07 00:00:00,2015-05-07 10:46:42,Q1,696245000,527705000.0,168540000.0,0.24206996100510597,0.0,28067000.0,0.0,-237000.0,64975000.0,592680000.0,1569000.0,38788000.0,142353000.0,0.20445820077702534,103565000,0.14874792637649104,-237000.0,101830000.0,0.1462559874756731,39306000.0,62524000.0,0.08980172209495221,0.486667,0.486667,128956500,128956500,https://www.sec.gov/Archives/edgar/data/878927/000087892715000017/0000878927-15-000017-index.html,https://www.sec.gov/Archives/edgar/data/878927/000087892715000017/odfl2015033110q.htm,1620596037,17:33:57,20210509
25,2014-12-31,ODFL,USD,2015-02-26,2015-02-26 12:11:44,Q4,721048000,545916000.0,175132000.0,0.2428853557599494,0.0,27561000.0,0.0,-530000.0,62834000.0,608750000.0,1449000.0,39546000.0,151844000.0,0.21058792202460863,112298000,0.1557427522162186,-530000.0,110349000.0,0.15303974215308827,40480000.0,69869000.0,0.0968992355571335,0.54,0.54,129231000,129231000,https://www.sec.gov/Archives/edgar/data/878927/000087892715000006/a201410-k.htm,https://www.sec.gov/Archives/edgar/data/878927/000087892715000006/a201410-k.htm,1620596037,17:33:57,20210509
26,2014-09-30,ODFL,USD,2014-11-05 00:00:00,2014-11-05 15:20:06,Q3,743586000,550267000.0,193319000.0,0.2599820330129938,0.0,28251000.0,0.0,-951000.0,67057000.0,617324000.0,1463000.0,37707000.0,163969000.0,0.22051114464231442,126262000,0.16980147555225622,-951000.0,123867000.0,0.16658059726783453,45958000.0,77909000.0,0.10477469990021329,0.6,0.6,129247500,129247500,https://www.sec.gov/Archives/edgar/data/878927/000087892714000042/0000878927-14-000042-index.html,https://www.sec.gov/Archives/edgar/data/878927/000087892714000042/odfl2014093010q.htm,1620596037,17:33:57,20210509
27,2014-06-30,ODFL,USD,2014-08-07 00:00:00,2014-08-07 12:20:56,Q2,702987000,521017000.0,181970000.0,0.25885258191118754,0.0,26991000.0,0.0,-35000.0,59275000.0,580292000.0,1622000.0,35121000.0,157816000.0,0.22449348280978168,122695000,0.17453381072480714,-35000.0,121064000.0,0.17221371092210808,47215000.0,73849000.0,0.10505030676242946,0.573333,0.573333,129247500,129247500,https://www.sec.gov/Archives/edgar/data/878927/000087892714000034/0000878927-14-000034-index.html,https://www.sec.gov/Archives/edgar/data/878927/000087892714000034/odfl2014063010q.htm,1620596037,17:33:57,20210509
28,2014-03-31,ODFL,USD,2014-05-06 00:00:00,2014-05-06 15:21:58,Q1,620276000,483209000.0,137067000.0,0.22097743585113724,0.0,25869000.0,0.0,-775000.0,57015000.0,540224000.0,2076000.0,34092000.0,114144000.0,0.18402130664413907,80052000,0.12905867710503066,-775000.0,77234000.0,0.12451553824426545,31347000.0,45887000.0,0.07397835802126795,0.353333,0.353333,129247500,129247500,https://www.sec.gov/Archives/edgar/data/878927/000087892714000020/0000878927-14-000020-index.html,https://www.sec.gov/Archives/edgar/data/878927/000087892714000020/odfl2014033110q.htm,1620596037,17:33:57,20210509
29,2013-12-31,ODFL,USD,2014-02-28,2014-02-28 15:54:29,Q4,592470000,469916000.0,122554000.0,0.2068526676456192,0.0,21981000.0,0.0,518000.0,45709000.0,515625000.0,2338000.0,33807000.0,110652000.0,0.18676388677907743,76845000,0.1297027697604942,518000.0,75071000.0,0.12670852532617685,27915000.0,47156000.0,0.07959221563961044,0.366667,0.366667,129247500,129247500,https://www.sec.gov/Archives/edgar/data/878927/000087892714000010/a201310-k.htm,https://www.sec.gov/Archives/edgar/data/878927/000087892714000010/a201310-k.htm,1620596037,17:33:57,20210509
30,2013-09-30,ODFL,USD,2013-11-08 00:00:00,2013-11-08 15:43:55,Q3,616458000,464908000.0,151550000.0,0.24583994367823922,0.0,24037000.0,0.0,-389000.0,53474000.0,518382000.0,2479000.0,32914000.0,130990000.0,0.2124881176008747,98076000,0.1590959968075684,-389000.0,95253000.0,0.154516609404047,35104000.0,60149000.0,0.09757193515211093,0.466667,0.466667,129247500,129247500,https://www.sec.gov/Archives/edgar/data/878927/000087892713000046/0000878927-13-000046-index.html,https://www.sec.gov/Archives/edgar/data/878927/000087892713000046/odfl2013093010q.htm,1620596037,17:33:57,20210509
31,2013-06-30,ODFL,USD,2013-08-08 00:00:00,2013-08-08 15:07:47,Q2,590304000,443723000.0,146581000.0,0.24831442782024177,0.0,23407000.0,0.0,-334000.0,49008000.0,492731000.0,2403000.0,30517000.0,128090000.0,0.21698988995500623,97573000,0.16529279828698434,-334000.0,94878000.0,0.16072735404130753,36623000.0,58255000.0,0.09868643952946278,0.453333,0.453333,129247500,129247500,https://www.sec.gov/Archives/edgar/data/878927/000087892713000039/0000878927-13-000039-index.html,https://www.sec.gov/Archives/edgar/data/878927/000087892713000039/odfl2013063010q.htm,1620596037,17:33:57,20210509
32,2013-03-31,ODFL,USD,2013-05-08 00:00:00,2013-05-08 16:21:33,Q1,532575000,417013000.0,115562000.0,0.2169872787870253,0.0,23482000.0,0.0,-74000.0,49618000.0,466631000.0,2400000.0,29834000.0,95778000.0,0.1798394592310942,65944000,0.12382105806693892,-74000.0,63484000.0,0.11920199033000047,22931000.0,40553000.0,0.07614514387644933,0.313333,0.313333,129247500,129247500,https://www.sec.gov/Archives/edgar/data/878927/000087892713000025/0000878927-13-000025-index.html,https://www.sec.gov/Archives/edgar/data/878927/000087892713000025/odfl2013033110q.htm,1620596037,17:33:57,20210509
33,2012-12-31,ODFL,USD,2013-02-28 00:00:00,2013-02-28 17:11:59,Q4,527345000,1253336000.0,-725991000.0,-1.3766907811774076,0.0,-811451000.0,0.0,-488000.0,-785673000.0,467663000.0,2755000.0,29948000.0,89630000.0,0.16996463415790422,59682000,0.1131744872901042,7346000.0,64279000.0,0.12189174070105908,24798000.0,39481000.0,0.0748674966103784,0.306667,0.306667,129247500,129247500,https://www.sec.gov/Archives/edgar/data/878927/000087892713000012/0000878927-13-000012-index.html,https://www.sec.gov/Archives/edgar/data/878927/000087892713000012/a10-k.htm,1620596037,17:33:57,20210509
34,2012-09-30,ODFL,USD,2012-11-06 00:00:00,2012-11-06 14:32:52,Q3,544493000,130148000.0,414345000.0,0.7609739702806096,0.0,302146000.0,0.0,0.0,330873000.0,461021000.0,2882000.0,28727000.0,112199000.0,0.2060614186040959,83472000,0.1533022463098699,-2251000.0,78361000.0,0.14391553243108726,27317000.0,51044000.0,0.09374592510831177,0.393333,0.393333,129247500,129247500,https://www.sec.gov/Archives/edgar/data/878927/000087892712000040/0000878927-12-000040-index.html,https://www.sec.gov/Archives/edgar/data/878927/000087892712000040/odfl2012093010q.htm,1620596037,17:33:57,20210509
35,2012-06-30,ODFL,USD,2012-08-09 00:00:00,2012-08-09 14:16:32,Q2,541505000,129481000.0,412024000.0,0.7608867877489589,0.0,300247000.0,0.0,0.0,326771000.0,456252000.0,2685000.0,26524000.0,111777000.0,0.20641914663761185,85253000,0.15743714277799836,-3540000.0,79061000.0,0.14600234531537104,31229000.0,47832000.0,0.08833159435277606,0.368889,0.368889,129246750,129246750,https://www.sec.gov/Archives/edgar/data/878927/000087892712000029/0000878927-12-000029-index.html,https://www.sec.gov/Archives/edgar/data/878927/000087892712000029/odfl2012063010q.htm,1620596037,17:33:57,20210509
36,2012-03-31,ODFL,USD,2012-05-08,2012-05-08 13:04:28,Q1,497140000,126803000.0,370337000.0,0.744935028362232,0.0,287946000.0,0.0,0.0,313490000.0,440293000.0,3219000.0,25544000.0,82391000.0,0.1657299754596291,56847000,0.11434807096592509,-2283000.0,51397000.0,0.10338536428370278,20302000.0,31095000.0,0.06254777326306472,0.24,0.24,129246750,129246750,https://www.sec.gov/Archives/edgar/data/878927/000119312512087645/d265073d10k.htm,https://www.sec.gov/Archives/edgar/data/878927/000119312512087645/d265073d10k.htm,1620596037,17:33:57,20210509
37,2011-12-31,ODFL,USD,2012-02-29 00:00:00,2012-02-29 11:00:03,Q4,485132000,121733000.0,363399000.0,0.749072417403923,0.0,273344000.0,0.0,0.0,297634000.0,419367000.0,3330000.0,24290000.0,90055000.0,0.185629890421576,65765000,0.1355610431800005,-1932000.0,60647000.0,0.1250113371206187,20764000.0,39883000.0,0.08221061484297057,0.3085802931214905,0.3085802931214905,129246750,129246750,https://www.sec.gov/Archives/edgar/data/878927/000119312512087645/0001193125-12-087645-index.html,https://www.sec.gov/Archives/edgar/data/878927/000119312512087645/d265073d10k.htm,1620596037,17:33:57,20210509
38,2011-09-30,ODFL,USD,2011-11-08 00:00:00,2011-11-08 11:44:44,Q3,494475000,124177000.0,370298000.0,0.7488710248243086,0.0,275889000.0,0.0,0.0,299285000.0,423462000.0,3397000.0,23396000.0,94409000.0,0.19092775165579656,71013000,0.1436129227969058,-4497000.0,63122000.0,0.12765458314373831,24491000.0,38631000.0,0.07812528439253753,0.297778,0.297778,129246750,129246750,https://www.sec.gov/Archives/edgar/data/878927/000119312511301458/0001193125-11-301458-index.html,https://www.sec.gov/Archives/edgar/data/878927/000119312511301458/d244522d10q.htm,1620596037,17:33:57,20210509
39,2011-06-30,ODFL,USD,2011-08-09 00:00:00,2011-08-09 11:20:41,Q2,480255000,123365000.0,356890000.0,0.7431260476205349,0.0,268039000.0,0.0,0.0,290052000.0,413417000.0,3464000.0,22013000.0,88851000.0,0.18500796451884935,66838000,0.13917189826238144,-2555000.0,60833000.0,0.12666812422567178,21450000.0,39383000.0,0.08200435185474383,0.306667,0.306667,129246750,129246750,https://www.sec.gov/Archives/edgar/data/878927/000119312511215739/0001193125-11-215739-index.html,https://www.sec.gov/Archives/edgar/data/878927/000119312511215739/d10q.htm,1620596037,17:33:57,20210509
40,2011-03-31,ODFL,USD,2011-05-09 00:00:00,2011-05-09 13:36:03,Q1,422679000,112452000.0,310227000.0,0.7339541354077207,0.0,248193000.0,0.0,0.0,269314000.0,381766000.0,3876000.0,21121000.0,62034000.0,0.14676385625971483,40913000,0.09679449416696831,-1574000.0,35482000.0,0.08394550001301224,13909000.0,21573000.0,0.05103873151966386,0.168889,0.168889,126576000,126576000,https://www.sec.gov/Archives/edgar/data/878927/000119312511132019/0001193125-11-132019-index.html,https://www.sec.gov/Archives/edgar/data/878927/000119312511132019/d10q.htm,1620596037,17:33:57,20210509
41,2010-12-31,ODFL,USD,2011-02-28,2011-02-28 15:55:57,Q4,398972000,187799000.0,211173000.0,0.5292927824508988,0.0,249118000.0,0.0,0.0,227909000.0,415708000.0,2950000.0,19862000.0,3126000.0,0.00783513630029175,-16736000,-0.041947805861062934,-6431000.0,35101000.0,0.08797860501488826,13045000.0,22056000.0,0.055282074932576725,0.17425104285172544,0.17425104285172544,126576000,126576000,https://www.sec.gov/Archives/edgar/data/878927/000119312511049846/d10k.htm,https://www.sec.gov/Archives/edgar/data/878927/000119312511049846/d10k.htm,1620596037,17:33:57,20210509
42,2010-09-30,ODFL,USD,2010-11-08 00:00:00,2010-11-08 14:54:40,Q3,395981000,59645000.0,336336000.0,0.8493740861303951,0.0,237350000.0,0.0,0.0,271106000.0,330751000.0,2964000.0,19396000.0,84626000.0,0.21371227407375606,65230000,0.16473012594038602,178000.0,40635000.0,0.10261855998141325,16254000.0,24381000.0,0.06157113598884795,0.195556,0.195556,125835750,125835750,https://www.sec.gov/Archives/edgar/data/878927/000119312510251879/0001193125-10-251879-index.html,https://www.sec.gov/Archives/edgar/data/878927/000119312510251879/d10q.htm,1620596037,17:33:57,20210509
43,2010-06-30,ODFL,USD,2010-08-06 00:00:00,2010-08-06 09:51:49,Q2,368250000,55577000.0,312673000.0,0.8490780719619824,0.0,218635000.0,0.0,0.0,251896000.0,307473000.0,3181000.0,19553000.0,80330000.0,0.2181398506449423,60777000,0.1650427698574338,-1029000.0,35854000.0,0.0973632043448744,14341000.0,21513000.0,0.05841955193482688,0.171852,0.171852,125836875,125836875,https://www.sec.gov/Archives/edgar/data/878927/000119312510180556/0001193125-10-180556-index.html,https://www.sec.gov/Archives/edgar/data/878927/000119312510180556/d10q.htm,1620596037,17:33:57,20210509
44,2010-03-31,ODFL,USD,2010-05-07 00:00:00,2010-05-07 15:34:34,Q1,317795000,47592000.0,270203000.0,0.8502430812316115,0.0,201500000.0,0.0,0.0,236054000.0,283646000.0,3518000.0,21551000.0,55700000.0,0.1752702213691216,34149000,0.10745606444405985,-73000.0,12836000.0,0.04039081798014443,5135000.0,7701000.0,0.024232602778520743,0.062222,0.062222,125836875,125836875,https://www.sec.gov/Archives/edgar/data/878927/000119312510112782/0001193125-10-112782-index.html,https://www.sec.gov/Archives/edgar/data/878927/000119312510112782/d10q.htm,1620596037,17:33:57,20210509
45,2009-12-31,ODFL,USD,2010-03-01 00:00:00,2010-03-01 15:53:39,Q4,310924000,44693000.0,266231000.0,0.8562574777115951,0.0,194720000.0,0.0,0.0,231852000.0,276545000.0,3348000.0,23801000.0,58180000.0,0.18711968198016235,34379000,0.11057042878645586,-376000.0,15496000.0,0.0498385457539463,5815000.0,9681000.0,0.031136226216052797,0.07693293400682431,0.07693293400682431,125836875,125836875,https://www.sec.gov/Archives/edgar/data/878927/000119312510044645/0001193125-10-044645-index.html,https://www.sec.gov/Archives/edgar/data/878927/000119312510044645/d10k.htm,1620596037,17:33:57,20210509
46,2009-09-30,ODFL,USD,2009-11-09 00:00:00,2009-11-09 14:23:40,Q3,322763000,41602000.0,281161000.0,0.8711066634031782,0.0,205702000.0,0.0,0.0,242140000.0,283742000.0,3109000.0,24036000.0,63057000.0,0.19536625945353092,39021000,0.12089675706323215,-389000.0,17235000.0,0.0533983139331336,6740000.0,10495000.0,0.03251611863813386,0.082963,0.082963,125836875,125836875,https://www.sec.gov/Archives/edgar/data/878927/000119312509229114/0001193125-09-229114-index.html,https://www.sec.gov/Archives/edgar/data/878927/000119312509229114/d10q.htm,1620596037,17:33:57,20210509
47,2009-06-30,ODFL,USD,2009-08-07 00:00:00,2009-08-07 12:29:46,Q2,316175000,37674000.0,278501000.0,0.880844469044042,0.0,202350000.0,0.0,0.0,238821000.0,276495000.0,3330000.0,23948000.0,63628000.0,0.20124298252550013,39680000,0.12550011860520283,-253000.0,17885000.0,0.05656677472918479,7163000.0,10722000.0,0.033911599588835294,0.085926,0.085926,125836875,125836875,https://www.sec.gov/Archives/edgar/data/878927/000119312509168650/0001193125-09-168650-index.html,https://www.sec.gov/Archives/edgar/data/878927/000119312509168650/d10q.htm,1620596037,17:33:57,20210509
48,2009-03-31,ODFL,USD,2009-05-07 00:00:00,2009-05-07 14:14:40,Q1,295143000,31406000.0,263737000.0,0.8935905645737828,0.0,198218000.0,0.0,0.0,233136000.0,264542000.0,3254000.0,22999000.0,53600000.0,0.18160688208766598,30601000,0.10368194400680349,-284000.0,6549000.0,0.022189243858062025,2576000.0,3973000.0,0.013461271315938375,0.032593,0.032593,125835778,125835778,https://www.sec.gov/Archives/edgar/data/878927/000119312509103121/0001193125-09-103121-index.html,https://www.sec.gov/Archives/edgar/data/878927/000119312509103121/d10q.htm,1620596037,17:33:57,20210509
49,2008-12-31,ODFL,USD,2009-03-02 00:00:00,2009-03-02 14:45:04,Q4,335836000,36670000.0,299166000.0,0.8908098000214391,0.0,211636000.0,0.0,0.0,245999000.0,282669000.0,3416000.0,22386000.0,75553000.0,0.22496992579711525,53167000,0.15831239057158852,-1479000.0,18192000.0,0.05416929691873414,7144000.0,11048000.0,0.032897009254517086,0.08779696979343983,0.08779696979343983,125835778,125835778,https://www.sec.gov/Archives/edgar/data/878927/000119312509042346/0001193125-09-042346-index.html,https://www.sec.gov/Archives/edgar/data/878927/000119312509042346/d10k.htm,1620596037,17:33:57,20210509
50,2008-09-30,ODFL,USD,2008-11-07 00:00:00,2008-11-07 11:38:39,Q3,415874000,77223000.0,338651000.0,0.8143115462856538,0.0,236660000.0,0.0,0.0,272066000.0,349289000.0,3584000.0,22045000.0,88630000.0,0.2131174346075975,66585000,0.16010859058272459,-790000.0,38293000.0,0.0920783698908804,14934000.0,23359000.0,0.05616845486854191,0.186667,0.186667,125836875,125836875,https://www.sec.gov/Archives/edgar/data/878927/000119312508229438/0001193125-08-229438-index.html,https://www.sec.gov/Archives/edgar/data/878927/000119312508229438/d10q.htm,1620596037,17:33:57,20210509
51,2008-06-30,ODFL,USD,2008-08-08 00:00:00,2008-08-08 17:01:03,Q2,417840000,85699000.0,332141000.0,0.7948999617078307,0.0,232782000.0,0.0,0.0,268227000.0,353926000.0,3584000.0,21513000.0,85427000.0,0.20444907141489566,63914000,0.15296285659582615,-451000.0,39150000.0,0.09369615163699023,15269000.0,23881000.0,0.05715345586827494,0.18963,0.18963,125835778,125835778,https://www.sec.gov/Archives/edgar/data/878927/000119312508172069/0001193125-08-172069-index.html,https://www.sec.gov/Archives/edgar/data/878927/000119312508172069/d10q.htm,1620596037,17:33:57,20210509
52,2008-03-31,ODFL,USD,2008-05-07 00:00:00,2008-05-07 17:27:48,Q1,368174000,111419000.0,256755000.0,0.6973740676962523,0.0,14786000.0,0.0,0.0,350919000.0,462338000.0,0.0,21169000.0,-72995000.0,-0.1982622347042431,-94164000,-0.25575950501664974,0.0,17031000.0,0.04625801930608897,6642000.0,10389000.0,0.0282176362263495,0.082963,0.082963,125835778,125835778,https://www.sec.gov/Archives/edgar/data/878927/000119312508106113/0001193125-08-106113-index.html,https://www.sec.gov/Archives/edgar/data/878927/000119312508106113/d10q.htm,1620596037,17:33:57,20210509
53,2007-12-31,ODFL,USD,2008-02-29,2008-02-29 12:10:06,Q4,358685000,38226000.0,320459000.0,0.8934273805706957,0.0,804072000.0,0.0,0.0,-28972000.0,9254000.0,0.0,20813000.0,370244000.0,1.0322260479250596,349431000,0.9742002035211955,0.0,25481000.0,0.07104004906812385,9769000.0,15712000.0,0.04380445237464628,0.12486115037966389,0.12486115037966389,125835778,125835778,https://www.sec.gov/Archives/edgar/data/878927/000119312508043137/d10k.htm,https://www.sec.gov/Archives/edgar/data/878927/000119312508043137/d10k.htm,1620596037,17:33:57,20210509
54,2007-09-30,ODFL,USD,2007-11-07 00:00:00,2007-11-07 11:24:56,Q3,363298000,104592000.0,258706000.0,0.7121041128770321,0.0,13368000.0,0.0,0.0,332313000.0,436905000.0,0.0,20556000.0,-53051000.0,-0.1460261273114633,-73607000,-0.20260777653606682,0.0,31289000.0,0.08612488920940936,11279000.0,20010000.0,0.05507875077759856,0.16,0.16,125835778,125835778,https://www.sec.gov/Archives/edgar/data/878927/000119312507237969/0001193125-07-237969-index.html,https://www.sec.gov/Archives/edgar/data/878927/000119312507237969/d10q.htm,1620596037,17:33:57,20210509
55,2007-06-30,ODFL,USD,2007-08-08 00:00:00,2007-08-08 12:03:51,Q2,359617000,100753000.0,258864000.0,0.7198324884529931,0.0,13621000.0,0.0,0.0,321984000.0,422737000.0,0.0,20062000.0,-43058000.0,-0.11973293809803208,-63120000,-0.17552006718258592,9000.0,37255000.0,0.10359632609136943,14716000.0,22539000.0,0.06267501258283117,0.177778,0.177778,125835778,125835778,https://www.sec.gov/Archives/edgar/data/878927/000119312507175082/0001193125-07-175082-index.html,https://www.sec.gov/Archives/edgar/data/878927/000119312507175082/d10q.htm,1620596037,17:33:57,20210509
56,2007-03-31,ODFL,USD,2007-05-09 00:00:00,2007-05-09 10:34:32,Q1,319942000,92520000.0,227422000.0,0.7108225865938201,0.0,12016000.0,0.0,0.0,297615000.0,390135000.0,0.0,18432000.0,-51761000.0,-0.16178244806871245,-70193000,-0.2193928899613055,0.0,21770000.0,0.06804358289940052,8199000.0,13571000.0,0.04241706309268555,0.106667,0.106667,125835778,125835778,https://www.sec.gov/Archives/edgar/data/878927/000119312507107531/0001193125-07-107531-index.html,https://www.sec.gov/Archives/edgar/data/878927/000119312507107531/d10q.htm,1620596037,17:33:57,20210509
57,2006-12-31,ODFL,USD,2007-03-01,2007-03-01 12:24:55,Q4,319419000,54253000.0,265166000.0,0.8301509928964776,0.0,701864000.0,0.0,0.0,-63058000.0,-8805000.0,0.0,0.0,446928000.0,1.3991904050792219,328224000,1.0275656739267232,0.0,28433000.0,0.08901474239165486,10592000.0,17841000.0,0.05585453589172842,0.1417800269808798,0.1417800269808798,125835778,125835778,https://www.sec.gov/Archives/edgar/data/878927/000119312507043879/d10k.htm,https://www.sec.gov/Archives/edgar/data/878927/000119312507043879/d10k.htm,1620596037,17:33:57,20210509
58,2006-09-30,ODFL,USD,2006-11-07,2006-11-07 09:01:32,Q3,337569000,98303000.0,239266000.0,0.7087913878347835,0.0,12309000.0,0.0,0.0,303706000.0,402009000.0,0.0,17476000.0,-46964000.0,-0.13912414943315293,-64440000,-0.1908943060529847,0.0,33201000.0,0.09835322556277383,13098000.0,20103000.0,0.059552269313829176,0.16,0.159756,125835778,125835778,https://www.sec.gov/Archives/edgar/data/878927/000119312506226055/d10q.htm,https://www.sec.gov/Archives/edgar/data/878927/000119312506226055/d10q.htm,1620596037,17:33:57,20210509
59,2006-06-30,ODFL,USD,2006-08-08,2006-08-08 16:00:06,Q2,330812000,94836000.0,235976000.0,0.7133235795557598,0.0,12689000.0,0.0,0.0,295109000.0,389945000.0,0.0,16756000.0,-42377000.0,-0.12809994800672286,-59133000,-0.17875107311705743,-176000.0,36009000.0,0.10885034400203136,14404000.0,21605000.0,0.06530899725523863,0.171852,0.171692,125835778,125835778,https://www.sec.gov/Archives/edgar/data/878927/000119312506165663/d10q.htm,https://www.sec.gov/Archives/edgar/data/878927/000119312506165663/d10q.htm,1620596037,17:33:57,20210509
60,2006-03-31,ODFL,USD,2006-05-10,2006-05-10 13:17:29,Q1,291631000,83363000.0,208268000.0,0.7141490445117289,0.0,12080000.0,0.0,0.0,270819000.0,354182000.0,0.0,15537000.0,-47014000.0,-0.16121057089266916,-62551000,-0.21448680010012652,-271000.0,21700000.0,0.07440909916984134,8680000.0,13020000.0,0.0446454595019048,0.103704,0.103468,125835778,125835778,https://www.sec.gov/Archives/edgar/data/878927/000119312506056599/d10k.htm,https://www.sec.gov/Archives/edgar/data/878927/000119312506056599/d10k.htm,1620596037,17:33:57,20210509
61,2005-12-31,ODFL,USD,2006-03-16,2006-03-16 15:34:35,Q4,285211000,15080000.0,270131000.0,0.9471268639708847,0.0,632329000.0,0.0,0.0,7489000.0,22569000.0,0.0,15183000.0,277825000.0,0.9741033831093471,262642000,0.9208691109389189,0.0,24620000.0,0.08632205630217628,9931000.0,14281000.0,0.0500717013018432,0.11348918588161787,0.11348918588161787,125835778,125835778,https://www.sec.gov/Archives/edgar/data/878927/000119312506056599/d10k.htm,https://www.sec.gov/Archives/edgar/data/878927/000119312506056599/d10k.htm,1620596037,17:33:57,20210509
62,2005-09-30,ODFL,USD,2005-11-09,2005-11-09 09:14:27,Q3,275076000,79225000.0,195851000.0,0.7119886867629309,0.0,10559000.0,0.0,0.0,248713000.0,327938000.0,0.0,14716000.0,-38146000.0,-0.13867440271052364,-52862000,-0.19217234509735492,0.0,26691000.0,0.0970313658770667,10756000.0,15935000.0,0.0579294449533947,0.12667924126074614,0.1266728124642677,125790144,125796528,https://www.sec.gov/Archives/edgar/data/878927/000119312505220802/d10q.htm,https://www.sec.gov/Archives/edgar/data/878927/000119312505220802/d10q.htm,1620596037,17:33:57,20210509
63,2005-06-30,ODFL,USD,2005-08-09,2005-08-09 09:03:32,Q2,264346000,74359000.0,189987000.0,0.7187057871123452,0.0,10720000.0,0.0,0.0,241417000.0,315776000.0,0.0,13663000.0,-37767000.0,-0.1428695724542834,-51430000,-0.19455562028553486,0.0,23310000.0,0.0881798854531561,9394000.0,13916000.0,0.05264312681107337,0.110617,0.110596,125779002,125827171,https://www.sec.gov/Archives/edgar/data/878927/000119312505161803/d10q.htm,https://www.sec.gov/Archives/edgar/data/878927/000119312505161803/d10q.htm,1620596037,17:33:57,20210509
64,2005-03-31,ODFL,USD,2005-05-10,2005-05-10 16:43:55,Q1,236770000,66252000.0,170518000.0,0.7201841449507961,0.0,143989000.0,0.0,0.0,221631000.0,287883000.0,0.0,12335000.0,-38778000.0,-0.16377919499936647,-51113000,-0.21587616674409765,-153000.0,15650000.0,0.06609790091650125,6307000.0,9343000.0,0.03946023567174895,0.0742810791263871,0.07425177960685801,125779002,125828634,https://www.sec.gov/Archives/edgar/data/878927/000119312505052687/d10k.htm,https://www.sec.gov/Archives/edgar/data/878927/000119312505052687/d10k.htm,1620596037,17:33:57,20210509
65,2004-12-31,ODFL,USD,2005-03-16,2005-03-16 15:54:26,Q4,224036000,62395000.0,161641000.0,0.7214956524844222,0.0,133228000.0,0.0,0.0,206670000.0,269065000.0,0.0,11785000.0,-33244000.0,-0.148386866396472,-45029000,-0.20099001946115802,0.0,17796000.0,0.07943366244710671,7192000.0,10604000.0,0.047331678837329715,0.08430659992039052,0.08430659992039052,125779002,125779002,https://www.sec.gov/Archives/edgar/data/878927/000119312505052687/d10k.htm,https://www.sec.gov/Archives/edgar/data/878927/000119312505052687/d10k.htm,1620596037,17:33:57,20210509
66,2004-09-30,ODFL,USD,2004-11-08,2004-11-08 13:25:07,Q3,215117000,54566000.0,160551000.0,0.7463426879326134,0.0,129609000.0,0.0,0.0,195515000.0,250081000.0,0.0,11536000.0,-23428000.0,-0.10890817555097923,-34964000,-0.16253480664010747,0.0,20130000.0,0.09357698368794656,7915000.0,12215000.0,0.05678305294328203,0.09808118907900527,0.09801823498664565,124539681,124619669,https://www.sec.gov/Archives/edgar/data/878927/000119312504189113/d10q.htm,https://www.sec.gov/Archives/edgar/data/878927/000119312504189113/d10q.htm,1620596037,17:33:57,20210509
67,2004-06-30,ODFL,USD,2004-08-06,2004-08-06 13:58:29,Q2,202129000,50972000.0,151157000.0,0.7478244091644445,0.0,8977000.0,0.0,0.0,185091000.0,236063000.0,0.0,10906000.0,-23028000.0,-0.11392724448248395,-33934000,-0.16788288667138312,211000.0,17297000.0,0.08557406408778552,6836000.0,10461000.0,0.051754077841378525,0.08576426011190838,0.08569800628802669,121973885,122068184,https://www.sec.gov/Archives/edgar/data/878927/000119312504134102/d10q.htm,https://www.sec.gov/Archives/edgar/data/878927/000119312504134102/d10q.htm,1620596037,17:33:57,20210509
68,2004-03-31,ODFL,USD,2004-05-10,2004-05-10 08:47:53,Q1,182769000,45304000.0,137465000.0,0.7521242661501677,0.0,8222000.0,0.0,0.0,173698000.0,219002000.0,0.0,10596000.0,-25637000.0,-0.1402699582533143,-36233000,-0.19824477892859294,167000.0,9364000.0,0.05123407142349085,3652000.0,5712000.0,0.03125256471283423,0.04683859799612145,0.04679682300694363,121950704,122059568,https://www.sec.gov/Archives/edgar/data/878927/000119312504038217/d10k.htm,https://www.sec.gov/Archives/edgar/data/878927/000119312504038217/d10k.htm,1620596037,17:33:57,20210509
69,2003-12-31,ODFL,USD,2004-03-10,2004-03-10 16:02:15,Q4,173976000,51384000.0,122592000.0,0.7046489170920127,0.0,7889000.0,0.0,0.0,162331000.0,213715000.0,0.0,10129000.0,-29610000.0,-0.1701958890881501,-39739000,-0.2284165632041201,-69000.0,12451000.0,0.07156734262197084,4723000.0,7728000.0,0.044419919988963996,0.0633698678771055,0.0633698678771055,121950704,121950704,https://www.sec.gov/Archives/edgar/data/878927/000119312504038217/d10k.htm,https://www.sec.gov/Archives/edgar/data/878927/000119312504038217/d10k.htm,1620596037,17:33:57,20210509
70,2003-09-30,ODFL,USD,2003-11-12,2003-11-12 11:26:13,Q3,176873000,40779000.0,136094000.0,0.7694447428380815,0.0,7780000.0,0.0,0.0,161975000.0,202754000.0,0.0,9949000.0,-15932000.0,-0.09007593018719647,-25881000,-0.14632532947369017,179000.0,15068000.0,0.0851910692983101,5952000.0,9116000.0,0.05153980539709283,0.075062,0.074698,121905863,122038024,https://www.sec.gov/Archives/edgar/data/878927/000119312503077892/d10q.htm,https://www.sec.gov/Archives/edgar/data/878927/000119312503077892/d10q.htm,1620596037,17:33:57,20210509
71,2003-06-30,ODFL,USD,2003-08-14,2003-08-14 11:25:20,Q2,163817000,39501000.0,124316000.0,0.7588711794258227,0.0,7584000.0,0.0,0.0,153446000.0,192947000.0,0.0,9447000.0,-19683000.0,-0.12015236513914918,-29130000,-0.17782037273298865,-132000.0,10759000.0,0.06567694439527033,4250000.0,6509000.0,0.03973336100648895,0.053992,0.053368,121817426,121963659,https://www.sec.gov/Archives/edgar/data/878927/000119312503037291/d10q.htm,https://www.sec.gov/Archives/edgar/data/878927/000119312503037291/d10q.htm,1620596037,17:33:57,20210509
72,2003-03-31,ODFL,USD,2003-05-15 00:00:00,2003-05-15 08:41:33,Q1,152865000,36981000.0,115884000.0,0.7580806594053576,0.0,7141000.0,0.0,0.0,145966000.0,182947000.0,0.0,8685000.0,-21397000.0,-0.1399731789487456,-30082000,-0.19678801556929318,214000.0,7019000.0,0.04591633140352599,2772000.0,4247000.0,0.027782684067641384,0.035117,0.034852,121681558,121856997,https://www.sec.gov/Archives/edgar/data/878927/000102140803007810/0001021408-03-007810-index.html,https://www.sec.gov/Archives/edgar/data/878927/000102140803007810/d10q.htm,1620596037,17:33:57,20210509
73,2002-12-31,ODFL,USD,2003-03-26,2003-03-26 09:24:00,Q4,149712000,35410000.0,114302000.0,0.7634792134231057,0.0,7477000.0,0.0,0.0,141111000.0,176521000.0,0.0,8151000.0,-18658000.0,-0.12462594848776318,-26809000,-0.1790704819920915,10000.0,8956000.0,0.05982152399273272,3493000.0,5463000.0,0.03649006091696057,0.04489587485393637,0.04489587485393637,121681558,121681558,https://www.sec.gov/Archives/edgar/data/878927/000102140803004927/d10k.htm,https://www.sec.gov/Archives/edgar/data/878927/000102140803004927/d10k.htm,1620596037,17:33:57,20210509
74,2002-09-30,ODFL,USD,2002-11-13,2002-11-13 09:22:09,Q3,149931000,37086000.0,112845000.0,0.7526462172599395,0.0,7027000.0,0.0,0.0,139720000.0,176806000.0,0.0,7735000.0,-19140000.0,-0.1276587230125858,-26875000,-0.17924912126244738,122000.0,10484000.0,0.06992549906290227,4088000.0,6396000.0,0.042659623426776316,0.067599,0.06747,94742081,94798100,https://www.sec.gov/Archives/edgar/data/878927/000095016802003303/d10q.htm,https://www.sec.gov/Archives/edgar/data/878927/000095016802003303/d10q.htm,1620596037,17:33:57,20210509
75,2002-06-30,ODFL,USD,2002-06-30,2002-06-30,Q2,139669000,33228000.0,106441000.0,0.7620946666762131,0.0,7160000.0,0.0,0.0,132895000.0,166123000.0,0.0,7741000.0,-18713000.0,-0.13398105520910153,-26454000,-0.18940495027529372,70000.0,7149000.0,0.0511853023935161,2788000.0,4361000.0,0.031223822036386028,0.046035075286085136,0.04600905765474035,94732114,94785684,,,1620596037,17:33:57,20210509
76,2002-03-31,ODFL,USD,2002-05-10,2002-05-10,Q1,127147000,30155000.0,96992000.0,0.76283357059152,0.0,6572000.0,0.0,0.0,123882000.0,154037000.0,0.0,7454000.0,-19436000.0,-0.1528624348195396,-26890000,-0.2114874908570395,83000.0,3676000.0,0.028911417493137866,1434000.0,2242000.0,0.01763313330239801,0.023704,0.023663,94691780,94745225,https://www.sec.gov/Archives/edgar/data/878927/000102140802006563/0001021408-02-006563-index.htm,https://www.sec.gov/Archives/edgar/data/878927/000102140802006563/d10q.txt,1620596037,17:33:57,20210509
77,2001-12-31,ODFL,USD,2002-03-26,2002-03-26,Q4,124404000,28485000.0,95919000.0,0.7710282627568246,0.0,5881000.0,0.0,0.0,118480000.0,146965000.0,0.0,7562000.0,-14999000.0,-0.12056686280183918,-22561000,-0.18135268962412784,-456000.0,6800000.0,0.05466062184495676,2652000.0,4148000.0,0.03334297932542362,0.04380528066955759,0.04380528066955759,94691780,94691780,https://www.sec.gov/Archives/edgar/data/878927/000095016802000485/0000950168-02-000485-index.htm,https://www.sec.gov/Archives/edgar/data/878927/000095016802000485/d10k405.txt,1620596037,17:33:57,20210509
78,2001-09-30,ODFL,USD,2001-11-09 00:00:00,2001-11-09 00:00:00,Q3,128960000,31748000.0,97212000.0,0.7538151364764268,0.0,6554000.0,0.0,0.0,123085000.0,154833000.0,0.0,7517000.0,-18356000.0,-0.14233870967741935,-25873000,-0.2006281017369727,267000.0,5999000.0,0.04651830024813896,2340000.0,3659000.0,0.028373138957816377,0.03864251944664461,0.03863284373691496,94688443,94712158,https://www.sec.gov/Archives/edgar/data/878927/000102140801509722/0001021408-01-509722-index.html,https://www.sec.gov/Archives/edgar/data/878927/000102140801509722/d10q.txt,1620596037,17:33:57,20210509
79,2001-06-30,ODFL,USD,2001-08-13 00:00:00,2001-08-13 00:00:00,Q2,128605000,31391000.0,97214000.0,0.7559115119940905,0.0,6449000.0,0.0,0.0,124415000.0,155806000.0,0.0,7521000.0,-19680000.0,-0.15302670969246918,-27201000,-0.21150810621671007,-572000.0,5077000.0,0.03947746977178181,1980000.0,3097000.0,0.024081489833210217,0.03270726502494079,0.03270470393752597,94688443,94695858,https://www.sec.gov/Archives/edgar/data/878927/000102140801504977/0001021408-01-504977-index.html,https://www.sec.gov/Archives/edgar/data/878927/000102140801504977/d10q.txt,1620596037,17:33:57,20210509
80,2001-03-31,ODFL,USD,2001-03-31,2001-03-31,Q1,120270000,29551000.0,90719000.0,0.7542945040325933,0.0,6125000.0,0.0,0.0,119033000.0,148584000.0,0.0,7288000.0,-21026000.0,-0.17482331420969485,-28314000,-0.2354203043152906,70000.0,1641000.0,0.013644300324270392,640000.0,1001000.0,0.008322940051550678,0.010535,0.010535,94688443,94688443,,,1620596037,17:33:57,20210509
81,2000-12-31,ODFL,USD,2001-03-16,2001-03-16,Q4,120475000,31399000.0,89076000.0,0.7393733139655531,0.0,6602000.0,0.0,0.0,117053000.0,148452000.0,0.0,7011000.0,-20966000.0,-0.17402780659887943,-27977000,-0.23222245279103548,-136000.0,4099000.0,0.03402365636024071,1599000.0,2500000.0,0.020751193193608634,0.026402377320746524,0.026402377320746524,94688443,94688443,https://www.sec.gov/Archives/edgar/data/878927/000095016801000524/0000950168-01-000524-index.htm,https://www.sec.gov/Archives/edgar/data/878927/000095016801000524/0000950168-01-000524-0001.txt,1620596037,17:33:57,20210509
82,2000-09-30,ODFL,USD,2000-11-14 00:00:00,2000-11-14 00:00:00,Q3,122385000,30667000.0,91718000.0,0.7494219062793643,0.0,6437000.0,0.0,0.0,115902000.0,146569000.0,0.0,6936000.0,-17248000.0,-0.14093230379539975,-24184000,-0.19760591575765005,-50000.0,7037000.0,0.05749887649630265,2744000.0,4293000.0,0.035077828165216325,0.045652,0.045338,94688443,94688443,https://www.sec.gov/Archives/edgar/data/878927/000095016800002410/0000950168-00-002410-index.html,https://www.sec.gov/Archives/edgar/data/878927/000095016800002410/0000950168-00-002410-0001.txt,1620596037,17:33:57,20210509
83,2000-06-30,ODFL,USD,2000-08-09 00:00:00,2000-08-09 00:00:00,Q2,120144000,29447000.0,90697000.0,0.7549024503928619,0.0,6569000.0,0.0,0.0,113306000.0,142753000.0,0.0,6635000.0,-15974000.0,-0.13295711812491676,-22609000,-0.18818251431615396,80000.0,7502000.0,0.062441736582767346,2926000.0,4576000.0,0.03808762817951791,0.04832691144789444,0.04832465619214255,94688443,94692862,https://www.sec.gov/Archives/edgar/data/878927/000095016800001800/0000950168-00-001800-index.html,https://www.sec.gov/Archives/edgar/data/878927/000095016800001800/0000950168-00-001800-0001.txt,1620596037,17:33:57,20210509
84,2000-03-31,ODFL,USD,2000-05-10 00:00:00,2000-05-10 00:00:00,Q1,112799000,29724000.0,83075000.0,0.7364870255941985,0.0,6115000.0,0.0,0.0,109985000.0,139709000.0,0.0,6455000.0,-20455000.0,-0.1813402601086889,-26910000,-0.2385659447335526,9000.0,3815000.0,0.03382122181934237,1488000.0,2327000.0,0.020629615510775804,0.024582,0.024564,94688443,94730759,https://www.sec.gov/Archives/edgar/data/878927/000095016800001257/0000950168-00-001257-index.html,https://www.sec.gov/Archives/edgar/data/878927/0000950168-00-001257.txt,1620596037,17:33:57,20210509
85,1999-12-31,ODFL,USD,1999-12-31,1999-12-31,Q4,112317000,26707000.0,85610000.0,0.762217651824746,0.0,5674000.0,0.0,0.0,347855000.0,374562000.0,0.0,6361000.0,-255884000.0,-2.2782303658395433,-262245000,-2.334864713266914,728000.0,5792000.0,0.051568328926164336,2343000.0,3449000.0,0.03070772901697873,0.0364247197517019,0.0364247197517019,94688443,94688443,,,1620596037,17:33:57,20210509
86,1999-09-30,ODFL,USD,1999-09-30,1999-09-30,Q3,108527000,25261000.0,83266000.0,0.7672376459314272,0.0,5834000.0,0.0,0.0,20176000.0,45437000.0,0.0,6317000.0,69407000.0,0.6395367051517133,63090000,0.5813299916149898,35000.0,6805000.0,0.0627032904254241,2586000.0,4219000.0,0.03887511863407263,0.04462483685994178,0.04459320449029365,94543763,94610828,,,1620596037,17:33:57,20210509
87,1999-06-30,ODFL,USD,1999-06-30,1999-06-30,Q2,106195000,23258000.0,82937000.0,0.7809878054522341,0.0,6065000.0,0.0,0.0,19367000.0,42625000.0,0.0,6303000.0,69873000.0,0.6579688309242432,63570000,0.5986157540373841,4000.0,6878000.0,0.06476764442770375,2614000.0,4264000.0,0.040152549555063796,0.04510296894629913,0.04508638118168889,94539231,94574013,,,1620596037,17:33:57,20210509
88,1999-03-31,ODFL,USD,1999-03-31,1999-03-31,Q1,99346000,22887000.0,76459000.0,0.7696233366215046,0.0,5609000.0,0.0,0.0,18261000.0,41148000.0,0.0,6314000.0,64512000.0,0.6493668592595575,58198000,0.5858112052825478,-245000.0,3982000.0,0.04008213717713849,1513000.0,2469000.0,0.02485253558271093,0.026116142197094877,0.02610715760557966,94539231,94571766,,,1620596037,17:33:57,20210509
89,1998-12-31,ODFL,USD,1998-12-31,1998-12-31,Q4,99478000,25348000.0,74130000.0,0.7451898912322322,0.0,5309000.0,0.0,0.0,316017000.0,341365000.0,0.0,6189000.0,-235698000.0,-2.369347996541949,-241887000,-2.431562757594644,574000.0,3598000.0,0.036168801141961034,1367000.0,2231000.0,0.022427069301755163,0.02359866878967949,0.02359866878967949,94539231,94539231,,,1620596037,17:33:57,20210509
90,1998-09-30,ODFL,USD,1998-09-30,1998-09-30,Q3,99266000,23945000.0,75321000.0,0.7587794410976568,0.0,5835000.0,0.0,0.0,17686000.0,41631000.0,0.0,5734000.0,63369000.0,0.6383756774726492,57635000,0.5806116898031551,-87000.0,5519000.0,0.05559808998045655,2097000.0,3422000.0,0.0344730320552858,0.03619661344611529,0.03615793018905367,94539231,94640373,,,1620596037,17:33:57,20210509
91,1998-06-30,ODFL,USD,1998-06-30,1998-06-30,Q2,95640000,24175000.0,71465000.0,0.7472291928063571,0.0,5614000.0,0.0,0.0,17289000.0,41464000.0,0.0,5152000.0,59328000.0,0.6203262233375156,54176000,0.5664575491426181,-85000.0,5733000.0,0.0599435382685069,2179000.0,3554000.0,0.03716018402342116,0.03759325804160408,0.03751494383087174,94538228,94735581,,,1620596037,17:33:57,20210509
92,1998-03-31,ODFL,USD,1998-03-31,1998-03-31,Q1,88694000,23876000.0,64818000.0,0.7308047895009809,0.0,5527000.0,0.0,0.0,16794000.0,40670000.0,0.0,4665000.0,52689000.0,0.5940537127652378,48024000,0.541457144789952,-91000.0,3085000.0,0.03478251065461023,1172000.0,1913000.0,0.02156853902180531,0.020238882503067122,0.02020173262224361,94521029,94694848,,,1620596037,17:33:57,20210509
93,1997-12-31,ODFL,USD,1997-12-31,1997-12-31,Q4,82488000,22169000.0,60319000.0,0.731245756958588,0.0,4554000.0,0.0,0.0,269446000.0,291615000.0,0.0,4660000.0,-204467000.0,-2.47874842401319,-209127000,-2.535241489671225,542000.0,3337000.0,0.0404543691203569,1204000.0,2133000.0,0.025858306662787316,0.022566406889201345,0.022566406889201345,94521029,94521029,,,1620596037,17:33:57,20210509
94,1997-09-30,ODFL,USD,1997-09-30,1997-09-30,Q3,88275000,22953000.0,65322000.0,0.739983007646559,0.0,4918000.0,0.0,0.0,16067000.0,39020000.0,0.0,4396000.0,53651000.0,0.6077711696403285,49255000,0.5579722458227131,-118000.0,5452000.0,0.06176154064004531,2099000.0,3353000.0,0.037983574058340415,0.035169,0.035169,94494768,94494768,,,1620596037,17:33:57,20210509
95,1997-06-30,ODFL,USD,1997-06-30,1997-06-30,Q2,84490000,23088000.0,61402000.0,0.7267368919398746,0.0,5044000.0,0.0,0.0,15624000.0,38712000.0,0.0,4126000.0,49904000.0,0.5906497810391762,45778000,0.5418155994792283,-79000.0,5128000.0,0.06069357320392946,1975000.0,3153000.0,0.03731802580187005,0.033411,0.033411,94493736,94493736,,,1620596037,17:33:57,20210509
96,1997-03-31,ODFL,USD,1997-03-31,1997-03-31,Q1,73591000,20937000.0,52654000.0,0.7154951013031485,0.0,4381000.0,0.0,0.0,14617000.0,35554000.0,0.0,3991000.0,42028000.0,0.5711024445924094,38037000,0.5168702694622984,-72000.0,2274000.0,0.030900517726352408,875000.0,1399000.0,0.019010476824611704,0.014947,0.014947,94621395,94621395,,,1620596037,17:33:57,20210509
97,1996-12-31,ODFL,USD,1996-12-31,1996-12-31,Q4,72606000,76756000.0,-4150000.0,-0.05715781064925764,0.0,-154582000.0,0.0,0.0,112730000.0,189486000.0,0.0,4191000.0,-112689000.0,-1.5520618130732997,-116880000,-1.609784315345839,437000.0,2710000.0,0.03732473900228631,1066000.0,1644000.0,0.02264275679695893,0.01737450605119487,0.01737450605119487,94621395,94621395,,,1620596037,17:33:57,20210509
98,1996-09-30,ODFL,USD,1996-09-30,1996-09-30,Q3,77300000,6000000.0,71300000.0,0.9223803363518758,0.0,59300000.0,0.0,0.0,60200000.0,66200000.0,0.0,4200000.0,15300000.0,0.1979301423027167,11100000,0.14359637774902975,-100000.0,3500000.0,0.045278137128072445,1300000.0,2200000.0,0.028460543337645538,0.02286,0.02286,96237347,96237347,,,1620596037,17:33:57,20210509
99,1996-06-30,ODFL,USD,1996-08-14 00:00:00,1996-08-14 00:00:00,Q2,74862000,24727000.0,50135000.0,0.669698912665972,0.0,4586000.0,0.0,0.0,15306000.0,40033000.0,0.0,4011000.0,38840000.0,0.5188212978547193,34829000,0.46524271325906336,-94000.0,2650000.0,0.03539846651171489,1007000.0,1643000.0,0.02194704923726323,0.017585,0.017585,94919242,94919242,https://www.sec.gov/Archives/edgar/data/878927/000095016896001534/0000950168-96-001534-index.html,https://www.sec.gov/Archives/edgar/data/878927/0000950168-96-001534.txt,1620596037,17:33:57,20210509
