,date,symbol,reportedCurrency,fillingDate,acceptedDate,period,revenue,costOfRevenue,grossProfit,grossProfitRatio,researchAndDevelopmentExpenses,generalAndAdministrativeExpenses,sellingAndMarketingExpenses,otherExpenses,operatingExpenses,costAndExpenses,interestExpense,depreciationAndAmortization,ebitda,ebitdaratio,operatingIncome,operatingIncomeRatio,totalOtherIncomeExpensesNet,incomeBeforeTax,incomeBeforeTaxRatio,incomeTaxExpense,netIncome,netIncomeRatio,eps,epsdiluted,weightedAverageShsOut,weightedAverageShsOutDil,link,finalLink,timestamp,est_time,est_date
0,2020-09-30,0282.HK,HKD,2020-09-30,2020-09-30,Q3,289570500,257447250,32123250,0.11093412485042503,0.0,0.0,0.0,-36800750.0,0.0,374750250,3829750.0,17814000,-67365750,-0.23264023786953436,-85179750.0,-0.29415893538879134,0.0,-103545250.0,-0.3575821777425532,764000.0,-103818250.0,-0.3585249533360615,-0.0395,-0.0395,2636211725,2636211725,https://www1.hkexnews.hk/search/titlesearch.xhtml,https://www1.hkexnews.hk/search/titlesearch.xhtml,1620584644,14:24:04,20210509
1,2020-06-30,0282.HK,HKD,2020-06-30,2020-06-30,Q2,289570500,257447250,32123250,0.11093412485042503,0.0,0.0,0.0,-36800750.0,0.0,374750250,3829750.0,17814000,-67365750,-0.23264023786953436,-85179750.0,-0.29415893538879134,0.0,-103545250.0,-0.3575821777425532,764000.0,-103818250.0,-0.3585249533360615,-0.0395,-0.0395,2636211725,2636211725,https://www1.hkexnews.hk/search/titlesearch.xhtml,https://www1.hkexnews.hk/search/titlesearch.xhtml,1620584644,14:24:04,20210509
2,2020-03-31,0282.HK,HKD,2020-03-31,2020-03-31,Q1,289570500,257447250,32123250,0.11093412485042503,0.0,0.0,0.0,-36800750.0,0.0,374750250,3829750.0,17814000,-67365750,-0.23264023786953436,-85179750.0,-0.29415893538879134,0.0,-103545250.0,-0.3575821777425532,764000.0,-103818250.0,-0.3585249533360615,-0.0395,-0.0395,2636211725,2636211725,https://www1.hkexnews.hk/search/titlesearch.xhtml,https://www1.hkexnews.hk/search/titlesearch.xhtml,1620584644,14:24:04,20210509
3,2020-01-31,0282.HK,HKD,2020-01-31,2020-01-31,Q1,289570500,257447250,32123250,0.11093412485042503,0.0,0.0,0.0,-36800750.0,0.0,374750250,3829750.0,17814000,-67365750,-0.23264023786953436,-85179750.0,-0.29415893538879134,0.0,-103545250.0,-0.3575821777425532,764000.0,-103818250.0,-0.3585249533360615,-0.0395,-0.0395,2636211725,2636211725,https://www1.hkexnews.hk/search/titlesearch.xhtml,https://www1.hkexnews.hk/search/titlesearch.xhtml,1620584644,14:24:04,20210509
4,2019-09-30,0282.HK,HKD,2019-09-30,2019-09-30,Q3,326068750,268057750,58011000,0.1779103333269441,0.0,0.0,0.0,-49799250.0,0.0,398357750,2770750.0,13789000,-58500000,-0.1794100170592858,-72289000.0,-0.22169864484100363,0.0,-84790750.0,-0.26003948553794254,255500.0,-84619500.0,-0.25951428954783307,-0.03275,-0.03275,2585052466,2585052466,https://www1.hkexnews.hk/search/titlesearch.xhtml,https://www1.hkexnews.hk/search/titlesearch.xhtml,1620584644,14:24:04,20210509
5,2019-06-30,0282.HK,HKD,2019-06-30,2019-06-30,Q2,326068750,268057750,58011000,0.1779103333269441,0.0,0.0,0.0,-49799250.0,0.0,398357750,2770750.0,13789000,-58500000,-0.1794100170592858,-72289000.0,-0.22169864484100363,0.0,-84790750.0,-0.26003948553794254,255500.0,-84619500.0,-0.25951428954783307,-0.03275,-0.03275,2585052466,2585052466,https://www1.hkexnews.hk/search/titlesearch.xhtml,https://www1.hkexnews.hk/search/titlesearch.xhtml,1620584644,14:24:04,20210509
6,2019-03-31,0282.HK,HKD,2019-03-31,2019-03-31,Q1,326068750,268057750,58011000,0.1779103333269441,0.0,0.0,0.0,-49799250.0,0.0,398357750,2770750.0,13789000,-58500000,-0.1794100170592858,-72289000.0,-0.22169864484100363,0.0,-84790750.0,-0.26003948553794254,255500.0,-84619500.0,-0.25951428954783307,-0.03275,-0.03275,2585052466,2585052466,https://www1.hkexnews.hk/search/titlesearch.xhtml,https://www1.hkexnews.hk/search/titlesearch.xhtml,1620584644,14:24:04,20210509
7,2019-01-31,0282.HK,HKD,2019-01-31,2019-01-31,Q1,326068750,268057750,58011000,0.1779103333269441,0.0,0.0,0.0,-49799250.0,0.0,398357750,2770750.0,13789000,-58500000,-0.1794100170592858,-72289000.0,-0.22169864484100363,0.0,-84790750.0,-0.26003948553794254,255500.0,-84619500.0,-0.25951428954783307,-0.03275,-0.03275,2585052466,2585052466,https://www1.hkexnews.hk/search/titlesearch.xhtml,https://www1.hkexnews.hk/search/titlesearch.xhtml,1620584644,14:24:04,20210509
8,2018-09-30,0282.HK,HKD,2018-09-30,2018-09-30,Q3,373880250,284626000,89254250,0.23872416368610003,0.0,0.0,0.0,-29830500.0,0.0,425083500,2749500.0,21279250,-29924000,-0.08003632179019887,-51203250.0,-0.13695093549338325,0.0,-121180500.0,-0.32411580980808696,-1950750.0,-118997750.0,-0.3182777105771166,-0.049,-0.049,2431974278,2431974278,https://www1.hkexnews.hk/search/titlesearch.xhtml,https://www1.hkexnews.hk/search/titlesearch.xhtml,1620584644,14:24:04,20210509
9,2018-06-30,0282.HK,HKD,2018-06-30,2018-06-30,Q2,373880250,284626000,89254250,0.23872416368610003,0.0,0.0,0.0,-29830500.0,0.0,425083500,2749500.0,21279250,-29924000,-0.08003632179019887,-51203250.0,-0.13695093549338325,0.0,-121180500.0,-0.32411580980808696,-1950750.0,-118997750.0,-0.3182777105771166,-0.049,-0.049,2431974278,2431974278,https://www1.hkexnews.hk/search/titlesearch.xhtml,https://www1.hkexnews.hk/search/titlesearch.xhtml,1620584644,14:24:04,20210509
10,2018-03-31,0282.HK,HKD,2018-03-31,2018-03-31,Q1,373880250,284626000,89254250,0.23872416368610003,0.0,0.0,0.0,-29830500.0,0.0,425083500,2749500.0,21279250,-29924000,-0.08003632179019887,-51203250.0,-0.13695093549338325,0.0,-121180500.0,-0.32411580980808696,-1950750.0,-118997750.0,-0.3182777105771166,-0.049,-0.049,2431974278,2431974278,https://www1.hkexnews.hk/search/titlesearch.xhtml,https://www1.hkexnews.hk/search/titlesearch.xhtml,1620584644,14:24:04,20210509
11,2018-01-31,0282.HK,HKD,2018-01-31,2018-01-31,Q1,373880250,284626000,89254250,0.23872416368610003,0.0,0.0,0.0,-29830500.0,0.0,425083500,2749500.0,21279250,-29924000,-0.08003632179019887,-51203250.0,-0.13695093549338325,0.0,-121180500.0,-0.32411580980808696,-1950750.0,-118997750.0,-0.3182777105771166,-0.049,-0.049,2431974278,2431974278,https://www1.hkexnews.hk/search/titlesearch.xhtml,https://www1.hkexnews.hk/search/titlesearch.xhtml,1620584644,14:24:04,20210509
12,2017-09-30,0282.HK,HKD,2017-09-30,2017-09-30,Q3,445939250,308929250,137010000,0.3072391586970647,0.0,0.0,0.0,-42273500.0,0.0,455152500,2493000.0,27041750,17828500,0.039979660906726645,-9213250.0,-0.020660325369430927,0.0,-104000000.0,-0.23321562298003595,-5500500.0,-98194250.0,-0.2201964729500711,-0.0405,-0.0405,2431647155,2431647155,https://www1.hkexnews.hk/search/titlesearch.xhtml,https://www1.hkexnews.hk/search/titlesearch.xhtml,1620584644,14:24:04,20210509
13,2017-06-30,0282.HK,HKD,2017-06-30,2017-06-30,Q2,445939250,308929250,137010000,0.3072391586970647,0.0,0.0,0.0,-42273500.0,0.0,455152500,2493000.0,27041750,17828500,0.039979660906726645,-9213250.0,-0.020660325369430927,0.0,-104000000.0,-0.23321562298003595,-5500500.0,-98194250.0,-0.2201964729500711,-0.0405,-0.0405,2431647155,2431647155,https://www1.hkexnews.hk/search/titlesearch.xhtml,https://www1.hkexnews.hk/search/titlesearch.xhtml,1620584644,14:24:04,20210509
14,2017-03-31,0282.HK,HKD,2017-03-31,2017-03-31,Q1,445939250,308929250,137010000,0.3072391586970647,0.0,0.0,0.0,-42273500.0,0.0,455152500,2493000.0,27041750,17828500,0.039979660906726645,-9213250.0,-0.020660325369430927,0.0,-104000000.0,-0.23321562298003595,-5500500.0,-98194250.0,-0.2201964729500711,-0.0405,-0.0405,2431647155,2431647155,https://www1.hkexnews.hk/search/titlesearch.xhtml,https://www1.hkexnews.hk/search/titlesearch.xhtml,1620584644,14:24:04,20210509
15,2017-01-31,0282.HK,HKD,2017-01-31,2017-01-31,Q1,445939250,308929250,137010000,0.3072391586970647,0.0,0.0,0.0,-42273500.0,0.0,455152500,2493000.0,27041750,17828500,0.039979660906726645,-9213250.0,-0.020660325369430927,0.0,-104000000.0,-0.23321562298003595,-5500500.0,-98194250.0,-0.2201964729500711,-0.0405,-0.0405,2431647155,2431647155,https://www1.hkexnews.hk/search/titlesearch.xhtml,https://www1.hkexnews.hk/search/titlesearch.xhtml,1620584644,14:24:04,20210509
16,2016-09-30,0282.HK,HKD,2016-09-30,2016-09-30,Q3,581932500,360419250,221513250,0.3806511064427575,0.0,0.0,0.0,-48997750.0,0.0,550876750,2338250.0,31516500,62572250,0.10752492771928016,31055750.0,0.053366584612476536,0.0,-88764500.0,-0.15253401382462742,-7703500.0,-81172000.0,-0.1394869679902738,-0.0335,-0.0335,2431240651,2431240651,https://www1.hkexnews.hk/search/titlesearch.xhtml,https://www1.hkexnews.hk/search/titlesearch.xhtml,1620584644,14:24:04,20210509
17,2016-06-30,0282.HK,HKD,2016-06-30,2016-06-30,Q2,581932500,360419250,221513250,0.3806511064427575,0.0,0.0,0.0,-48997750.0,0.0,550876750,2338250.0,31516500,62572250,0.10752492771928016,31055750.0,0.053366584612476536,0.0,-88764500.0,-0.15253401382462742,-7703500.0,-81172000.0,-0.1394869679902738,-0.0335,-0.0335,2431240651,2431240651,https://www1.hkexnews.hk/search/titlesearch.xhtml,https://www1.hkexnews.hk/search/titlesearch.xhtml,1620584644,14:24:04,20210509
18,2016-03-31,0282.HK,HKD,2016-03-31,2016-03-31,Q1,581932500,360419250,221513250,0.3806511064427575,0.0,0.0,0.0,-48997750.0,0.0,550876750,2338250.0,31516500,62572250,0.10752492771928016,31055750.0,0.053366584612476536,0.0,-88764500.0,-0.15253401382462742,-7703500.0,-81172000.0,-0.1394869679902738,-0.0335,-0.0335,2431240651,2431240651,https://www1.hkexnews.hk/search/titlesearch.xhtml,https://www1.hkexnews.hk/search/titlesearch.xhtml,1620584644,14:24:04,20210509
19,2016-01-31,0282.HK,HKD,2016-01-31,2016-01-31,Q1,581932500,360419250,221513250,0.3806511064427575,0.0,0.0,0.0,-48997750.0,0.0,550876750,2338250.0,31516500,62572250,0.10752492771928016,31055750.0,0.053366584612476536,0.0,-88764500.0,-0.15253401382462742,-7703500.0,-81172000.0,-0.1394869679902738,-0.0335,-0.0335,2431240651,2431240651,https://www1.hkexnews.hk/search/titlesearch.xhtml,https://www1.hkexnews.hk/search/titlesearch.xhtml,1620584644,14:24:04,20210509
20,2015-09-30,0282.HK,HKD,2015-09-30,2015-09-30,Q3,739233500,454259000,284974500,0.3854999807232762,0.0,0.0,0.0,-66213000.0,0.0,620600250,3312250.0,29460000,148093250,0.20033352114047862,118633250.0,0.1604814311039746,0.0,54147000.0,0.07324749216587181,11987500.0,41075000.0,0.05556431087065183,0.016896291129831646,0.01689463232626065,2431006881,2431245570,https://www1.hkexnews.hk/search/titlesearch.xhtml,https://www1.hkexnews.hk/search/titlesearch.xhtml,1620584644,14:24:04,20210509
21,2015-06-30,0282.HK,HKD,2015-06-30,2015-06-30,Q2,739233500,454259000,284974500,0.3854999807232762,0.0,0.0,0.0,-66213000.0,0.0,620600250,3312250.0,29460000,148093250,0.20033352114047862,118633250.0,0.1604814311039746,0.0,54147000.0,0.07324749216587181,11987500.0,41075000.0,0.05556431087065183,0.016896291129831646,0.01689463232626065,2431006881,2431245570,https://www1.hkexnews.hk/search/titlesearch.xhtml,https://www1.hkexnews.hk/search/titlesearch.xhtml,1620584644,14:24:04,20210509
22,2015-03-31,0282.HK,HKD,2015-03-31,2015-03-31,Q1,739233500,454259000,284974500,0.3854999807232762,0.0,0.0,0.0,-66213000.0,0.0,620600250,3312250.0,29460000,148093250,0.20033352114047862,118633250.0,0.1604814311039746,0.0,54147000.0,0.07324749216587181,11987500.0,41075000.0,0.05556431087065183,0.016896291129831646,0.01689463232626065,2431006881,2431245570,https://www1.hkexnews.hk/search/titlesearch.xhtml,https://www1.hkexnews.hk/search/titlesearch.xhtml,1620584644,14:24:04,20210509
23,2015-01-31,0282.HK,HKD,2015-01-31,2015-01-31,Q1,739233500,454259000,284974500,0.3854999807232762,0.0,0.0,0.0,-66213000.0,0.0,620600250,3312250.0,29460000,148093250,0.20033352114047862,118633250.0,0.1604814311039746,0.0,54147000.0,0.07324749216587181,11987500.0,41075000.0,0.05556431087065183,0.016896291129831646,0.01689463232626065,2431006881,2431245570,https://www1.hkexnews.hk/search/titlesearch.xhtml,https://www1.hkexnews.hk/search/titlesearch.xhtml,1620584644,14:24:04,20210509
24,2014-09-30,0282.HK,HKD,2014-09-30,2014-09-30,Q3,817223000,480025250,337197750,0.4126141212374101,0.0,0.0,0.0,-92653750.0,0.0,649070000,4531250.0,32260000,200413000,0.2452366122833058,168153000.0,0.20576146290547379,0.0,108138000.0,0.13232373538189698,23363500.0,60036500.0,0.0734640361321206,0.02475,0.02475,2431006881,2431006881,https://www1.hkexnews.hk/search/titlesearch.xhtml,https://www1.hkexnews.hk/search/titlesearch.xhtml,1620584644,14:24:04,20210509
25,2014-06-30,0282.HK,HKD,2014-06-30,2014-06-30,Q2,817223000,480025250,337197750,0.4126141212374101,0.0,0.0,0.0,-92653750.0,0.0,649070000,4531250.0,32260000,200413000,0.2452366122833058,168153000.0,0.20576146290547379,0.0,108138000.0,0.13232373538189698,23363500.0,60036500.0,0.0734640361321206,0.02475,0.02475,2431006881,2431006881,https://www1.hkexnews.hk/search/titlesearch.xhtml,https://www1.hkexnews.hk/search/titlesearch.xhtml,1620584644,14:24:04,20210509
26,2014-03-31,0282.HK,HKD,2014-03-31,2014-03-31,Q1,817223000,480025250,337197750,0.4126141212374101,0.0,0.0,0.0,-92653750.0,0.0,649070000,4531250.0,32260000,200413000,0.2452366122833058,168153000.0,0.20576146290547379,0.0,108138000.0,0.13232373538189698,23363500.0,60036500.0,0.0734640361321206,0.02475,0.02475,2431006881,2431006881,https://www1.hkexnews.hk/search/titlesearch.xhtml,https://www1.hkexnews.hk/search/titlesearch.xhtml,1620584644,14:24:04,20210509
27,2014-01-31,0282.HK,HKD,2014-01-31,2014-01-31,Q1,817223000,480025250,337197750,0.4126141212374101,0.0,0.0,0.0,-92653750.0,0.0,649070000,4531250.0,32260000,200413000,0.2452366122833058,168153000.0,0.20576146290547379,0.0,108138000.0,0.13232373538189698,23363500.0,60036500.0,0.0734640361321206,0.02475,0.02475,2431006881,2431006881,https://www1.hkexnews.hk/search/titlesearch.xhtml,https://www1.hkexnews.hk/search/titlesearch.xhtml,1620584644,14:24:04,20210509
28,2013-09-30,0282.HK,HKD,2013-09-30,2013-09-30,Q3,868524000,544113500,324410500,0.3735193270422003,0.0,0.0,0.0,-83680750.0,0.0,714221250,4488000.0,33701750,188004500,0.21646436943596262,154302750.0,0.17766089365406137,0.0,76200250.0,0.08773534179826925,35837750.0,-242452500.0,-0.27915463475966124,-0.10025,-0.10025,2415685428,2415685428,https://www1.hkexnews.hk/search/titlesearch.xhtml,https://www1.hkexnews.hk/search/titlesearch.xhtml,1620584644,14:24:04,20210509
29,2013-06-30,0282.HK,HKD,2013-06-30,2013-06-30,Q2,868524000,544113500,324410500,0.3735193270422003,0.0,0.0,0.0,-83680750.0,0.0,714221250,4488000.0,33701750,188004500,0.21646436943596262,154302750.0,0.17766089365406137,0.0,76200250.0,0.08773534179826925,35837750.0,-242452500.0,-0.27915463475966124,-0.10025,-0.10025,2415685428,2415685428,https://www1.hkexnews.hk/search/titlesearch.xhtml,https://www1.hkexnews.hk/search/titlesearch.xhtml,1620584644,14:24:04,20210509
30,2013-03-31,0282.HK,HKD,2013-03-31,2013-03-31,Q1,868524000,544113500,324410500,0.3735193270422003,0.0,0.0,0.0,-83680750.0,0.0,714221250,4488000.0,33701750,188004500,0.21646436943596262,154302750.0,0.17766089365406137,0.0,76200250.0,0.08773534179826925,35837750.0,-242452500.0,-0.27915463475966124,-0.10025,-0.10025,2415685428,2415685428,https://www1.hkexnews.hk/search/titlesearch.xhtml,https://www1.hkexnews.hk/search/titlesearch.xhtml,1620584644,14:24:04,20210509
31,2013-01-31,0282.HK,HKD,2013-01-31,2013-01-31,Q1,868524000,544113500,324410500,0.3735193270422003,0.0,0.0,0.0,-83680750.0,0.0,714221250,4488000.0,33701750,188004500,0.21646436943596262,154302750.0,0.17766089365406137,0.0,76200250.0,0.08773534179826925,35837750.0,-242452500.0,-0.27915463475966124,-0.10025,-0.10025,2415685428,2415685428,https://www1.hkexnews.hk/search/titlesearch.xhtml,https://www1.hkexnews.hk/search/titlesearch.xhtml,1620584644,14:24:04,20210509
32,2012-09-30,0282.HK,HKD,2012-09-30,2012-09-30,Q3,908638250,739726500,168911750,0.18589548701036965,0.0,0.0,0.0,0.0,0.0,1046601000,5701750.0,73897000,-64065750,-0.07050743241328439,-137962750.0,-0.15183462725677682,0.0,-214728500.0,-0.23631901914760908,26570250.0,-45204250.0,-0.0497494464931451,-0.0195,-0.0195,2412496881,2412496881,https://www1.hkexnews.hk/search/titlesearch.xhtml,https://www1.hkexnews.hk/search/titlesearch.xhtml,1620584644,14:24:04,20210509
33,2012-06-30,0282.HK,HKD,2012-06-30,2012-06-30,Q2,908638250,739726500,168911750,0.18589548701036965,0.0,0.0,0.0,0.0,0.0,1046601000,5701750.0,73897000,-64065750,-0.07050743241328439,-137962750.0,-0.15183462725677682,0.0,-214728500.0,-0.23631901914760908,26570250.0,-45204250.0,-0.0497494464931451,-0.0195,-0.0195,2412496881,2412496881,https://www1.hkexnews.hk/search/titlesearch.xhtml,https://www1.hkexnews.hk/search/titlesearch.xhtml,1620584644,14:24:04,20210509
34,2012-03-31,0282.HK,HKD,2012-03-31,2012-03-31,Q1,908638250,739726500,168911750,0.18589548701036965,0.0,0.0,0.0,0.0,0.0,1046601000,5701750.0,73897000,-64065750,-0.07050743241328439,-137962750.0,-0.15183462725677682,0.0,-214728500.0,-0.23631901914760908,26570250.0,-45204250.0,-0.0497494464931451,-0.0195,-0.0195,2412496881,2412496881,https://www1.hkexnews.hk/search/titlesearch.xhtml,https://www1.hkexnews.hk/search/titlesearch.xhtml,1620584644,14:24:04,20210509
35,2012-01-31,0282.HK,HKD,2012-01-31,2012-01-31,Q1,908638250,739726500,168911750,0.18589548701036965,0.0,0.0,0.0,0.0,0.0,1046601000,5701750.0,73897000,-64065750,-0.07050743241328439,-137962750.0,-0.15183462725677682,0.0,-214728500.0,-0.23631901914760908,26570250.0,-45204250.0,-0.0497494464931451,-0.0195,-0.0195,2412496881,2412496881,https://www1.hkexnews.hk/search/titlesearch.xhtml,https://www1.hkexnews.hk/search/titlesearch.xhtml,1620584644,14:24:04,20210509
36,2011-09-30,0282.HK,HKD,2011-09-30,2011-09-30,Q3,869642250,578327000,291315250,0.33498286220569434,0.0,0.0,0.0,0.0,0.0,852892750,2329500.0,44773500,61523000,0.0707451828611133,16749500.0,0.019260218785368353,0.0,13656750.0,0.01570387133329826,18542750.0,-4932500.0,-0.005671872542991098,-0.0025,-0.0025,2412496881,2412496881,https://www1.hkexnews.hk/search/titlesearch.xhtml,https://www1.hkexnews.hk/search/titlesearch.xhtml,1620584644,14:24:04,20210509
37,2011-06-30,0282.HK,HKD,2011-06-30,2011-06-30,Q2,869642250,578327000,291315250,0.33498286220569434,0.0,0.0,0.0,0.0,0.0,852892750,2329500.0,44773500,61523000,0.0707451828611133,16749500.0,0.019260218785368353,0.0,13656750.0,0.01570387133329826,18542750.0,-4932500.0,-0.005671872542991098,-0.0025,-0.0025,2412496881,2412496881,https://www1.hkexnews.hk/search/titlesearch.xhtml,https://www1.hkexnews.hk/search/titlesearch.xhtml,1620584644,14:24:04,20210509
38,2011-03-31,0282.HK,HKD,2011-03-31,2011-03-31,Q1,869642250,578327000,291315250,0.33498286220569434,0.0,0.0,0.0,0.0,0.0,852892750,2329500.0,44773500,61523000,0.0707451828611133,16749500.0,0.019260218785368353,0.0,13656750.0,0.01570387133329826,18542750.0,-4932500.0,-0.005671872542991098,-0.0025,-0.0025,2412496881,2412496881,https://www1.hkexnews.hk/search/titlesearch.xhtml,https://www1.hkexnews.hk/search/titlesearch.xhtml,1620584644,14:24:04,20210509
39,2011-01-31,0282.HK,HKD,2011-01-31,2011-01-31,Q1,869642250,578327000,291315250,0.33498286220569434,0.0,0.0,0.0,0.0,0.0,852892750,2329500.0,44773500,61523000,0.0707451828611133,16749500.0,0.019260218785368353,0.0,13656750.0,0.01570387133329826,18542750.0,-4932500.0,-0.005671872542991098,-0.0025,-0.0025,2412496881,2412496881,https://www1.hkexnews.hk/search/titlesearch.xhtml,https://www1.hkexnews.hk/search/titlesearch.xhtml,1620584644,14:24:04,20210509
40,2010-09-30,0282.HK,HKD,2010-09-30,2010-09-30,Q3,781549750,462193000,319356750,0.40861986073183443,0.0,0.0,0.0,0.0,0.0,680915500,2805000.0,32959500,133593750,0.1709344158833139,100634250.0,0.12876243642839116,0.0,98425000.0,0.12593568099791472,18235750.0,80189250.0,0.10260287332956092,0.03323911033068813,0.03323873970965014,2412496881,2412523781,https://www1.hkexnews.hk/search/titlesearch.xhtml,https://www1.hkexnews.hk/search/titlesearch.xhtml,1620584644,14:24:04,20210509
41,2010-06-30,0282.HK,HKD,2010-06-30,2010-06-30,Q2,781549750,462193000,319356750,0.40861986073183443,0.0,0.0,0.0,0.0,0.0,680915500,2805000.0,32959500,133593750,0.1709344158833139,100634250.0,0.12876243642839116,0.0,98425000.0,0.12593568099791472,18235750.0,80189250.0,0.10260287332956092,0.03323911033068813,0.03323873970965014,2412496881,2412523781,https://www1.hkexnews.hk/search/titlesearch.xhtml,https://www1.hkexnews.hk/search/titlesearch.xhtml,1620584644,14:24:04,20210509
42,2010-03-31,0282.HK,HKD,2010-03-31,2010-03-31,Q1,781549750,462193000,319356750,0.40861986073183443,0.0,0.0,0.0,0.0,0.0,680915500,2805000.0,32959500,133593750,0.1709344158833139,100634250.0,0.12876243642839116,0.0,98425000.0,0.12593568099791472,18235750.0,80189250.0,0.10260287332956092,0.03323911033068813,0.03323873970965014,2412496881,2412523781,https://www1.hkexnews.hk/search/titlesearch.xhtml,https://www1.hkexnews.hk/search/titlesearch.xhtml,1620584644,14:24:04,20210509
43,2010-01-31,0282.HK,HKD,2010-01-31,2010-01-31,Q1,781549750,462193000,319356750,0.40861986073183443,0.0,0.0,0.0,0.0,0.0,680915500,2805000.0,32959500,133593750,0.1709344158833139,100634250.0,0.12876243642839116,0.0,98425000.0,0.12593568099791472,18235750.0,80189250.0,0.10260287332956092,0.03323911033068813,0.03323873970965014,2412496881,2412523781,https://www1.hkexnews.hk/search/titlesearch.xhtml,https://www1.hkexnews.hk/search/titlesearch.xhtml,1620584644,14:24:04,20210509
44,2009-09-30,0282.HK,HKD,2009-09-30,2009-09-30,Q3,822875250,551396000,271479250,0.3299154397947927,0.0,0.0,0.0,0.0,0.0,742150500,2604250.0,33298500,114023250,0.13856687268209852,80724750.0,0.09810083606233144,0.0,78120500.0,0.09493601855202231,13749500.0,64371000.0,0.0782269244335639,0.026683852718761152,0.02668061234571391,2412357791,2412650773,https://www1.hkexnews.hk/search/titlesearch.xhtml,https://www1.hkexnews.hk/search/titlesearch.xhtml,1620584644,14:24:04,20210509
45,2009-06-30,0282.HK,HKD,2009-06-30,2009-06-30,Q2,822875250,551396000,271479250,0.3299154397947927,0.0,0.0,0.0,0.0,0.0,742150500,2604250.0,33298500,114023250,0.13856687268209852,80724750.0,0.09810083606233144,0.0,78120500.0,0.09493601855202231,13749500.0,64371000.0,0.0782269244335639,0.026683852718761152,0.02668061234571391,2412357791,2412650773,https://www1.hkexnews.hk/search/titlesearch.xhtml,https://www1.hkexnews.hk/search/titlesearch.xhtml,1620584644,14:24:04,20210509
46,2009-03-31,0282.HK,HKD,2009-03-31,2009-03-31,Q1,822875250,551396000,271479250,0.3299154397947927,0.0,0.0,0.0,0.0,0.0,742150500,2604250.0,33298500,114023250,0.13856687268209852,80724750.0,0.09810083606233144,0.0,78120500.0,0.09493601855202231,13749500.0,64371000.0,0.0782269244335639,0.026683852718761152,0.02668061234571391,2412357791,2412650773,https://www1.hkexnews.hk/search/titlesearch.xhtml,https://www1.hkexnews.hk/search/titlesearch.xhtml,1620584644,14:24:04,20210509
47,2009-01-31,0282.HK,HKD,2009-01-31,2009-01-31,Q1,822875250,551396000,271479250,0.3299154397947927,0.0,0.0,0.0,0.0,0.0,742150500,2604250.0,33298500,114023250,0.13856687268209852,80724750.0,0.09810083606233144,0.0,78120500.0,0.09493601855202231,13749500.0,64371000.0,0.0782269244335639,0.026683852718761152,0.02668061234571391,2412357791,2412650773,https://www1.hkexnews.hk/search/titlesearch.xhtml,https://www1.hkexnews.hk/search/titlesearch.xhtml,1620584644,14:24:04,20210509
48,2008-09-30,0282.HK,HKD,2008-09-30,2008-09-30,Q3,870948500,521961000,348987500,0.40069820431403236,0.0,0.0,0.0,0.0,0.0,712086500,4131000.0,33826000,192688000,0.22123925811916548,158862000.0,0.18240114082520378,0.0,154731000.0,0.1776580360377221,24400250.0,130330750.0,0.1496423152459646,0.054038141356845294,0.05393040738952548,2411828881,2416646866,https://www1.hkexnews.hk/search/titlesearch.xhtml,https://www1.hkexnews.hk/search/titlesearch.xhtml,1620584644,14:24:04,20210509
49,2008-06-30,0282.HK,HKD,2008-06-30,2008-06-30,Q2,870948500,521961000,348987500,0.40069820431403236,0.0,0.0,0.0,0.0,0.0,712086500,4131000.0,33826000,192688000,0.22123925811916548,158862000.0,0.18240114082520378,0.0,154731000.0,0.1776580360377221,24400250.0,130330750.0,0.1496423152459646,0.054038141356845294,0.05393040738952548,2411828881,2416646866,https://www1.hkexnews.hk/search/titlesearch.xhtml,https://www1.hkexnews.hk/search/titlesearch.xhtml,1620584644,14:24:04,20210509
50,2008-03-31,0282.HK,HKD,2008-03-31,2008-03-31,Q1,870948500,521961000,348987500,0.40069820431403236,0.0,0.0,0.0,0.0,0.0,712086500,4131000.0,33826000,192688000,0.22123925811916548,158862000.0,0.18240114082520378,0.0,154731000.0,0.1776580360377221,24400250.0,130330750.0,0.1496423152459646,0.054038141356845294,0.05393040738952548,2411828881,2416646866,https://www1.hkexnews.hk/search/titlesearch.xhtml,https://www1.hkexnews.hk/search/titlesearch.xhtml,1620584644,14:24:04,20210509
51,2008-01-31,0282.HK,HKD,2008-01-31,2008-01-31,Q1,870948500,521961000,348987500,0.40069820431403236,0.0,0.0,0.0,0.0,0.0,712086500,4131000.0,33826000,192688000,0.22123925811916548,158862000.0,0.18240114082520378,0.0,154731000.0,0.1776580360377221,24400250.0,130330750.0,0.1496423152459646,0.054038141356845294,0.05393040738952548,2411828881,2416646866,https://www1.hkexnews.hk/search/titlesearch.xhtml,https://www1.hkexnews.hk/search/titlesearch.xhtml,1620584644,14:24:04,20210509
52,2007-09-30,0282.HK,HKD,2007-09-30,2007-09-30,Q3,811290750,507260500,304030250,0.37474881847229247,0.0,0.0,0.0,0.0,0.0,705550750,2346000.0,39147000,144887000,0.17858825581334437,105740000.0,0.13033551781528385,0.0,103394000.0,0.12744382947790295,17790750.0,86108750.0,0.10613796595117102,0.045,0.035,1940435057,2413745919,https://www1.hkexnews.hk/search/titlesearch.xhtml,https://www1.hkexnews.hk/search/titlesearch.xhtml,1620584644,14:24:04,20210509
53,2007-06-30,0282.HK,HKD,2007-06-30,2007-06-30,Q2,811290750,507260500,304030250,0.37474881847229247,0.0,0.0,0.0,0.0,0.0,705550750,2346000.0,39147000,144887000,0.17858825581334437,105740000.0,0.13033551781528385,0.0,103394000.0,0.12744382947790295,17790750.0,86108750.0,0.10613796595117102,0.045,0.035,1940435057,2413745919,https://www1.hkexnews.hk/search/titlesearch.xhtml,https://www1.hkexnews.hk/search/titlesearch.xhtml,1620584644,14:24:04,20210509
54,2007-03-31,0282.HK,HKD,2007-03-31,2007-03-31,Q1,811290750,507260500,304030250,0.37474881847229247,0.0,0.0,0.0,0.0,0.0,705550750,2346000.0,39147000,144887000,0.17858825581334437,105740000.0,0.13033551781528385,0.0,103394000.0,0.12744382947790295,17790750.0,86108750.0,0.10613796595117102,0.045,0.035,1940435057,2413745919,https://www1.hkexnews.hk/search/titlesearch.xhtml,https://www1.hkexnews.hk/search/titlesearch.xhtml,1620584644,14:24:04,20210509
55,2007-01-31,0282.HK,HKD,2007-01-31,2007-01-31,Q1,811290750,507260500,304030250,0.37474881847229247,0.0,0.0,0.0,0.0,0.0,705550750,2346000.0,39147000,144887000,0.17858825581334437,105740000.0,0.13033551781528385,0.0,103394000.0,0.12744382947790295,17790750.0,86108750.0,0.10613796595117102,0.045,0.035,1940435057,2413745919,https://www1.hkexnews.hk/search/titlesearch.xhtml,https://www1.hkexnews.hk/search/titlesearch.xhtml,1620584644,14:24:04,20210509
56,2006-09-30,0282.HK,HKD,2006-09-30,2006-09-30,Q3,830506000,507967000,322539000,0.3883644428818094,0.0,61199500.0,0.0,0.0,0.0,687564500,2871000.0,35991750,178933250,0.21545088175160684,142941500.0,0.17211374752259465,0.0,128820500.0,0.1551108601262363,18629000.0,110191500.0,0.13267995655660525,0.07,0.045,1486485622,2408458336,https://www1.hkexnews.hk/search/titlesearch.xhtml,https://www1.hkexnews.hk/search/titlesearch.xhtml,1620584644,14:24:04,20210509
57,2006-06-30,0282.HK,HKD,2006-06-30,2006-06-30,Q2,830506000,507967000,322539000,0.3883644428818094,0.0,61199500.0,0.0,0.0,0.0,687564500,2871000.0,35991750,178933250,0.21545088175160684,142941500.0,0.17211374752259465,0.0,128820500.0,0.1551108601262363,18629000.0,110191500.0,0.13267995655660525,0.07,0.045,1486485622,2408458336,https://www1.hkexnews.hk/search/titlesearch.xhtml,https://www1.hkexnews.hk/search/titlesearch.xhtml,1620584644,14:24:04,20210509
58,2006-03-31,0282.HK,HKD,2006-03-31,2006-03-31,Q1,830506000,507967000,322539000,0.3883644428818094,0.0,61199500.0,0.0,0.0,0.0,687564500,2871000.0,35991750,178933250,0.21545088175160684,142941500.0,0.17211374752259465,0.0,128820500.0,0.1551108601262363,18629000.0,110191500.0,0.13267995655660525,0.07,0.045,1486485622,2408458336,https://www1.hkexnews.hk/search/titlesearch.xhtml,https://www1.hkexnews.hk/search/titlesearch.xhtml,1620584644,14:24:04,20210509
59,2006-01-31,0282.HK,HKD,2006-01-31,2006-01-31,Q1,830506000,507967000,322539000,0.3883644428818094,0.0,61199500.0,0.0,0.0,0.0,687564500,2871000.0,35991750,178933250,0.21545088175160684,142941500.0,0.17211374752259465,0.0,128820500.0,0.1551108601262363,18629000.0,110191500.0,0.13267995655660525,0.07,0.045,1486485622,2408458336,https://www1.hkexnews.hk/search/titlesearch.xhtml,https://www1.hkexnews.hk/search/titlesearch.xhtml,1620584644,14:24:04,20210509
60,2005-09-30,0282.HK,HKD,2005-09-30,2005-09-30,Q3,733043000,451292750,281750250,0.3843570568165851,0.0,72107750.0,0.0,0.0,0.0,656714250,1520750.0,58501000,134829750,0.18393157018073975,76328750.0,0.1041258834747757,0.0,40786000.0,0.05563930083228406,14721750.0,26064250.0,0.03555623612803069,0.0175,0.01,1480810328,2406380821,https://www1.hkexnews.hk/search/titlesearch.xhtml,https://www1.hkexnews.hk/search/titlesearch.xhtml,1620584644,14:24:04,20210509
61,2005-06-30,0282.HK,HKD,2005-06-30,2005-06-30,Q2,733043000,451292750,281750250,0.3843570568165851,0.0,72107750.0,0.0,0.0,0.0,656714250,1520750.0,58501000,134829750,0.18393157018073975,76328750.0,0.1041258834747757,0.0,40786000.0,0.05563930083228406,14721750.0,26064250.0,0.03555623612803069,0.0175,0.01,1480810328,2406380821,https://www1.hkexnews.hk/search/titlesearch.xhtml,https://www1.hkexnews.hk/search/titlesearch.xhtml,1620584644,14:24:04,20210509
62,2005-03-31,0282.HK,HKD,2005-03-31,2005-03-31,Q1,733043000,451292750,281750250,0.3843570568165851,0.0,72107750.0,0.0,0.0,0.0,656714250,1520750.0,58501000,134829750,0.18393157018073975,76328750.0,0.1041258834747757,0.0,40786000.0,0.05563930083228406,14721750.0,26064250.0,0.03555623612803069,0.0175,0.01,1480810328,2406380821,https://www1.hkexnews.hk/search/titlesearch.xhtml,https://www1.hkexnews.hk/search/titlesearch.xhtml,1620584644,14:24:04,20210509
63,2005-01-31,0282.HK,HKD,2005-01-31,2005-01-31,Q1,733043000,451292750,281750250,0.3843570568165851,0.0,72107750.0,0.0,0.0,0.0,656714250,1520750.0,58501000,134829750,0.18393157018073975,76328750.0,0.1041258834747757,0.0,40786000.0,0.05563930083228406,14721750.0,26064250.0,0.03555623612803069,0.0175,0.01,1480810328,2406380821,https://www1.hkexnews.hk/search/titlesearch.xhtml,https://www1.hkexnews.hk/search/titlesearch.xhtml,1620584644,14:24:04,20210509
64,2004-09-30,0282.HK,HKD,2004-09-30,2004-09-30,Q3,609277250,401416250,207861000,0.3411599563253018,0.0,78438750.0,0.0,0.0,0.0,611385250,1859750.0,57348750,55240750,0.09066603094075809,-2108000.0,-0.003459837044629518,0.0,-3967750.0,-0.00651222411471953,18521250.0,-22480000.0,-0.03689617493513831,-0.015,-0.015,1410756130,1410756130,https://www1.hkexnews.hk/search/titlesearch.xhtml,https://www1.hkexnews.hk/search/titlesearch.xhtml,1620584644,14:24:04,20210509
65,2004-06-30,0282.HK,HKD,2004-06-30,2004-06-30,Q2,609277250,401416250,207861000,0.3411599563253018,0.0,78438750.0,0.0,0.0,0.0,611385250,1859750.0,57348750,55240750,0.09066603094075809,-2108000.0,-0.003459837044629518,0.0,-3967750.0,-0.00651222411471953,18521250.0,-22480000.0,-0.03689617493513831,-0.015,-0.015,1410756130,1410756130,https://www1.hkexnews.hk/search/titlesearch.xhtml,https://www1.hkexnews.hk/search/titlesearch.xhtml,1620584644,14:24:04,20210509
66,2004-03-31,0282.HK,HKD,2004-03-31,2004-03-31,Q1,609277250,401416250,207861000,0.3411599563253018,0.0,78438750.0,0.0,0.0,0.0,611385250,1859750.0,57348750,55240750,0.09066603094075809,-2108000.0,-0.003459837044629518,0.0,-3967750.0,-0.00651222411471953,18521250.0,-22480000.0,-0.03689617493513831,-0.015,-0.015,1410756130,1410756130,https://www1.hkexnews.hk/search/titlesearch.xhtml,https://www1.hkexnews.hk/search/titlesearch.xhtml,1620584644,14:24:04,20210509
67,2004-01-31,0282.HK,HKD,2004-01-31,2004-01-31,Q1,609277250,401416250,207861000,0.3411599563253018,0.0,78438750.0,0.0,0.0,0.0,611385250,1859750.0,57348750,55240750,0.09066603094075809,-2108000.0,-0.003459837044629518,0.0,-3967750.0,-0.00651222411471953,18521250.0,-22480000.0,-0.03689617493513831,-0.015,-0.015,1410756130,1410756130,https://www1.hkexnews.hk/search/titlesearch.xhtml,https://www1.hkexnews.hk/search/titlesearch.xhtml,1620584644,14:24:04,20210509
68,2003-09-30,0282.HK,HKD,2003-09-30,2003-09-30,Q3,537518000,267367500,270150500,0.5025887505162617,0.0,42395000.0,0.0,0.0,0.0,423295250,2911250.0,44678000,158900750,0.29561940251303215,114222750.0,0.21250032557049253,0.0,111311500.0,0.20708422787701994,19429250.0,91893750.0,0.1709593911273669,0.075,0.0375,1233661176,2395888983,https://www1.hkexnews.hk/search/titlesearch.xhtml,https://www1.hkexnews.hk/search/titlesearch.xhtml,1620584644,14:24:04,20210509
69,2003-06-30,0282.HK,HKD,2003-06-30,2003-06-30,Q2,537518000,267367500,270150500,0.5025887505162617,0.0,42395000.0,0.0,0.0,0.0,423295250,2911250.0,44678000,158900750,0.29561940251303215,114222750.0,0.21250032557049253,0.0,111311500.0,0.20708422787701994,19429250.0,91893750.0,0.1709593911273669,0.075,0.0375,1233661176,2395888983,https://www1.hkexnews.hk/search/titlesearch.xhtml,https://www1.hkexnews.hk/search/titlesearch.xhtml,1620584644,14:24:04,20210509
70,2003-03-31,0282.HK,HKD,2003-03-31,2003-03-31,Q1,537518000,267367500,270150500,0.5025887505162617,0.0,42395000.0,0.0,0.0,0.0,423295250,2911250.0,44678000,158900750,0.29561940251303215,114222750.0,0.21250032557049253,0.0,111311500.0,0.20708422787701994,19429250.0,91893750.0,0.1709593911273669,0.075,0.0375,1233661176,2395888983,https://www1.hkexnews.hk/search/titlesearch.xhtml,https://www1.hkexnews.hk/search/titlesearch.xhtml,1620584644,14:24:04,20210509
71,2003-01-31,0282.HK,HKD,2003-01-31,2003-01-31,Q1,537518000,267367500,270150500,0.5025887505162617,0.0,42395000.0,0.0,0.0,0.0,423295250,2911250.0,44678000,158900750,0.29561940251303215,114222750.0,0.21250032557049253,0.0,111311500.0,0.20708422787701994,19429250.0,91893750.0,0.1709593911273669,0.075,0.0375,1233661176,2395888983,https://www1.hkexnews.hk/search/titlesearch.xhtml,https://www1.hkexnews.hk/search/titlesearch.xhtml,1620584644,14:24:04,20210509
72,2002-09-30,0282.HK,HKD,2002-09-30,2002-09-30,Q3,280219000,168461250,111757750,0.3988228849578366,0.0,37214250.0,0.0,0.0,0.0,264329000,2414750.0,26112250,42002250,0.1498907996959521,15890000.0,0.0567056480823927,0.0,13475250.0,0.04808828095168422,6771250.0,6570500.0,0.023447731952508575,0.0075,0.005,899708677,1398689593,https://www1.hkexnews.hk/search/titlesearch.xhtml,https://www1.hkexnews.hk/search/titlesearch.xhtml,1620584644,14:24:04,20210509
73,2002-06-30,0282.HK,HKD,2002-06-30,2002-06-30,Q2,280219000,168461250,111757750,0.3988228849578366,0.0,37214250.0,0.0,0.0,0.0,264329000,2414750.0,26112250,42002250,0.1498907996959521,15890000.0,0.0567056480823927,0.0,13475250.0,0.04808828095168422,6771250.0,6570500.0,0.023447731952508575,0.0075,0.005,899708677,1398689593,https://www1.hkexnews.hk/search/titlesearch.xhtml,https://www1.hkexnews.hk/search/titlesearch.xhtml,1620584644,14:24:04,20210509
74,2002-03-31,0282.HK,HKD,2002-03-31,2002-03-31,Q1,280219000,168461250,111757750,0.3988228849578366,0.0,37214250.0,0.0,0.0,0.0,264329000,2414750.0,26112250,42002250,0.1498907996959521,15890000.0,0.0567056480823927,0.0,13475250.0,0.04808828095168422,6771250.0,6570500.0,0.023447731952508575,0.0075,0.005,899708677,1398689593,https://www1.hkexnews.hk/search/titlesearch.xhtml,https://www1.hkexnews.hk/search/titlesearch.xhtml,1620584644,14:24:04,20210509
75,2002-01-31,0282.HK,HKD,2002-01-31,2002-01-31,Q1,280219000,168461250,111757750,0.3988228849578366,0.0,37214250.0,0.0,0.0,0.0,264329000,2414750.0,26112250,42002250,0.1498907996959521,15890000.0,0.0567056480823927,0.0,13475250.0,0.04808828095168422,6771250.0,6570500.0,0.023447731952508575,0.0075,0.005,899708677,1398689593,https://www1.hkexnews.hk/search/titlesearch.xhtml,https://www1.hkexnews.hk/search/titlesearch.xhtml,1620584644,14:24:04,20210509
76,2001-09-30,0282.HK,HKD,2001-09-30,2001-09-30,Q3,87609000,60142750,27466250,0.313509456790969,0.0,14209750.0,0.0,0.0,0.0,116364500,6876500.0,10731500,-18024000,-0.20573228777865288,-28755500.0,-0.3282254106313278,0.0,-157918750.0,-1.8025402641281147,1689500.0,-159620750.0,-1.8219674919243456,-0.2575,-0.2575,618375185,618375185,https://www1.hkexnews.hk/search/titlesearch.xhtml,https://www1.hkexnews.hk/search/titlesearch.xhtml,1620584644,14:24:04,20210509
77,2001-06-30,0282.HK,HKD,2001-06-30,2001-06-30,Q2,87609000,60142750,27466250,0.313509456790969,0.0,14209750.0,0.0,0.0,0.0,116364500,6876500.0,10731500,-18024000,-0.20573228777865288,-28755500.0,-0.3282254106313278,0.0,-157918750.0,-1.8025402641281147,1689500.0,-159620750.0,-1.8219674919243456,-0.2575,-0.2575,618375185,618375185,https://www1.hkexnews.hk/search/titlesearch.xhtml,https://www1.hkexnews.hk/search/titlesearch.xhtml,1620584644,14:24:04,20210509
78,2001-03-31,0282.HK,HKD,2001-03-31,2001-03-31,Q1,87609000,60142750,27466250,0.313509456790969,0.0,14209750.0,0.0,0.0,0.0,116364500,6876500.0,10731500,-18024000,-0.20573228777865288,-28755500.0,-0.3282254106313278,0.0,-157918750.0,-1.8025402641281147,1689500.0,-159620750.0,-1.8219674919243456,-0.2575,-0.2575,618375185,618375185,https://www1.hkexnews.hk/search/titlesearch.xhtml,https://www1.hkexnews.hk/search/titlesearch.xhtml,1620584644,14:24:04,20210509
79,2001-01-31,0282.HK,HKD,2001-01-31,2001-01-31,Q1,87609000,60142750,27466250,0.313509456790969,0.0,14209750.0,0.0,0.0,0.0,116364500,6876500.0,10731500,-18024000,-0.20573228777865288,-28755500.0,-0.3282254106313278,0.0,-157918750.0,-1.8025402641281147,1689500.0,-159620750.0,-1.8219674919243456,-0.2575,-0.2575,618375185,618375185,https://www1.hkexnews.hk/search/titlesearch.xhtml,https://www1.hkexnews.hk/search/titlesearch.xhtml,1620584644,14:24:04,20210509
