,date,symbol,reportedCurrency,fillingDate,acceptedDate,period,revenue,costOfRevenue,grossProfit,grossProfitRatio,researchAndDevelopmentExpenses,generalAndAdministrativeExpenses,sellingAndMarketingExpenses,otherExpenses,operatingExpenses,costAndExpenses,interestExpense,depreciationAndAmortization,ebitda,ebitdaratio,operatingIncome,operatingIncomeRatio,totalOtherIncomeExpensesNet,incomeBeforeTax,incomeBeforeTaxRatio,incomeTaxExpense,netIncome,netIncomeRatio,eps,epsdiluted,weightedAverageShsOut,weightedAverageShsOutDil,link,finalLink,timestamp,est_time,est_date
0,2019-06-30,GHE.L,GBP,2019-06-30,2019-06-30,Q2,8633750.0,0.0,0.0,0.0,0.0,2470000.0,0.0,0.0,53000.0,0.0,55250.0,2121000.0,0.0,0.0,0.0,0.0,0.0,-206750.0,-0.02394672071811206,5750.0,-212500.0,-0.024612711741711306,-0.008,-0.008,26479021.0,26479021.0,https://find-and-update.company-information.service.gov.uk/search/companies?q=Gresham+House+PLC,https://find-and-update.company-information.service.gov.uk/search/companies?q=Gresham+House+PLC,1620592529,16:35:29,20210509
1,2019-03-31,GHE.L,GBP,2019-03-31,2019-03-31,Q1,8633750.0,0.0,0.0,0.0,0.0,2470000.0,0.0,0.0,53000.0,0.0,55250.0,2121000.0,0.0,0.0,0.0,0.0,0.0,-206750.0,-0.02394672071811206,5750.0,-212500.0,-0.024612711741711306,-0.008,-0.008,26479021.0,26479021.0,https://find-and-update.company-information.service.gov.uk/search/companies?q=Gresham+House+PLC,https://find-and-update.company-information.service.gov.uk/search/companies?q=Gresham+House+PLC,1620592529,16:35:29,20210509
2,2019-01-31,GHE.L,GBP,2019-01-31,2019-01-31,Q1,8633750.0,0.0,0.0,0.0,0.0,2470000.0,0.0,0.0,53000.0,0.0,55250.0,2121000.0,0.0,0.0,0.0,0.0,0.0,-206750.0,-0.02394672071811206,5750.0,-212500.0,-0.024612711741711306,-0.008,-0.008,26479021.0,26479021.0,https://find-and-update.company-information.service.gov.uk/search/companies?q=Gresham+House+PLC,https://find-and-update.company-information.service.gov.uk/search/companies?q=Gresham+House+PLC,1620592529,16:35:29,20210509
3,2018-06-30,GHE.L,GBP,2018-06-30,2018-06-30,Q2,3935250.0,0.0,0.0,0.0,0.0,1621000.0,0.0,0.0,-4000.0,0.0,8750.0,731500.0,0.0,0.0,0.0,0.0,0.0,-218750.0,-0.055587319738263134,-54500.0,-174750.0,-0.04440632742519535,-0.00975,-0.00975,17742370.0,17742370.0,https://find-and-update.company-information.service.gov.uk/search/companies?q=Gresham+House+PLC,https://find-and-update.company-information.service.gov.uk/search/companies?q=Gresham+House+PLC,1620592529,16:35:29,20210509
4,2018-03-31,GHE.L,GBP,2018-03-31,2018-03-31,Q1,3935250.0,0.0,0.0,0.0,0.0,1621000.0,0.0,0.0,-4000.0,0.0,8750.0,731500.0,0.0,0.0,0.0,0.0,0.0,-218750.0,-0.055587319738263134,-54500.0,-174750.0,-0.04440632742519535,-0.00975,-0.00975,17742370.0,17742370.0,https://find-and-update.company-information.service.gov.uk/search/companies?q=Gresham+House+PLC,https://find-and-update.company-information.service.gov.uk/search/companies?q=Gresham+House+PLC,1620592529,16:35:29,20210509
5,2018-01-31,GHE.L,GBP,2018-01-31,2018-01-31,Q1,3935250.0,0.0,0.0,0.0,0.0,1621000.0,0.0,0.0,-4000.0,0.0,8750.0,731500.0,0.0,0.0,0.0,0.0,0.0,-218750.0,-0.055587319738263134,-54500.0,-174750.0,-0.04440632742519535,-0.00975,-0.00975,17742370.0,17742370.0,https://find-and-update.company-information.service.gov.uk/search/companies?q=Gresham+House+PLC,https://find-and-update.company-information.service.gov.uk/search/companies?q=Gresham+House+PLC,1620592529,16:35:29,20210509
6,2017-06-30,GHE.L,GBP,2017-06-30,2017-06-30,Q2,1476750.0,0.0,0.0,0.0,0.0,746250.0,0.0,0.0,74000.0,0.0,86000.0,302250.0,0.0,0.0,0.0,0.0,0.0,-605500.0,-0.4100220077873709,0.0,-781000.0,-0.5288640595903166,-0.06475,-0.06475,12073106.0,12073106.0,https://find-and-update.company-information.service.gov.uk/search/companies?q=Gresham+House+PLC,https://find-and-update.company-information.service.gov.uk/search/companies?q=Gresham+House+PLC,1620592529,16:35:29,20210509
7,2017-03-31,GHE.L,GBP,2017-03-31,2017-03-31,Q1,1476750.0,0.0,0.0,0.0,0.0,746250.0,0.0,0.0,74000.0,0.0,86000.0,302250.0,0.0,0.0,0.0,0.0,0.0,-605500.0,-0.4100220077873709,0.0,-781000.0,-0.5288640595903166,-0.06475,-0.06475,12073106.0,12073106.0,https://find-and-update.company-information.service.gov.uk/search/companies?q=Gresham+House+PLC,https://find-and-update.company-information.service.gov.uk/search/companies?q=Gresham+House+PLC,1620592529,16:35:29,20210509
8,2017-01-31,GHE.L,GBP,2017-01-31,2017-01-31,Q1,1476750.0,0.0,0.0,0.0,0.0,746250.0,0.0,0.0,74000.0,0.0,86000.0,302250.0,0.0,0.0,0.0,0.0,0.0,-605500.0,-0.4100220077873709,0.0,-781000.0,-0.5288640595903166,-0.06475,-0.06475,12073106.0,12073106.0,https://find-and-update.company-information.service.gov.uk/search/companies?q=Gresham+House+PLC,https://find-and-update.company-information.service.gov.uk/search/companies?q=Gresham+House+PLC,1620592529,16:35:29,20210509
9,2016-06-30,GHE.L,GBP,2016-06-30,2016-06-30,Q2,1064250.0,0.0,0.0,0.0,0.0,739750.0,0.0,0.0,34000.0,0.0,73250.0,360250.0,0.0,0.0,0.0,0.0,0.0,-767250.0,-0.7209302325581395,-8250.0,-756750.0,-0.7110641296687809,-0.10125,-0.10125,9404614.0,9404614.0,https://find-and-update.company-information.service.gov.uk/search/companies?q=Gresham+House+PLC,https://find-and-update.company-information.service.gov.uk/search/companies?q=Gresham+House+PLC,1620592529,16:35:29,20210509
10,2016-03-31,GHE.L,GBP,2016-03-31,2016-03-31,Q1,1064250.0,0.0,0.0,0.0,0.0,739750.0,0.0,0.0,34000.0,0.0,73250.0,360250.0,0.0,0.0,0.0,0.0,0.0,-767250.0,-0.7209302325581395,-8250.0,-756750.0,-0.7110641296687809,-0.10125,-0.10125,9404614.0,9404614.0,https://find-and-update.company-information.service.gov.uk/search/companies?q=Gresham+House+PLC,https://find-and-update.company-information.service.gov.uk/search/companies?q=Gresham+House+PLC,1620592529,16:35:29,20210509
11,2016-01-31,GHE.L,GBP,2016-01-31,2016-01-31,Q1,1064250.0,0.0,0.0,0.0,0.0,739750.0,0.0,0.0,34000.0,0.0,73250.0,360250.0,0.0,0.0,0.0,0.0,0.0,-767250.0,-0.7209302325581395,-8250.0,-756750.0,-0.7110641296687809,-0.10125,-0.10125,9404614.0,9404614.0,https://find-and-update.company-information.service.gov.uk/search/companies?q=Gresham+House+PLC,https://find-and-update.company-information.service.gov.uk/search/companies?q=Gresham+House+PLC,1620592529,16:35:29,20210509
12,2015-09-30,GHE.L,GBP,2015-09-30,2015-09-30,Q3,-2000.0,0.0,0.0,0.0,0.0,733000.0,0.0,0.0,250.0,0.0,34250.0,2500.0,0.0,0.0,0.0,0.0,0.0,-957750.0,478.875,0.0,-951750.0,475.875,-0.10125,-0.10125,9404614.0,9404614.0,https://find-and-update.company-information.service.gov.uk/search/companies?q=Gresham+House+PLC,https://find-and-update.company-information.service.gov.uk/search/companies?q=Gresham+House+PLC,1620592529,16:35:29,20210509
13,2015-06-30,GHE.L,GBP,2015-06-30,2015-06-30,Q2,-2000.0,0.0,0.0,0.0,0.0,733000.0,0.0,0.0,250.0,0.0,34250.0,2500.0,0.0,0.0,0.0,0.0,0.0,-957750.0,478.875,0.0,-951750.0,475.875,-0.10125,-0.10125,9404614.0,9404614.0,https://find-and-update.company-information.service.gov.uk/search/companies?q=Gresham+House+PLC,https://find-and-update.company-information.service.gov.uk/search/companies?q=Gresham+House+PLC,1620592529,16:35:29,20210509
14,2015-03-31,GHE.L,GBP,2015-03-31,2015-03-31,Q1,-2000.0,0.0,0.0,0.0,0.0,733000.0,0.0,0.0,250.0,0.0,34250.0,2500.0,0.0,0.0,0.0,0.0,0.0,-957750.0,478.875,0.0,-951750.0,475.875,-0.10125,-0.10125,9404614.0,9404614.0,https://find-and-update.company-information.service.gov.uk/search/companies?q=Gresham+House+PLC,https://find-and-update.company-information.service.gov.uk/search/companies?q=Gresham+House+PLC,1620592529,16:35:29,20210509
15,2015-01-31,GHE.L,GBP,2015-01-31,2015-01-31,Q1,-2000.0,0.0,0.0,0.0,0.0,733000.0,0.0,0.0,250.0,0.0,34250.0,2500.0,0.0,0.0,0.0,0.0,0.0,-957750.0,478.875,0.0,-951750.0,475.875,-0.10125,-0.10125,9404614.0,9404614.0,https://find-and-update.company-information.service.gov.uk/search/companies?q=Gresham+House+PLC,https://find-and-update.company-information.service.gov.uk/search/companies?q=Gresham+House+PLC,1620592529,16:35:29,20210509
16,2014-09-30,GHE.L,GBP,2014-09-30,2014-09-30,Q3,-420500.0,0.0,0.0,0.0,0.0,463000.0,0.0,0.0,15750.0,0.0,36500.0,0.0,0.0,0.0,0.0,0.0,0.0,-1000250.0,2.3787158145065397,0.0,-1188250.0,2.8258026159334126,-0.20825,-0.20825,5707356.0,5707356.0,https://find-and-update.company-information.service.gov.uk/search/companies?q=Gresham+House+PLC,https://find-and-update.company-information.service.gov.uk/search/companies?q=Gresham+House+PLC,1620592529,16:35:29,20210509
17,2014-06-30,GHE.L,GBP,2014-06-30,2014-06-30,Q2,-420500.0,0.0,0.0,0.0,0.0,463000.0,0.0,0.0,15750.0,0.0,36500.0,0.0,0.0,0.0,0.0,0.0,0.0,-1000250.0,2.3787158145065397,0.0,-1188250.0,2.8258026159334126,-0.20825,-0.20825,5707356.0,5707356.0,https://find-and-update.company-information.service.gov.uk/search/companies?q=Gresham+House+PLC,https://find-and-update.company-information.service.gov.uk/search/companies?q=Gresham+House+PLC,1620592529,16:35:29,20210509
18,2014-03-31,GHE.L,GBP,2014-03-31,2014-03-31,Q1,-420500.0,0.0,0.0,0.0,0.0,463000.0,0.0,0.0,15750.0,0.0,36500.0,0.0,0.0,0.0,0.0,0.0,0.0,-1000250.0,2.3787158145065397,0.0,-1188250.0,2.8258026159334126,-0.20825,-0.20825,5707356.0,5707356.0,https://find-and-update.company-information.service.gov.uk/search/companies?q=Gresham+House+PLC,https://find-and-update.company-information.service.gov.uk/search/companies?q=Gresham+House+PLC,1620592529,16:35:29,20210509
19,2014-01-31,GHE.L,GBP,2014-01-31,2014-01-31,Q1,-420500.0,0.0,0.0,0.0,0.0,463000.0,0.0,0.0,15750.0,0.0,36500.0,0.0,0.0,0.0,0.0,0.0,0.0,-1000250.0,2.3787158145065397,0.0,-1188250.0,2.8258026159334126,-0.20825,-0.20825,5707356.0,5707356.0,https://find-and-update.company-information.service.gov.uk/search/companies?q=Gresham+House+PLC,https://find-and-update.company-information.service.gov.uk/search/companies?q=Gresham+House+PLC,1620592529,16:35:29,20210509
20,2013-09-30,GHE.L,GBP,2013-09-30,2013-09-30,Q3,-276000.0,0.0,0.0,0.0,0.0,478750.0,0.0,0.0,63250.0,0.0,126000.0,0.0,0.0,0.0,0.0,0.0,0.0,-861500.0,3.121376811594203,0.0,-874250.0,3.1675724637681157,-0.16275,-0.16275,5369880.0,5369880.0,https://find-and-update.company-information.service.gov.uk/search/companies?q=Gresham+House+PLC,https://find-and-update.company-information.service.gov.uk/search/companies?q=Gresham+House+PLC,1620592529,16:35:29,20210509
21,2013-06-30,GHE.L,GBP,2013-06-30,2013-06-30,Q2,-276000.0,0.0,0.0,0.0,0.0,478750.0,0.0,0.0,63250.0,0.0,126000.0,0.0,0.0,0.0,0.0,0.0,0.0,-861500.0,3.121376811594203,0.0,-874250.0,3.1675724637681157,-0.16275,-0.16275,5369880.0,5369880.0,https://find-and-update.company-information.service.gov.uk/search/companies?q=Gresham+House+PLC,https://find-and-update.company-information.service.gov.uk/search/companies?q=Gresham+House+PLC,1620592529,16:35:29,20210509
22,2013-03-31,GHE.L,GBP,2013-03-31,2013-03-31,Q1,-276000.0,0.0,0.0,0.0,0.0,478750.0,0.0,0.0,63250.0,0.0,126000.0,0.0,0.0,0.0,0.0,0.0,0.0,-861500.0,3.121376811594203,0.0,-874250.0,3.1675724637681157,-0.16275,-0.16275,5369880.0,5369880.0,https://find-and-update.company-information.service.gov.uk/search/companies?q=Gresham+House+PLC,https://find-and-update.company-information.service.gov.uk/search/companies?q=Gresham+House+PLC,1620592529,16:35:29,20210509
23,2013-01-31,GHE.L,GBP,2013-01-31,2013-01-31,Q1,-276000.0,0.0,0.0,0.0,0.0,478750.0,0.0,0.0,63250.0,0.0,126000.0,0.0,0.0,0.0,0.0,0.0,0.0,-861500.0,3.121376811594203,0.0,-874250.0,3.1675724637681157,-0.16275,-0.16275,5369880.0,5369880.0,https://find-and-update.company-information.service.gov.uk/search/companies?q=Gresham+House+PLC,https://find-and-update.company-information.service.gov.uk/search/companies?q=Gresham+House+PLC,1620592529,16:35:29,20210509
24,2012-09-30,GHE.L,GBP,2012-09-30,2012-09-30,Q3,739250.0,0.0,0.0,0.0,0.0,409500.0,0.0,0.0,32750.0,0.0,189500.0,0.0,0.0,0.0,0.0,0.0,0.0,249000.0,0.336827866080487,0.0,355000.0,0.4802164355765979,0.066,0.066,5369880.0,5369880.0,https://find-and-update.company-information.service.gov.uk/search/companies?q=Gresham+House+PLC,https://find-and-update.company-information.service.gov.uk/search/companies?q=Gresham+House+PLC,1620592529,16:35:29,20210509
25,2012-06-30,GHE.L,GBP,2012-06-30,2012-06-30,Q2,739250.0,0.0,0.0,0.0,0.0,409500.0,0.0,0.0,32750.0,0.0,189500.0,0.0,0.0,0.0,0.0,0.0,0.0,249000.0,0.336827866080487,0.0,355000.0,0.4802164355765979,0.066,0.066,5369880.0,5369880.0,https://find-and-update.company-information.service.gov.uk/search/companies?q=Gresham+House+PLC,https://find-and-update.company-information.service.gov.uk/search/companies?q=Gresham+House+PLC,1620592529,16:35:29,20210509
26,2012-03-31,GHE.L,GBP,2012-03-31,2012-03-31,Q1,739250.0,0.0,0.0,0.0,0.0,409500.0,0.0,0.0,32750.0,0.0,189500.0,0.0,0.0,0.0,0.0,0.0,0.0,249000.0,0.336827866080487,0.0,355000.0,0.4802164355765979,0.066,0.066,5369880.0,5369880.0,https://find-and-update.company-information.service.gov.uk/search/companies?q=Gresham+House+PLC,https://find-and-update.company-information.service.gov.uk/search/companies?q=Gresham+House+PLC,1620592529,16:35:29,20210509
27,2012-01-31,GHE.L,GBP,2012-01-31,2012-01-31,Q1,739250.0,0.0,0.0,0.0,0.0,409500.0,0.0,0.0,32750.0,0.0,189500.0,0.0,0.0,0.0,0.0,0.0,0.0,249000.0,0.336827866080487,0.0,355000.0,0.4802164355765979,0.066,0.066,5369880.0,5369880.0,https://find-and-update.company-information.service.gov.uk/search/companies?q=Gresham+House+PLC,https://find-and-update.company-information.service.gov.uk/search/companies?q=Gresham+House+PLC,1620592529,16:35:29,20210509
28,2011-09-30,GHE.L,GBP,2011-09-30,2011-09-30,Q3,-126000.0,0.0,0.0,0.0,0.0,491000.0,0.0,0.0,0.0,0.0,-25000.0,0.0,0.0,0.0,0.0,0.0,0.0,-592000.0,4.698412698412699,0.0,-388000.0,3.0793650793650795,-0.07225,-0.07225,5369880.0,5369880.0,https://find-and-update.company-information.service.gov.uk/search/companies?q=Gresham+House+PLC,https://find-and-update.company-information.service.gov.uk/search/companies?q=Gresham+House+PLC,1620592529,16:35:29,20210509
29,2011-06-30,GHE.L,GBP,2011-06-30,2011-06-30,Q2,-126000.0,0.0,0.0,0.0,0.0,491000.0,0.0,0.0,0.0,0.0,-25000.0,0.0,0.0,0.0,0.0,0.0,0.0,-592000.0,4.698412698412699,0.0,-388000.0,3.0793650793650795,-0.07225,-0.07225,5369880.0,5369880.0,https://find-and-update.company-information.service.gov.uk/search/companies?q=Gresham+House+PLC,https://find-and-update.company-information.service.gov.uk/search/companies?q=Gresham+House+PLC,1620592529,16:35:29,20210509
30,2011-03-31,GHE.L,GBP,2011-03-31,2011-03-31,Q1,-126000.0,0.0,0.0,0.0,0.0,491000.0,0.0,0.0,0.0,0.0,-25000.0,0.0,0.0,0.0,0.0,0.0,0.0,-592000.0,4.698412698412699,0.0,-388000.0,3.0793650793650795,-0.07225,-0.07225,5369880.0,5369880.0,https://find-and-update.company-information.service.gov.uk/search/companies?q=Gresham+House+PLC,https://find-and-update.company-information.service.gov.uk/search/companies?q=Gresham+House+PLC,1620592529,16:35:29,20210509
31,2011-01-31,GHE.L,GBP,2011-01-31,2011-01-31,Q1,-126000.0,0.0,0.0,0.0,0.0,491000.0,0.0,0.0,0.0,0.0,-25000.0,0.0,0.0,0.0,0.0,0.0,0.0,-592000.0,4.698412698412699,0.0,-388000.0,3.0793650793650795,-0.07225,-0.07225,5369880.0,5369880.0,https://find-and-update.company-information.service.gov.uk/search/companies?q=Gresham+House+PLC,https://find-and-update.company-information.service.gov.uk/search/companies?q=Gresham+House+PLC,1620592529,16:35:29,20210509
32,2010-09-30,GHE.L,GBP,2010-09-30,2010-09-30,Q3,1524500.0,0.0,0.0,0.0,0.0,1180500.0,0.0,0.0,0.0,0.0,267750.0,0.0,0.0,0.0,0.0,0.0,0.0,76250.0,0.05001639881928501,0.0,239000.0,0.15677271236470974,0.048,0.048,4990176.0,4990176.0,https://find-and-update.company-information.service.gov.uk/search/companies?q=Gresham+House+PLC,https://find-and-update.company-information.service.gov.uk/search/companies?q=Gresham+House+PLC,1620592529,16:35:29,20210509
33,2010-06-30,GHE.L,GBP,2010-06-30,2010-06-30,Q2,1524500.0,0.0,0.0,0.0,0.0,1180500.0,0.0,0.0,0.0,0.0,267750.0,0.0,0.0,0.0,0.0,0.0,0.0,76250.0,0.05001639881928501,0.0,239000.0,0.15677271236470974,0.048,0.048,4990176.0,4990176.0,https://find-and-update.company-information.service.gov.uk/search/companies?q=Gresham+House+PLC,https://find-and-update.company-information.service.gov.uk/search/companies?q=Gresham+House+PLC,1620592529,16:35:29,20210509
34,2010-03-31,GHE.L,GBP,2010-03-31,2010-03-31,Q1,1524500.0,0.0,0.0,0.0,0.0,1180500.0,0.0,0.0,0.0,0.0,267750.0,0.0,0.0,0.0,0.0,0.0,0.0,76250.0,0.05001639881928501,0.0,239000.0,0.15677271236470974,0.048,0.048,4990176.0,4990176.0,https://find-and-update.company-information.service.gov.uk/search/companies?q=Gresham+House+PLC,https://find-and-update.company-information.service.gov.uk/search/companies?q=Gresham+House+PLC,1620592529,16:35:29,20210509
35,2010-01-31,GHE.L,GBP,2010-01-31,2010-01-31,Q1,1524500.0,0.0,0.0,0.0,0.0,1180500.0,0.0,0.0,0.0,0.0,267750.0,0.0,0.0,0.0,0.0,0.0,0.0,76250.0,0.05001639881928501,0.0,239000.0,0.15677271236470974,0.048,0.048,4990176.0,4990176.0,https://find-and-update.company-information.service.gov.uk/search/companies?q=Gresham+House+PLC,https://find-and-update.company-information.service.gov.uk/search/companies?q=Gresham+House+PLC,1620592529,16:35:29,20210509
36,2009-09-30,GHE.L,GBP,2009-09-30,2009-09-30,Q3,1680500.0,0.0,0.0,0.0,0.0,555750.0,0.0,0.0,0.0,0.0,263000.0,0.0,0.0,0.0,0.0,0.0,0.0,861750.0,0.5127938113656649,0.0,838500.0,0.49895864326093425,0.17175,0.17175,4881880.0,4881880.0,https://find-and-update.company-information.service.gov.uk/search/companies?q=Gresham+House+PLC,https://find-and-update.company-information.service.gov.uk/search/companies?q=Gresham+House+PLC,1620592529,16:35:29,20210509
37,2009-06-30,GHE.L,GBP,2009-06-30,2009-06-30,Q2,1680500.0,0.0,0.0,0.0,0.0,555750.0,0.0,0.0,0.0,0.0,263000.0,0.0,0.0,0.0,0.0,0.0,0.0,861750.0,0.5127938113656649,0.0,838500.0,0.49895864326093425,0.17175,0.17175,4881880.0,4881880.0,https://find-and-update.company-information.service.gov.uk/search/companies?q=Gresham+House+PLC,https://find-and-update.company-information.service.gov.uk/search/companies?q=Gresham+House+PLC,1620592529,16:35:29,20210509
38,2009-03-31,GHE.L,GBP,2009-03-31,2009-03-31,Q1,1680500.0,0.0,0.0,0.0,0.0,555750.0,0.0,0.0,0.0,0.0,263000.0,0.0,0.0,0.0,0.0,0.0,0.0,861750.0,0.5127938113656649,0.0,838500.0,0.49895864326093425,0.17175,0.17175,4881880.0,4881880.0,https://find-and-update.company-information.service.gov.uk/search/companies?q=Gresham+House+PLC,https://find-and-update.company-information.service.gov.uk/search/companies?q=Gresham+House+PLC,1620592529,16:35:29,20210509
39,2009-01-31,GHE.L,GBP,2009-01-31,2009-01-31,Q1,1680500.0,0.0,0.0,0.0,0.0,555750.0,0.0,0.0,0.0,0.0,263000.0,0.0,0.0,0.0,0.0,0.0,0.0,861750.0,0.5127938113656649,0.0,838500.0,0.49895864326093425,0.17175,0.17175,4881880.0,4881880.0,https://find-and-update.company-information.service.gov.uk/search/companies?q=Gresham+House+PLC,https://find-and-update.company-information.service.gov.uk/search/companies?q=Gresham+House+PLC,1620592529,16:35:29,20210509
40,2008-09-30,GHE.L,GBP,2008-09-30,2008-09-30,Q3,-4156000.0,0.0,0.0,0.0,0.0,1231000.0,0.0,0.0,0.0,0.0,231750.0,0.0,0.0,0.0,0.0,0.0,0.0,-5618750.0,1.351961020211742,-212000.0,-5204250.0,1.252225697786333,-1.0665,-1.0665,4879694.0,4879694.0,https://find-and-update.company-information.service.gov.uk/search/companies?q=Gresham+House+PLC,https://find-and-update.company-information.service.gov.uk/search/companies?q=Gresham+House+PLC,1620592529,16:35:29,20210509
41,2008-06-30,GHE.L,GBP,2008-06-30,2008-06-30,Q2,-4156000.0,0.0,0.0,0.0,0.0,1231000.0,0.0,0.0,0.0,0.0,231750.0,0.0,0.0,0.0,0.0,0.0,0.0,-5618750.0,1.351961020211742,-212000.0,-5204250.0,1.252225697786333,-1.0665,-1.0665,4879694.0,4879694.0,https://find-and-update.company-information.service.gov.uk/search/companies?q=Gresham+House+PLC,https://find-and-update.company-information.service.gov.uk/search/companies?q=Gresham+House+PLC,1620592529,16:35:29,20210509
42,2008-03-31,GHE.L,GBP,2008-03-31,2008-03-31,Q1,-4156000.0,0.0,0.0,0.0,0.0,1231000.0,0.0,0.0,0.0,0.0,231750.0,0.0,0.0,0.0,0.0,0.0,0.0,-5618750.0,1.351961020211742,-212000.0,-5204250.0,1.252225697786333,-1.0665,-1.0665,4879694.0,4879694.0,https://find-and-update.company-information.service.gov.uk/search/companies?q=Gresham+House+PLC,https://find-and-update.company-information.service.gov.uk/search/companies?q=Gresham+House+PLC,1620592529,16:35:29,20210509
43,2008-01-31,GHE.L,GBP,2008-01-31,2008-01-31,Q1,-4156000.0,0.0,0.0,0.0,0.0,1231000.0,0.0,0.0,0.0,0.0,231750.0,0.0,0.0,0.0,0.0,0.0,0.0,-5618750.0,1.351961020211742,-212000.0,-5204250.0,1.252225697786333,-1.0665,-1.0665,4879694.0,4879694.0,https://find-and-update.company-information.service.gov.uk/search/companies?q=Gresham+House+PLC,https://find-and-update.company-information.service.gov.uk/search/companies?q=Gresham+House+PLC,1620592529,16:35:29,20210509
44,2007-09-30,GHE.L,GBP,2007-09-30,2007-09-30,Q3,-71000.0,0.0,0.0,0.0,0.0,704750.0,0.0,0.0,0.0,0.0,247750.0,0.0,0.0,0.0,0.0,0.0,0.0,-1023500.0,14.415492957746478,-163750.0,-718000.0,10.112676056338028,-0.1473475,-0.1473475,4876880.0,4876880.0,https://find-and-update.company-information.service.gov.uk/search/companies?q=Gresham+House+PLC,https://find-and-update.company-information.service.gov.uk/search/companies?q=Gresham+House+PLC,1620592529,16:35:29,20210509
45,2007-06-30,GHE.L,GBP,2007-06-30,2007-06-30,Q2,-71000.0,0.0,0.0,0.0,0.0,704750.0,0.0,0.0,0.0,0.0,247750.0,0.0,0.0,0.0,0.0,0.0,0.0,-1023500.0,14.415492957746478,-163750.0,-718000.0,10.112676056338028,-0.1473475,-0.1473475,4876880.0,4876880.0,https://find-and-update.company-information.service.gov.uk/search/companies?q=Gresham+House+PLC,https://find-and-update.company-information.service.gov.uk/search/companies?q=Gresham+House+PLC,1620592529,16:35:29,20210509
46,2007-03-31,GHE.L,GBP,2007-03-31,2007-03-31,Q1,-71000.0,0.0,0.0,0.0,0.0,704750.0,0.0,0.0,0.0,0.0,247750.0,0.0,0.0,0.0,0.0,0.0,0.0,-1023500.0,14.415492957746478,-163750.0,-718000.0,10.112676056338028,-0.1473475,-0.1473475,4876880.0,4876880.0,https://find-and-update.company-information.service.gov.uk/search/companies?q=Gresham+House+PLC,https://find-and-update.company-information.service.gov.uk/search/companies?q=Gresham+House+PLC,1620592529,16:35:29,20210509
47,2007-01-31,GHE.L,GBP,2007-01-31,2007-01-31,Q1,-71000.0,0.0,0.0,0.0,0.0,704750.0,0.0,0.0,0.0,0.0,247750.0,0.0,0.0,0.0,0.0,0.0,0.0,-1023500.0,14.415492957746478,-163750.0,-718000.0,10.112676056338028,-0.1473475,-0.1473475,4876880.0,4876880.0,https://find-and-update.company-information.service.gov.uk/search/companies?q=Gresham+House+PLC,https://find-and-update.company-information.service.gov.uk/search/companies?q=Gresham+House+PLC,1620592529,16:35:29,20210509
48,2006-09-30,GHE.L,GBP,2006-09-30,2006-09-30,Q3,2516750.0,0.0,0.0,0.0,0.0,410000.0,0.0,0.0,0.0,0.0,303250.0,0.0,0.0,0.0,0.0,0.0,0.0,1803500.0,0.7165987881195987,-36250.0,1605500.0,0.6379258964934936,0.32925,0.3285,4874587.0,4874587.0,https://find-and-update.company-information.service.gov.uk/search/companies?q=Gresham+House+PLC,https://find-and-update.company-information.service.gov.uk/search/companies?q=Gresham+House+PLC,1620592529,16:35:29,20210509
49,2006-06-30,GHE.L,GBP,2006-06-30,2006-06-30,Q2,2516750.0,0.0,0.0,0.0,0.0,410000.0,0.0,0.0,0.0,0.0,303250.0,0.0,0.0,0.0,0.0,0.0,0.0,1803500.0,0.7165987881195987,-36250.0,1605500.0,0.6379258964934936,0.32925,0.3285,4874587.0,4874587.0,https://find-and-update.company-information.service.gov.uk/search/companies?q=Gresham+House+PLC,https://find-and-update.company-information.service.gov.uk/search/companies?q=Gresham+House+PLC,1620592529,16:35:29,20210509
50,2006-03-31,GHE.L,GBP,2006-03-31,2006-03-31,Q1,2516750.0,0.0,0.0,0.0,0.0,410000.0,0.0,0.0,0.0,0.0,303250.0,0.0,0.0,0.0,0.0,0.0,0.0,1803500.0,0.7165987881195987,-36250.0,1605500.0,0.6379258964934936,0.32925,0.3285,4874587.0,4874587.0,https://find-and-update.company-information.service.gov.uk/search/companies?q=Gresham+House+PLC,https://find-and-update.company-information.service.gov.uk/search/companies?q=Gresham+House+PLC,1620592529,16:35:29,20210509
51,2006-01-31,GHE.L,GBP,2006-01-31,2006-01-31,Q1,2516750.0,0.0,0.0,0.0,0.0,410000.0,0.0,0.0,0.0,0.0,303250.0,0.0,0.0,0.0,0.0,0.0,0.0,1803500.0,0.7165987881195987,-36250.0,1605500.0,0.6379258964934936,0.32925,0.3285,4874587.0,4874587.0,https://find-and-update.company-information.service.gov.uk/search/companies?q=Gresham+House+PLC,https://find-and-update.company-information.service.gov.uk/search/companies?q=Gresham+House+PLC,1620592529,16:35:29,20210509
52,2005-09-30,GHE.L,GBP,2005-09-30,2005-09-30,Q3,2929500.0,0.0,0.0,0.0,0.0,422750.0,0.0,0.0,0.0,0.0,287750.0,0.0,0.0,0.0,0.0,0.0,0.0,2219000.0,0.7574671445639187,310000.0,1884750.0,0.6433691756272402,0.386955,0.38665,4870716.0,4870716.0,https://find-and-update.company-information.service.gov.uk/search/companies?q=Gresham+House+PLC,https://find-and-update.company-information.service.gov.uk/search/companies?q=Gresham+House+PLC,1620592529,16:35:29,20210509
53,2005-06-30,GHE.L,GBP,2005-06-30,2005-06-30,Q2,2929500.0,0.0,0.0,0.0,0.0,422750.0,0.0,0.0,0.0,0.0,287750.0,0.0,0.0,0.0,0.0,0.0,0.0,2219000.0,0.7574671445639187,310000.0,1884750.0,0.6433691756272402,0.386955,0.38665,4870716.0,4870716.0,https://find-and-update.company-information.service.gov.uk/search/companies?q=Gresham+House+PLC,https://find-and-update.company-information.service.gov.uk/search/companies?q=Gresham+House+PLC,1620592529,16:35:29,20210509
54,2005-03-31,GHE.L,GBP,2005-03-31,2005-03-31,Q1,2929500.0,0.0,0.0,0.0,0.0,422750.0,0.0,0.0,0.0,0.0,287750.0,0.0,0.0,0.0,0.0,0.0,0.0,2219000.0,0.7574671445639187,310000.0,1884750.0,0.6433691756272402,0.386955,0.38665,4870716.0,4870716.0,https://find-and-update.company-information.service.gov.uk/search/companies?q=Gresham+House+PLC,https://find-and-update.company-information.service.gov.uk/search/companies?q=Gresham+House+PLC,1620592529,16:35:29,20210509
55,2005-01-31,GHE.L,GBP,2005-01-31,2005-01-31,Q1,2929500.0,0.0,0.0,0.0,0.0,422750.0,0.0,0.0,0.0,0.0,287750.0,0.0,0.0,0.0,0.0,0.0,0.0,2219000.0,0.7574671445639187,310000.0,1884750.0,0.6433691756272402,0.386955,0.38665,4870716.0,4870716.0,https://find-and-update.company-information.service.gov.uk/search/companies?q=Gresham+House+PLC,https://find-and-update.company-information.service.gov.uk/search/companies?q=Gresham+House+PLC,1620592529,16:35:29,20210509
56,2004-09-30,GHE.L,GBP,2004-09-30,2004-09-30,Q3,1385000.0,0.0,0.0,0.0,0.0,408750.0,0.0,0.0,0.0,0.0,364750.0,0.0,0.0,0.0,0.0,0.0,0.0,611500.0,0.4415162454873646,-109250.0,817000.0,0.5898916967509025,0.1585175,0.1585175,4812498.0,4812498.0,https://find-and-update.company-information.service.gov.uk/search/companies?q=Gresham+House+PLC,https://find-and-update.company-information.service.gov.uk/search/companies?q=Gresham+House+PLC,1620592529,16:35:29,20210509
57,2004-06-30,GHE.L,GBP,2004-06-30,2004-06-30,Q2,1385000.0,0.0,0.0,0.0,0.0,408750.0,0.0,0.0,0.0,0.0,364750.0,0.0,0.0,0.0,0.0,0.0,0.0,611500.0,0.4415162454873646,-109250.0,817000.0,0.5898916967509025,0.1585175,0.1585175,4812498.0,4812498.0,https://find-and-update.company-information.service.gov.uk/search/companies?q=Gresham+House+PLC,https://find-and-update.company-information.service.gov.uk/search/companies?q=Gresham+House+PLC,1620592529,16:35:29,20210509
58,2004-03-31,GHE.L,GBP,2004-03-31,2004-03-31,Q1,1385000.0,0.0,0.0,0.0,0.0,408750.0,0.0,0.0,0.0,0.0,364750.0,0.0,0.0,0.0,0.0,0.0,0.0,611500.0,0.4415162454873646,-109250.0,817000.0,0.5898916967509025,0.1585175,0.1585175,4812498.0,4812498.0,https://find-and-update.company-information.service.gov.uk/search/companies?q=Gresham+House+PLC,https://find-and-update.company-information.service.gov.uk/search/companies?q=Gresham+House+PLC,1620592529,16:35:29,20210509
59,2004-01-31,GHE.L,GBP,2004-01-31,2004-01-31,Q1,1385000.0,0.0,0.0,0.0,0.0,408750.0,0.0,0.0,0.0,0.0,364750.0,0.0,0.0,0.0,0.0,0.0,0.0,611500.0,0.4415162454873646,-109250.0,817000.0,0.5898916967509025,0.1585175,0.1585175,4812498.0,4812498.0,https://find-and-update.company-information.service.gov.uk/search/companies?q=Gresham+House+PLC,https://find-and-update.company-information.service.gov.uk/search/companies?q=Gresham+House+PLC,1620592529,16:35:29,20210509
60,2003-09-30,GHE.L,GBP,2003-09-30,2003-09-30,Q3,968250.0,0.0,0.0,0.0,0.0,301000.0,0.0,0.0,0.0,0.0,364500.0,0.0,0.0,0.0,0.0,0.0,0.0,302750.0,0.3126775109734056,0.0,288750.0,0.29821843532145625,0.0627525,0.0622525,4754641.0,4754641.0,https://find-and-update.company-information.service.gov.uk/search/companies?q=Gresham+House+PLC,https://find-and-update.company-information.service.gov.uk/search/companies?q=Gresham+House+PLC,1620592529,16:35:29,20210509
61,2003-06-30,GHE.L,GBP,2003-06-30,2003-06-30,Q2,968250.0,0.0,0.0,0.0,0.0,301000.0,0.0,0.0,0.0,0.0,364500.0,0.0,0.0,0.0,0.0,0.0,0.0,302750.0,0.3126775109734056,0.0,288750.0,0.29821843532145625,0.0627525,0.0622525,4754641.0,4754641.0,https://find-and-update.company-information.service.gov.uk/search/companies?q=Gresham+House+PLC,https://find-and-update.company-information.service.gov.uk/search/companies?q=Gresham+House+PLC,1620592529,16:35:29,20210509
62,2003-03-31,GHE.L,GBP,2003-03-31,2003-03-31,Q1,968250.0,0.0,0.0,0.0,0.0,301000.0,0.0,0.0,0.0,0.0,364500.0,0.0,0.0,0.0,0.0,0.0,0.0,302750.0,0.3126775109734056,0.0,288750.0,0.29821843532145625,0.0627525,0.0622525,4754641.0,4754641.0,https://find-and-update.company-information.service.gov.uk/search/companies?q=Gresham+House+PLC,https://find-and-update.company-information.service.gov.uk/search/companies?q=Gresham+House+PLC,1620592529,16:35:29,20210509
63,2003-01-31,GHE.L,GBP,2003-01-31,2003-01-31,Q1,968250.0,0.0,0.0,0.0,0.0,301000.0,0.0,0.0,0.0,0.0,364500.0,0.0,0.0,0.0,0.0,0.0,0.0,302750.0,0.3126775109734056,0.0,288750.0,0.29821843532145625,0.0627525,0.0622525,4754641.0,4754641.0,https://find-and-update.company-information.service.gov.uk/search/companies?q=Gresham+House+PLC,https://find-and-update.company-information.service.gov.uk/search/companies?q=Gresham+House+PLC,1620592529,16:35:29,20210509
