,date,symbol,reportedCurrency,fillingDate,acceptedDate,period,revenue,costOfRevenue,grossProfit,grossProfitRatio,researchAndDevelopmentExpenses,generalAndAdministrativeExpenses,sellingAndMarketingExpenses,otherExpenses,operatingExpenses,costAndExpenses,interestExpense,depreciationAndAmortization,ebitda,ebitdaratio,operatingIncome,operatingIncomeRatio,totalOtherIncomeExpensesNet,incomeBeforeTax,incomeBeforeTaxRatio,incomeTaxExpense,netIncome,netIncomeRatio,eps,epsdiluted,weightedAverageShsOut,weightedAverageShsOutDil,link,finalLink,timestamp,est_time,est_date
0,2020-09-30,GHS.L,GBP,2020-09-30,2020-09-30,Q3,-1382750.0,0.0,0.0,0.0,0.0,126250.0,0.0,0.0,34500.0,0.0,0.0,0.0,0.0,0.0,0.0,0.0,0.0,-1543500.0,1.1162538419815584,0.0,-1543500.0,1.1162538419815584,-0.43585,-0.43585,3541000.0,3541000.0,https://find-and-update.company-information.service.gov.uk/search/companies?q=Gresham+House+Strategic+PLC,https://find-and-update.company-information.service.gov.uk/search/companies?q=Gresham+House+Strategic+PLC,1620592536,16:35:36,20210509
1,2020-06-30,GHS.L,GBP,2020-06-30,2020-06-30,Q2,-1382750.0,0.0,0.0,0.0,0.0,126250.0,0.0,0.0,34500.0,0.0,0.0,0.0,0.0,0.0,0.0,0.0,0.0,-1543500.0,1.1162538419815584,0.0,-1543500.0,1.1162538419815584,-0.43585,-0.43585,3541000.0,3541000.0,https://find-and-update.company-information.service.gov.uk/search/companies?q=Gresham+House+Strategic+PLC,https://find-and-update.company-information.service.gov.uk/search/companies?q=Gresham+House+Strategic+PLC,1620592536,16:35:36,20210509
2,2020-03-31,GHS.L,GBP,2020-03-31,2020-03-31,Q1,-1382750.0,0.0,0.0,0.0,0.0,126250.0,0.0,0.0,34500.0,0.0,0.0,0.0,0.0,0.0,0.0,0.0,0.0,-1543500.0,1.1162538419815584,0.0,-1543500.0,1.1162538419815584,-0.43585,-0.43585,3541000.0,3541000.0,https://find-and-update.company-information.service.gov.uk/search/companies?q=Gresham+House+Strategic+PLC,https://find-and-update.company-information.service.gov.uk/search/companies?q=Gresham+House+Strategic+PLC,1620592536,16:35:36,20210509
3,2020-01-31,GHS.L,GBP,2020-01-31,2020-01-31,Q1,-1382750.0,0.0,0.0,0.0,0.0,126250.0,0.0,0.0,34500.0,0.0,0.0,0.0,0.0,0.0,0.0,0.0,0.0,-1543500.0,1.1162538419815584,0.0,-1543500.0,1.1162538419815584,-0.43585,-0.43585,3541000.0,3541000.0,https://find-and-update.company-information.service.gov.uk/search/companies?q=Gresham+House+Strategic+PLC,https://find-and-update.company-information.service.gov.uk/search/companies?q=Gresham+House+Strategic+PLC,1620592536,16:35:36,20210509
4,2019-06-30,GHS.L,GBP,2019-06-30,2019-06-30,Q2,961000.0,0.0,0.0,0.0,0.0,115500.0,0.0,0.0,32250.0,0.0,0.0,0.0,0.0,0.0,0.0,0.0,0.0,813250.0,0.8462539021852237,0.0,813250.0,0.8462539021852237,0.22765,0.22765,3573000.0,3573000.0,https://find-and-update.company-information.service.gov.uk/search/companies?q=Gresham+House+Strategic+PLC,https://find-and-update.company-information.service.gov.uk/search/companies?q=Gresham+House+Strategic+PLC,1620592536,16:35:36,20210509
5,2019-03-31,GHS.L,GBP,2019-03-31,2019-03-31,Q1,961000.0,0.0,0.0,0.0,0.0,115500.0,0.0,0.0,32250.0,0.0,0.0,0.0,0.0,0.0,0.0,0.0,0.0,813250.0,0.8462539021852237,0.0,813250.0,0.8462539021852237,0.22765,0.22765,3573000.0,3573000.0,https://find-and-update.company-information.service.gov.uk/search/companies?q=Gresham+House+Strategic+PLC,https://find-and-update.company-information.service.gov.uk/search/companies?q=Gresham+House+Strategic+PLC,1620592536,16:35:36,20210509
6,2019-01-31,GHS.L,GBP,2019-01-31,2019-01-31,Q1,961000.0,0.0,0.0,0.0,0.0,115500.0,0.0,0.0,32250.0,0.0,0.0,0.0,0.0,0.0,0.0,0.0,0.0,813250.0,0.8462539021852237,0.0,813250.0,0.8462539021852237,0.22765,0.22765,3573000.0,3573000.0,https://find-and-update.company-information.service.gov.uk/search/companies?q=Gresham+House+Strategic+PLC,https://find-and-update.company-information.service.gov.uk/search/companies?q=Gresham+House+Strategic+PLC,1620592536,16:35:36,20210509
7,2018-06-30,GHS.L,GBP,2018-06-30,2018-06-30,Q2,1327250.0,0.0,0.0,0.0,0.0,123500.0,0.0,0.0,34500.0,343250.0,0.0,0.0,0.0,0.0,1169250.0,0.8809568656997552,0.0,1169250.0,0.8809568656997552,2000.0,1167250.0,0.8794499905820305,0.31925,0.31925,3656000.0,3656000.0,https://find-and-update.company-information.service.gov.uk/search/companies?q=Gresham+House+Strategic+PLC,https://find-and-update.company-information.service.gov.uk/search/companies?q=Gresham+House+Strategic+PLC,1620592536,16:35:36,20210509
8,2018-03-31,GHS.L,GBP,2018-03-31,2018-03-31,Q1,1327250.0,0.0,0.0,0.0,0.0,123500.0,0.0,0.0,34500.0,343250.0,0.0,0.0,0.0,0.0,1169250.0,0.8809568656997552,0.0,1169250.0,0.8809568656997552,2000.0,1167250.0,0.8794499905820305,0.31925,0.31925,3656000.0,3656000.0,https://find-and-update.company-information.service.gov.uk/search/companies?q=Gresham+House+Strategic+PLC,https://find-and-update.company-information.service.gov.uk/search/companies?q=Gresham+House+Strategic+PLC,1620592536,16:35:36,20210509
9,2018-01-31,GHS.L,GBP,2018-01-31,2018-01-31,Q1,1327250.0,0.0,0.0,0.0,0.0,123500.0,0.0,0.0,34500.0,343250.0,0.0,0.0,0.0,0.0,1169250.0,0.8809568656997552,0.0,1169250.0,0.8809568656997552,2000.0,1167250.0,0.8794499905820305,0.31925,0.31925,3656000.0,3656000.0,https://find-and-update.company-information.service.gov.uk/search/companies?q=Gresham+House+Strategic+PLC,https://find-and-update.company-information.service.gov.uk/search/companies?q=Gresham+House+Strategic+PLC,1620592536,16:35:36,20210509
10,2017-06-30,GHS.L,GBP,2017-06-30,2017-06-30,Q2,881500.0,0.0,0.0,0.0,0.0,148250.0,0.0,0.0,34500.0,347500.0,0.0,0.0,0.0,0.0,708250.0,0.8034600113442995,0.0,708250.0,0.8034600113442995,7000.0,701250.0,0.7955190017016449,0.190175,0.190175,3687000.0,3687000.0,https://find-and-update.company-information.service.gov.uk/search/companies?q=Gresham+House+Strategic+PLC,https://find-and-update.company-information.service.gov.uk/search/companies?q=Gresham+House+Strategic+PLC,1620592536,16:35:36,20210509
11,2017-03-31,GHS.L,GBP,2017-03-31,2017-03-31,Q1,881500.0,0.0,0.0,0.0,0.0,148250.0,0.0,0.0,34500.0,347500.0,0.0,0.0,0.0,0.0,708250.0,0.8034600113442995,0.0,708250.0,0.8034600113442995,7000.0,701250.0,0.7955190017016449,0.190175,0.190175,3687000.0,3687000.0,https://find-and-update.company-information.service.gov.uk/search/companies?q=Gresham+House+Strategic+PLC,https://find-and-update.company-information.service.gov.uk/search/companies?q=Gresham+House+Strategic+PLC,1620592536,16:35:36,20210509
12,2017-01-31,GHS.L,GBP,2017-01-31,2017-01-31,Q1,881500.0,0.0,0.0,0.0,0.0,148250.0,0.0,0.0,34500.0,347500.0,0.0,0.0,0.0,0.0,708250.0,0.8034600113442995,0.0,708250.0,0.8034600113442995,7000.0,701250.0,0.7955190017016449,0.190175,0.190175,3687000.0,3687000.0,https://find-and-update.company-information.service.gov.uk/search/companies?q=Gresham+House+Strategic+PLC,https://find-and-update.company-information.service.gov.uk/search/companies?q=Gresham+House+Strategic+PLC,1620592536,16:35:36,20210509
13,2016-06-30,GHS.L,GBP,2016-06-30,2016-06-30,Q2,1006250.0,0.0,0.0,0.0,0.0,845250.0,0.0,0.0,61000.0,940750.0,0.0,0.0,0.0,0.0,65500.0,0.06509316770186335,0.0,65500.0,0.06509316770186335,0.0,65500.0,0.06509316770186335,0.02075,0.02075,3156000.0,3156000.0,https://find-and-update.company-information.service.gov.uk/search/companies?q=Gresham+House+Strategic+PLC,https://find-and-update.company-information.service.gov.uk/search/companies?q=Gresham+House+Strategic+PLC,1620592536,16:35:36,20210509
14,2016-03-31,GHS.L,GBP,2016-03-31,2016-03-31,Q1,1006250.0,0.0,0.0,0.0,0.0,845250.0,0.0,0.0,61000.0,940750.0,0.0,0.0,0.0,0.0,65500.0,0.06509316770186335,0.0,65500.0,0.06509316770186335,0.0,65500.0,0.06509316770186335,0.02075,0.02075,3156000.0,3156000.0,https://find-and-update.company-information.service.gov.uk/search/companies?q=Gresham+House+Strategic+PLC,https://find-and-update.company-information.service.gov.uk/search/companies?q=Gresham+House+Strategic+PLC,1620592536,16:35:36,20210509
15,2016-01-31,GHS.L,GBP,2016-01-31,2016-01-31,Q1,1006250.0,0.0,0.0,0.0,0.0,845250.0,0.0,0.0,61000.0,940750.0,0.0,0.0,0.0,0.0,65500.0,0.06509316770186335,0.0,65500.0,0.06509316770186335,0.0,65500.0,0.06509316770186335,0.02075,0.02075,3156000.0,3156000.0,https://find-and-update.company-information.service.gov.uk/search/companies?q=Gresham+House+Strategic+PLC,https://find-and-update.company-information.service.gov.uk/search/companies?q=Gresham+House+Strategic+PLC,1620592536,16:35:36,20210509
16,2015-09-30,GHS.L,GBP,2015-09-30,2015-09-30,Q3,-193250.0,0.0,0.0,0.0,0.0,205000.0,0.0,0.0,14250.0,273250.0,0.0,0.0,0.0,0.0,-466500.0,2.4139715394566625,0.0,-589250.0,3.049159120310479,0.0,-589250.0,3.049159120310479,-0.3,-0.3,2094230.0,2094230.0,https://find-and-update.company-information.service.gov.uk/search/companies?q=Gresham+House+Strategic+PLC,https://find-and-update.company-information.service.gov.uk/search/companies?q=Gresham+House+Strategic+PLC,1620592536,16:35:36,20210509
17,2015-06-30,GHS.L,GBP,2015-06-30,2015-06-30,Q2,-193250.0,0.0,0.0,0.0,0.0,205000.0,0.0,0.0,14250.0,273250.0,0.0,0.0,0.0,0.0,-466500.0,2.4139715394566625,0.0,-589250.0,3.049159120310479,0.0,-589250.0,3.049159120310479,-0.3,-0.3,2094230.0,2094230.0,https://find-and-update.company-information.service.gov.uk/search/companies?q=Gresham+House+Strategic+PLC,https://find-and-update.company-information.service.gov.uk/search/companies?q=Gresham+House+Strategic+PLC,1620592536,16:35:36,20210509
18,2015-03-31,GHS.L,GBP,2015-03-31,2015-03-31,Q1,-193250.0,0.0,0.0,0.0,0.0,205000.0,0.0,0.0,14250.0,273250.0,0.0,0.0,0.0,0.0,-466500.0,2.4139715394566625,0.0,-589250.0,3.049159120310479,0.0,-589250.0,3.049159120310479,-0.3,-0.3,2094230.0,2094230.0,https://find-and-update.company-information.service.gov.uk/search/companies?q=Gresham+House+Strategic+PLC,https://find-and-update.company-information.service.gov.uk/search/companies?q=Gresham+House+Strategic+PLC,1620592536,16:35:36,20210509
19,2015-01-31,GHS.L,GBP,2015-01-31,2015-01-31,Q1,-193250.0,0.0,0.0,0.0,0.0,205000.0,0.0,0.0,14250.0,273250.0,0.0,0.0,0.0,0.0,-466500.0,2.4139715394566625,0.0,-589250.0,3.049159120310479,0.0,-589250.0,3.049159120310479,-0.3,-0.3,2094230.0,2094230.0,https://find-and-update.company-information.service.gov.uk/search/companies?q=Gresham+House+Strategic+PLC,https://find-and-update.company-information.service.gov.uk/search/companies?q=Gresham+House+Strategic+PLC,1620592536,16:35:36,20210509
20,2014-09-30,GHS.L,GBP,2014-09-30,2014-09-30,Q3,-828750.0,0.0,-828750.0,1.0,0.0,428250.0,0.0,0.0,575000.0,1079500.0,0.0,24750.0,-1883500.0,2.2726998491704373,-1908250.0,2.3025641025641024,0.0,-1908250.0,2.3025641025641024,0.0,-1908250.0,2.3025641025641024,-0.95,-0.95,2053775.0,2053775.0,https://find-and-update.company-information.service.gov.uk/search/companies?q=Gresham+House+Strategic+PLC,https://find-and-update.company-information.service.gov.uk/search/companies?q=Gresham+House+Strategic+PLC,1620592536,16:35:36,20210509
21,2014-06-30,GHS.L,GBP,2014-06-30,2014-06-30,Q2,-828750.0,0.0,-828750.0,1.0,0.0,428250.0,0.0,0.0,575000.0,1079500.0,0.0,24750.0,-1883500.0,2.2726998491704373,-1908250.0,2.3025641025641024,0.0,-1908250.0,2.3025641025641024,0.0,-1908250.0,2.3025641025641024,-0.95,-0.95,2053775.0,2053775.0,https://find-and-update.company-information.service.gov.uk/search/companies?q=Gresham+House+Strategic+PLC,https://find-and-update.company-information.service.gov.uk/search/companies?q=Gresham+House+Strategic+PLC,1620592536,16:35:36,20210509
22,2014-03-31,GHS.L,GBP,2014-03-31,2014-03-31,Q1,-828750.0,0.0,-828750.0,1.0,0.0,428250.0,0.0,0.0,575000.0,1079500.0,0.0,24750.0,-1883500.0,2.2726998491704373,-1908250.0,2.3025641025641024,0.0,-1908250.0,2.3025641025641024,0.0,-1908250.0,2.3025641025641024,-0.95,-0.95,2053775.0,2053775.0,https://find-and-update.company-information.service.gov.uk/search/companies?q=Gresham+House+Strategic+PLC,https://find-and-update.company-information.service.gov.uk/search/companies?q=Gresham+House+Strategic+PLC,1620592536,16:35:36,20210509
23,2014-01-31,GHS.L,GBP,2014-01-31,2014-01-31,Q1,-828750.0,0.0,-828750.0,1.0,0.0,428250.0,0.0,0.0,575000.0,1079500.0,0.0,24750.0,-1883500.0,2.2726998491704373,-1908250.0,2.3025641025641024,0.0,-1908250.0,2.3025641025641024,0.0,-1908250.0,2.3025641025641024,-0.95,-0.95,2053775.0,2053775.0,https://find-and-update.company-information.service.gov.uk/search/companies?q=Gresham+House+Strategic+PLC,https://find-and-update.company-information.service.gov.uk/search/companies?q=Gresham+House+Strategic+PLC,1620592536,16:35:36,20210509
24,2013-09-30,GHS.L,GBP,2013-09-30,2013-09-30,Q3,2863750.0,0.0,2863750.0,1.0,0.0,494000.0,0.0,0.0,1159750.0,1201750.0,0.0,19500.0,1681500.0,0.587167175905718,1662000.0,0.5803579223046704,0.0,1662000.0,0.5803579223046704,0.0,1662000.0,0.5803579223046704,0.805,0.805,2053775.0,2053775.0,https://find-and-update.company-information.service.gov.uk/search/companies?q=Gresham+House+Strategic+PLC,https://find-and-update.company-information.service.gov.uk/search/companies?q=Gresham+House+Strategic+PLC,1620592536,16:35:36,20210509
25,2013-06-30,GHS.L,GBP,2013-06-30,2013-06-30,Q2,2863750.0,0.0,2863750.0,1.0,0.0,494000.0,0.0,0.0,1159750.0,1201750.0,0.0,19500.0,1681500.0,0.587167175905718,1662000.0,0.5803579223046704,0.0,1662000.0,0.5803579223046704,0.0,1662000.0,0.5803579223046704,0.805,0.805,2053775.0,2053775.0,https://find-and-update.company-information.service.gov.uk/search/companies?q=Gresham+House+Strategic+PLC,https://find-and-update.company-information.service.gov.uk/search/companies?q=Gresham+House+Strategic+PLC,1620592536,16:35:36,20210509
26,2013-03-31,GHS.L,GBP,2013-03-31,2013-03-31,Q1,2863750.0,0.0,2863750.0,1.0,0.0,494000.0,0.0,0.0,1159750.0,1201750.0,0.0,19500.0,1681500.0,0.587167175905718,1662000.0,0.5803579223046704,0.0,1662000.0,0.5803579223046704,0.0,1662000.0,0.5803579223046704,0.805,0.805,2053775.0,2053775.0,https://find-and-update.company-information.service.gov.uk/search/companies?q=Gresham+House+Strategic+PLC,https://find-and-update.company-information.service.gov.uk/search/companies?q=Gresham+House+Strategic+PLC,1620592536,16:35:36,20210509
27,2013-01-31,GHS.L,GBP,2013-01-31,2013-01-31,Q1,2863750.0,0.0,2863750.0,1.0,0.0,494000.0,0.0,0.0,1159750.0,1201750.0,0.0,19500.0,1681500.0,0.587167175905718,1662000.0,0.5803579223046704,0.0,1662000.0,0.5803579223046704,0.0,1662000.0,0.5803579223046704,0.805,0.805,2053775.0,2053775.0,https://find-and-update.company-information.service.gov.uk/search/companies?q=Gresham+House+Strategic+PLC,https://find-and-update.company-information.service.gov.uk/search/companies?q=Gresham+House+Strategic+PLC,1620592536,16:35:36,20210509
28,2012-09-30,GHS.L,GBP,2012-09-30,2012-09-30,Q3,0.0,0.0,0.0,0.0,0.0,0.0,0.0,141250.0,-2820750.0,-2531000.0,0.0,111500.0,2642500.0,0.0,2531000.0,0.0,0.0,2531000.0,0.0,0.0,2531000.0,0.0,1.2325,1.2325,2053773.0,2053773.0,https://find-and-update.company-information.service.gov.uk/search/companies?q=Gresham+House+Strategic+PLC,https://find-and-update.company-information.service.gov.uk/search/companies?q=Gresham+House+Strategic+PLC,1620592536,16:35:36,20210509
29,2012-06-30,GHS.L,GBP,2012-06-30,2012-06-30,Q2,0.0,0.0,0.0,0.0,0.0,0.0,0.0,141250.0,-2820750.0,-2531000.0,0.0,111500.0,2642500.0,0.0,2531000.0,0.0,0.0,2531000.0,0.0,0.0,2531000.0,0.0,1.2325,1.2325,2053773.0,2053773.0,https://find-and-update.company-information.service.gov.uk/search/companies?q=Gresham+House+Strategic+PLC,https://find-and-update.company-information.service.gov.uk/search/companies?q=Gresham+House+Strategic+PLC,1620592536,16:35:36,20210509
30,2012-03-31,GHS.L,GBP,2012-03-31,2012-03-31,Q1,0.0,0.0,0.0,0.0,0.0,0.0,0.0,141250.0,-2820750.0,-2531000.0,0.0,111500.0,2642500.0,0.0,2531000.0,0.0,0.0,2531000.0,0.0,0.0,2531000.0,0.0,1.2325,1.2325,2053773.0,2053773.0,https://find-and-update.company-information.service.gov.uk/search/companies?q=Gresham+House+Strategic+PLC,https://find-and-update.company-information.service.gov.uk/search/companies?q=Gresham+House+Strategic+PLC,1620592536,16:35:36,20210509
31,2012-01-31,GHS.L,GBP,2012-01-31,2012-01-31,Q1,0.0,0.0,0.0,0.0,0.0,0.0,0.0,141250.0,-2820750.0,-2531000.0,0.0,111500.0,2642500.0,0.0,2531000.0,0.0,0.0,2531000.0,0.0,0.0,2531000.0,0.0,1.2325,1.2325,2053773.0,2053773.0,https://find-and-update.company-information.service.gov.uk/search/companies?q=Gresham+House+Strategic+PLC,https://find-and-update.company-information.service.gov.uk/search/companies?q=Gresham+House+Strategic+PLC,1620592536,16:35:36,20210509
32,2011-09-30,GHS.L,GBP,2011-09-30,2011-09-30,Q3,0.0,0.0,0.0,0.0,0.0,0.0,0.0,43750.0,-3039750.0,-2749000.0,0.0,112500.0,2861500.0,0.0,2749000.0,0.0,0.0,2749000.0,0.0,0.0,2749000.0,0.0,1.3385,1.3385,2053773.0,2053773.0,https://find-and-update.company-information.service.gov.uk/search/companies?q=Gresham+House+Strategic+PLC,https://find-and-update.company-information.service.gov.uk/search/companies?q=Gresham+House+Strategic+PLC,1620592536,16:35:36,20210509
33,2011-06-30,GHS.L,GBP,2011-06-30,2011-06-30,Q2,0.0,0.0,0.0,0.0,0.0,0.0,0.0,43750.0,-3039750.0,-2749000.0,0.0,112500.0,2861500.0,0.0,2749000.0,0.0,0.0,2749000.0,0.0,0.0,2749000.0,0.0,1.3385,1.3385,2053773.0,2053773.0,https://find-and-update.company-information.service.gov.uk/search/companies?q=Gresham+House+Strategic+PLC,https://find-and-update.company-information.service.gov.uk/search/companies?q=Gresham+House+Strategic+PLC,1620592536,16:35:36,20210509
34,2011-03-31,GHS.L,GBP,2011-03-31,2011-03-31,Q1,0.0,0.0,0.0,0.0,0.0,0.0,0.0,43750.0,-3039750.0,-2749000.0,0.0,112500.0,2861500.0,0.0,2749000.0,0.0,0.0,2749000.0,0.0,0.0,2749000.0,0.0,1.3385,1.3385,2053773.0,2053773.0,https://find-and-update.company-information.service.gov.uk/search/companies?q=Gresham+House+Strategic+PLC,https://find-and-update.company-information.service.gov.uk/search/companies?q=Gresham+House+Strategic+PLC,1620592536,16:35:36,20210509
35,2011-01-31,GHS.L,GBP,2011-01-31,2011-01-31,Q1,0.0,0.0,0.0,0.0,0.0,0.0,0.0,43750.0,-3039750.0,-2749000.0,0.0,112500.0,2861500.0,0.0,2749000.0,0.0,0.0,2749000.0,0.0,0.0,2749000.0,0.0,1.3385,1.3385,2053773.0,2053773.0,https://find-and-update.company-information.service.gov.uk/search/companies?q=Gresham+House+Strategic+PLC,https://find-and-update.company-information.service.gov.uk/search/companies?q=Gresham+House+Strategic+PLC,1620592536,16:35:36,20210509
36,2010-09-30,GHS.L,GBP,2010-09-30,2010-09-30,Q3,0.0,0.0,0.0,0.0,0.0,0.0,0.0,4250.0,-993750.0,-672000.0,0.0,146000.0,818000.0,0.0,672000.0,0.0,0.0,642000.0,0.0,11750.0,585750.0,0.0,0.285,0.285,2053773.0,2053773.0,https://find-and-update.company-information.service.gov.uk/search/companies?q=Gresham+House+Strategic+PLC,https://find-and-update.company-information.service.gov.uk/search/companies?q=Gresham+House+Strategic+PLC,1620592536,16:35:36,20210509
37,2010-06-30,GHS.L,GBP,2010-06-30,2010-06-30,Q2,0.0,0.0,0.0,0.0,0.0,0.0,0.0,4250.0,-993750.0,-672000.0,0.0,146000.0,818000.0,0.0,672000.0,0.0,0.0,642000.0,0.0,11750.0,585750.0,0.0,0.285,0.285,2053773.0,2053773.0,https://find-and-update.company-information.service.gov.uk/search/companies?q=Gresham+House+Strategic+PLC,https://find-and-update.company-information.service.gov.uk/search/companies?q=Gresham+House+Strategic+PLC,1620592536,16:35:36,20210509
38,2010-03-31,GHS.L,GBP,2010-03-31,2010-03-31,Q1,0.0,0.0,0.0,0.0,0.0,0.0,0.0,4250.0,-993750.0,-672000.0,0.0,146000.0,818000.0,0.0,672000.0,0.0,0.0,642000.0,0.0,11750.0,585750.0,0.0,0.285,0.285,2053773.0,2053773.0,https://find-and-update.company-information.service.gov.uk/search/companies?q=Gresham+House+Strategic+PLC,https://find-and-update.company-information.service.gov.uk/search/companies?q=Gresham+House+Strategic+PLC,1620592536,16:35:36,20210509
39,2010-01-31,GHS.L,GBP,2010-01-31,2010-01-31,Q1,0.0,0.0,0.0,0.0,0.0,0.0,0.0,4250.0,-993750.0,-672000.0,0.0,146000.0,818000.0,0.0,672000.0,0.0,0.0,642000.0,0.0,11750.0,585750.0,0.0,0.285,0.285,2053773.0,2053773.0,https://find-and-update.company-information.service.gov.uk/search/companies?q=Gresham+House+Strategic+PLC,https://find-and-update.company-information.service.gov.uk/search/companies?q=Gresham+House+Strategic+PLC,1620592536,16:35:36,20210509
40,2009-09-30,GHS.L,GBP,2009-09-30,2009-09-30,Q3,0.0,0.0,0.0,0.0,0.0,0.0,0.0,-755500.0,490750.0,814250.0,0.0,147750.0,-666500.0,0.0,-814250.0,0.0,0.0,-939250.0,0.0,-18250.0,-980750.0,0.0,-0.4775,-0.4775,2053773.0,2053773.0,https://find-and-update.company-information.service.gov.uk/search/companies?q=Gresham+House+Strategic+PLC,https://find-and-update.company-information.service.gov.uk/search/companies?q=Gresham+House+Strategic+PLC,1620592536,16:35:36,20210509
41,2009-06-30,GHS.L,GBP,2009-06-30,2009-06-30,Q2,0.0,0.0,0.0,0.0,0.0,0.0,0.0,-755500.0,490750.0,814250.0,0.0,147750.0,-666500.0,0.0,-814250.0,0.0,0.0,-939250.0,0.0,-18250.0,-980750.0,0.0,-0.4775,-0.4775,2053773.0,2053773.0,https://find-and-update.company-information.service.gov.uk/search/companies?q=Gresham+House+Strategic+PLC,https://find-and-update.company-information.service.gov.uk/search/companies?q=Gresham+House+Strategic+PLC,1620592536,16:35:36,20210509
42,2009-03-31,GHS.L,GBP,2009-03-31,2009-03-31,Q1,0.0,0.0,0.0,0.0,0.0,0.0,0.0,-755500.0,490750.0,814250.0,0.0,147750.0,-666500.0,0.0,-814250.0,0.0,0.0,-939250.0,0.0,-18250.0,-980750.0,0.0,-0.4775,-0.4775,2053773.0,2053773.0,https://find-and-update.company-information.service.gov.uk/search/companies?q=Gresham+House+Strategic+PLC,https://find-and-update.company-information.service.gov.uk/search/companies?q=Gresham+House+Strategic+PLC,1620592536,16:35:36,20210509
43,2009-01-31,GHS.L,GBP,2009-01-31,2009-01-31,Q1,0.0,0.0,0.0,0.0,0.0,0.0,0.0,-755500.0,490750.0,814250.0,0.0,147750.0,-666500.0,0.0,-814250.0,0.0,0.0,-939250.0,0.0,-18250.0,-980750.0,0.0,-0.4775,-0.4775,2053773.0,2053773.0,https://find-and-update.company-information.service.gov.uk/search/companies?q=Gresham+House+Strategic+PLC,https://find-and-update.company-information.service.gov.uk/search/companies?q=Gresham+House+Strategic+PLC,1620592536,16:35:36,20210509
44,2008-09-30,GHS.L,GBP,2008-09-30,2008-09-30,Q3,0.0,0.0,0.0,0.0,0.0,0.0,0.0,10000.0,-1864750.0,-1463750.0,0.0,214000.0,1677750.0,0.0,1463750.0,0.0,0.0,1463750.0,0.0,-163750.0,-2365000.0,0.0,-1.16,-1.16,2054525.0,2054525.0,https://find-and-update.company-information.service.gov.uk/search/companies?q=Gresham+House+Strategic+PLC,https://find-and-update.company-information.service.gov.uk/search/companies?q=Gresham+House+Strategic+PLC,1620592536,16:35:36,20210509
45,2008-06-30,GHS.L,GBP,2008-06-30,2008-06-30,Q2,0.0,0.0,0.0,0.0,0.0,0.0,0.0,10000.0,-1864750.0,-1463750.0,0.0,214000.0,1677750.0,0.0,1463750.0,0.0,0.0,1463750.0,0.0,-163750.0,-2365000.0,0.0,-1.16,-1.16,2054525.0,2054525.0,https://find-and-update.company-information.service.gov.uk/search/companies?q=Gresham+House+Strategic+PLC,https://find-and-update.company-information.service.gov.uk/search/companies?q=Gresham+House+Strategic+PLC,1620592536,16:35:36,20210509
46,2008-03-31,GHS.L,GBP,2008-03-31,2008-03-31,Q1,0.0,0.0,0.0,0.0,0.0,0.0,0.0,10000.0,-1864750.0,-1463750.0,0.0,214000.0,1677750.0,0.0,1463750.0,0.0,0.0,1463750.0,0.0,-163750.0,-2365000.0,0.0,-1.16,-1.16,2054525.0,2054525.0,https://find-and-update.company-information.service.gov.uk/search/companies?q=Gresham+House+Strategic+PLC,https://find-and-update.company-information.service.gov.uk/search/companies?q=Gresham+House+Strategic+PLC,1620592536,16:35:36,20210509
47,2008-01-31,GHS.L,GBP,2008-01-31,2008-01-31,Q1,0.0,0.0,0.0,0.0,0.0,0.0,0.0,10000.0,-1864750.0,-1463750.0,0.0,214000.0,1677750.0,0.0,1463750.0,0.0,0.0,1463750.0,0.0,-163750.0,-2365000.0,0.0,-1.16,-1.16,2054525.0,2054525.0,https://find-and-update.company-information.service.gov.uk/search/companies?q=Gresham+House+Strategic+PLC,https://find-and-update.company-information.service.gov.uk/search/companies?q=Gresham+House+Strategic+PLC,1620592536,16:35:36,20210509
48,2007-09-30,GHS.L,GBP,2007-09-30,2007-09-30,Q3,0.0,0.0,0.0,0.0,486000.0,0.0,0.0,73000.0,-507250.0,232250.0,0.0,49000.0,-183250.0,0.0,-232250.0,0.0,0.0,-232250.0,0.0,-178500.0,-53750.0,0.0,-0.026,-0.026,2071725.0,2071725.0,https://find-and-update.company-information.service.gov.uk/search/companies?q=Gresham+House+Strategic+PLC,https://find-and-update.company-information.service.gov.uk/search/companies?q=Gresham+House+Strategic+PLC,1620592536,16:35:36,20210509
49,2007-06-30,GHS.L,GBP,2007-06-30,2007-06-30,Q2,0.0,0.0,0.0,0.0,486000.0,0.0,0.0,73000.0,-507250.0,232250.0,0.0,49000.0,-183250.0,0.0,-232250.0,0.0,0.0,-232250.0,0.0,-178500.0,-53750.0,0.0,-0.026,-0.026,2071725.0,2071725.0,https://find-and-update.company-information.service.gov.uk/search/companies?q=Gresham+House+Strategic+PLC,https://find-and-update.company-information.service.gov.uk/search/companies?q=Gresham+House+Strategic+PLC,1620592536,16:35:36,20210509
50,2007-03-31,GHS.L,GBP,2007-03-31,2007-03-31,Q1,0.0,0.0,0.0,0.0,486000.0,0.0,0.0,73000.0,-507250.0,232250.0,0.0,49000.0,-183250.0,0.0,-232250.0,0.0,0.0,-232250.0,0.0,-178500.0,-53750.0,0.0,-0.026,-0.026,2071725.0,2071725.0,https://find-and-update.company-information.service.gov.uk/search/companies?q=Gresham+House+Strategic+PLC,https://find-and-update.company-information.service.gov.uk/search/companies?q=Gresham+House+Strategic+PLC,1620592536,16:35:36,20210509
51,2007-01-31,GHS.L,GBP,2007-01-31,2007-01-31,Q1,0.0,0.0,0.0,0.0,486000.0,0.0,0.0,73000.0,-507250.0,232250.0,0.0,49000.0,-183250.0,0.0,-232250.0,0.0,0.0,-232250.0,0.0,-178500.0,-53750.0,0.0,-0.026,-0.026,2071725.0,2071725.0,https://find-and-update.company-information.service.gov.uk/search/companies?q=Gresham+House+Strategic+PLC,https://find-and-update.company-information.service.gov.uk/search/companies?q=Gresham+House+Strategic+PLC,1620592536,16:35:36,20210509
52,2006-09-30,GHS.L,GBP,2006-09-30,2006-09-30,Q3,0.0,0.0,0.0,0.0,326000.0,0.0,0.0,30250.0,-5041250.0,-4462500.0,338500.0,53500.0,4516000.0,0.0,4462500.0,0.0,0.0,4462500.0,0.0,-95250.0,4557750.0,0.0,1.928,1.928,2363680.0,2363680.0,https://find-and-update.company-information.service.gov.uk/search/companies?q=Gresham+House+Strategic+PLC,https://find-and-update.company-information.service.gov.uk/search/companies?q=Gresham+House+Strategic+PLC,1620592536,16:35:36,20210509
53,2006-06-30,GHS.L,GBP,2006-06-30,2006-06-30,Q2,0.0,0.0,0.0,0.0,326000.0,0.0,0.0,30250.0,-5041250.0,-4462500.0,338500.0,53500.0,4516000.0,0.0,4462500.0,0.0,0.0,4462500.0,0.0,-95250.0,4557750.0,0.0,1.928,1.928,2363680.0,2363680.0,https://find-and-update.company-information.service.gov.uk/search/companies?q=Gresham+House+Strategic+PLC,https://find-and-update.company-information.service.gov.uk/search/companies?q=Gresham+House+Strategic+PLC,1620592536,16:35:36,20210509
54,2006-03-31,GHS.L,GBP,2006-03-31,2006-03-31,Q1,0.0,0.0,0.0,0.0,326000.0,0.0,0.0,30250.0,-5041250.0,-4462500.0,338500.0,53500.0,4516000.0,0.0,4462500.0,0.0,0.0,4462500.0,0.0,-95250.0,4557750.0,0.0,1.928,1.928,2363680.0,2363680.0,https://find-and-update.company-information.service.gov.uk/search/companies?q=Gresham+House+Strategic+PLC,https://find-and-update.company-information.service.gov.uk/search/companies?q=Gresham+House+Strategic+PLC,1620592536,16:35:36,20210509
55,2006-01-31,GHS.L,GBP,2006-01-31,2006-01-31,Q1,0.0,0.0,0.0,0.0,326000.0,0.0,0.0,30250.0,-5041250.0,-4462500.0,338500.0,53500.0,4516000.0,0.0,4462500.0,0.0,0.0,4462500.0,0.0,-95250.0,4557750.0,0.0,1.928,1.928,2363680.0,2363680.0,https://find-and-update.company-information.service.gov.uk/search/companies?q=Gresham+House+Strategic+PLC,https://find-and-update.company-information.service.gov.uk/search/companies?q=Gresham+House+Strategic+PLC,1620592536,16:35:36,20210509
56,2005-09-30,GHS.L,GBP,2005-09-30,2005-09-30,Q3,227250.0,0.0,0.0,0.0,0.0,382750.0,0.0,-160500.0,390750.0,629250.0,0.0,55500.0,-573750.0,-2.5247524752475248,-629250.0,-2.768976897689769,0.0,-241500.0,-1.0627062706270627,0.0,-241500.0,-1.0627062706270627,-0.105,-0.105,2363680.0,2363680.0,https://find-and-update.company-information.service.gov.uk/search/companies?q=Gresham+House+Strategic+PLC,https://find-and-update.company-information.service.gov.uk/search/companies?q=Gresham+House+Strategic+PLC,1620592536,16:35:36,20210509
57,2005-06-30,GHS.L,GBP,2005-06-30,2005-06-30,Q2,227250.0,0.0,0.0,0.0,0.0,382750.0,0.0,-160500.0,390750.0,629250.0,0.0,55500.0,-573750.0,-2.5247524752475248,-629250.0,-2.768976897689769,0.0,-241500.0,-1.0627062706270627,0.0,-241500.0,-1.0627062706270627,-0.105,-0.105,2363680.0,2363680.0,https://find-and-update.company-information.service.gov.uk/search/companies?q=Gresham+House+Strategic+PLC,https://find-and-update.company-information.service.gov.uk/search/companies?q=Gresham+House+Strategic+PLC,1620592536,16:35:36,20210509
58,2005-03-31,GHS.L,GBP,2005-03-31,2005-03-31,Q1,227250.0,0.0,0.0,0.0,0.0,382750.0,0.0,-160500.0,390750.0,629250.0,0.0,55500.0,-573750.0,-2.5247524752475248,-629250.0,-2.768976897689769,0.0,-241500.0,-1.0627062706270627,0.0,-241500.0,-1.0627062706270627,-0.105,-0.105,2363680.0,2363680.0,https://find-and-update.company-information.service.gov.uk/search/companies?q=Gresham+House+Strategic+PLC,https://find-and-update.company-information.service.gov.uk/search/companies?q=Gresham+House+Strategic+PLC,1620592536,16:35:36,20210509
59,2005-01-31,GHS.L,GBP,2005-01-31,2005-01-31,Q1,227250.0,0.0,0.0,0.0,0.0,382750.0,0.0,-160500.0,390750.0,629250.0,0.0,55500.0,-573750.0,-2.5247524752475248,-629250.0,-2.768976897689769,0.0,-241500.0,-1.0627062706270627,0.0,-241500.0,-1.0627062706270627,-0.105,-0.105,2363680.0,2363680.0,https://find-and-update.company-information.service.gov.uk/search/companies?q=Gresham+House+Strategic+PLC,https://find-and-update.company-information.service.gov.uk/search/companies?q=Gresham+House+Strategic+PLC,1620592536,16:35:36,20210509
60,2004-09-30,GHS.L,GBP,2004-09-30,2004-09-30,Q3,159750.0,0.0,0.0,0.0,0.0,835000.0,0.0,-1363750.0,1447500.0,1929000.0,0.0,143500.0,-1625750.0,-10.176838810641627,-1769250.0,-11.075117370892018,0.0,-994000.0,-6.222222222222222,-34750.0,-861500.0,-5.392801251956182,-0.375,-0.375,2304390.0,2304390.0,https://find-and-update.company-information.service.gov.uk/search/companies?q=Gresham+House+Strategic+PLC,https://find-and-update.company-information.service.gov.uk/search/companies?q=Gresham+House+Strategic+PLC,1620592536,16:35:36,20210509
61,2004-06-30,GHS.L,GBP,2004-06-30,2004-06-30,Q2,159750.0,0.0,0.0,0.0,0.0,835000.0,0.0,-1363750.0,1447500.0,1929000.0,0.0,143500.0,-1625750.0,-10.176838810641627,-1769250.0,-11.075117370892018,0.0,-994000.0,-6.222222222222222,-34750.0,-861500.0,-5.392801251956182,-0.375,-0.375,2304390.0,2304390.0,https://find-and-update.company-information.service.gov.uk/search/companies?q=Gresham+House+Strategic+PLC,https://find-and-update.company-information.service.gov.uk/search/companies?q=Gresham+House+Strategic+PLC,1620592536,16:35:36,20210509
62,2004-03-31,GHS.L,GBP,2004-03-31,2004-03-31,Q1,159750.0,0.0,0.0,0.0,0.0,835000.0,0.0,-1363750.0,1447500.0,1929000.0,0.0,143500.0,-1625750.0,-10.176838810641627,-1769250.0,-11.075117370892018,0.0,-994000.0,-6.222222222222222,-34750.0,-861500.0,-5.392801251956182,-0.375,-0.375,2304390.0,2304390.0,https://find-and-update.company-information.service.gov.uk/search/companies?q=Gresham+House+Strategic+PLC,https://find-and-update.company-information.service.gov.uk/search/companies?q=Gresham+House+Strategic+PLC,1620592536,16:35:36,20210509
63,2004-01-31,GHS.L,GBP,2004-01-31,2004-01-31,Q1,159750.0,0.0,0.0,0.0,0.0,835000.0,0.0,-1363750.0,1447500.0,1929000.0,0.0,143500.0,-1625750.0,-10.176838810641627,-1769250.0,-11.075117370892018,0.0,-994000.0,-6.222222222222222,-34750.0,-861500.0,-5.392801251956182,-0.375,-0.375,2304390.0,2304390.0,https://find-and-update.company-information.service.gov.uk/search/companies?q=Gresham+House+Strategic+PLC,https://find-and-update.company-information.service.gov.uk/search/companies?q=Gresham+House+Strategic+PLC,1620592536,16:35:36,20210509
64,2003-09-30,GHS.L,GBP,2003-09-30,2003-09-30,Q3,323750.0,0.0,0.0,0.0,0.0,2042500.0,0.0,-2292500.0,5295250.0,5858500.0,-321000.0,228750.0,-5306000.0,-16.38918918918919,-5534750.0,-17.095752895752895,0.0,-2271500.0,-7.0162162162162165,-82500.0,-2257500.0,-6.972972972972973,-0.98,-0.98,2303570.0,2303570.0,https://find-and-update.company-information.service.gov.uk/search/companies?q=Gresham+House+Strategic+PLC,https://find-and-update.company-information.service.gov.uk/search/companies?q=Gresham+House+Strategic+PLC,1620592536,16:35:36,20210509
65,2003-06-30,GHS.L,GBP,2003-06-30,2003-06-30,Q2,323750.0,0.0,0.0,0.0,0.0,2042500.0,0.0,-2292500.0,5295250.0,5858500.0,-321000.0,228750.0,-5306000.0,-16.38918918918919,-5534750.0,-17.095752895752895,0.0,-2271500.0,-7.0162162162162165,-82500.0,-2257500.0,-6.972972972972973,-0.98,-0.98,2303570.0,2303570.0,https://find-and-update.company-information.service.gov.uk/search/companies?q=Gresham+House+Strategic+PLC,https://find-and-update.company-information.service.gov.uk/search/companies?q=Gresham+House+Strategic+PLC,1620592536,16:35:36,20210509
66,2003-03-31,GHS.L,GBP,2003-03-31,2003-03-31,Q1,323750.0,0.0,0.0,0.0,0.0,2042500.0,0.0,-2292500.0,5295250.0,5858500.0,-321000.0,228750.0,-5306000.0,-16.38918918918919,-5534750.0,-17.095752895752895,0.0,-2271500.0,-7.0162162162162165,-82500.0,-2257500.0,-6.972972972972973,-0.98,-0.98,2303570.0,2303570.0,https://find-and-update.company-information.service.gov.uk/search/companies?q=Gresham+House+Strategic+PLC,https://find-and-update.company-information.service.gov.uk/search/companies?q=Gresham+House+Strategic+PLC,1620592536,16:35:36,20210509
67,2003-01-31,GHS.L,GBP,2003-01-31,2003-01-31,Q1,323750.0,0.0,0.0,0.0,0.0,2042500.0,0.0,-2292500.0,5295250.0,5858500.0,-321000.0,228750.0,-5306000.0,-16.38918918918919,-5534750.0,-17.095752895752895,0.0,-2271500.0,-7.0162162162162165,-82500.0,-2257500.0,-6.972972972972973,-0.98,-0.98,2303570.0,2303570.0,https://find-and-update.company-information.service.gov.uk/search/companies?q=Gresham+House+Strategic+PLC,https://find-and-update.company-information.service.gov.uk/search/companies?q=Gresham+House+Strategic+PLC,1620592536,16:35:36,20210509
68,2002-09-30,GHS.L,GBP,2002-09-30,2002-09-30,Q3,752000.0,0.0,0.0,0.0,0.0,1748750.0,0.0,-602000.0,-17353250.0,-16738000.0,0.0,241750.0,17731750.0,23.57945478723404,17490000.0,23.257978723404257,0.0,-26251000.0,-34.90824468085106,272500.0,-26062000.0,-34.65691489361702,-11.16,-11.16,2335545.0,2335545.0,https://find-and-update.company-information.service.gov.uk/search/companies?q=Gresham+House+Strategic+PLC,https://find-and-update.company-information.service.gov.uk/search/companies?q=Gresham+House+Strategic+PLC,1620592536,16:35:36,20210509
69,2002-06-30,GHS.L,GBP,2002-06-30,2002-06-30,Q2,752000.0,0.0,0.0,0.0,0.0,1748750.0,0.0,-602000.0,-17353250.0,-16738000.0,0.0,241750.0,17731750.0,23.57945478723404,17490000.0,23.257978723404257,0.0,-26251000.0,-34.90824468085106,272500.0,-26062000.0,-34.65691489361702,-11.16,-11.16,2335545.0,2335545.0,https://find-and-update.company-information.service.gov.uk/search/companies?q=Gresham+House+Strategic+PLC,https://find-and-update.company-information.service.gov.uk/search/companies?q=Gresham+House+Strategic+PLC,1620592536,16:35:36,20210509
70,2002-03-31,GHS.L,GBP,2002-03-31,2002-03-31,Q1,752000.0,0.0,0.0,0.0,0.0,1748750.0,0.0,-602000.0,-17353250.0,-16738000.0,0.0,241750.0,17731750.0,23.57945478723404,17490000.0,23.257978723404257,0.0,-26251000.0,-34.90824468085106,272500.0,-26062000.0,-34.65691489361702,-11.16,-11.16,2335545.0,2335545.0,https://find-and-update.company-information.service.gov.uk/search/companies?q=Gresham+House+Strategic+PLC,https://find-and-update.company-information.service.gov.uk/search/companies?q=Gresham+House+Strategic+PLC,1620592536,16:35:36,20210509
71,2002-01-31,GHS.L,GBP,2002-01-31,2002-01-31,Q1,752000.0,0.0,0.0,0.0,0.0,1748750.0,0.0,-602000.0,-17353250.0,-16738000.0,0.0,241750.0,17731750.0,23.57945478723404,17490000.0,23.257978723404257,0.0,-26251000.0,-34.90824468085106,272500.0,-26062000.0,-34.65691489361702,-11.16,-11.16,2335545.0,2335545.0,https://find-and-update.company-information.service.gov.uk/search/companies?q=Gresham+House+Strategic+PLC,https://find-and-update.company-information.service.gov.uk/search/companies?q=Gresham+House+Strategic+PLC,1620592536,16:35:36,20210509
72,2001-09-30,GHS.L,GBP,2001-09-30,2001-09-30,Q3,764750.0,0.0,0.0,0.0,0.0,0.0,0.0,0.0,-8806250.0,-8637250.0,0.0,22750.0,8660000.0,11.32396207911082,8637250.0,11.29421379535796,0.0,-11563000.0,-15.119973847662635,3750.0,-11501000.0,-15.038901601830664,-6.75,-6.75,1706100.0,1706100.0,https://find-and-update.company-information.service.gov.uk/search/companies?q=Gresham+House+Strategic+PLC,https://find-and-update.company-information.service.gov.uk/search/companies?q=Gresham+House+Strategic+PLC,1620592536,16:35:36,20210509
73,2001-06-30,GHS.L,GBP,2001-06-30,2001-06-30,Q2,764750.0,0.0,0.0,0.0,0.0,0.0,0.0,0.0,-8806250.0,-8637250.0,0.0,22750.0,8660000.0,11.32396207911082,8637250.0,11.29421379535796,0.0,-11563000.0,-15.119973847662635,3750.0,-11501000.0,-15.038901601830664,-6.75,-6.75,1706100.0,1706100.0,https://find-and-update.company-information.service.gov.uk/search/companies?q=Gresham+House+Strategic+PLC,https://find-and-update.company-information.service.gov.uk/search/companies?q=Gresham+House+Strategic+PLC,1620592536,16:35:36,20210509
74,2001-03-31,GHS.L,GBP,2001-03-31,2001-03-31,Q1,764750.0,0.0,0.0,0.0,0.0,0.0,0.0,0.0,-8806250.0,-8637250.0,0.0,22750.0,8660000.0,11.32396207911082,8637250.0,11.29421379535796,0.0,-11563000.0,-15.119973847662635,3750.0,-11501000.0,-15.038901601830664,-6.75,-6.75,1706100.0,1706100.0,https://find-and-update.company-information.service.gov.uk/search/companies?q=Gresham+House+Strategic+PLC,https://find-and-update.company-information.service.gov.uk/search/companies?q=Gresham+House+Strategic+PLC,1620592536,16:35:36,20210509
75,2001-01-31,GHS.L,GBP,2001-01-31,2001-01-31,Q1,764750.0,0.0,0.0,0.0,0.0,0.0,0.0,0.0,-8806250.0,-8637250.0,0.0,22750.0,8660000.0,11.32396207911082,8637250.0,11.29421379535796,0.0,-11563000.0,-15.119973847662635,3750.0,-11501000.0,-15.038901601830664,-6.75,-6.75,1706100.0,1706100.0,https://find-and-update.company-information.service.gov.uk/search/companies?q=Gresham+House+Strategic+PLC,https://find-and-update.company-information.service.gov.uk/search/companies?q=Gresham+House+Strategic+PLC,1620592536,16:35:36,20210509
76,2000-09-30,GHS.L,GBP,2000-09-30,2000-09-30,Q3,155250.0,0.0,0.0,0.0,0.0,0.0,0.0,0.0,969750.0,1029750.0,750.0,14000.0,-1015750.0,-6.542673107890499,-1029750.0,-6.632850241545894,0.0,712000.0,4.586151368760064,224500.0,492750.0,3.1739130434782608,0.6,0.55,808110.0,883030.0,https://find-and-update.company-information.service.gov.uk/search/companies?q=Gresham+House+Strategic+PLC,https://find-and-update.company-information.service.gov.uk/search/companies?q=Gresham+House+Strategic+PLC,1620592536,16:35:36,20210509
77,2000-06-30,GHS.L,GBP,2000-06-30,2000-06-30,Q2,155250.0,0.0,0.0,0.0,0.0,0.0,0.0,0.0,969750.0,1029750.0,750.0,14000.0,-1015750.0,-6.542673107890499,-1029750.0,-6.632850241545894,0.0,712000.0,4.586151368760064,224500.0,492750.0,3.1739130434782608,0.6,0.55,808110.0,883030.0,https://find-and-update.company-information.service.gov.uk/search/companies?q=Gresham+House+Strategic+PLC,https://find-and-update.company-information.service.gov.uk/search/companies?q=Gresham+House+Strategic+PLC,1620592536,16:35:36,20210509
78,2000-03-31,GHS.L,GBP,2000-03-31,2000-03-31,Q1,155250.0,0.0,0.0,0.0,0.0,0.0,0.0,0.0,969750.0,1029750.0,750.0,14000.0,-1015750.0,-6.542673107890499,-1029750.0,-6.632850241545894,0.0,712000.0,4.586151368760064,224500.0,492750.0,3.1739130434782608,0.6,0.55,808110.0,883030.0,https://find-and-update.company-information.service.gov.uk/search/companies?q=Gresham+House+Strategic+PLC,https://find-and-update.company-information.service.gov.uk/search/companies?q=Gresham+House+Strategic+PLC,1620592536,16:35:36,20210509
79,2000-01-31,GHS.L,GBP,2000-01-31,2000-01-31,Q1,155250.0,0.0,0.0,0.0,0.0,0.0,0.0,0.0,969750.0,1029750.0,750.0,14000.0,-1015750.0,-6.542673107890499,-1029750.0,-6.632850241545894,0.0,712000.0,4.586151368760064,224500.0,492750.0,3.1739130434782608,0.6,0.55,808110.0,883030.0,https://find-and-update.company-information.service.gov.uk/search/companies?q=Gresham+House+Strategic+PLC,https://find-and-update.company-information.service.gov.uk/search/companies?q=Gresham+House+Strategic+PLC,1620592536,16:35:36,20210509
