,date,symbol,reportedCurrency,fillingDate,acceptedDate,period,revenue,costOfRevenue,grossProfit,grossProfitRatio,researchAndDevelopmentExpenses,generalAndAdministrativeExpenses,sellingAndMarketingExpenses,otherExpenses,operatingExpenses,costAndExpenses,interestExpense,depreciationAndAmortization,ebitda,ebitdaratio,operatingIncome,operatingIncomeRatio,totalOtherIncomeExpensesNet,incomeBeforeTax,incomeBeforeTaxRatio,incomeTaxExpense,netIncome,netIncomeRatio,eps,epsdiluted,weightedAverageShsOut,weightedAverageShsOutDil,link,finalLink,timestamp,est_time,est_date
0,2020-12-31,FLUX,USD,2021-02-11,2021-02-11 16:05:30,Q3,100.0,78.0,22.0,0.22,28.0,0.0,56.0,0.0,84.0,162.0,5.0,127000.0,126999.933,1269.99933,-0.067,-0.00067,0.0,-0.067,-0.00067,0.0,-0.067,-0.00067,-1.3089227702354088e-05,-1.3089227702354088e-05,5118713.0,5118713.0,https://www.sec.gov/Archives/edgar/data/1083743/000149315221003375/0001493152-21-003375-index.htm,https://www.sec.gov/Archives/edgar/data/1083743/000149315221003375/form10-q.htm,1620592130,16:28:50,20210509
1,2020-09-30,FLUX,USD,2020-11-12,2020-11-12 16:10:41,Q1,4499000.0,3626000.0,873000.0,0.19404312069348745,1507000.0,0.0,0.0,2920000.0,4427000.0,8053000.0,430000.0,54000.0,-3930000.0,-0.8735274505445655,-3984000.0,-0.8855301178039564,0.0,-3984000.0,-0.8855301178039564,0.0,-3984000.0,-0.8855301178039564,-0.7783206442713236,-0.7783206442713236,5118713.0,5118713.0,https://www.sec.gov/Archives/edgar/data/1083743/000149315220021091/0001493152-20-021091-index.htm,https://www.sec.gov/Archives/edgar/data/1083743/000149315220021091/form10-q.htm,1620592130,16:28:50,20210509
2,2020-06-30,FLUX,USD,2020-09-28,2020-09-28 17:12:18,Q4,6257000.0,5195000.0,1062000.0,0.1697299025091897,1085000.0,0.0,9760933.0,0.0,3738000.0,8933000.0,-1214000.0,47000.0,-2629000.0,-0.42016941026050825,-2676000.0,-0.427680997283043,0.0,-3250000.0,-0.5194182515582547,0.0,-3250000.0,-0.5194182515582547,-0.63,-0.63,5118713.0,5118713.0,https://www.sec.gov/Archives/edgar/data/1083743/000149315220018485/0001493152-20-018485-index.htm,https://www.sec.gov/Archives/edgar/data/1083743/000149315220018485/form10-k.htm,1620592130,16:28:50,20210509
3,2020-03-31,FLUX,USD,2020-05-12,2020-05-12 15:10:30,Q3,5051000.0,4402000.0,649000.0,0.1284894080380123,1527000.0,0.0,67000.0,0.0,4111000.0,8513000.0,503000.0,32000.0,-3430000.0,-0.6790734508018215,-3462000.0,-0.6854088299346665,0.0,-3965000.0,-0.7849930706790734,0.0,-3965000.0,-0.7849930706790734,-0.77626,-0.77626,5107850.0,5107850.0,https://www.sec.gov/Archives/edgar/data/1083743/000149315220008359/0001493152-20-008359-index.htm,https://www.sec.gov/Archives/edgar/data/1083743/000149315220008359/form10-q.htm,1620592130,16:28:50,20210509
4,2019-12-31,FLUX,USD,2020-02-11,2020-02-11 16:01:17,Q2,3615000.0,3289000.0,326000.0,0.09017980636237898,1021000.0,0.0,81000.0,0.0,3249999.9999999995,6539000.0,711000.0,28999.999999999996,-2895000.0,-0.8008298755186722,-2924000.0,-0.8088520055325035,0.0,-3307000.0,-0.9147994467496542,0.0,-3307000.0,-0.9147994467496542,-0.64757,-0.64757,5106780.0,5106780.0,https://www.sec.gov/Archives/edgar/data/1083743/000149315220001942/0001493152-20-001942-index.htm,https://www.sec.gov/Archives/edgar/data/1083743/000149315220001942/form-10q.htm,1620592130,16:28:50,20210509
5,2019-09-30,FLUX,USD,2019-11-12,2019-11-12 16:31:47,Q1,1919000.0,1802000.0,117000.0,0.060969254820218866,1397000.0,0.0,2206000000.0,0.0,3603000.0,5405000.0,-328000.0,33000.0,-3453000.0,-1.7993746743095362,-3486000.0,-1.8165711307972903,0.0,-3814000.0,-1.9874934861907243,0.0,-3814000.0,-1.9874934861907243,-0.74735,-0.74735,5103340.0,5103340.0,https://www.sec.gov/Archives/edgar/data/1083743/000165495419012726/0001654954-19-012726-index.htm,https://www.sec.gov/Archives/edgar/data/1083743/000165495419010687/flux_10k.htm,1620592130,16:28:50,20210509
6,2019-06-30,FLUX,USD,2019-09-12,2019-09-12 17:32:00,Q4,3020000.0,2800000.0,220000.0,0.0728476821192053,1196000.0,0.0,-5518000000.0,4820000000.0,3390000.0000000005,6190000.000000001,699000.0,27000.000000000004,-3143000.0,-1.040728476821192,-3170000.0,-1.0496688741721854,84000.0,-3275000.0,-1.0844370860927153,0.0,-3275000.0,-1.0844370860927153,-0.63706,-0.63706,5140780.0,5140780.0,https://www.sec.gov/Archives/edgar/data/1083743/000165495419010687/0001654954-19-010687-index.htm,https://www.sec.gov/Archives/edgar/data/1083743/000165495419010687/flux_10k.htm,1620592130,16:28:50,20210509
7,2019-03-31,FLUX,USD,2019-05-10,2019-05-10 16:07:56,Q3,1751000.0,1690000.0,61000.0,0.034837235865219876,1364000.0,0.0,2421000000.0,2892000000.0,3784999.9999999995,5475000.0,-90000.0,23000.0,-3701000.0,-2.1136493432324386,-3724000.0,-2.1267846944603086,0.0,-3814000.0,-2.1781838949171903,0.0,-3814000.0,-2.1781838949171903,-0.75124,-0.75124,5076970.0,5076970.0,https://www.sec.gov/Archives/edgar/data/1083743/000165495419005686/0001654954-19-005686-index.htm,https://www.sec.gov/Archives/edgar/data/1083743/000165495419005686/flux_10q.htm,1620592130,16:28:50,20210509
8,2018-12-31,FLUX,USD,2019-02-13,2019-02-13 16:01:36,Q2,2711000.0,2456000.0,255000.0,0.09406123201770564,882000.0,0.0,1614000000.0,-662000000.0,2486000.0,4942000.0,-693000.0,20999.999999999996,-2210000.0,-0.8151973441534489,-2231000.0,-0.8229435632607893,0.0,-2924000.0,-1.0785687938030246,0.0,-2924000.0,-1.0785687938030246,-0.69674,-0.69674,4196680.0,4196680.0,https://www.sec.gov/Archives/edgar/data/1083743/000165495419001448/0001654954-19-001448-index.htm,https://www.sec.gov/Archives/edgar/data/1083743/000165495419001448/flux_10q.htm,1620592130,16:28:50,20210509
9,2018-09-30,FLUX,USD,2018-11-13,2018-11-13 17:21:38,Q1,1840000.0,1820000.0,20000.0,0.010869565217391304,660000.0,0.0,1483000000.0,662000000.0,2145000.0,3959999.9999999995,-270000.0,10000.0,-2120000.0,-1.1521739130434783,-2130000.0,-1.1576086956521738,0.0,-2400000.0,-1.3043478260869565,0.0,-2400000.0,-1.3043478260869565,-0.7717,-0.7717,3110000.0,3110000.0,https://www.sec.gov/Archives/edgar/data/1083743/000165495418012550/0001654954-18-012550-index.htm,https://www.sec.gov/Archives/edgar/data/1083743/000165495418010522/flux_10k.htm,1620592130,16:28:50,20210509
10,2018-06-30,FLUX,USD,2018-09-27,2018-09-26 18:01:32,Q4,1100000.0,1190000.0,-90000.0,-0.08181818181818182,520000.0,0.0,-2378000000.0,3462000000.0,1599000.0,2780000.0,-240000.0,19999.999999999996,-1670000.0,-1.518181818181818,-1690000.0,-1.5363636363636364,0.0,-1930000.0,-1.7545454545454546,0.0,-1930000.0,-1.7545454545454546,-0.73664,-0.73664,2620000.0,2620000.0,https://www.sec.gov/Archives/edgar/data/1083743/000165495418010522/0001654954-18-010522-index.htm,https://www.sec.gov/Archives/edgar/data/1083743/000165495418010522/flux_10k.htm,1620592130,16:28:50,20210509
11,2018-03-31,FLUX,USD,2018-05-14,2018-05-14 13:43:25,Q3,1670000.0,1820000.0,-150000.0,-0.08982035928143713,480000.0,0.0,2378000000.0,0.0,1392000.0,3210000.0,-210000.0,10000.000000000002,-1530000.0,-0.9161676646706587,-1540000.0,-0.9221556886227545,0.0,-1750000.0,-1.0479041916167664,0.0,-1750000.0,-1.0479041916167664,-0.69721,-0.69721,2510000.0,2510000.0,https://www.sec.gov/Archives/edgar/data/1083743/000143774918009734/0001437749-18-009734-index.htm,https://www.sec.gov/Archives/edgar/data/1083743/000143774918009734/flux20180331_10q.htm,1620592130,16:28:50,20210509
12,2017-12-31,FLUX,USD,2018-02-13,2018-02-13 15:46:05,Q2,1200000.0,1590000.0,-390000.0,-0.325,480000.0,0.0,796000000.0,0.0,1286000.0,2880000.0,-170000.0,19999.999999999996,-1650000.0,-1.375,-1670000.0,-1.3916666666666666,0.0,-1840000.0,-1.5333333333333334,0.0,-1840000.0,-1.5333333333333334,-0.73307,-0.73307,2510000.0,2510000.0,https://www.sec.gov/Archives/edgar/data/1083743/000143774918002363/0001437749-18-002363-index.htm,https://www.sec.gov/Archives/edgar/data/1083743/000143774918002363/flux20171231_10q.htm,1620592130,16:28:50,20210509
13,2017-09-30,FLUX,USD,2017-11-14,2017-11-14 16:02:49,Q1,150000.0,300000.0,-150000.0,-1.0,480000.0,0.0,687000000.0,0.0,1165000.0,1460000.0,-140000.0,10000.0,-1300000.0,-8.666666666666666,-1310000.0,-8.733333333333333,0.0,-1450000.0,-9.666666666666666,0.0,-1450000.0,-9.666666666666666,-0.57769,-0.57769,2510000.0,2510000.0,https://www.sec.gov/Archives/edgar/data/1083743/000143774917019348/0001437749-17-019348-index.htm,https://www.sec.gov/Archives/edgar/data/1083743/000143774917016221/flux20170630_10k.htm,1620592130,16:28:50,20210509
14,2017-06-30,FLUX,USD,2017-09-22,2017-09-21 21:06:45,Q4,120000.0,270000.0,-150000.0,-1.25,320000.0,0.0,2404000000.0,1052000000.0,810000.0,1080000.0,-100000.0,10000.000000000002,-950000.0,-7.916666666666667,-960000.0,-8.0,0.0,-1060000.0,-8.833333333333334,0.0,-1060000.0,-8.833333333333334,-0.42231,-0.42231,2510000.0,2510000.0,https://www.sec.gov/Archives/edgar/data/1083743/000143774917016221/0001437749-17-016221-index.htm,https://www.sec.gov/Archives/edgar/data/1083743/000143774917016221/flux20170630_10k.htm,1620592130,16:28:50,20210509
15,2017-03-31,FLUX,USD,2017-05-15,2017-05-15 15:45:55,Q3,310000.0,530000.0,-220000.0,-0.7096774193548387,230000.0,0.0,610000000.0,0.0,891000.0,1420000.0,-50000.0,19000.0,-1091000.0,-3.5193548387096776,-1110000.0,-3.5806451612903225,0.0,-1160000.0,-3.7419354838709675,0.0,-1160000.0,-3.7419354838709675,-0.464,-0.464,2500000.0,2500000.0,https://www.sec.gov/Archives/edgar/data/1083743/000143774917009206/0001437749-17-009206-index.htm,https://www.sec.gov/Archives/edgar/data/1083743/000143774917009206/flux20170331_10q.htm,1620592130,16:28:50,20210509
16,2016-12-31,FLUX,USD,2017-02-14,2017-02-14 16:22:53,Q2,180000.0,310000.0,-130000.0,-0.7222222222222222,220000.0,0.0,653000000.0,44000000.0,872000.0,1180000.0,-30000.0,9999.999999999998,-990000.0,-5.5,-1000000.0,-5.555555555555555,0.0,-1040000.0,-5.777777777777778,0.0,-1040000.0,-5.777777777777778,-0.416,-0.416,2500000.0,2500000.0,https://www.sec.gov/Archives/edgar/data/1083743/000143774917002430/0001437749-17-002430-index.htm,https://www.sec.gov/Archives/edgar/data/1083743/000143774917002430/flux20170203_10q.htm,1620592130,16:28:50,20210509
17,2016-09-30,FLUX,USD,2016-11-10,2016-11-10 09:13:16,Q1,290000.0,470000.0,-180000.0,-0.6206896551724138,290000.0,0.0,647000000.0,-44000000.0,937000.0,1400000.0,-30000.0,20000.0,-1080000.0,-3.7241379310344827,-1100000.0,-3.793103448275862,-40000.0,-1180000.0,-4.068965517241379,0.0,-1180000.0,-4.068965517241379,-0.51082,-0.51082,2310000.0,2310000.0,https://www.sec.gov/Archives/edgar/data/1083743/000143774916041676/0001437749-16-041676-index.htm,https://www.sec.gov/Archives/edgar/data/1083743/000143774916039123/flux20160913_10k.htm,1620592130,16:28:50,20210509
18,2016-06-30,FLUX,USD,2016-09-26,2016-09-26 16:43:42,Q4,160000.0,350000.0,-190000.0,-1.1875,250000.0,0.0,494000000.0,-20000.0,757000.0,1090000.0,-190000.0,9999.999999999998,-910000.0,-5.6875,-920000.0,-5.75,-20000.0,-1120000.0,-7.0,0.0,-1120000.0,-7.0,-0.61878,-0.61878,1810000.0,1810000.0,https://www.sec.gov/Archives/edgar/data/1083743/000143774916039123/0001437749-16-039123-index.htm,https://www.sec.gov/Archives/edgar/data/1083743/000143774916039123/flux20160913_10k.htm,1620592130,16:28:50,20210509
19,2016-03-31,FLUX,USD,2016-05-13,2016-05-13 15:15:23,Q3,120000.0,330000.0,-210000.0,-1.75,250000.0,0.0,1746000000.0,10000.0,848000.0,1180000.0,-170000.0,10000.0,-1050000.0,-8.75,-1060000.0,-8.833333333333334,0.0,-1230000.0,-10.25,0.0,-1230000.0,-10.25,-0.81457,-0.81457,1510000.0,1510000.0,https://www.sec.gov/Archives/edgar/data/1083743/000114420416101724/0001144204-16-101724-index.htm,https://www.sec.gov/Archives/edgar/data/1083743/000114420416101724/v438589_10q.htm,1620592130,16:28:50,20210509
20,2015-12-31,FLUX,USD,2016-02-16,2016-02-16 16:34:50,Q2,110000.0,200000.0,-90000.0,-0.8181818181818182,470000.0,0.0,-555000000.0,10000.0,1074000.0,1280000.0,-50000.0,6000.0,-1164000.0,-10.581818181818182,-1170000.0,-10.636363636363637,0.0,-1220000.0,-11.090909090909092,0.0,-1220000.0,-11.090909090909092,-0.80795,-0.80795,1510000.0,1510000.0,https://www.sec.gov/Archives/edgar/data/1083743/000114420416082720/0001144204-16-082720-index.htm,https://www.sec.gov/Archives/edgar/data/1083743/000114420416082720/v430390_10q.htm,1620592130,16:28:50,20210509
21,2015-09-30,FLUX,USD,2015-11-16,2015-11-16 17:24:49,Q1,170000.0,240000.0,-70000.0,-0.4117647058823529,330000.0,0.0,555000000.0,336000.0,891000.0,1130000.0,-50000.0,10000.0,-950000.0,-5.588235294117647,-960000.0,-5.647058823529412,0.0,-1010000.0,-5.9411764705882355,0.0,-1010000.0,-5.9411764705882355,-0.87826,-0.87826,1150000.0,1150000.0,https://www.sec.gov/Archives/edgar/data/1083743/000114420415066176/0001144204-15-066176-index.htm,https://www.sec.gov/Archives/edgar/data/1083743/000114420415057288/v419557_10k.htm,1620592130,16:28:50,20210509
22,2015-06-30,FLUX,USD,2015-09-28,2015-09-29 23:13:53,Q4,220000.0,280000.0,-60000.0,-0.2727272727272727,260000.0,0.0,661000000.0,-20000.0,899000.0,1180000.0,0.0,-9000.0,-969000.0,-4.404545454545454,-960000.0,-4.363636363636363,-10000.0,-970000.0,-4.409090909090909,0.0,-970000.0,-4.409090909090909,-0.97,-0.97,1000000.0,1000000.0,https://www.sec.gov/Archives/edgar/data/1083743/000114420415057288/0001144204-15-057288-index.htm,https://www.sec.gov/Archives/edgar/data/1083743/000114420415057288/v419557_10k.htm,1620592130,16:28:50,20210509
23,2015-03-31,FLUX,USD,2015-05-15,2015-05-15 16:15:22,Q3,200000.0,220000.0,-20000.0,-0.1,140000.0,0.0,498000000.0,-260000.0,637000.0,860000.0,20000.0,9999.999999999998,-650000.0,-3.25,-660000.0,-3.3,10000.0,-630000.0,-3.15,0.0,-630000.0,-3.15,-0.63636,-0.63636,990000.0,990000.0,https://www.sec.gov/Archives/edgar/data/1083743/000114420415031612/0001144204-15-031612-index.htm,https://www.sec.gov/Archives/edgar/data/1083743/000114420415031612/v410018_10q.htm,1620592130,16:28:50,20210509
24,2014-12-31,FLUX,USD,2015-02-13,2015-02-13 15:11:30,Q2,210000.0,190000.0,20000.0,0.09523809523809523,140000.0,0.0,442000000.0,295000.0,616000.0,810000.0000000001,-20000.0,10000.0,-590000.0,-2.8095238095238093,-600000.0,-2.857142857142857,-10000.0,-620000.0,-2.9523809523809526,0.0,-620000.0,-2.9523809523809526,-0.63918,-0.63918,970000.0,970000.0,https://www.sec.gov/Archives/edgar/data/1083743/000114420415008957/0001144204-15-008957-index.htm,https://www.sec.gov/Archives/edgar/data/1083743/000114420415008957/v400740_10q.htm,1620592130,16:28:50,20210509
25,2014-09-30,FLUX,USD,2014-11-14,2014-10-07 16:55:34,Q1,90000.0,80000.0,10000.0,0.1111111111111111,120000.0,0.0,507000000.0,0.0,628000.0,710000.0,14000000.0,10000.0,-610000.0,-6.777777777777778,-620000.0,-6.888888888888889,0.0,-200000.0,-2.2222222222222223,0.0,-200000.0,-2.2222222222222223,-0.21277,-0.21277,940000.0,940000.0,https://www.sec.gov/Archives/edgar/data/1083743/000114420414068878/0001144204-14-068878-index.htm,https://www.sec.gov/Archives/edgar/data/1083743/000114420414059936/v389805_10k.htm,1620592130,16:28:50,20210509
26,2014-06-30,FLUX,USD,2014-10-07,2014-10-07 16:55:34,Q4,200000.0,240000.0,-40000.0,-0.2,170000.0,0.0,570000000.0,310000.0,1046000.0,1280000.0,210000.0,9999.999999999995,-1070000.0,-5.35,-1080000.0,-5.4,-20000.0,-890000.0,-4.45,0.0,-890000.0,-4.45,-0.65441,-0.65441,1360000.0,1360000.0,https://www.sec.gov/Archives/edgar/data/1083743/000114420414059936/0001144204-14-059936-index.htm,https://www.sec.gov/Archives/edgar/data/1083743/000114420414059936/v389805_10k.htm,1620592130,16:28:50,20210509
27,2014-03-31,FLUX,USD,2014-05-15,2014-05-15 17:08:38,Q3,90000.0,50000.0,40000.0,0.4444444444444444,140000.0,0.0,435000000.0,430000.0,1042000.0,1090000.0,-690000.0,20000.000000000004,-980000.0,-10.88888888888889,-1000000.0,-11.11111111111111,-60000.0,-1750000.0,-19.444444444444443,0.0,-1750000.0,-19.444444444444443,-2.82258,-2.82258,620000.0,620000.0,https://www.sec.gov/Archives/edgar/data/1083743/000114420414031404/0001144204-14-031404-index.htm,https://www.sec.gov/Archives/edgar/data/1083743/000114420414031404/v376461_10q.htm,1620592130,16:28:50,20210509
28,2013-12-31,FLUX,USD,2014-02-14,2014-02-14 16:33:15,Q2,30000.0,20000.0,10000.0,0.3333333333333333,120000.0,0.0,654000000.0,410000.0,879000.0,900000.0,-50000.0,19999.999999999996,-850000.0,-28.333333333333332,-870000.0,-29.0,0.0,-920000.0,-30.666666666666668,0.0,-920000.0,-30.666666666666668,-1.91667,-1.91667,480000.0,480000.0,https://www.sec.gov/Archives/edgar/data/1083743/000114420414009885/0001144204-14-009885-index.htm,https://www.sec.gov/Archives/edgar/data/1083743/000114420414009885/v367167_10q.htm,1620592130,16:28:50,20210509
29,2013-09-30,FLUX,USD,2013-11-14,2013-10-15 17:25:07,Q1,30000.0,20000.0,10000.0,0.3333333333333333,110000.0,0.0,311000000.0,410000.0,829000.0,810000.0,30000.0,10000.0,-760000.0,-25.333333333333332,-770000.0,-25.666666666666668,0.0,-750000.0,-25.0,0.0,-750000.0,-25.0,-1.59574,-1.59574,470000.0,470000.0,https://www.sec.gov/Archives/edgar/data/1083743/000114420413062045/0001144204-13-062045-index.htm,https://www.sec.gov/Archives/edgar/data/1083743/000114420413055300/v356833_10k.htm,1620592130,16:28:50,20210509
30,2013-06-30,FLUX,USD,2013-10-15,2013-10-15 17:25:07,Q4,70000.0,130000.0,-60000.0,-0.8571428571428571,190000.0,0.0,594000000.0,440000.0,1224000.0,1350000.0000000002,1860000.0,10000.000000000002,-1270000.0,-18.142857142857142,-1280000.0,-18.285714285714285,0.0,580000.0,8.285714285714286,0.0,580000.0,8.285714285714286,0.92063,0.92063,630000.0,630000.0,https://www.sec.gov/Archives/edgar/data/1083743/000114420413055300/0001144204-13-055300-index.htm,https://www.sec.gov/Archives/edgar/data/1083743/000114420413055300/v356833_10k.htm,1620592130,16:28:50,20210509
31,2013-03-31,FLUX,USD,2013-05-13,2013-05-13 15:20:52,Q3,110000.0,130000.0,-20000.0,-0.18181818181818182,280000.0,0.0,574000000.0,450000.0,1299000.0,1429999.9999999998,220000.0,9999.999999999998,-1310000.0,-11.909090909090908,-1320000.0,-12.0,0.0,-1100000.0,-10.0,0.0,-1100000.0,-10.0,-2.34043,-2.34043,470000.0,470000.0,https://www.sec.gov/Archives/edgar/data/1083743/000114420413028251/0001144204-13-028251-index.htm,https://www.sec.gov/Archives/edgar/data/1083743/000114420413028251/v342758_10q.htm,1620592130,16:28:50,20210509
32,2012-12-31,FLUX,USD,2013-02-14,2013-02-14 14:09:32,Q2,520000.0,460000.0,60000.0,0.11538461538461539,240000.0,0.0,687000000.0,420000.0,1346000.0,1800000.0,2160000.0,10000.0,-1280000.0,-2.4615384615384617,-1290000.0,-2.480769230769231,0.0,880000.0,1.6923076923076923,0.0,880000.0,1.6923076923076923,1.72549,1.72549,510000.0,510000.0,https://www.sec.gov/Archives/edgar/data/1083743/000114420413008892/0001144204-13-008892-index.htm,https://www.sec.gov/Archives/edgar/data/1083743/000114420413008892/v332726_10q.htm,1620592130,16:28:50,20210509
33,2012-09-30,FLUX,USD,2012-11-14,2012-11-14 18:45:38,Q1,80000.0,50000.0,30000.0,0.375,290000.0,0.0,714000000.0,410000.0,1411000.0,1460000.0,1370000.0,10000.0,-1370000.0,-17.125,-1380000.0,-17.25,0.0,-10000.0,-0.125,0.0,-10000.0,-0.125,-0.02174,-0.02174,460000.0,460000.0,https://www.sec.gov/Archives/edgar/data/1083743/000114420412062779/0001144204-12-062779-index.htm,https://www.sec.gov/Archives/edgar/data/1083743/000114420412053573/v324399_10k.htm,1620592130,16:28:50,20210509
34,2012-06-30,FLUX,USD,2012-09-28,2012-09-28 14:34:03,Q4,5930000.0,4769000.0,1161000.0,0.1957841483979764,590000.0,0.0,2368000000.0,18689000.0,1287000.0,7700000.0,-580000.0,30000.0,-1740000.0,-0.2934232715008432,-1770000.0,-0.2984822934232715,18689.0,-2350000.0,-0.3962900505902192,0.0,-2350000.0,-0.3962900505902192,-1.66667,-1.66667,1410000.0,1410000.0,https://www.sec.gov/Archives/edgar/data/1083743/000114420412053573/0001144204-12-053573-index.htm,https://www.sec.gov/Archives/edgar/data/1083743/000114420412053573/v324399_10k.htm,1620592130,16:28:50,20210509
35,2012-03-31,FLUX,USD,2012-05-11 00:00:00,2012-05-11 16:38:38,Q3,0.0,0.0,0.0,0.0,0.0,0.0,0.0,0.0,18689.0,20000.0,0.0,0.0,-20000.0,0.0,-20000.0,0.0,0.0,-20000.0,0.0,0.0,-20000.0,0.0,-0.66667,-0.66667,30000.0,30000.0,https://www.sec.gov/Archives/edgar/data/1083743/000143209312000348/0001432093-12-000348-index.html,https://www.sec.gov/Archives/edgar/data/1083743/000143209312000348/lonepine10q033112.htm,1620592130,16:28:50,20210509
36,2012-03-30,FLUX,USD,2012-05-11,2012-05-11 16:38:38,Q1,0.0,0.0,0.0,0.0,0.0,18689000.0,0.0,-18689000.0,18689000.0,18689000.0,0.0,0.0,-20486000.0,0.0,-20486000.0,0.0,-18689000.0,-20486000.0,0.0,0.0,-20486000.0,0.0,-0.01,-0.01,2724267.0,2724267.0,https://www.sec.gov/Archives/edgar/data/1083743/000143209312000348/0001432093-12-000348-index.htm,https://www.sec.gov/Archives/edgar/data/1083743/000143209312000165/lonepine10k123111.htm,1620592130,16:28:50,20210509
37,2011-12-31,FLUX,USD,2012-03-23,2012-03-23 12:18:39,Q2,0.0,0.0,0.0,0.0,0.0,0.0,0.0,-40721000.0,612000.0,40721.0,0.0,0.0,-10000.0,0.0,-45554.0,0.0,-40721.0,-10000.0,0.0,0.0,-10000.0,0.0,-0.33333,-0.33333,30000.0,30000.0,https://www.sec.gov/Archives/edgar/data/1083743/000143209312000165/0001432093-12-000165-index.htm,https://www.sec.gov/Archives/edgar/data/1083743/000143209312000165/lonepine10k123111.htm,1620592130,16:28:50,20210509
38,2011-09-30,FLUX,USD,2011-11-16,2011-11-16 14:29:26,Q1,0.0,0.0,0.0,0.0,0.0,0.0,0.0,0.0,7791.0,10000.0,0.0,0.0,-10000.0,0.0,-10000.0,0.0,0.0,-10000.0,0.0,0.0,-10000.0,0.0,-0.33333,-0.33333,30000.0,30000.0,https://www.sec.gov/Archives/edgar/data/1083743/000142488411000159/0001424884-11-000159-index.htm,https://www.sec.gov/Archives/edgar/data/1083743/000142488411000159/form10-q.htm,1620592130,16:28:50,20210509
39,2011-06-30,FLUX,USD,2011-08-18,2011-08-18 16:33:10,Q4,0.0,0.0,0.0,0.0,0.0,0.0,0.0,0.0,16188.0,20000.0,0.0,0.0,-20000.0,0.0,-20000.0,0.0,0.0,-20000.0,0.0,0.0,-20000.0,0.0,-0.66667,-0.66667,30000.0,30000.0,https://www.sec.gov/Archives/edgar/data/1083743/000142488411000116/0001424884-11-000116-index.htm,https://www.sec.gov/Archives/edgar/data/1083743/000142488411000116/form10-q.htm,1620592130,16:28:50,20210509
40,2011-03-31,FLUX,USD,2011-05-12,2011-04-14 11:33:45,Q3,0.0,0.0,0.0,0.0,0.0,0.0,0.0,0.0,12108.0,10000.0,0.0,0.0,-10000.0,0.0,-10000.0,0.0,0.0,-10000.0,0.0,0.0,-10000.0,0.0,-0.33333,-0.33333,30000.0,30000.0,https://www.sec.gov/Archives/edgar/data/1083743/000142488411000072/0001424884-11-000072-index.htm,https://www.sec.gov/Archives/edgar/data/1083743/000142488411000061/form10-k.htm,1620592130,16:28:50,20210509
41,2010-12-31,FLUX,USD,2011-04-14,2011-04-14 11:33:45,Q2,0.0,0.0,0.0,0.0,0.0,0.0,0.0,0.0,19977.0,20000.0,0.0,0.0,-20000.0,0.0,-20000.0,0.0,0.0,-20000.0,0.0,0.0,-20000.0,0.0,-0.66667,-0.66667,30000.0,30000.0,https://www.sec.gov/Archives/edgar/data/1083743/000142488411000061/0001424884-11-000061-index.htm,https://www.sec.gov/Archives/edgar/data/1083743/000142488411000061/form10-k.htm,1620592130,16:28:50,20210509
42,2010-09-30,FLUX,USD,2010-11-12,2010-11-12 12:59:24,Q1,0.0,0.0,0.0,0.0,0.0,0.0,0.0,0.0,7000.0,10000.0,0.0,0.0,-10000.0,0.0,-10000.0,0.0,0.0,-10000.0,0.0,0.0,-10000.0,0.0,-0.33333,-0.33333,30000.0,30000.0,https://www.sec.gov/Archives/edgar/data/1083743/000142488410000141/0001424884-10-000141-index.htm,https://www.sec.gov/Archives/edgar/data/1083743/000142488410000141/form10-q.htm,1620592130,16:28:50,20210509
43,2010-06-30,FLUX,USD,2010-08-16,2010-08-16 15:49:01,Q4,0.0,0.0,0.0,0.0,0.0,0.0,0.0,0.0,7000.0,10000.0,0.0,0.0,-10000.0,0.0,-10000.0,0.0,0.0,-10000.0,0.0,0.0,-10000.0,0.0,-0.33333,-0.33333,30000.0,30000.0,https://www.sec.gov/Archives/edgar/data/1083743/000142488410000119/0001424884-10-000119-index.htm,https://www.sec.gov/Archives/edgar/data/1083743/000142488410000119/form10q.htm,1620592130,16:28:50,20210509
44,2010-03-31,FLUX,USD,2010-05-21,2010-04-14 18:25:34,Q3,0.0,0.0,0.0,0.0,0.0,0.0,0.0,0.0,16000.0,20000.0,0.0,0.0,-20000.0,0.0,-20000.0,0.0,0.0,-20000.0,0.0,0.0,-20000.0,0.0,-0.66667,-0.66667,30000.0,30000.0,https://www.sec.gov/Archives/edgar/data/1083743/000142488410000062/0001424884-10-000062-index.htm,https://www.sec.gov/Archives/edgar/data/1083743/000142488410000042/form10-k.htm,1620592130,16:28:50,20210509
45,2009-12-31,FLUX,USD,2010-04-15,2010-04-14 18:25:34,Q2,0.0,0.0,0.0,0.0,0.0,0.0,0.0,0.0,2500.0,36975.0,0.0,0.0,-36975.0,0.0,-36975.0,0.0,0.0,-36975.0,0.0,0.0,-36975.0,0.0,-0.08,-0.08,30000.0,30000.0,https://www.sec.gov/Archives/edgar/data/1083743/000142488410000042/0001424884-10-000042-index.htm,https://www.sec.gov/Archives/edgar/data/1083743/000142488410000042/form10-k.htm,1620592130,16:28:50,20210509
46,2009-09-30,FLUX,USD,2009-11-16 00:00:00,2009-11-16 17:01:46,Q1,0.0,0.0,0.0,0.0,0.0,0.0,0.0,0.0,4750.0,10000.0,0.0,0.0,-10000.0,0.0,-10000.0,0.0,0.0,-10000.0,0.0,0.0,-10000.0,0.0,-0.33333,-0.33333,30000.0,30000.0,https://www.sec.gov/Archives/edgar/data/1083743/000142488409000096/0001424884-09-000096-index.html,https://www.sec.gov/Archives/edgar/data/1083743/000142488409000096/form10-q.htm,1620592130,16:28:50,20210509
47,2009-06-30,FLUX,USD,2009-08-19,2009-08-19 11:45:02,Q4,0.0,0.0,0.0,0.0,0.0,0.0,0.0,0.0,8750.0,10000.0,0.0,0.0,-10000.0,0.0,-10000.0,0.0,0.0,-10000.0,0.0,0.0,-10000.0,0.0,-0.33333,-0.33333,30000.0,30000.0,https://www.sec.gov/Archives/edgar/data/1083743/000142488409000074/0001424884-09-000074-index.htm,https://www.sec.gov/Archives/edgar/data/1083743/000142488409000074/form10-q.htm,1620592130,16:28:50,20210509
48,2009-03-31,FLUX,USD,2009-05-20,2009-04-15 17:12:25,Q3,0.0,0.0,0.0,0.0,0.0,0.0,0.0,0.0,20975.0,20000.0,0.0,0.0,-20000.0,0.0,-20000.0,0.0,0.0,-20000.0,0.0,0.0,-20000.0,0.0,-0.66667,-0.66667,30000.0,30000.0,https://www.sec.gov/Archives/edgar/data/1083743/000142488409000043/0001424884-09-000043-index.htm,https://www.sec.gov/Archives/edgar/data/1083743/000142488409000031/lonepineholdings10k041509.htm,1620592130,16:28:50,20210509
49,2008-12-31,FLUX,USD,2009-04-15,2009-04-15 17:12:25,Q2,0.0,0.0,0.0,0.0,0.0,0.0,0.0,0.0,90000.0,90000.0,0.0,0.0,25760000.0,0.0,-90000.0,0.0,0.0,-90000.0,0.0,0.0,25760000.0,0.0,858.66667,858.66667,30000.0,30000.0,https://www.sec.gov/Archives/edgar/data/1083743/000142488409000031/0001424884-09-000031-index.htm,https://www.sec.gov/Archives/edgar/data/1083743/000142488409000031/lonepineholdings10k041509.htm,1620592130,16:28:50,20210509
50,2008-09-30,FLUX,USD,2008-11-19,2008-11-19 17:07:41,Q1,0.0,0.0,0.0,0.0,0.0,0.0,0.0,0.0,0.0,0.0,0.0,0.0,-110000.0,0.0,7283713.0,0.0,0.0,7283713.0,0.0,566616.0,-110000.0,0.0,-3.66667,-3.66667,30000.0,30000.0,https://www.sec.gov/Archives/edgar/data/1083743/000142488408000208/0001424884-08-000208-index.htm,https://www.sec.gov/Archives/edgar/data/1083743/000142488408000208/form10-q.htm,1620592130,16:28:50,20210509
51,2008-06-30,FLUX,USD,2008-08-19,2008-08-19 15:48:41,Q4,0.0,0.0,0.0,0.0,0.0,0.0,0.0,0.0,0.0,0.0,0.0,0.0,7030000.0,0.0,7283713.0,0.0,0.0,7283713.0,0.0,455137.0,7030000.0,0.0,234.33333,234.33333,30000.0,30000.0,https://www.sec.gov/Archives/edgar/data/1083743/000142488408000170/0001424884-08-000170-index.htm,https://www.sec.gov/Archives/edgar/data/1083743/000142488408000170/aufi10q.htm,1620592130,16:28:50,20210509
52,2008-03-31,FLUX,USD,2008-05-20,2008-05-20 14:15:28,Q3,0.0,0.0,0.0,0.0,0.0,0.0,0.0,0.0,0.0,0.0,0.0,0.0,-200000.0,0.0,406990.0,0.0,0.0,406990.0,0.0,203495.0,-200000.0,0.0,-6.66667,-6.66667,30000.0,30000.0,https://www.sec.gov/Archives/edgar/data/1083743/000142488408000108/0001424884-08-000108-index.htm,https://www.sec.gov/Archives/edgar/data/1083743/000142488408000073/aufi10ksb.htm,1620592130,16:28:50,20210509
53,2007-12-31,FLUX,USD,2008-04-15,2008-04-15 15:09:46,Q2,0.0,0.0,0.0,0.0,0.0,0.0,0.0,0.0,0.0,0.0,0.0,-493234.0,-16133584.0,0.0,-15640350.0,0.0,0.0,-15640350.0,0.0,9792485.0,-20700000.0,0.0,-690.0,-690.0,30000.0,30000.0,https://www.sec.gov/Archives/edgar/data/1083743/000142488408000073/0001424884-08-000073-index.htm,https://www.sec.gov/Archives/edgar/data/1083743/000142488408000073/aufi10ksb.htm,1620592130,16:28:50,20210509
54,2007-09-30,FLUX,USD,2007-11-19,2007-11-19 10:15:37,Q1,477244.0,164358.0,312886.0,0.6556101281524754,0.0,0.0,0.0,0.0,946518.0,1110876000.0,-190268000.0,169642.0,205214.0,0.4299980722649211,35572.0,0.07453629589895315,21538.0,-598060.0,-1.2531535231453932,0.0,-600000.0,-1.2572185297248368,-20.0,-20.0,30000.0,30000.0,https://www.sec.gov/Archives/edgar/data/1083743/000141798707000023/0001417987-07-000023-index.htm,https://www.sec.gov/Archives/edgar/data/1083743/000141798707000023/aufi10q.htm,1620592130,16:28:50,20210509
55,2007-06-30,FLUX,USD,2007-08-20,2007-08-20 16:03:31,Q4,1378795.0,117573.0,1261222.0,0.9147277151425701,0.0,0.0,0.0,0.0,3123709.0,3241282000.0,-487456000.0,166297.0,200917.0,0.14571926936201537,34620.0,0.02510888130577787,20863.0,-1827867.0,-1.325698889247495,0.0,-1830000.0,-1.3272458922464907,-61.0,-61.0,30000.0,30000.0,https://www.sec.gov/Archives/edgar/data/1083743/000114420407045291/0001144204-07-045291-index.htm,https://www.sec.gov/Archives/edgar/data/1083743/000114420407045291/v085656_10qsb.htm,1620592130,16:28:50,20210509
56,2007-03-31,FLUX,USD,2007-05-22,2007-05-21 17:33:35,Q3,655364.0,494015.0,161349.0,0.2461975329740419,0.0,0.0,0.0,0.0,23479167.0,2973182000.0,-499229000.0,157295.0,170308.0,0.25986779865845544,13013.0,0.019856141014764316,0.0,-2304805.0,-3.5168318674812777,0.0,-2310000.0,-3.524758760017334,-77.0,-77.0,30000.0,30000.0,https://www.sec.gov/Archives/edgar/data/1083743/000114420407027866/0001144204-07-027866-index.htm,https://www.sec.gov/Archives/edgar/data/1083743/000114420407027866/v076346_10qsb.htm,1620592130,16:28:50,20210509
57,2006-12-31,FLUX,USD,2006-12-31,2006-12-31,Q2,3980000.0,2900000.0,1080000.0,0.271356783919598,0.0,0.0,0.0,-270000.0,4047832.0,6950000.000000001,0.0,393532.0,-2576468.0,-0.6473537688442211,-2970000.0,-0.7462311557788944,-390000.0,-3470000.0,-0.871859296482412,0.0,-3470000.0,-0.871859296482412,-115.66667,-115.66667,30000.0,30000.0,,,1620592130,16:28:50,20210509
58,2006-09-30,FLUX,USD,2006-09-30,2006-09-30,Q1,4010000.0,2420000.0,1590000.0,0.39650872817955113,0.0,0.0,0.0,0.0,3244577.0,5660000.0,80000.0,239999.99999999997,-1410000.0,-0.3516209476309227,-1650000.0,-0.4114713216957606,10000.0,-1550000.0,-0.3865336658354115,0.0,-1550000.0,-0.3865336658354115,-51.66667,-51.66667,30000.0,30000.0,,,1620592130,16:28:50,20210509
59,2006-06-30,FLUX,USD,2006-06-30,2006-06-30,Q4,3890000.0,2320000.0,1580000.0,0.40616966580976865,0.0,0.0,0.0,0.0,2310393.0,4630000.0,80000.0,30000.0,-700000.0,-0.17994858611825193,-730000.0,-0.18766066838046272,40000.0,-610000.0,-0.15681233933161953,0.0,-610000.0,-0.15681233933161953,-20.33333,-20.33333,30000.0,30000.0,,,1620592130,16:28:50,20210509
60,2006-03-31,FLUX,USD,2006-03-31,2006-03-31,Q3,3450000.0,1800000.0,1650000.0,0.4782608695652174,0.0,0.0,0.0,0.0,2533092.0,4330000.0,80000.0,140000.0,-740000.0,-0.2144927536231884,-880000.0,-0.25507246376811593,90000.0,-600000.0,-0.17391304347826086,0.0,-600000.0,-0.17391304347826086,-20.0,-20.0,30000.0,30000.0,,,1620592130,16:28:50,20210509
61,2005-12-31,FLUX,USD,2005-12-31,2005-12-31,Q2,3380000.0,9520000.0,-6140000.0,-1.816568047337278,0.0,0.0,0.0,-5570000.0,-4722848.0,4240000.000000001,0.0,130000.0,-730000.0,-0.21597633136094674,-860000.0,-0.25443786982248523,-350000.0,-2400000.0,-0.7100591715976331,0.0,-2400000.0,-0.7100591715976331,-80.0,-80.0,30000.0,30000.0,,,1620592130,16:28:50,20210509
62,2005-09-30,FLUX,USD,2005-09-30,2005-09-30,Q1,3380000.0,1900000.0,1480000.0,0.4378698224852071,0.0,0.0,0.0,-20000.0,2147262.0,4380000.0,250000.0,0.0,390000.0,0.115385,-1000000.0,-0.2958579881656805,100000.0,140000.0,0.04142011834319527,0.0,140000.0,0.04142011834319527,4.66667,4.66667,30000.0,30000.0,,,1620592130,16:28:50,20210509
63,2005-06-30,FLUX,USD,2005-06-30,2005-06-30,Q4,3440000.0,820000.0,2620000.0,0.7616279069767442,0.0,0.0,0.0,0.0,3433074.0,4360000.000000001,0.0,169999.99999999997,-750000.0,-0.2180232558139535,-920000.0,-0.26744186046511625,0.0,240000.0,0.06976744186046512,0.0,240000.0,0.06976744186046512,8.0,8.0,30000.0,30000.0,,,1620592130,16:28:50,20210509
64,2005-03-31,FLUX,USD,2005-03-31,2005-03-31,Q3,3310000.0,3040000.0,270000.0,0.08157099697885196,0.0,0.0,0.0,0.0,980186.0,4090000.0,0.0,200000.0,-590000.0,-0.1782477341389728,-790000.0,-0.23867069486404835,0.0,-780000.0,-0.23564954682779457,0.0,-780000.0,-0.23564954682779457,-26.0,-26.0,30000.0,30000.0,,,1620592130,16:28:50,20210509
65,2004-12-31,FLUX,USD,2004-12-31,2004-12-31,Q2,3700000.0,7070000.0,-3370000.0,-0.9108108108108108,0.0,0.0,0.0,-4620000.0,2685073.0,3299999.9999999995,0.0,160000.0,570000.0,0.15405405405405406,410000.0,0.11081081081081082,-7800000.0,-7160000.0,-1.9351351351351351,0.0,-7160000.0,-1.9351351351351351,-143.2,-143.2,50000.0,50000.0,,,1620592130,16:28:50,20210509
66,2004-09-30,FLUX,USD,2004-09-30,2004-09-30,Q1,2730000.0,1500000.0,1230000.0,0.45054945054945056,0.0,0.0,0.0,0.0,13582.0,3550000.0,0.0,200000.0,-630000.0,-0.23076923076923078,-830000.0,-0.304029304029304,8240000.0,7410000.0,2.7142857142857144,0.0,7410000.0,2.7142857142857144,247.0,247.0,30000.0,30000.0,,,1620592130,16:28:50,20210509
67,2004-06-30,FLUX,USD,2004-06-30,2004-06-30,Q4,2430000.0,50000.0,2380000.0,0.9794238683127572,0.0,0.0,0.0,0.0,90797.0,2690000.0,0.0,0.0,-250000.0,-0.102881,-250000.0,-0.102880658436214,0.0,-250000.0,-0.102880658436214,0.0,-250000.0,-0.102880658436214,-8.33333,-8.33333,30000.0,30000.0,,,1620592130,16:28:50,20210509
68,2004-03-31,FLUX,USD,2004-03-31,2004-03-31,Q3,4130000.0,3070000.0,1070000.0,0.25907990314769974,0.0,0.0,0.0,0.0,57080.0,4380000.0,0.0,0.0,-250000.0,-0.060533,-250000.0,-0.06053268765133172,0.0,-250000.0,-0.06053268765133172,0.0,-250000.0,-0.06053268765133172,-26592.59,-26592.59,30000.0,30000.0,,,1620592130,16:28:50,20210509
69,2003-12-31,FLUX,USD,2003-12-31,2003-12-31,Q2,0.0,0.0,0.0,0.0,0.0,0.0,0.0,0.0,110036.0,110000.0,0.0,510000.0,390000.0,0.0,-120000.0,0.0,0.0,-120000.0,0.0,0.0,-120000.0,0.0,-44212.0,-44212.0,30000.0,30000.0,,,1620592130,16:28:50,20210509
70,2003-09-30,FLUX,USD,2003-09-30,2003-09-30,Q1,0.0,0.0,0.0,0.0,0.0,0.0,0.0,0.0,64674.0,70000.0,0.0,0.0,-70000.0,0.0,-70000.0,0.0,0.0,-70000.0,0.0,0.0,-70000.0,0.0,-3220.51,-3220.51,30000.0,30000.0,,,1620592130,16:28:50,20210509
71,2003-06-30,FLUX,USD,2003-06-30,2003-06-30,Q4,0.0,0.0,0.0,0.0,0.0,0.0,0.0,0.0,127414.0,130000.0,0.0,10000.0,-120000.0,0.0,-130000.0,0.0,0.0,-130000.0,0.0,0.0,-130000.0,0.0,-6292.38,-6292.38,30000.0,30000.0,,,1620592130,16:28:50,20210509
72,2003-03-31,FLUX,USD,2003-03-31,2003-03-31,Q3,0.0,0.0,0.0,0.0,0.0,0.0,0.0,0.0,13462.0,10000.0,0.0,2293.0,-7707.0,0.0,-10000.0,0.0,0.0,-10000.0,0.0,0.0,-10000.0,0.0,-445.92,-445.92,30000.0,30000.0,,,1620592130,16:28:50,20210509
73,2002-12-31,FLUX,USD,2003-04-15,2003-04-15,Q2,0.0,0.0,0.0,0.0,0.0,0.0,0.0,0.0,212949.0,-280000.0,0.0,0.0,280000.0,0.0,280000.0,0.0,0.0,280000.0,0.0,0.0,280000.0,0.0,-2864.85,-2864.85,30000.0,30000.0,https://www.sec.gov/Archives/edgar/data/1083743/000110801703000246/0001108017-03-000246-index.htm,https://www.sec.gov/Archives/edgar/data/1083743/000110801703000246/multitech.htm,1620592130,16:28:50,20210509
74,2002-09-30,FLUX,USD,2002-09-30,2002-09-30,Q1,0.0,0.0,0.0,0.0,0.0,0.0,0.0,0.0,603.0,0.0,0.0,0.0,0.0,0.0,0.0,0.0,0.0,0.0,0.0,0.0,0.0,0.0,0.0,0.0,30000.0,30000.0,,,1620592130,16:28:50,20210509
75,2002-06-30,FLUX,USD,2002-06-30,2002-06-30,Q4,0.0,0.0,0.0,0.0,0.0,5480000.0,0.0,0.0,-176389.0,5480000.0,0.0,0.0,-5480000.0,0.0,-5480000.0,0.0,0.0,-5480000.0,0.0,0.0,-5480000.0,0.0,-1832596.85,-1832596.85,30000.0,30000.0,,,1620592130,16:28:50,20210509
76,2002-03-31,FLUX,USD,2002-05-20,2002-05-20,Q3,0.0,0.0,0.0,0.0,0.0,180000.0,0.0,0.0,177207.0,180000.0,0.0,621.0,-179379.0,0.0,-180000.0,0.0,0.0,-180000.0,0.0,0.0,-180000.0,0.0,-58879.96,-58879.96,30000.0,30000.0,https://www.sec.gov/Archives/edgar/data/1083743/000113680402000023/0001136804-02-000023-index.htm,https://www.sec.gov/Archives/edgar/data/1083743/000113680402000023/bktv10q2002.txt,1620592130,16:28:50,20210509
77,2001-12-31,FLUX,USD,2002-04-12,2002-04-12,Q2,0.0,0.0,0.0,0.0,0.0,870000.0,0.0,0.0,870000.0,870000.0,0.0,0.0,-870000.0,0.0,-870000.0,0.0,0.0,-870000.0,0.0,0.0,-870000.0,0.0,-402780.15,-402780.15,30000.0,30000.0,https://www.sec.gov/Archives/edgar/data/1083743/000113680402000013/0001136804-02-000013-index.htm,https://www.sec.gov/Archives/edgar/data/1083743/000113680402000013/bktv10k2001.txt,1620592130,16:28:50,20210509
78,2001-09-30,FLUX,USD,2001-09-30,2001-09-30,Q1,0.0,0.0,0.0,0.0,0.0,640000.0,0.0,0.0,640000.0,640000.0,0.0,0.0,-640000.0,0.0,-640000.0,0.0,0.0,-640000.0,0.0,0.0,-640000.0,0.0,-297345.17,-297345.17,30000.0,30000.0,,,1620592130,16:28:50,20210509
79,2001-06-30,FLUX,USD,2001-06-30,2001-06-30,Q4,0.0,0.0,0.0,0.0,0.0,2440000.0,0.0,0.0,2440000.0,2440000.0,0.0,0.0,-2440000.0,0.0,-2440000.0,0.0,0.0,-2440000.0,0.0,0.0,-2440000.0,0.0,-1599632.87,-1599632.87,30000.0,30000.0,,,1620592130,16:28:50,20210509
80,2001-03-31,FLUX,USD,2001-03-31,2001-03-31,Q3,0.0,0.0,0.0,0.0,0.0,2390000.0,0.0,0.0,2390000.0,2390000.0,0.0,0.0,-2390000.0,0.0,-2390000.0,0.0,0.0,-2390000.0,0.0,0.0,-2390000.0,0.0,-2686241.18,-2686241.18,30000.0,30000.0,,,1620592130,16:28:50,20210509
81,2000-12-31,FLUX,USD,2000-12-31,2000-12-31,Q2,0.0,0.0,0.0,0.0,0.0,4080000.0,0.0,0.0,4080000.0,4080000.0,0.0,0.0,-4080000.0,0.0,-4080000.0,0.0,0.0,-4080000.0,0.0,0.0,-4080000.0,0.0,-9048157.76,-9048157.76,30000.0,30000.0,,,1620592130,16:28:50,20210509
82,2000-09-30,FLUX,USD,2000-09-30,2000-09-30,Q1,0.0,0.0,0.0,0.0,0.0,300000.0,0.0,0.0,300000.0,300000.0,0.0,0.0,-300000.0,0.0,-300000.0,0.0,0.0,-300000.0,0.0,0.0,-300000.0,0.0,-1141161.7,-1141161.7,30000.0,30000.0,,,1620592130,16:28:50,20210509
83,2000-06-30,FLUX,USD,2000-06-30,2000-06-30,Q4,0.0,0.0,0.0,0.0,0.0,-20000.0,0.0,0.0,-20000.0,-20000.0,0.0,0.0,20000.0,0.0,20000.0,0.0,0.0,20000.0,0.0,0.0,20000.0,0.0,121038.85,121038.85,30000.0,30000.0,,,1620592130,16:28:50,20210509
84,2000-03-31,FLUX,USD,2000-03-31,2000-03-31,Q3,0.0,0.0,0.0,0.0,0.0,30000.0,0.0,0.0,30000.0,30000.0,0.0,0.0,-30000.0,0.0,-30000.0,0.0,0.0,-30000.0,0.0,0.0,-30000.0,0.0,-212523.72,-212523.72,30000.0,30000.0,,,1620592130,16:28:50,20210509
85,1999-12-31,FLUX,USD,1999-12-31,1999-12-31,Q2,0.0,0.0,0.0,0.0,0.0,20000.0,0.0,0.0,20000.0,20000.0,0.0,0.0,-20000.0,0.0,-20000.0,0.0,0.0,-20000.0,0.0,0.0,-20000.0,0.0,-130158.49,-130158.49,30000.0,30000.0,,,1620592130,16:28:50,20210509
86,1999-09-30,FLUX,USD,1999-09-30,1999-09-30,Q1,0.0,0.0,0.0,0.0,0.0,0.0,0.0,0.0,0.0,0.0,0.0,0.0,0.0,0.0,0.0,0.0,0.0,0.0,0.0,0.0,0.0,0.0,-30842.78,-30842.78,30000.0,30000.0,,,1620592130,16:28:50,20210509
87,1999-06-30,FLUX,USD,1999-06-30,1999-06-30,Q4,0.0,0.0,0.0,0.0,0.0,0.0,0.0,0.0,0.0,0.0,0.0,0.0,0.0,0.0,0.0,0.0,0.0,0.0,0.0,0.0,0.0,0.0,-30842.78,-30842.78,30000.0,30000.0,,,1620592130,16:28:50,20210509
