,date,symbol,reportedCurrency,fillingDate,acceptedDate,period,revenue,costOfRevenue,grossProfit,grossProfitRatio,researchAndDevelopmentExpenses,generalAndAdministrativeExpenses,sellingAndMarketingExpenses,otherExpenses,operatingExpenses,costAndExpenses,interestExpense,depreciationAndAmortization,ebitda,ebitdaratio,operatingIncome,operatingIncomeRatio,totalOtherIncomeExpensesNet,incomeBeforeTax,incomeBeforeTaxRatio,incomeTaxExpense,netIncome,netIncomeRatio,eps,epsdiluted,weightedAverageShsOut,weightedAverageShsOutDil,link,finalLink,timestamp,est_time,est_date
0,2021-03-31,SGMO,USD,2021-05-04,2021-05-04 16:17:16,Q1,26280000.0,0.0,0.0,0.0,56434000.0,16148000.0,0.0,0.0,72582000.0,72582000.0,0.0,3898000.0,-42404000.0,-1.6135464231354641,-46302000.0,-1.738089802130898,0.0,-45677000.0,-1.738089802130898,262000.0,-45933000.0,-1.7478310502283105,-0.32,-0.32,143112000.0,143112000.0,https://www.sec.gov/Archives/edgar/data/1001233/000162828021008878/0001628280-21-008878-index.htm,https://www.sec.gov/Archives/edgar/data/1001233/000162828021008878/sgmo-20210331.htm,1620597829,18:03:49,20210509
1,2020-12-31,SGMO,USD,2021-02-24,2021-02-24 16:17:37,Q4,25800000.0,0.0,25800000.0,1.0,52358000.0,16874000.0,0.0,0.0,69232000.0,69232000.0,0.0,3664000.0,-39768000.0,-1.5413953488372094,-43432000.0,-1.6834108527131784,8775.0,-40567000.0,-1.5723643410852712,108000.0,-40604000.0,-1.5737984496124031,-0.2877675407512403,-0.2877675407512403,141100000.0,141100000.0,https://www.sec.gov/Archives/edgar/data/1001233/000162828021003069/0001628280-21-003069-index.htm,https://www.sec.gov/Archives/edgar/data/1001233/000162828021003069/sgmo-20201231.htm,1620597829,18:03:49,20210509
2,2020-09-30,SGMO,USD,2020-11-04,2020-11-04 16:23:32,Q3,57763000.0,0.0,57763000.0,1.0,45287000.0,16177000.0,0.0,0.0,61464000.0,61464000.0,0.0,3278000.0,-423000.0,-0.007323026851098454,-3701000.0,-0.06407215691705763,2430.0,-1271000.0,-0.022003704793726087,237000.0,-1550000.0,-0.026833786333812303,-0.01,-0.01,141100000.0,141100000.0,https://www.sec.gov/Archives/edgar/data/1001233/000162828020015504/0001628280-20-015504-index.htm,https://www.sec.gov/Archives/edgar/data/1001233/000162828020015504/sgmo-20200930.htm,1620597829,18:03:49,20210509
3,2020-06-30,SGMO,USD,2020-08-05,2020-08-05 16:28:27,Q2,21553000.0,0.0,0.0,0.0,41523000.0,17927000.0,0.0,0.0,59450000.0,59450000.0,0.0,3230000.0,-34667000.0,-1.6084535795480908,-37897000.0,-1.758316707650907,0.0,-35965000.0,-1.6686772143089128,0.0,-35929000.0,-1.667006913190739,-0.26,-0.26,138977000.0,138977000.0,https://www.sec.gov/Archives/edgar/data/1001233/000162828020011806/0001628280-20-011806-index.htm,https://www.sec.gov/Archives/edgar/data/1001233/000162828020011806/sgmo-20200630.htm,1620597829,18:03:49,20210509
4,2020-03-31,SGMO,USD,2020-05-11 00:00:00,2020-05-11 16:27:47,Q1,13076000.0,0.0,0.0,0.0,41479000.0,16119000.0,0.0,0.0,57598000.0,57598000.0,0.0,3197000.0,-41325000.0,-3.1603701437748546,-44522000.0,-3.404863872743958,0.0,-42974000.0,-3.286479045579688,0.0,-42913000.0,-3.2818140104007343,-0.37,-0.37,116060000.0,116060000.0,https://www.sec.gov/Archives/edgar/data/1001233/000162828020007462/0001628280-20-007462-index.html,https://www.sec.gov/Archives/edgar/data/1001233/000162828020007462/sgmo-20200331.htm,1620597829,18:03:49,20210509
5,2019-12-31,SGMO,USD,2020-02-28 00:00:00,2020-02-28 16:53:03,Q4,54851000.0,0.0,0.0,0.0,38329000.0,15053000.0,0.0,0.0,53382000.0,53382000.0,0.0,6865000.0,8334000.0,0.15193888899017338,1469000.0,0.026781644819602195,0.0,4501000.0,0.08205866802793021,0.0,4555000.0,0.08304315326976719,0.03930010439764286,0.03596440668598454,115903000.0,126653000.0,https://www.sec.gov/Archives/edgar/data/1001233/000162828020002582/0001628280-20-002582-index.html,https://www.sec.gov/Archives/edgar/data/1001233/000162828020002582/sgmo-20191231.htm,1620597829,18:03:49,20210509
6,2019-09-30,SGMO,USD,2019-11-06 00:00:00,2019-11-06 16:33:44,Q3,21958000.0,0.0,0.0,0.0,36288000.0,14918000.0,0.0,0.0,51206000.0,51206000.0,0.0,1159000.0,-28089000.0,-1.2792148647417798,-29248000.0,-1.3319974496766553,0.0,-27361000.0,-1.24606066126241,0.0,-27307000.0,-1.2436014208944348,-0.24,-0.24,115710000.0,115710000.0,https://www.sec.gov/Archives/edgar/data/1001233/000162828019013510/0001628280-19-013510-index.html,https://www.sec.gov/Archives/edgar/data/1001233/000162828019013510/sgmo-20190930x10q.htm,1620597829,18:03:49,20210509
7,2019-06-30,SGMO,USD,2019-08-07 00:00:00,2019-08-07 16:44:25,Q2,17548000.0,0.0,0.0,0.0,36455000.0,14597000.0,0.0,0.0,51052000.0,51052000.0,0.0,868000.0,-32636000.0,-1.8598130841121496,-33504000.0,-1.9092774105311145,0.0,-30356000.0,-1.7298837474356052,0.0,-30284000.0,-1.7257807157510827,-0.26,-0.26,114382000.0,114382000.0,https://www.sec.gov/Archives/edgar/data/1001233/000162828019010300/0001628280-19-010300-index.html,https://www.sec.gov/Archives/edgar/data/1001233/000162828019010300/sgmo-20190630x10q.htm,1620597829,18:03:49,20210509
8,2019-03-31,SGMO,USD,2019-05-08 00:00:00,2019-05-08 16:34:14,Q1,8071000.0,0.0,0.0,0.0,34850000.0,17118000.0,0.0,0.0,51968000.0,51968000.0,0.0,715000.0,-43182000.0,-5.350266385825796,-43897000.0,-5.438855160450998,0.0,-42203000.0,-5.22896790980052,0.0,-42150000.0,-5.222401189443687,-0.41,-0.41,102270000.0,102270000.0,https://www.sec.gov/Archives/edgar/data/1001233/000156459019017255/0001564590-19-017255-index.html,https://www.sec.gov/Archives/edgar/data/1001233/000156459019017255/sgmo-10q_20190331.htm,1620597829,18:03:49,20210509
9,2018-12-31,SGMO,USD,2019-03-01 00:00:00,2019-03-01 16:15:50,Q4,26837000.0,0.0,0.0,0.0,33254000.0,14355000.0,0.0,0.0,47609000.0,47609000.0,0.0,691000.0,-20081000.0,-0.7482580020121474,-20772000.0,-0.7740060364422253,0.0,-19219000.0,-0.7161381674553787,0.0,-18664000.0,-0.6954577635354176,-0.18,-0.18,102057000.0,102057000.0,https://www.sec.gov/Archives/edgar/data/1001233/000156459019005808/0001564590-19-005808-index.html,https://www.sec.gov/Archives/edgar/data/1001233/000156459019005808/sgmo-10k_20181231.htm,1620597829,18:03:49,20210509
10,2018-09-30,SGMO,USD,2018-11-08 00:00:00,2018-11-08 17:09:17,Q3,23562000.0,0.0,0.0,0.0,28810000.0,10993000.0,0.0,0.0,39803000.0,39803000.0,0.0,461000.0,-15780000.0,-0.6697224344283168,-16241000.0,-0.6892878363466599,0.0,-12843000.0,-0.5450725744843392,0.0,-12843000.0,-0.5450725744843392,-0.13,-0.13,101725000.0,101725000.0,https://www.sec.gov/Archives/edgar/data/1001233/000156459018028636/0001564590-18-028636-index.html,https://www.sec.gov/Archives/edgar/data/1001233/000156459018028636/sgmo-10q_20180930.htm,1620597829,18:03:49,20210509
11,2018-06-30,SGMO,USD,2018-08-08 00:00:00,2018-08-08 16:37:29,Q2,21416000.0,0.0,0.0,0.0,29255000.0,11301000.0,0.0,0.0,40556000.0,40556000.0,0.0,619000.0,-18521000.0,-0.8648206948076205,-19140000.0,-0.8937243182667165,0.0,-16640000.0,-0.7769891669779604,0.0,-16640000.0,-0.7769891669779604,-0.17,-0.17,97267000.0,97267000.0,https://www.sec.gov/Archives/edgar/data/1001233/000156459018020536/0001564590-18-020536-index.html,https://www.sec.gov/Archives/edgar/data/1001233/000156459018020536/sgmo-10q_20180630.htm,1620597829,18:03:49,20210509
12,2018-03-31,SGMO,USD,2018-05-10 00:00:00,2018-05-09 21:57:56,Q1,12637000.0,0.0,0.0,0.0,23547000.0,10087000.0,0.0,0.0,33634000.0,33634000.0,0.0,588000.0,-20409000.0,-1.6150193875128591,-20997000.0,-1.6615494183746142,0.0,-20187000.0,-1.59745192688138,0.0,-20187000.0,-1.59745192688138,-0.23,-0.23,86334000.0,86334000.0,https://www.sec.gov/Archives/edgar/data/1001233/000156459018012641/0001564590-18-012641-index.html,https://www.sec.gov/Archives/edgar/data/1001233/000156459018012641/sgmo-10q_20180331.htm,1620597829,18:03:49,20210509
13,2017-12-31,SGMO,USD,2018-03-01 00:00:00,2018-03-01 17:28:18,Q4,13077000.0,0.0,0.0,0.0,19377000.0,7466000.0,0.0,0.0,26843000.0,26843000.0,0.0,468000.0,-13298000.0,-1.01689990058882,-13766000.0,-1.0526879253651449,0.0,-13091000.0,-1.0010705819377532,0.0,-13091000.0,-1.0010705819377532,-0.15,-0.15,84820000.0,84820000.0,https://www.sec.gov/Archives/edgar/data/1001233/000156459018004163/0001564590-18-004163-index.html,https://www.sec.gov/Archives/edgar/data/1001233/000156459018004163/sgmo-10k_20171231.htm,1620597829,18:03:49,20210509
14,2017-09-30,SGMO,USD,2017-11-09 00:00:00,2017-11-09 16:24:45,Q3,11812000.0,0.0,0.0,0.0,18425000.0,6422000.0,0.0,0.0,24847000.0,24847000.0,0.0,412000.0,-12623000.0,-1.0686589908567559,-13035000.0,-1.1035387741280054,0.0,-12354000.0,-1.0458855401286826,0.0,-12354000.0,-1.0458855401286826,-0.15,-0.15,83750000.0,83750000.0,https://www.sec.gov/Archives/edgar/data/1001233/000156459017023266/0001564590-17-023266-index.html,https://www.sec.gov/Archives/edgar/data/1001233/000156459017023266/sgmo-10q_20170930.htm,1620597829,18:03:49,20210509
15,2017-06-30,SGMO,USD,2017-08-09 00:00:00,2017-08-09 16:46:23,Q2,8253000.0,0.0,0.0,0.0,14984000.0,6037000.0,0.0,0.0,21021000.0,21021000.0,0.0,317000.0,-12451000.0,-1.508663516297104,-12768000.0,-1.5470737913486006,0.0,-12491000.0,-1.5135102387010784,0.0,-12491000.0,-1.5135102387010784,-0.17,-0.17,72527000.0,72527000.0,https://www.sec.gov/Archives/edgar/data/1001233/000156459017017005/0001564590-17-017005-index.html,https://www.sec.gov/Archives/edgar/data/1001233/000156459017017005/sgmo-10q_20170630.htm,1620597829,18:03:49,20210509
16,2017-03-31,SGMO,USD,2017-05-10 00:00:00,2017-05-10 16:56:36,Q1,3425000.0,0.0,0.0,0.0,12942000.0,7275000.0,0.0,0.0,20217000.0,20217000.0,0.0,301000.0,-16491000.0,-4.8148905109489055,-16792000.0,-4.902773722627737,0.0,-16632000.0,-4.856058394160584,0.0,-16632000.0,-4.856058394160584,-0.23,-0.23,71025000.0,71025000.0,https://www.sec.gov/Archives/edgar/data/1001233/000156459017010305/0001564590-17-010305-index.html,https://www.sec.gov/Archives/edgar/data/1001233/000156459017010305/sgmo-10q_20170331.htm,1620597829,18:03:49,20210509
17,2016-12-31,SGMO,USD,2017-02-28 00:00:00,2017-02-28 17:17:13,Q4,8922000.0,0.0,0.0,0.0,13890000.0,4862000.0,0.0,0.0,18752000.0,18752000.0,0.0,252000.0,-9578000.0,-1.0735261152208024,-9830000.0,-1.1017709033848913,0.0,-9611000.0,-1.0772248374803857,13000.0,-9624000.0,-1.078681909885676,-0.14,-0.14,70730000.0,70730000.0,https://www.sec.gov/Archives/edgar/data/1001233/000156459017002900/0001564590-17-002900-index.html,https://www.sec.gov/Archives/edgar/data/1001233/000156459017002900/sgmo-10k_20161231.htm,1620597829,18:03:49,20210509
18,2016-09-30,SGMO,USD,2016-10-27 00:00:00,2016-10-27 16:36:28,Q3,2823000.0,0.0,0.0,0.0,17008000.0,5021000.0,0.0,0.0,22029000.0,22029000.0,0.0,252000.0,-18954000.0,-6.71413390010627,-19206000.0,-6.8034006376195535,0.0,-18968000.0,-6.719093163301452,-3000.0,-18965000.0,-6.718030464045341,-0.27,-0.27,70618000.0,70618000.0,https://www.sec.gov/Archives/edgar/data/1001233/000156459016026384/0001564590-16-026384-index.html,https://www.sec.gov/Archives/edgar/data/1001233/000156459016026384/sgmo-10q_20160930.htm,1620597829,18:03:49,20210509
19,2016-06-30,SGMO,USD,2016-08-04,2016-08-04 16:23:41,Q2,3702000.0,0.0,0.0,0.0,19454000.0,11090000.0,0.0,0.0,30544000.0,30544000.0,0.0,248000.0,-26594000.0,-7.183684494867639,-26842000.0,-7.250675310642896,0.0,-26599000.0,-7.185035116153431,-24000.0,-26575000.0,-7.178552133981632,-0.38,-0.38,70487000.0,70487000.0,https://www.sec.gov/Archives/edgar/data/1001233/000156459016022708/0001564590-16-022708-index.htm,https://www.sec.gov/Archives/edgar/data/1001233/000156459016022708/sgmo-10q_20160630.htm,1620597829,18:03:49,20210509
20,2016-03-31,SGMO,USD,2016-05-05 00:00:00,2016-05-05 16:29:39,Q1,3942000.0,0.0,0.0,0.0,15266000.0,5357000.0,0.0,0.0,20623000.0,20623000.0,0.0,245000.0,-16436000.0,-4.169457128361238,-16681000.0,-4.231608320649417,0.0,-16494000.0,-4.184170471841704,0.0,-16494000.0,-4.184170471841704,-0.23,-0.23,70373000.0,70373000.0,https://www.sec.gov/Archives/edgar/data/1001233/000156459016018000/0001564590-16-018000-index.html,https://www.sec.gov/Archives/edgar/data/1001233/000156459016018000/sgmo-10q_20160331.htm,1620597829,18:03:49,20210509
21,2015-12-31,SGMO,USD,2016-02-18 00:00:00,2016-02-18 17:19:52,Q4,9121000.0,0.0,9121000.0,1.0,19906000.0,4888000.0,0.0,0.0,24794000.0,24794000.0,0.0,243000.0,-15430000.0,-1.6917004714395352,-15673000.0,-1.718342287029931,0.0,-15648000.0,-1.7156013595000548,-1635000.0,-14013000.0,-1.5363446990461571,-0.2,-0.2,70157000.0,70157000.0,https://www.sec.gov/Archives/edgar/data/1001233/000156459016012882/0001564590-16-012882-index.html,https://www.sec.gov/Archives/edgar/data/1001233/000156459016012882/sgmo-10k_20151231.htm,1620597829,18:03:49,20210509
22,2015-09-30,SGMO,USD,2015-10-30 00:00:00,2015-10-30 16:51:51,Q3,8569000.0,0.0,8569000.0,1.0,16694000.0,4560000.0,0.0,0.0,21254000.0,21254000.0,0.0,317000.0,-12368000.0,-1.4433422803127554,-12685000.0,-1.480336095226981,0.0,-12584000.0,-1.4685494223363287,-3339000.0,-9245000.0,-1.0788890185552573,-0.13,-0.13,69892000.0,69892000.0,https://www.sec.gov/Archives/edgar/data/1001233/000156459015009009/0001564590-15-009009-index.html,https://www.sec.gov/Archives/edgar/data/1001233/000156459015009009/sgmo-10q_20150930.htm,1620597829,18:03:49,20210509
23,2015-06-30,SGMO,USD,2015-08-06 00:00:00,2015-08-06 16:37:30,Q2,8358000.0,0.0,8358000.0,1.0,15618000.0,5017000.0,0.0,0.0,20635000.0,20635000.0,0.0,281000.0,-11996000.0,-1.4352715960756162,-12277000.0,-1.4688920794448432,0.0,-12126000.0,-1.4508255563531944,0.0,-12126000.0,-1.4508255563531944,-0.17,-0.17,69684000.0,69684000.0,https://www.sec.gov/Archives/edgar/data/1001233/000156459015006479/0001564590-15-006479-index.html,https://www.sec.gov/Archives/edgar/data/1001233/000156459015006479/sgmo-10q_20150630.htm,1620597829,18:03:49,20210509
24,2015-03-31,SGMO,USD,2015-04-28 00:00:00,2015-04-28 16:32:08,Q1,13491000.0,0.0,13491000.0,1.0,14980000.0,4732000.0,0.0,0.0,19712000.0,19712000.0,0.0,147000.0,-6074000.0,-0.4502260766436884,-6221000.0,-0.46112222963457117,0.0,-6067000.0,-0.4497072122155511,-748000.0,-5319000.0,-0.39426284189459637,-0.08,-0.08,69283000.0,69283000.0,https://www.sec.gov/Archives/edgar/data/1001233/000156459015002929/0001564590-15-002929-index.html,https://www.sec.gov/Archives/edgar/data/1001233/000156459015002929/sgmo-10q_20150331.htm,1620597829,18:03:49,20210509
25,2014-12-31,SGMO,USD,2015-02-25,2015-02-25 16:23:12,Q4,14952000.0,0.0,14952000.0,1.0,14991000.0,4330000.0,0.0,0.0,19321000.0,19321000.0,0.0,149000.0,-4220000.0,-0.28223649010165863,-4369000.0,-0.29220171214553237,264000.0,-4319000.0,-0.28885767790262173,0.0,-4319000.0,-0.28885767790262173,-0.06,-0.06,68607000.0,68607000.0,https://www.sec.gov/Archives/edgar/data/1001233/000156459015000950/0001564590-15-000950-index.htm,https://www.sec.gov/Archives/edgar/data/1001233/000156459015000950/sgmo-10k_20141231.htm,1620597829,18:03:49,20210509
26,2014-09-30,SGMO,USD,2014-10-28 00:00:00,2014-10-28 16:32:50,Q3,12417000.0,0.0,0.0,0.0,16290000.0,3731000.0,0.0,0.0,20021000.0,20021000.0,0.0,150000.0,-7454000.0,-0.6003060320528308,-7604000.0,-0.6123862446645728,-50000.0,-7545000.0,-0.6076346943706209,0.0,-7545000.0,-0.6076346943706209,-0.11,-0.11,68230000.0,68230000.0,https://www.sec.gov/Archives/edgar/data/1001233/000156459014004591/0001564590-14-004591-index.html,https://www.sec.gov/Archives/edgar/data/1001233/000156459014004591/sgmo-10q_20140930.htm,1620597829,18:03:49,20210509
27,2014-06-30,SGMO,USD,2014-07-29 00:00:00,2014-07-29 16:25:13,Q2,10385000.0,0.0,10385000.0,1.0,13430000.0,3972000.0,0.0,0.0,17402000.0,17402000.0,0.0,127000.0,-6890000.0,-0.6634569090033703,-7017000.0,-0.6756860857005296,-30000.0,-6981000.0,-0.6722195474241695,0.0,-6981000.0,-0.6722195474241695,-0.1,-0.1,67980000.0,67980000.0,https://www.sec.gov/Archives/edgar/data/1001233/000119312514284673/0001193125-14-284673-index.html,https://www.sec.gov/Archives/edgar/data/1001233/000119312514284673/d748320d10q.htm,1620597829,18:03:49,20210509
28,2014-03-31,SGMO,USD,2014-05-07 00:00:00,2014-05-07 15:56:56,Q1,8116000.0,0.0,8116000.0,1.0,12033000.0,3644000.0,0.0,0.0,15677000.0,15677000.0,0.0,123000.0,-7438000.0,-0.9164613109906358,-7561000.0,-0.9316165598817151,-50000.0,-7572000.0,-0.932971907343519,0.0,-7572000.0,-0.932971907343519,-0.12,-0.12,63199000.0,63199000.0,https://www.sec.gov/Archives/edgar/data/1001233/000119312514187386/0001193125-14-187386-index.html,https://www.sec.gov/Archives/edgar/data/1001233/000119312514187386/d699448d10q.htm,1620597829,18:03:49,20210509
29,2013-12-31,SGMO,USD,2014-02-24,2014-02-24 17:01:03,Q4,6869000.0,0.0,6869000.0,1.0,10778000.0,4205000.0,0.0,0.0,14983000.0,14983000.0,0.0,124000.0,-7990000.0,-1.1631969719027515,-8114000.0,-1.1812490901150094,-60000.0,-8144000.0,-1.185616538069588,0.0,-8144000.0,-1.185616538069588,-0.13,-0.13,61871000.0,61871000.0,https://www.sec.gov/Archives/edgar/data/1001233/000119312514065170/0001193125-14-065170-index.htm,https://www.sec.gov/Archives/edgar/data/1001233/000119312514065170/d657040d10k.htm,1620597829,18:03:49,20210509
30,2013-09-30,SGMO,USD,2013-11-04 00:00:00,2013-11-04 16:50:24,Q3,5707000.0,0.0,5707000.0,1.0,8703000.0,3163000.0,0.0,0.0,11866000.0,11866000.0,0.0,140000.0,-6019000.0,-1.0546697038724373,-6159000.0,-1.0792009812510952,0.0,-6145000.0,-1.0767478535132293,0.0,-6145000.0,-1.0767478535132293,-0.11,-0.11,54786000.0,54786000.0,https://www.sec.gov/Archives/edgar/data/1001233/000119312513425338/0001193125-13-425338-index.html,https://www.sec.gov/Archives/edgar/data/1001233/000119312513425338/d595389d10q.htm,1620597829,18:03:49,20210509
31,2013-06-30,SGMO,USD,2013-08-02 00:00:00,2013-08-02 16:50:24,Q2,6934000.0,0.0,6934000.0,1.0,9278000.0,3124000.0,0.0,0.0,12402000.0,12402000.0,0.0,158000.0,-5310000.0,-0.765791750793193,-5468000.0,-0.7885780213441015,0.0,-5450000.0,-0.7859821171041246,0.0,-5450000.0,-0.7859821171041246,-0.1,-0.1,53786000.0,53786000.0,https://www.sec.gov/Archives/edgar/data/1001233/000119312513317308/0001193125-13-317308-index.html,https://www.sec.gov/Archives/edgar/data/1001233/000119312513317308/d548466d10q.htm,1620597829,18:03:49,20210509
32,2013-03-31,SGMO,USD,2013-05-09 00:00:00,2013-05-09 13:41:16,Q1,4623000.0,0.0,4623000.0,1.0,8220000.0,3308000.0,0.0,0.0,11528000.0,11528000.0,0.0,147000.0,-6758000.0,-1.4618213281418992,-6905000.0,-1.4936188622106856,0.0,-6885000.0,-1.489292667099286,0.0,-6885000.0,-1.489292667099286,-0.13,-0.13,53377000.0,53377000.0,https://www.sec.gov/Archives/edgar/data/1001233/000119312513210364/0001193125-13-210364-index.html,https://www.sec.gov/Archives/edgar/data/1001233/000119312513210364/d514976d10q.htm,1620597829,18:03:49,20210509
33,2012-12-31,SGMO,USD,2013-02-26 00:00:00,2013-02-26 16:13:42,Q4,8932000.0,0.0,8931000.0,0.9998880429914913,9282000.0,3019000.0,0.0,0.0,12301000.0,12301000.0,0.0,160000.0,-3209000.0,-0.3592700403045231,-3369000.0,-0.3771831616659203,0.0,-3478000.0,-0.38938647559337214,0.0,-3478000.0,-0.38938647559337214,-0.07,-0.07,52968000.0,52968000.0,https://www.sec.gov/Archives/edgar/data/1001233/000119312513076887/0001193125-13-076887-index.html,https://www.sec.gov/Archives/edgar/data/1001233/000119312513076887/d444115d10k.htm,1620597829,18:03:49,20210509
34,2012-09-30,SGMO,USD,2012-11-02 00:00:00,2012-11-02 15:33:44,Q3,4907000.0,0.0,4907000.0,1.0,7570000.0,3139000.0,0.0,0.0,10709000.0,10709000.0,0.0,166000.0,-5636000.0,-1.1485632769512941,-5802000.0,-1.1823925005094762,0.0,0.0,0.0,0.0,-5790000.0,-1.1799470144691258,-0.11,-0.11,52768000.0,52768000.0,https://www.sec.gov/Archives/edgar/data/1001233/000119312512448965/0001193125-12-448965-index.html,https://www.sec.gov/Archives/edgar/data/1001233/000119312512448965/d398121d10q.htm,1620597829,18:03:49,20210509
35,2012-06-30,SGMO,USD,2012-08-03 00:00:00,2012-08-03 15:31:14,Q2,4574000.0,0.0,4574000.0,1.0,7574000.0,2744000.0,0.0,0.0,10318000.0,10318000.0,0.0,166000.0,-5578000.0,-1.219501530389156,-5744000.0,-1.2557936160909489,0.0,0.0,0.0,0.0,-5728000.0,-1.2522955837341496,-0.11,-0.11,52657000.0,52657000.0,https://www.sec.gov/Archives/edgar/data/1001233/000119312512334668/0001193125-12-334668-index.html,https://www.sec.gov/Archives/edgar/data/1001233/000119312512334668/d331041d10q.htm,1620597829,18:03:49,20210509
36,2012-03-31,SGMO,USD,2012-05-07,2012-05-07 17:16:08,Q1,3242000.0,0.0,3242000.0,1.0,7283000.0,3242000.0,0.0,0.0,10525000.0,10525000.0,0.0,168000.0,-7115000.0,-2.1946329426280076,-7283000.0,-2.246452806909315,0.0,0.0,0.0,0.0,-7268000.0,-2.24182603331277,-0.14,-0.14,52567000.0,52567000.0,https://www.sec.gov/Archives/edgar/data/1001233/000119312512215404/0001193125-12-215404-index.htm,https://www.sec.gov/Archives/edgar/data/1001233/000119312512073470/d280209d10k.htm,1620597829,18:03:49,20210509
37,2011-12-31,SGMO,USD,2012-02-23 00:00:00,2012-02-22 21:08:03,Q4,4748000.0,0.0,4748000.0,1.0,7878000.0,0.0,0.0,0.0,11113000.0,11113000.0,0.0,167000.0,-6198000.0,-1.3053917438921652,-6365000.0,-1.3405644481887111,0.0,0.0,0.0,0.0,-6359000.0,-1.3393007582139849,-0.12,-0.12,52524000.0,52524000.0,https://www.sec.gov/Archives/edgar/data/1001233/000119312512073470/0001193125-12-073470-index.html,https://www.sec.gov/Archives/edgar/data/1001233/000119312512073470/d280209d10k.htm,1620597829,18:03:49,20210509
38,2011-09-30,SGMO,USD,2011-11-04 00:00:00,2011-11-04 15:46:01,Q3,1857000.0,0.0,1857000.0,1.0,7839000.0,3592000.0,0.0,0.0,11431000.0,11431000.0,0.0,160000.0,-9414000.0,-5.069466882067851,-9574000.0,-5.1556273559504575,0.0,0.0,0.0,0.0,-9554000.0,-5.144857296715132,-0.18,-0.18,52464000.0,52464000.0,https://www.sec.gov/Archives/edgar/data/1001233/000119312511297311/0001193125-11-297311-index.html,https://www.sec.gov/Archives/edgar/data/1001233/000119312511297311/d244560d10q.htm,1620597829,18:03:49,20210509
39,2011-06-30,SGMO,USD,2011-08-05 00:00:00,2011-08-05 16:04:21,Q2,1514000.0,0.0,1514000.0,1.0,8119000.0,3676000.0,0.0,0.0,11795000.0,11795000.0,0.0,157000.0,-10124000.0,-6.686922060766182,-10281000.0,-6.7906208718626155,0.0,0.0,0.0,0.0,-10259000.0,-6.776089828269485,-0.2,-0.2,51500000.0,51500000.0,https://www.sec.gov/Archives/edgar/data/1001233/000119312511212305/0001193125-11-212305-index.html,https://www.sec.gov/Archives/edgar/data/1001233/000119312511212305/d10q.htm,1620597829,18:03:49,20210509
40,2011-03-31,SGMO,USD,2011-05-06 00:00:00,2011-05-06 17:12:45,Q1,2200000.0,0.0,2200000.0,1.0,8262000.0,3539000.0,0.0,0.0,11801000.0,11801000.0,0.0,162000.0,-9439000.0,-4.290454545454545,-9601000.0,-4.364090909090909,0.0,0.0,0.0,0.0,-9578000.0,-4.3536363636363635,-0.21,-0.21,45461000.0,45461000.0,https://www.sec.gov/Archives/edgar/data/1001233/000119312511130974/0001193125-11-130974-index.html,https://www.sec.gov/Archives/edgar/data/1001233/000119312511130974/d10q.htm,1620597829,18:03:49,20210509
41,2010-12-31,SGMO,USD,2011-02-17,2011-02-16 20:43:48,Q4,4689000.0,0.0,4689000.0,1.0,9873000.0,3154000.0,0.0,0.0,13027000.0,13027000.0,0.0,175000.0,-8163000.0,-1.7408829174664107,-8338000.0,-1.7782043079547878,0.0,0.0,0.0,0.0,-8321000.0,-1.7745788014502026,-0.18303600888673807,-0.18303600888673807,45461000.0,45461000.0,https://www.sec.gov/Archives/edgar/data/1001233/000119312511038131/0001193125-11-038131-index.htm,https://www.sec.gov/Archives/edgar/data/1001233/000119312511038131/d10k.htm,1620597829,18:03:49,20210509
42,2010-09-30,SGMO,USD,2010-11-03 00:00:00,2010-11-02 20:40:59,Q3,2943000.0,0.0,2943000.0,1.0,8769000.0,2889000.0,0.0,0.0,11658000.0,11658000.0,0.0,170000.0,-8545000.0,-2.9034998301053347,-8715000.0,-2.961264016309888,0.0,0.0,0.0,0.0,-8695000.0,-2.9544682296975875,-0.19,-0.19,45201000.0,45201000.0,https://www.sec.gov/Archives/edgar/data/1001233/000119312510244850/0001193125-10-244850-index.html,https://www.sec.gov/Archives/edgar/data/1001233/000119312510244850/d10q.htm,1620597829,18:03:49,20210509
43,2010-06-30,SGMO,USD,2010-08-05 00:00:00,2010-08-05 15:45:51,Q2,6525000.0,0.0,6525000.0,1.0,7147000.0,3257000.0,0.0,0.0,10404000.0,10404000.0,0.0,170000.0,-3709000.0,-0.5684291187739463,-3879000.0,-0.5944827586206897,0.0,0.0,0.0,0.0,-3860000.0,-0.5915708812260536,-0.09,-0.09,45157000.0,45157000.0,https://www.sec.gov/Archives/edgar/data/1001233/000119312510179264/0001193125-10-179264-index.html,https://www.sec.gov/Archives/edgar/data/1001233/000119312510179264/d10q.htm,1620597829,18:03:49,20210509
44,2010-03-31,SGMO,USD,2010-05-05 00:00:00,2010-05-05 17:08:01,Q1,6648000.0,0.0,6648000.0,1.0,7365000.0,3286000.0,0.0,0.0,10651000.0,10651000.0,0.0,161000.0,-3842000.0,-0.5779181708784596,-4003000.0,-0.6021359807460891,0.0,0.0,0.0,0.0,-3978000.0,-0.5983754512635379,-0.09,-0.09,45033000.0,45033000.0,https://www.sec.gov/Archives/edgar/data/1001233/000119312510109088/0001193125-10-109088-index.html,https://www.sec.gov/Archives/edgar/data/1001233/000119312510109088/d10q.htm,1620597829,18:03:49,20210509
45,2009-12-31,SGMO,USD,2010-03-05 00:00:00,2010-03-05 17:08:56,Q4,10241000.0,0.0,10241000.0,1.0,8685000.0,3971000.0,0.0,0.0,12656000.0,12656000.0,0.0,133000.0,-2282000.0,-0.2228298017771702,-2415000.0,-0.23581681476418317,0.0,0.0,0.0,0.0,-2393000.0,-0.2336685870520457,-0.05313880931761153,-0.05313880931761153,45033000.0,45033000.0,https://www.sec.gov/Archives/edgar/data/1001233/000119312510049073/0001193125-10-049073-index.html,https://www.sec.gov/Archives/edgar/data/1001233/000119312510049073/d10k.htm,1620597829,18:03:49,20210509
46,2009-09-30,SGMO,USD,2009-11-06 00:00:00,2009-11-06 17:03:48,Q3,4063000.0,0.0,4063000.0,1.0,6166000.0,2701000.0,0.0,0.0,8867000.0,8867000.0,0.0,148000.0,-4656000.0,-1.1459512675363033,-4804000.0,-1.182377553531873,0.0,0.0,0.0,0.0,-4851000.0,-1.1939453605710066,-0.12,-0.12,41184000.0,41184000.0,https://www.sec.gov/Archives/edgar/data/1001233/000119312509227707/0001193125-09-227707-index.html,https://www.sec.gov/Archives/edgar/data/1001233/000119312509227707/d10q.htm,1620597829,18:03:49,20210509
47,2009-06-30,SGMO,USD,2009-08-03 00:00:00,2009-07-31 17:49:48,Q2,4726000.0,0.0,4726000.0,1.0,6877000.0,3007000.0,0.0,0.0,9884000.0,9884000.0,0.0,147000.0,-5011000.0,-1.0603046974185357,-5158000.0,-1.091409225560728,0.0,0.0,0.0,0.0,-4511000.0,-0.9545069826491748,-0.11,-0.11,41123000.0,41123000.0,https://www.sec.gov/Archives/edgar/data/1001233/000119312509160983/0001193125-09-160983-index.html,https://www.sec.gov/Archives/edgar/data/1001233/000119312509160983/d10q.htm,1620597829,18:03:49,20210509
48,2009-03-31,SGMO,USD,2009-05-05 00:00:00,2009-05-05 16:29:14,Q1,3157000.0,0.0,3157000.0,1.0,7256000.0,2926000.0,0.0,0.0,10182000.0,10182000.0,0.0,144000.0,-6881000.0,-2.17960088691796,-7025000.0,-2.2252138105796644,0.0,0.0,0.0,0.0,-6832000.0,-2.164079822616408,-0.17,-0.17,41066000.0,41066000.0,https://www.sec.gov/Archives/edgar/data/1001233/000119312509099985/0001193125-09-099985-index.html,https://www.sec.gov/Archives/edgar/data/1001233/000119312509099985/d10q.htm,1620597829,18:03:49,20210509
49,2008-12-31,SGMO,USD,2009-03-03 00:00:00,2009-03-03 17:01:05,Q4,6834000.0,0.0,6834000.0,1.0,6737000.0,0.0,0.0,0.0,9033000.0,9033000.0,0.0,142000.0,-2057000.0,-0.3009950248756219,-2199000.0,-0.3217734855136084,0.0,0.0,0.0,0.0,-2574000.0,-0.37664618086040386,-0.06267958895436614,-0.06267958895436614,41066000.0,41066000.0,https://www.sec.gov/Archives/edgar/data/1001233/000119312509043753/0001193125-09-043753-index.html,https://www.sec.gov/Archives/edgar/data/1001233/000119312509043753/d10k.htm,1620597829,18:03:49,20210509
50,2008-09-30,SGMO,USD,2008-11-04 00:00:00,2008-11-04 17:01:38,Q3,3745000.0,0.0,3745000.0,1.0,7563000.0,0.0,0.0,0.0,10127000.0,10127000.0,0.0,913000.0,-5469000.0,-1.460347129506008,-6382000.0,-1.7041388518024032,0.0,0.0,0.0,0.0,-6340000.0,-1.6929238985313753,-0.15,-0.15,40928000.0,40928000.0,https://www.sec.gov/Archives/edgar/data/1001233/000119312508224391/0001193125-08-224391-index.html,https://www.sec.gov/Archives/edgar/data/1001233/000119312508224391/d10q.htm,1620597829,18:03:49,20210509
51,2008-06-30,SGMO,USD,2008-08-07 00:00:00,2008-08-07 17:26:52,Q2,2842000.0,0.0,2842000.0,1.0,8286000.0,0.0,0.0,0.0,10831000.0,10831000.0,0.0,-155000.0,-8144000.0,-2.8655876143560874,-7989000.0,-2.811048557353976,0.0,0.0,0.0,0.0,-7419000.0,-2.6104855735397607,-0.18,-0.18,40858000.0,40858000.0,https://www.sec.gov/Archives/edgar/data/1001233/000119312508170318/0001193125-08-170318-index.html,https://www.sec.gov/Archives/edgar/data/1001233/000119312508170318/d10q.htm,1620597829,18:03:49,20210509
52,2008-03-31,SGMO,USD,2008-05-09 00:00:00,2008-05-09 15:56:11,Q1,2765000.0,0.0,2765000.0,1.0,8646000.0,0.0,0.0,0.0,11573000.0,11573000.0,0.0,-377000.0,-9185000.0,-3.321880650994575,-8808000.0,-3.185533453887884,0.0,0.0,0.0,0.0,-7972000.0,-2.8831826401446654,-0.2,-0.2,40489000.0,40489000.0,https://www.sec.gov/Archives/edgar/data/1001233/000119312508109725/0001193125-08-109725-index.html,https://www.sec.gov/Archives/edgar/data/1001233/000119312508109725/d10q.htm,1620597829,18:03:49,20210509
53,2007-12-31,SGMO,USD,2008-03-03,2008-02-29 20:05:45,Q4,2767000.0,0.0,2767000.0,1.0,7904000.0,0.0,0.0,0.0,10374000.0,10374000.0,0.0,-544000.0,-8151000.0,-2.945789663895916,-7607000.0,-2.7491868449584387,0.0,0.0,0.0,0.0,-6672000.0,-2.4112757499096493,-0.16478549729556174,-0.16478549729556174,40489000.0,40489000.0,https://www.sec.gov/Archives/edgar/data/1001233/000119312508044052/0001193125-08-044052-index.htm,https://www.sec.gov/Archives/edgar/data/1001233/000119312508044052/d10k.htm,1620597829,18:03:49,20210509
54,2007-09-30,SGMO,USD,2007-11-01 00:00:00,2007-11-01 17:23:49,Q3,2325000.0,0.0,2325000.0,1.0,5916000.0,0.0,0.0,0.0,7644000.0,7644000.0,0.0,-484000.0,-5803000.0,-2.495913978494624,-5319000.0,-2.287741935483871,0.0,0.0,0.0,0.0,-4268000.0,-1.8356989247311828,-0.11,-0.11,38925000.0,38925000.0,https://www.sec.gov/Archives/edgar/data/1001233/000095014907000243/0000950149-07-000243-index.html,https://www.sec.gov/Archives/edgar/data/1001233/000095014907000243/f35094e10vq.htm,1620597829,18:03:49,20210509
55,2007-06-30,SGMO,USD,2007-08-09 00:00:00,2007-08-08 21:09:31,Q2,2584000.0,0.0,2584000.0,1.0,6309000.0,0.0,0.0,0.0,8422000.0,8422000.0,0.0,-391000.0,-6229000.0,-2.4106037151702786,-5838000.0,-2.2592879256965945,0.0,0.0,0.0,0.0,-5181000.0,-2.005030959752322,-0.15,-0.15,35136000.0,35136000.0,https://www.sec.gov/Archives/edgar/data/1001233/000095013407017391/0000950134-07-017391-index.html,https://www.sec.gov/Archives/edgar/data/1001233/000095013407017391/f32626e10vq.htm,1620597829,18:03:49,20210509
56,2007-03-31,SGMO,USD,2007-05-08 00:00:00,2007-05-07 20:33:36,Q1,1422000.0,0.0,0.0,0.0,5430000.0,0.0,0.0,0.0,7429000.0,7429000.0,0.0,-452000.0,-6459000.0,-4.542194092827004,-6007000.0,-4.224331926863573,0.0,0.0,0.0,0.0,-5359000.0,-3.768635724331927,-0.15,-0.15,35057000.0,35057000.0,https://www.sec.gov/Archives/edgar/data/1001233/000095013407010487/0000950134-07-010487-index.html,https://www.sec.gov/Archives/edgar/data/1001233/000095013407010487/f29939e10vq.htm,1620597829,18:03:49,20210509
57,2006-12-31,SGMO,USD,2007-03-01,2007-03-01 17:08:22,Q4,2193000.0,0.0,2193000.0,1.0,10057000.0,0.0,0.0,0.0,11999000.0,11999000.0,0.0,-413000.0,-10219000.0,-4.659826721386229,-9806000.0,-4.471500227998176,0.0,0.0,0.0,0.0,-8948000.0,-4.080255357957136,-0.25524146390164587,-0.25524146390164587,35057000.0,35057000.0,https://www.sec.gov/Archives/edgar/data/1001233/000095013407004598/0000950134-07-004598-index.htm,https://www.sec.gov/Archives/edgar/data/1001233/000095013407004598/f27586e10vk.htm,1620597829,18:03:49,20210509
58,2006-09-30,SGMO,USD,2006-11-08,2006-11-07 18:27:10,Q3,1779000.0,0.0,1779000.0,1.0,3853000.0,0.0,0.0,0.0,5422000.0,5422000.0,0.0,-257000.0,-3900000.0,-2.1922428330522767,-3643000.0,-2.0477796514896007,0.0,0.0,0.0,0.0,-2845000.0,-1.5992130410342889,-0.08,-0.08,33939000.0,33939000.0,https://www.sec.gov/Archives/edgar/data/1001233/000095014906000524/0000950149-06-000524-index.htm,https://www.sec.gov/Archives/edgar/data/1001233/000095014906000524/f24437e10vq.htm,1620597829,18:03:49,20210509
59,2006-06-30,SGMO,USD,2006-08-04,2006-08-04 16:55:06,Q2,1777000.0,0.0,1777000.0,1.0,4028000.0,0.0,0.0,0.0,5849000.0,5849000.0,0.0,-40000.0,-4112000.0,-2.314012380416432,-4072000.0,-2.2915025323579066,0.0,0.0,0.0,0.0,-3327000.0,-1.8722566122678672,-0.11,-0.11,31312000.0,31312000.0,https://www.sec.gov/Archives/edgar/data/1001233/000095013406014873/0000950134-06-014873-index.htm,https://www.sec.gov/Archives/edgar/data/1001233/000095013406014873/f22292e10vq.htm,1620597829,18:03:49,20210509
60,2006-03-31,SGMO,USD,2006-05-10,2006-05-09 21:02:42,Q1,2136000.0,0.0,2136000.0,1.0,3589000.0,0.0,0.0,0.0,5344000.0,5344000.0,0.0,24000.0,-3184000.0,-1.4906367041198503,-3208000.0,-1.5018726591760299,0.0,0.0,0.0,0.0,-2744000.0,-1.2846441947565543,-0.09,-0.09,30600000.0,30600000.0,https://www.sec.gov/Archives/edgar/data/1001233/000095013406009318/0000950134-06-009318-index.htm,https://www.sec.gov/Archives/edgar/data/1001233/000095014906000120/f18509e10vk.htm,1620597829,18:03:49,20210509
61,2005-12-31,SGMO,USD,2006-03-16,2006-03-16 13:03:09,Q4,1397000.0,0.0,1397000.0,1.0,2972000.0,0.0,0.0,0.0,4317000.0,4317000.0,0.0,72000.0,-2848000.0,-2.0386542591267003,-2920000.0,-2.0901932712956337,0.0,0.0,0.0,0.0,-2693000.0,-1.9277022190408017,-0.08800653594771242,-0.08800653594771242,30600000.0,30600000.0,https://www.sec.gov/Archives/edgar/data/1001233/000095014906000120/0000950149-06-000120-index.htm,https://www.sec.gov/Archives/edgar/data/1001233/000095014906000120/f18509e10vk.htm,1620597829,18:03:49,20210509
62,2005-09-30,SGMO,USD,2005-10-28,2005-10-27 20:12:11,Q3,412000.0,0.0,0.0,0.0,3121000.0,0.0,0.0,0.0,4204000.0,4204000.0,0.0,76000.0,-3716000.0,-9.019417475728156,-3792000.0,-9.20388349514563,0.0,0.0,0.0,0.0,-3667000.0,-8.900485436893204,-0.14,-0.14,25430000.0,25430000.0,https://www.sec.gov/Archives/edgar/data/1001233/000095013405019898/0000950134-05-019898-index.htm,https://www.sec.gov/Archives/edgar/data/1001233/000095013405019898/f13829e10vq.htm,1620597829,18:03:49,20210509
63,2005-06-30,SGMO,USD,2005-08-09,2005-08-09 16:22:43,Q2,418000.0,0.0,418000.0,1.0,2726000.0,0.0,0.0,0.0,3874000.0,3874000.0,0.0,148000.0,-3308000.0,-7.913875598086125,-3456000.0,-8.267942583732058,0.0,0.0,0.0,0.0,-3380000.0,-8.086124401913876,-0.13,-0.13,25391000.0,25391000.0,https://www.sec.gov/Archives/edgar/data/1001233/000095013405015359/0000950134-05-015359-index.htm,https://www.sec.gov/Archives/edgar/data/1001233/000095013405015359/f11642e10vq.htm,1620597829,18:03:49,20210509
64,2005-03-31,SGMO,USD,2005-05-10,2005-05-10 14:53:58,Q1,256000.0,0.0,256000.0,1.0,2595000.0,0.0,0.0,0.0,3836000.0,3836000.0,0.0,192000.0,-3388000.0,-13.234375,-3580000.0,-13.984375,0.0,0.0,0.0,0.0,-3553000.0,-13.87890625,-0.14,-0.14,25337000.0,25337000.0,https://www.sec.gov/Archives/edgar/data/1001233/000095014905000328/0000950149-05-000328-index.htm,https://www.sec.gov/Archives/edgar/data/1001233/000095014905000054/f05860e10vk.htm,1620597829,18:03:49,20210509
65,2004-12-31,SGMO,USD,2005-02-23 00:00:00,2005-02-23 17:32:07,Q4,200000.0,0.0,200000.0,1.0,2333000.0,0.0,0.0,0.0,3599000.0,3599000.0,0.0,197000.0,-3202000.0,-16.01,-3399000.0,-16.995,0.0,0.0,0.0,0.0,-3043000.0,-15.215,-0.12010103800765679,-0.12010103800765679,25337000.0,25337000.0,https://www.sec.gov/Archives/edgar/data/1001233/000095014905000054/0000950149-05-000054-index.html,https://www.sec.gov/Archives/edgar/data/1001233/000095014905000054/f05860e10vk.htm,1620597829,18:03:49,20210509
66,2004-09-30,SGMO,USD,2004-11-15 00:00:00,2004-11-15 16:23:09,Q3,172000.0,0.0,0.0,0.0,3634000.0,0.0,0.0,0.0,4847000.0,4847000.0,0.0,328000.0,-4347000.0,-25.273255813953487,-4675000.0,-27.180232558139537,0.0,0.0,0.0,0.0,-4571000.0,-26.575581395348838,-0.18,-0.18,25168000.0,25168000.0,https://www.sec.gov/Archives/edgar/data/1001233/000110465904036108/0001104659-04-036108-index.html,https://www.sec.gov/Archives/edgar/data/1001233/000110465904036108/a04-13656_110q.htm,1620597829,18:03:49,20210509
67,2004-06-30,SGMO,USD,2004-08-13 00:00:00,2004-08-13 15:50:46,Q2,132000.0,0.0,132000.0,1.0,2268000.0,0.0,0.0,0.0,-3265000.0,-3265000.0,0.0,460000.0,3857000.0,29.21969696969697,3397000.0,25.734848484848484,0.0,0.0,0.0,0.0,-3262000.0,-24.71212121212121,-0.13,-0.13,25128000.0,25128000.0,https://www.sec.gov/Archives/edgar/data/1001233/000110465904024371/0001104659-04-024371-index.html,https://www.sec.gov/Archives/edgar/data/1001233/000110465904024371/a04-9547_110q.htm,1620597829,18:03:49,20210509
68,2004-03-31,SGMO,USD,2004-05-14 00:00:00,2004-05-14 16:31:57,Q1,811000.0,0.0,811000.0,1.0,2811000.0,0.0,0.0,0.0,3990000.0,3990000.0,0.0,495000.0,-2684000.0,-3.309494451294698,-3179000.0,-3.9198520345252774,0.0,0.0,0.0,0.0,-2942000.0,-3.627620221948212,-0.12,-0.12,24977000.0,24977000.0,https://www.sec.gov/Archives/edgar/data/1001233/000110465904014564/0001104659-04-014564-index.html,https://www.sec.gov/Archives/edgar/data/1001233/000110465904014564/a04-6124_110q.htm,1620597829,18:03:49,20210509
69,2003-12-31,SGMO,USD,2004-02-24 00:00:00,2004-02-24 17:28:14,Q4,1003000.0,0.0,1003000.0,1.0,2287000.0,0.0,0.0,0.0,3032000.0,3032000.0,0.0,1524000.0,-505000.0,-0.5034895314057827,-2029000.0,-2.0229312063808575,0.0,0.0,0.0,0.0,-1680000.0,-1.674975074775673,-0.06726188093045601,-0.06726188093045601,24977000.0,24977000.0,https://www.sec.gov/Archives/edgar/data/1001233/000104746904005491/0001047469-04-005491-index.html,https://www.sec.gov/Archives/edgar/data/1001233/000104746904005491/a2129520z10-k.htm,1620597829,18:03:49,20210509
70,2003-09-30,SGMO,USD,2003-11-10 00:00:00,2003-11-10 16:59:35,Q3,507000.0,0.0,507000.0,1.0,2157000.0,0.0,0.0,0.0,3473000.0,3473000.0,0.0,205000.0,-2761000.0,-5.445759368836292,-2966000.0,-5.850098619329389,0.0,0.0,0.0,0.0,-2584000.0,-5.096646942800789,-0.1,-0.1,24812000.0,24812000.0,https://www.sec.gov/Archives/edgar/data/1001233/000110465903025363/0001104659-03-025363-index.html,https://www.sec.gov/Archives/edgar/data/1001233/000110465903025363/a03-5088_110q.htm,1620597829,18:03:49,20210509
71,2003-06-30,SGMO,USD,2003-08-13 00:00:00,2003-08-13 14:55:35,Q2,518000.0,0.0,0.0,0.0,3056000.0,0.0,0.0,0.0,4221000.0,4221000.0,0.0,214000.0,-3489000.0,-6.735521235521236,-3703000.0,-7.148648648648648,0.0,0.0,0.0,0.0,-3274000.0,-6.32046332046332,-0.13,-0.13,24788000.0,24788000.0,https://www.sec.gov/Archives/edgar/data/1001233/000110465903018108/0001104659-03-018108-index.html,https://www.sec.gov/Archives/edgar/data/1001233/000110465903018108/a03-2399_110q.htm,1620597829,18:03:49,20210509
72,2003-03-31,SGMO,USD,2003-05-15 00:00:00,2003-05-15 11:26:55,Q1,551000.0,0.0,0.0,0.0,2687000.0,0.0,0.0,0.0,3622000.0,3622000.0,0.0,228000.0,-2843000.0,-5.159709618874773,-3071000.0,-5.573502722323049,0.0,0.0,0.0,0.0,-2895000.0,-5.254083484573503,-0.12,-0.12,24734000.0,24734000.0,https://www.sec.gov/Archives/edgar/data/1001233/000110465903010134/0001104659-03-010134-index.html,https://www.sec.gov/Archives/edgar/data/1001233/000110465903010134/j0738_10q.htm,1620597829,18:03:49,20210509
73,2002-12-31,SGMO,USD,2003-03-27 00:00:00,2003-03-27 16:01:34,Q4,2464000.0,0.0,2464000.0,1.0,3574000.0,0.0,0.0,0.0,3499000.0,3499000.0,0.0,1483000.0,448000.0,0.18181818181818182,-1035000.0,-0.4200487012987013,68000.0,0.0,0.0,0.0,-706000.0,-0.286525974025974,-0.028543705021427994,-0.028543705021427994,24734000.0,24734000.0,https://www.sec.gov/Archives/edgar/data/1001233/000104746903010531/0001047469-03-010531-index.html,https://www.sec.gov/Archives/edgar/data/1001233/000104746903010531/a2106678z10-k.htm,1620597829,18:03:49,20210509
74,2002-09-30,SGMO,USD,2002-11-14 00:00:00,2002-11-14 12:31:37,Q3,1012000.0,0.0,1012000.0,1.0,3322000.0,1101000.0,0.0,0.0,22433000.0,22433000.0,0.0,360000.0,-21061000.0,-20.811264822134387,-21421000.0,-21.16699604743083,-17824000.0,0.0,0.0,0.0,-20940000.0,-20.691699604743082,-0.85,-0.85,24509000.0,24509000.0,https://www.sec.gov/Archives/edgar/data/1001233/000110465902006166/0001104659-02-006166-index.html,https://www.sec.gov/Archives/edgar/data/1001233/000110465902006166/j5519_10q.htm,1620597829,18:03:49,20210509
75,2002-06-30,SGMO,USD,2002-08-14 00:00:00,2002-08-14 16:00:43,Q2,366000.0,0.0,366000.0,1.0,3109000.0,1234000.0,0.0,0.0,4343000.0,4343000.0,0.0,342000.0,-3635000.0,-9.931693989071038,-3977000.0,-10.866120218579235,0.0,0.0,0.0,0.0,-3631000.0,-9.920765027322405,-0.15,-0.15,24439000.0,24439000.0,https://www.sec.gov/Archives/edgar/data/1001233/000110465902004125/0001104659-02-004125-index.html,https://www.sec.gov/Archives/edgar/data/1001233/000110465902004125/j4382_10q.htm,1620597829,18:03:49,20210509
76,2002-03-31,SGMO,USD,2002-05-15 00:00:00,2002-05-15 15:13:50,Q1,501000.0,0.0,501000.0,1.0,3358000.0,1904000.0,0.0,0.0,5262000.0,5262000.0,0.0,328000.0,-4433000.0,-8.848303393213573,-4761000.0,-9.502994011976048,-190000.0,0.0,0.0,0.0,-4487000.0,-8.956087824351297,-0.18,-0.18,24356000.0,24356000.0,https://www.sec.gov/Archives/edgar/data/1001233/000110465902002534/0001104659-02-002534-index.html,https://www.sec.gov/Archives/edgar/data/1001233/000110465902002534/j3643_10q.htm,1620597829,18:03:49,20210509
77,2001-12-31,SGMO,USD,2002-03-29,2002-03-29 00:00:00,Q4,2164000.0,0.0,2164000.0,1.0,6364000.0,-226000.0,0.0,0.0,6138000.0,6138000.0,0.0,3684000.0,-290000.0,-0.13401109057301294,-3974000.0,-1.8364140480591498,0.0,0.0,0.0,0.0,-3366000.0,-1.555452865064695,-0.13820003284611596,-0.13820003284611596,24356000.0,24356000.0,https://www.sec.gov/Archives/edgar/data/1001233/000091205702012726/0000912057-02-012726-index.htm,https://www.sec.gov/Archives/edgar/data/1001233/000091205702012726/a2074903z10-k405.htm,1620597829,18:03:49,20210509
78,2001-09-30,SGMO,USD,2001-10-19 00:00:00,2001-10-19 00:00:00,Q3,739000.0,0.0,739000.0,1.0,3892000.0,1975000.0,0.0,0.0,5867000.0,5867000.0,0.0,-1255000.0,-6383000.0,-8.637347767253045,-5128000.0,-6.939106901217862,-13062000.0,0.0,0.0,0.0,-17407000.0,-23.554803788903925,-0.72,-0.72,24320269.0,24320269.0,https://www.sec.gov/Archives/edgar/data/1001233/000110465901502326/0001104659-01-502326-index.html,https://www.sec.gov/Archives/edgar/data/1001233/000110465901502326/j1806_10q.htm,1620597829,18:03:49,20210509
79,2001-06-30,SGMO,USD,2001-08-14 00:00:00,2001-08-14 00:00:00,Q2,1348000.0,0.0,1348000.0,1.0,3050000.0,1553000.0,0.0,0.0,4603000.0,4603000.0,0.0,916000.0,-2339000.0,-1.7351632047477745,-3255000.0,-2.414688427299703,0.0,0.0,0.0,0.0,-2414000.0,-1.7908011869436202,-0.11,-0.11,22162108.0,22162108.0,https://www.sec.gov/Archives/edgar/data/1001233/000110465901501885/0001104659-01-501885-index.html,https://www.sec.gov/Archives/edgar/data/1001233/000110465901501885/j1524_10q.htm,1620597829,18:03:49,20210509
80,2001-03-31,SGMO,USD,2001-03-31,2001-03-31,Q1,634000.0,0.0,634000.0,1.0,2210000.0,0.0,0.0,0.0,3657000.0,3657000.0,0.0,965000.0,-2058000.0,-3.2460567823343847,-3023000.0,-4.76813880126183,0.0,0.0,0.0,0.0,-2062000.0,-3.2523659305993693,-0.09,-0.09,22078393.0,22078393.0,,,1620597829,18:03:49,20210509
81,2000-12-31,SGMO,USD,2000-12-31,2000-12-31,Q4,1056000.0,-4975000.0,6031000.0,5.711174242424242,5320000.0,0.0,0.0,0.0,9909000.0,4934000.0,0.0,1761000.0,-2117000.0,-2.0047348484848486,-3878000.0,-3.672348484848485,0.0,0.0,0.0,0.0,-2805000.0,-2.65625,0.0,0.0,0.0,0.0,,,1620597829,18:03:49,20210509
82,2000-09-30,SGMO,USD,2000-09-30,2000-09-30,Q3,823000.0,-111000.0,934000.0,1.134872417982989,1896000.0,0.0,0.0,0.0,4039000.0,3928000.0,0.0,1368000.0,-1737000.0,-2.1105710814094776,-3105000.0,-3.772782503037667,0.0,0.0,0.0,0.0,-1818000.0,-2.2089914945321993,-0.08,-0.08,21808649.0,21808649.0,,,1620597829,18:03:49,20210509
83,2000-06-30,SGMO,USD,2000-06-30,2000-06-30,Q2,747000.0,-90000.0,837000.0,1.1204819277108433,1738000.0,0.0,0.0,0.0,3549000.0,3459000.0,0.0,1216000.0,-1496000.0,-2.002677376171352,-2712000.0,-3.6305220883534135,0.0,0.0,0.0,0.0,-1725000.0,-2.3092369477911645,-0.08,-0.08,20763777.0,20763777.0,,,1620597829,18:03:49,20210509
84,2000-03-31,SGMO,USD,2000-03-31,2000-03-31,Q1,807000.0,-887000.0,1694000.0,2.0991325898389097,2828000.0,0.0,0.0,0.0,4482000.0,3595000.0,122000.0,887000.0,-1901000.0,-2.355638166047088,-2788000.0,-3.4547707558859977,0.0,0.0,0.0,0.0,-2718000.0,-3.3680297397769516,-0.71,-0.71,5947360.0,5947360.0,,,1620597829,18:03:49,20210509
