,date,symbol,reportedCurrency,fillingDate,acceptedDate,period,revenue,costOfRevenue,grossProfit,grossProfitRatio,researchAndDevelopmentExpenses,generalAndAdministrativeExpenses,sellingAndMarketingExpenses,otherExpenses,operatingExpenses,costAndExpenses,interestExpense,depreciationAndAmortization,ebitda,ebitdaratio,operatingIncome,operatingIncomeRatio,totalOtherIncomeExpensesNet,incomeBeforeTax,incomeBeforeTaxRatio,incomeTaxExpense,netIncome,netIncomeRatio,eps,epsdiluted,weightedAverageShsOut,weightedAverageShsOutDil,link,finalLink,timestamp,est_time,est_date
0,2019-06-30,CNN.L,GBP,2019-06-30,2019-06-30,Q2,220250.0,104000.0,116250.0,0.5278093076049943,0.0,188750.0,0.0,0.0,0.0,290000.0,9250.0,1250.0,-68500.0,-0.31101021566401815,-69750.0,-0.3166855845629966,0.0,514750.0,2.3371169125993188,0.0,514750.0,2.3371169125993188,0.043675,0.043675,11783577.0,11783577.0,https://find-and-update.company-information.service.gov.uk/search/companies?q=Caledonian+Trust+PLC,https://find-and-update.company-information.service.gov.uk/search/companies?q=Caledonian+Trust+PLC,1620590487,16:01:27,20210509
1,2019-03-31,CNN.L,GBP,2019-03-31,2019-03-31,Q1,220250.0,104000.0,116250.0,0.5278093076049943,0.0,188750.0,0.0,0.0,0.0,290000.0,9250.0,1250.0,-68500.0,-0.31101021566401815,-69750.0,-0.3166855845629966,0.0,514750.0,2.3371169125993188,0.0,514750.0,2.3371169125993188,0.043675,0.043675,11783577.0,11783577.0,https://find-and-update.company-information.service.gov.uk/search/companies?q=Caledonian+Trust+PLC,https://find-and-update.company-information.service.gov.uk/search/companies?q=Caledonian+Trust+PLC,1620590487,16:01:27,20210509
2,2019-01-31,CNN.L,GBP,2019-01-31,2019-01-31,Q1,220250.0,104000.0,116250.0,0.5278093076049943,0.0,188750.0,0.0,0.0,0.0,290000.0,9250.0,1250.0,-68500.0,-0.31101021566401815,-69750.0,-0.3166855845629966,0.0,514750.0,2.3371169125993188,0.0,514750.0,2.3371169125993188,0.043675,0.043675,11783577.0,11783577.0,https://find-and-update.company-information.service.gov.uk/search/companies?q=Caledonian+Trust+PLC,https://find-and-update.company-information.service.gov.uk/search/companies?q=Caledonian+Trust+PLC,1620590487,16:01:27,20210509
3,2018-06-30,CNN.L,GBP,2018-06-30,2018-06-30,Q2,230250.0,98500.0,131750.0,0.5722041259500543,0.0,162250.0,0.0,0.0,0.0,256750.0,5750.0,1750.0,-24750.0,-0.10749185667752444,-26500.0,-0.11509229098805646,0.0,721500.0,3.1335504885993486,0.0,721500.0,3.1335504885993486,0.061225,0.061225,11783577.0,11783577.0,https://find-and-update.company-information.service.gov.uk/search/companies?q=Caledonian+Trust+PLC,https://find-and-update.company-information.service.gov.uk/search/companies?q=Caledonian+Trust+PLC,1620590487,16:01:27,20210509
4,2018-03-31,CNN.L,GBP,2018-03-31,2018-03-31,Q1,230250.0,98500.0,131750.0,0.5722041259500543,0.0,162250.0,0.0,0.0,0.0,256750.0,5750.0,1750.0,-24750.0,-0.10749185667752444,-26500.0,-0.11509229098805646,0.0,721500.0,3.1335504885993486,0.0,721500.0,3.1335504885993486,0.061225,0.061225,11783577.0,11783577.0,https://find-and-update.company-information.service.gov.uk/search/companies?q=Caledonian+Trust+PLC,https://find-and-update.company-information.service.gov.uk/search/companies?q=Caledonian+Trust+PLC,1620590487,16:01:27,20210509
5,2018-01-31,CNN.L,GBP,2018-01-31,2018-01-31,Q1,230250.0,98500.0,131750.0,0.5722041259500543,0.0,162250.0,0.0,0.0,0.0,256750.0,5750.0,1750.0,-24750.0,-0.10749185667752444,-26500.0,-0.11509229098805646,0.0,721500.0,3.1335504885993486,0.0,721500.0,3.1335504885993486,0.061225,0.061225,11783577.0,11783577.0,https://find-and-update.company-information.service.gov.uk/search/companies?q=Caledonian+Trust+PLC,https://find-and-update.company-information.service.gov.uk/search/companies?q=Caledonian+Trust+PLC,1620590487,16:01:27,20210509
6,2017-06-30,CNN.L,GBP,2017-06-30,2017-06-30,Q2,138750.0,85000.0,53750.0,0.38738738738738737,27000.0,152750.0,0.0,0.0,0.0,234000.0,3500.0,1750.0,-93500.0,-0.6738738738738739,-95250.0,-0.6864864864864865,0.0,260000.0,1.8738738738738738,0.0,260000.0,1.8738738738738738,0.022075,0.022075,11783577.0,11783577.0,https://find-and-update.company-information.service.gov.uk/search/companies?q=Caledonian+Trust+PLC,https://find-and-update.company-information.service.gov.uk/search/companies?q=Caledonian+Trust+PLC,1620590487,16:01:27,20210509
7,2017-03-31,CNN.L,GBP,2017-03-31,2017-03-31,Q1,138750.0,85000.0,53750.0,0.38738738738738737,27000.0,152750.0,0.0,0.0,0.0,234000.0,3500.0,1750.0,-93500.0,-0.6738738738738739,-95250.0,-0.6864864864864865,0.0,260000.0,1.8738738738738738,0.0,260000.0,1.8738738738738738,0.022075,0.022075,11783577.0,11783577.0,https://find-and-update.company-information.service.gov.uk/search/companies?q=Caledonian+Trust+PLC,https://find-and-update.company-information.service.gov.uk/search/companies?q=Caledonian+Trust+PLC,1620590487,16:01:27,20210509
8,2017-01-31,CNN.L,GBP,2017-01-31,2017-01-31,Q1,138750.0,85000.0,53750.0,0.38738738738738737,27000.0,152750.0,0.0,0.0,0.0,234000.0,3500.0,1750.0,-93500.0,-0.6738738738738739,-95250.0,-0.6864864864864865,0.0,260000.0,1.8738738738738738,0.0,260000.0,1.8738738738738738,0.022075,0.022075,11783577.0,11783577.0,https://find-and-update.company-information.service.gov.uk/search/companies?q=Caledonian+Trust+PLC,https://find-and-update.company-information.service.gov.uk/search/companies?q=Caledonian+Trust+PLC,1620590487,16:01:27,20210509
9,2016-06-30,CNN.L,GBP,2016-06-30,2016-06-30,Q2,197250.0,158000.0,39250.0,0.19898605830164764,97750.0,158750.0,0.0,0.0,0.0,313000.0,5500.0,2750.0,-113000.0,-0.5728770595690748,-115750.0,-0.5868187579214195,0.0,26250.0,0.13307984790874525,0.0,26250.0,0.13307984790874525,0.002225,0.002225,11783577.0,11783577.0,https://find-and-update.company-information.service.gov.uk/search/companies?q=Caledonian+Trust+PLC,https://find-and-update.company-information.service.gov.uk/search/companies?q=Caledonian+Trust+PLC,1620590487,16:01:27,20210509
10,2016-03-31,CNN.L,GBP,2016-03-31,2016-03-31,Q1,197250.0,158000.0,39250.0,0.19898605830164764,97750.0,158750.0,0.0,0.0,0.0,313000.0,5500.0,2750.0,-113000.0,-0.5728770595690748,-115750.0,-0.5868187579214195,0.0,26250.0,0.13307984790874525,0.0,26250.0,0.13307984790874525,0.002225,0.002225,11783577.0,11783577.0,https://find-and-update.company-information.service.gov.uk/search/companies?q=Caledonian+Trust+PLC,https://find-and-update.company-information.service.gov.uk/search/companies?q=Caledonian+Trust+PLC,1620590487,16:01:27,20210509
11,2016-01-31,CNN.L,GBP,2016-01-31,2016-01-31,Q1,197250.0,158000.0,39250.0,0.19898605830164764,97750.0,158750.0,0.0,0.0,0.0,313000.0,5500.0,2750.0,-113000.0,-0.5728770595690748,-115750.0,-0.5868187579214195,0.0,26250.0,0.13307984790874525,0.0,26250.0,0.13307984790874525,0.002225,0.002225,11783577.0,11783577.0,https://find-and-update.company-information.service.gov.uk/search/companies?q=Caledonian+Trust+PLC,https://find-and-update.company-information.service.gov.uk/search/companies?q=Caledonian+Trust+PLC,1620590487,16:01:27,20210509
12,2015-09-30,CNN.L,GBP,2015-09-30,2015-09-30,Q3,193500.0,124000.0,69500.0,0.35917312661498707,68000.0,181500.0,0.0,0.0,0.0,298500.0,29000.0,3500.0,-101500.0,-0.524547803617571,-105000.0,-0.5426356589147286,0.0,141250.0,0.7299741602067183,0.0,141250.0,0.7299741602067183,0.011975,0.011975,11783577.0,11783577.0,https://find-and-update.company-information.service.gov.uk/search/companies?q=Caledonian+Trust+PLC,https://find-and-update.company-information.service.gov.uk/search/companies?q=Caledonian+Trust+PLC,1620590487,16:01:27,20210509
13,2015-06-30,CNN.L,GBP,2015-06-30,2015-06-30,Q2,193500.0,124000.0,69500.0,0.35917312661498707,68000.0,181500.0,0.0,0.0,0.0,298500.0,29000.0,3500.0,-101500.0,-0.524547803617571,-105000.0,-0.5426356589147286,0.0,141250.0,0.7299741602067183,0.0,141250.0,0.7299741602067183,0.011975,0.011975,11783577.0,11783577.0,https://find-and-update.company-information.service.gov.uk/search/companies?q=Caledonian+Trust+PLC,https://find-and-update.company-information.service.gov.uk/search/companies?q=Caledonian+Trust+PLC,1620590487,16:01:27,20210509
14,2015-03-31,CNN.L,GBP,2015-03-31,2015-03-31,Q1,193500.0,124000.0,69500.0,0.35917312661498707,68000.0,181500.0,0.0,0.0,0.0,298500.0,29000.0,3500.0,-101500.0,-0.524547803617571,-105000.0,-0.5426356589147286,0.0,141250.0,0.7299741602067183,0.0,141250.0,0.7299741602067183,0.011975,0.011975,11783577.0,11783577.0,https://find-and-update.company-information.service.gov.uk/search/companies?q=Caledonian+Trust+PLC,https://find-and-update.company-information.service.gov.uk/search/companies?q=Caledonian+Trust+PLC,1620590487,16:01:27,20210509
15,2015-01-31,CNN.L,GBP,2015-01-31,2015-01-31,Q1,193500.0,124000.0,69500.0,0.35917312661498707,68000.0,181500.0,0.0,0.0,0.0,298500.0,29000.0,3500.0,-101500.0,-0.524547803617571,-105000.0,-0.5426356589147286,0.0,141250.0,0.7299741602067183,0.0,141250.0,0.7299741602067183,0.011975,0.011975,11783577.0,11783577.0,https://find-and-update.company-information.service.gov.uk/search/companies?q=Caledonian+Trust+PLC,https://find-and-update.company-information.service.gov.uk/search/companies?q=Caledonian+Trust+PLC,1620590487,16:01:27,20210509
16,2014-09-30,CNN.L,GBP,2014-09-30,2014-09-30,Q3,214250.0,165250.0,49000.0,0.22870478413068845,120000.0,190250.0,0.0,0.0,0.0,342250.0,26250.0,3250.0,-124750.0,-0.5822637106184364,-128000.0,-0.5974329054842473,0.0,41000.0,0.19136522753792298,0.0,41000.0,0.19136522753792298,0.003475,0.003475,11783577.0,11783577.0,https://find-and-update.company-information.service.gov.uk/search/companies?q=Caledonian+Trust+PLC,https://find-and-update.company-information.service.gov.uk/search/companies?q=Caledonian+Trust+PLC,1620590487,16:01:27,20210509
17,2014-06-30,CNN.L,GBP,2014-06-30,2014-06-30,Q2,214250.0,165250.0,49000.0,0.22870478413068845,120000.0,190250.0,0.0,0.0,0.0,342250.0,26250.0,3250.0,-124750.0,-0.5822637106184364,-128000.0,-0.5974329054842473,0.0,41000.0,0.19136522753792298,0.0,41000.0,0.19136522753792298,0.003475,0.003475,11783577.0,11783577.0,https://find-and-update.company-information.service.gov.uk/search/companies?q=Caledonian+Trust+PLC,https://find-and-update.company-information.service.gov.uk/search/companies?q=Caledonian+Trust+PLC,1620590487,16:01:27,20210509
18,2014-03-31,CNN.L,GBP,2014-03-31,2014-03-31,Q1,214250.0,165250.0,49000.0,0.22870478413068845,120000.0,190250.0,0.0,0.0,0.0,342250.0,26250.0,3250.0,-124750.0,-0.5822637106184364,-128000.0,-0.5974329054842473,0.0,41000.0,0.19136522753792298,0.0,41000.0,0.19136522753792298,0.003475,0.003475,11783577.0,11783577.0,https://find-and-update.company-information.service.gov.uk/search/companies?q=Caledonian+Trust+PLC,https://find-and-update.company-information.service.gov.uk/search/companies?q=Caledonian+Trust+PLC,1620590487,16:01:27,20210509
19,2014-01-31,CNN.L,GBP,2014-01-31,2014-01-31,Q1,214250.0,165250.0,49000.0,0.22870478413068845,120000.0,190250.0,0.0,0.0,0.0,342250.0,26250.0,3250.0,-124750.0,-0.5822637106184364,-128000.0,-0.5974329054842473,0.0,41000.0,0.19136522753792298,0.0,41000.0,0.19136522753792298,0.003475,0.003475,11783577.0,11783577.0,https://find-and-update.company-information.service.gov.uk/search/companies?q=Caledonian+Trust+PLC,https://find-and-update.company-information.service.gov.uk/search/companies?q=Caledonian+Trust+PLC,1620590487,16:01:27,20210509
20,2013-09-30,CNN.L,GBP,2013-09-30,2013-09-30,Q3,83500.0,50750.0,32750.0,0.39221556886227543,0.0,181500.0,0.0,0.0,0.0,202250.0,24500.0,3250.0,-115500.0,-1.3832335329341316,-118750.0,-1.4221556886227544,0.0,-15500.0,-0.18562874251497005,0.0,-15500.0,-0.18562874251497005,-0.0013,-0.0013,11814045.0,11814045.0,https://find-and-update.company-information.service.gov.uk/search/companies?q=Caledonian+Trust+PLC,https://find-and-update.company-information.service.gov.uk/search/companies?q=Caledonian+Trust+PLC,1620590487,16:01:27,20210509
21,2013-06-30,CNN.L,GBP,2013-06-30,2013-06-30,Q2,83500.0,50750.0,32750.0,0.39221556886227543,0.0,181500.0,0.0,0.0,0.0,202250.0,24500.0,3250.0,-115500.0,-1.3832335329341316,-118750.0,-1.4221556886227544,0.0,-15500.0,-0.18562874251497005,0.0,-15500.0,-0.18562874251497005,-0.0013,-0.0013,11814045.0,11814045.0,https://find-and-update.company-information.service.gov.uk/search/companies?q=Caledonian+Trust+PLC,https://find-and-update.company-information.service.gov.uk/search/companies?q=Caledonian+Trust+PLC,1620590487,16:01:27,20210509
22,2013-03-31,CNN.L,GBP,2013-03-31,2013-03-31,Q1,83500.0,50750.0,32750.0,0.39221556886227543,0.0,181500.0,0.0,0.0,0.0,202250.0,24500.0,3250.0,-115500.0,-1.3832335329341316,-118750.0,-1.4221556886227544,0.0,-15500.0,-0.18562874251497005,0.0,-15500.0,-0.18562874251497005,-0.0013,-0.0013,11814045.0,11814045.0,https://find-and-update.company-information.service.gov.uk/search/companies?q=Caledonian+Trust+PLC,https://find-and-update.company-information.service.gov.uk/search/companies?q=Caledonian+Trust+PLC,1620590487,16:01:27,20210509
23,2013-01-31,CNN.L,GBP,2013-01-31,2013-01-31,Q1,83500.0,50750.0,32750.0,0.39221556886227543,0.0,181500.0,0.0,0.0,0.0,202250.0,24500.0,3250.0,-115500.0,-1.3832335329341316,-118750.0,-1.4221556886227544,0.0,-15500.0,-0.18562874251497005,0.0,-15500.0,-0.18562874251497005,-0.0013,-0.0013,11814045.0,11814045.0,https://find-and-update.company-information.service.gov.uk/search/companies?q=Caledonian+Trust+PLC,https://find-and-update.company-information.service.gov.uk/search/companies?q=Caledonian+Trust+PLC,1620590487,16:01:27,20210509
24,2012-09-30,CNN.L,GBP,2012-09-30,2012-09-30,Q3,92750.0,77500.0,15250.0,0.16442048517520216,0.0,205250.0,0.0,0.0,-21250.0,261500.0,46000.0,3000.0,-165750.0,-1.7870619946091644,-168750.0,-1.8194070080862534,0.0,-356000.0,-3.838274932614555,0.0,-356000.0,-3.838274932614555,-0.02995,-0.02995,11882923.0,11882923.0,https://find-and-update.company-information.service.gov.uk/search/companies?q=Caledonian+Trust+PLC,https://find-and-update.company-information.service.gov.uk/search/companies?q=Caledonian+Trust+PLC,1620590487,16:01:27,20210509
25,2012-06-30,CNN.L,GBP,2012-06-30,2012-06-30,Q2,92750.0,77500.0,15250.0,0.16442048517520216,0.0,205250.0,0.0,0.0,-21250.0,261500.0,46000.0,3000.0,-165750.0,-1.7870619946091644,-168750.0,-1.8194070080862534,0.0,-356000.0,-3.838274932614555,0.0,-356000.0,-3.838274932614555,-0.02995,-0.02995,11882923.0,11882923.0,https://find-and-update.company-information.service.gov.uk/search/companies?q=Caledonian+Trust+PLC,https://find-and-update.company-information.service.gov.uk/search/companies?q=Caledonian+Trust+PLC,1620590487,16:01:27,20210509
26,2012-03-31,CNN.L,GBP,2012-03-31,2012-03-31,Q1,92750.0,77500.0,15250.0,0.16442048517520216,0.0,205250.0,0.0,0.0,-21250.0,261500.0,46000.0,3000.0,-165750.0,-1.7870619946091644,-168750.0,-1.8194070080862534,0.0,-356000.0,-3.838274932614555,0.0,-356000.0,-3.838274932614555,-0.02995,-0.02995,11882923.0,11882923.0,https://find-and-update.company-information.service.gov.uk/search/companies?q=Caledonian+Trust+PLC,https://find-and-update.company-information.service.gov.uk/search/companies?q=Caledonian+Trust+PLC,1620590487,16:01:27,20210509
27,2012-01-31,CNN.L,GBP,2012-01-31,2012-01-31,Q1,92750.0,77500.0,15250.0,0.16442048517520216,0.0,205250.0,0.0,0.0,-21250.0,261500.0,46000.0,3000.0,-165750.0,-1.7870619946091644,-168750.0,-1.8194070080862534,0.0,-356000.0,-3.838274932614555,0.0,-356000.0,-3.838274932614555,-0.02995,-0.02995,11882923.0,11882923.0,https://find-and-update.company-information.service.gov.uk/search/companies?q=Caledonian+Trust+PLC,https://find-and-update.company-information.service.gov.uk/search/companies?q=Caledonian+Trust+PLC,1620590487,16:01:27,20210509
28,2011-09-30,CNN.L,GBP,2011-09-30,2011-09-30,Q3,176000.0,92000.0,84000.0,0.4772727272727273,0.0,224000.0,0.0,0.0,279250.0,373500.0,65000.0,2250.0,-195250.0,-1.109375,-197500.0,-1.1221590909090908,0.0,-231250.0,-1.3139204545454546,0.0,-231250.0,-1.3139204545454546,-0.01945,-0.01945,11882923.0,11882923.0,https://find-and-update.company-information.service.gov.uk/search/companies?q=Caledonian+Trust+PLC,https://find-and-update.company-information.service.gov.uk/search/companies?q=Caledonian+Trust+PLC,1620590487,16:01:27,20210509
29,2011-06-30,CNN.L,GBP,2011-06-30,2011-06-30,Q2,176000.0,92000.0,84000.0,0.4772727272727273,0.0,224000.0,0.0,0.0,279250.0,373500.0,65000.0,2250.0,-195250.0,-1.109375,-197500.0,-1.1221590909090908,0.0,-231250.0,-1.3139204545454546,0.0,-231250.0,-1.3139204545454546,-0.01945,-0.01945,11882923.0,11882923.0,https://find-and-update.company-information.service.gov.uk/search/companies?q=Caledonian+Trust+PLC,https://find-and-update.company-information.service.gov.uk/search/companies?q=Caledonian+Trust+PLC,1620590487,16:01:27,20210509
30,2011-03-31,CNN.L,GBP,2011-03-31,2011-03-31,Q1,176000.0,92000.0,84000.0,0.4772727272727273,0.0,224000.0,0.0,0.0,279250.0,373500.0,65000.0,2250.0,-195250.0,-1.109375,-197500.0,-1.1221590909090908,0.0,-231250.0,-1.3139204545454546,0.0,-231250.0,-1.3139204545454546,-0.01945,-0.01945,11882923.0,11882923.0,https://find-and-update.company-information.service.gov.uk/search/companies?q=Caledonian+Trust+PLC,https://find-and-update.company-information.service.gov.uk/search/companies?q=Caledonian+Trust+PLC,1620590487,16:01:27,20210509
31,2011-01-31,CNN.L,GBP,2011-01-31,2011-01-31,Q1,176000.0,92000.0,84000.0,0.4772727272727273,0.0,224000.0,0.0,0.0,279250.0,373500.0,65000.0,2250.0,-195250.0,-1.109375,-197500.0,-1.1221590909090908,0.0,-231250.0,-1.3139204545454546,0.0,-231250.0,-1.3139204545454546,-0.01945,-0.01945,11882923.0,11882923.0,https://find-and-update.company-information.service.gov.uk/search/companies?q=Caledonian+Trust+PLC,https://find-and-update.company-information.service.gov.uk/search/companies?q=Caledonian+Trust+PLC,1620590487,16:01:27,20210509
32,2010-09-30,CNN.L,GBP,2010-09-30,2010-09-30,Q3,174250.0,76250.0,98000.0,0.5624103299856528,0.0,222250.0,0.0,0.0,181250.0,260500.0,48750.0,3000.0,-83250.0,-0.47776183644189385,-86250.0,-0.4949784791965567,0.0,-73500.0,-0.4218077474892396,0.0,-73500.0,-0.4218077474892396,-0.006175,-0.006175,11882923.0,11882923.0,https://find-and-update.company-information.service.gov.uk/search/companies?q=Caledonian+Trust+PLC,https://find-and-update.company-information.service.gov.uk/search/companies?q=Caledonian+Trust+PLC,1620590487,16:01:27,20210509
33,2010-06-30,CNN.L,GBP,2010-06-30,2010-06-30,Q2,174250.0,76250.0,98000.0,0.5624103299856528,0.0,222250.0,0.0,0.0,181250.0,260500.0,48750.0,3000.0,-83250.0,-0.47776183644189385,-86250.0,-0.4949784791965567,0.0,-73500.0,-0.4218077474892396,0.0,-73500.0,-0.4218077474892396,-0.006175,-0.006175,11882923.0,11882923.0,https://find-and-update.company-information.service.gov.uk/search/companies?q=Caledonian+Trust+PLC,https://find-and-update.company-information.service.gov.uk/search/companies?q=Caledonian+Trust+PLC,1620590487,16:01:27,20210509
34,2010-03-31,CNN.L,GBP,2010-03-31,2010-03-31,Q1,174250.0,76250.0,98000.0,0.5624103299856528,0.0,222250.0,0.0,0.0,181250.0,260500.0,48750.0,3000.0,-83250.0,-0.47776183644189385,-86250.0,-0.4949784791965567,0.0,-73500.0,-0.4218077474892396,0.0,-73500.0,-0.4218077474892396,-0.006175,-0.006175,11882923.0,11882923.0,https://find-and-update.company-information.service.gov.uk/search/companies?q=Caledonian+Trust+PLC,https://find-and-update.company-information.service.gov.uk/search/companies?q=Caledonian+Trust+PLC,1620590487,16:01:27,20210509
35,2010-01-31,CNN.L,GBP,2010-01-31,2010-01-31,Q1,174250.0,76250.0,98000.0,0.5624103299856528,0.0,222250.0,0.0,0.0,181250.0,260500.0,48750.0,3000.0,-83250.0,-0.47776183644189385,-86250.0,-0.4949784791965567,0.0,-73500.0,-0.4218077474892396,0.0,-73500.0,-0.4218077474892396,-0.006175,-0.006175,11882923.0,11882923.0,https://find-and-update.company-information.service.gov.uk/search/companies?q=Caledonian+Trust+PLC,https://find-and-update.company-information.service.gov.uk/search/companies?q=Caledonian+Trust+PLC,1620590487,16:01:27,20210509
36,2009-09-30,CNN.L,GBP,2009-09-30,2009-09-30,Q3,182750.0,66250.0,116500.0,0.6374829001367989,0.0,220000.0,0.0,0.0,58250.0,127000.0,116000.0,2500.0,58250.0,0.31874145006839943,55750.0,0.30506155950752395,0.0,336500.0,1.841313269493844,0.0,336500.0,1.841313269493844,0.028325,0.028325,11882923.0,11882923.0,https://find-and-update.company-information.service.gov.uk/search/companies?q=Caledonian+Trust+PLC,https://find-and-update.company-information.service.gov.uk/search/companies?q=Caledonian+Trust+PLC,1620590487,16:01:27,20210509
37,2009-06-30,CNN.L,GBP,2009-06-30,2009-06-30,Q2,182750.0,66250.0,116500.0,0.6374829001367989,0.0,220000.0,0.0,0.0,58250.0,127000.0,116000.0,2500.0,58250.0,0.31874145006839943,55750.0,0.30506155950752395,0.0,336500.0,1.841313269493844,0.0,336500.0,1.841313269493844,0.028325,0.028325,11882923.0,11882923.0,https://find-and-update.company-information.service.gov.uk/search/companies?q=Caledonian+Trust+PLC,https://find-and-update.company-information.service.gov.uk/search/companies?q=Caledonian+Trust+PLC,1620590487,16:01:27,20210509
38,2009-03-31,CNN.L,GBP,2009-03-31,2009-03-31,Q1,182750.0,66250.0,116500.0,0.6374829001367989,0.0,220000.0,0.0,0.0,58250.0,127000.0,116000.0,2500.0,58250.0,0.31874145006839943,55750.0,0.30506155950752395,0.0,336500.0,1.841313269493844,0.0,336500.0,1.841313269493844,0.028325,0.028325,11882923.0,11882923.0,https://find-and-update.company-information.service.gov.uk/search/companies?q=Caledonian+Trust+PLC,https://find-and-update.company-information.service.gov.uk/search/companies?q=Caledonian+Trust+PLC,1620590487,16:01:27,20210509
39,2009-01-31,CNN.L,GBP,2009-01-31,2009-01-31,Q1,182750.0,66250.0,116500.0,0.6374829001367989,0.0,220000.0,0.0,0.0,58250.0,127000.0,116000.0,2500.0,58250.0,0.31874145006839943,55750.0,0.30506155950752395,0.0,336500.0,1.841313269493844,0.0,336500.0,1.841313269493844,0.028325,0.028325,11882923.0,11882923.0,https://find-and-update.company-information.service.gov.uk/search/companies?q=Caledonian+Trust+PLC,https://find-and-update.company-information.service.gov.uk/search/companies?q=Caledonian+Trust+PLC,1620590487,16:01:27,20210509
40,2008-09-30,CNN.L,GBP,2008-09-30,2008-09-30,Q3,210500.0,58500.0,152000.0,0.7220902612826603,0.0,210000.0,0.0,0.0,170250.0,230500.0,166000.0,1750.0,-18250.0,-0.08669833729216152,-20000.0,-0.09501187648456057,0.0,-1968750.0,-9.352731591448931,-179000.0,-1789750.0,-8.502375296912113,-0.150625,-0.150625,11882923.0,11882923.0,https://find-and-update.company-information.service.gov.uk/search/companies?q=Caledonian+Trust+PLC,https://find-and-update.company-information.service.gov.uk/search/companies?q=Caledonian+Trust+PLC,1620590487,16:01:27,20210509
41,2008-06-30,CNN.L,GBP,2008-06-30,2008-06-30,Q2,210500.0,58500.0,152000.0,0.7220902612826603,0.0,210000.0,0.0,0.0,170250.0,230500.0,166000.0,1750.0,-18250.0,-0.08669833729216152,-20000.0,-0.09501187648456057,0.0,-1968750.0,-9.352731591448931,-179000.0,-1789750.0,-8.502375296912113,-0.150625,-0.150625,11882923.0,11882923.0,https://find-and-update.company-information.service.gov.uk/search/companies?q=Caledonian+Trust+PLC,https://find-and-update.company-information.service.gov.uk/search/companies?q=Caledonian+Trust+PLC,1620590487,16:01:27,20210509
42,2008-03-31,CNN.L,GBP,2008-03-31,2008-03-31,Q1,210500.0,58500.0,152000.0,0.7220902612826603,0.0,210000.0,0.0,0.0,170250.0,230500.0,166000.0,1750.0,-18250.0,-0.08669833729216152,-20000.0,-0.09501187648456057,0.0,-1968750.0,-9.352731591448931,-179000.0,-1789750.0,-8.502375296912113,-0.150625,-0.150625,11882923.0,11882923.0,https://find-and-update.company-information.service.gov.uk/search/companies?q=Caledonian+Trust+PLC,https://find-and-update.company-information.service.gov.uk/search/companies?q=Caledonian+Trust+PLC,1620590487,16:01:27,20210509
43,2008-01-31,CNN.L,GBP,2008-01-31,2008-01-31,Q1,210500.0,58500.0,152000.0,0.7220902612826603,0.0,210000.0,0.0,0.0,170250.0,230500.0,166000.0,1750.0,-18250.0,-0.08669833729216152,-20000.0,-0.09501187648456057,0.0,-1968750.0,-9.352731591448931,-179000.0,-1789750.0,-8.502375296912113,-0.150625,-0.150625,11882923.0,11882923.0,https://find-and-update.company-information.service.gov.uk/search/companies?q=Caledonian+Trust+PLC,https://find-and-update.company-information.service.gov.uk/search/companies?q=Caledonian+Trust+PLC,1620590487,16:01:27,20210509
44,2007-09-30,CNN.L,GBP,2007-09-30,2007-09-30,Q3,171000.0,85000.0,86000.0,0.5029239766081871,0.0,202250.0,0.0,0.0,66750.0,153500.0,141750.0,1750.0,19250.0,0.11257309941520467,17500.0,0.1023391812865497,0.0,99500.0,0.5818713450292398,-31500.0,131000.0,0.7660818713450293,0.011025,0.011025,11882923.0,11882923.0,https://find-and-update.company-information.service.gov.uk/search/companies?q=Caledonian+Trust+PLC,https://find-and-update.company-information.service.gov.uk/search/companies?q=Caledonian+Trust+PLC,1620590487,16:01:27,20210509
45,2007-06-30,CNN.L,GBP,2007-06-30,2007-06-30,Q2,171000.0,85000.0,86000.0,0.5029239766081871,0.0,202250.0,0.0,0.0,66750.0,153500.0,141750.0,1750.0,19250.0,0.11257309941520467,17500.0,0.1023391812865497,0.0,99500.0,0.5818713450292398,-31500.0,131000.0,0.7660818713450293,0.011025,0.011025,11882923.0,11882923.0,https://find-and-update.company-information.service.gov.uk/search/companies?q=Caledonian+Trust+PLC,https://find-and-update.company-information.service.gov.uk/search/companies?q=Caledonian+Trust+PLC,1620590487,16:01:27,20210509
46,2007-03-31,CNN.L,GBP,2007-03-31,2007-03-31,Q1,171000.0,85000.0,86000.0,0.5029239766081871,0.0,202250.0,0.0,0.0,66750.0,153500.0,141750.0,1750.0,19250.0,0.11257309941520467,17500.0,0.1023391812865497,0.0,99500.0,0.5818713450292398,-31500.0,131000.0,0.7660818713450293,0.011025,0.011025,11882923.0,11882923.0,https://find-and-update.company-information.service.gov.uk/search/companies?q=Caledonian+Trust+PLC,https://find-and-update.company-information.service.gov.uk/search/companies?q=Caledonian+Trust+PLC,1620590487,16:01:27,20210509
47,2007-01-31,CNN.L,GBP,2007-01-31,2007-01-31,Q1,171000.0,85000.0,86000.0,0.5029239766081871,0.0,202250.0,0.0,0.0,66750.0,153500.0,141750.0,1750.0,19250.0,0.11257309941520467,17500.0,0.1023391812865497,0.0,99500.0,0.5818713450292398,-31500.0,131000.0,0.7660818713450293,0.011025,0.011025,11882923.0,11882923.0,https://find-and-update.company-information.service.gov.uk/search/companies?q=Caledonian+Trust+PLC,https://find-and-update.company-information.service.gov.uk/search/companies?q=Caledonian+Trust+PLC,1620590487,16:01:27,20210509
48,2006-09-30,CNN.L,GBP,2006-09-30,2006-09-30,Q3,347250.0,104500.0,242750.0,0.6990640748740101,0.0,248250.0,0.0,0.0,351500.0,352750.0,79750.0,1250.0,-4250.0,-0.012239020878329733,-5500.0,-0.01583873290136789,0.0,31000.0,0.0892728581713463,-1250.0,32250.0,0.09287257019438445,0.002725,0.002725,11882923.0,11882923.0,https://find-and-update.company-information.service.gov.uk/search/companies?q=Caledonian+Trust+PLC,https://find-and-update.company-information.service.gov.uk/search/companies?q=Caledonian+Trust+PLC,1620590487,16:01:27,20210509
49,2006-06-30,CNN.L,GBP,2006-06-30,2006-06-30,Q2,347250.0,104500.0,242750.0,0.6990640748740101,0.0,248250.0,0.0,0.0,351500.0,352750.0,79750.0,1250.0,-4250.0,-0.012239020878329733,-5500.0,-0.01583873290136789,0.0,31000.0,0.0892728581713463,-1250.0,32250.0,0.09287257019438445,0.002725,0.002725,11882923.0,11882923.0,https://find-and-update.company-information.service.gov.uk/search/companies?q=Caledonian+Trust+PLC,https://find-and-update.company-information.service.gov.uk/search/companies?q=Caledonian+Trust+PLC,1620590487,16:01:27,20210509
50,2006-03-31,CNN.L,GBP,2006-03-31,2006-03-31,Q1,347250.0,104500.0,242750.0,0.6990640748740101,0.0,248250.0,0.0,0.0,351500.0,352750.0,79750.0,1250.0,-4250.0,-0.012239020878329733,-5500.0,-0.01583873290136789,0.0,31000.0,0.0892728581713463,-1250.0,32250.0,0.09287257019438445,0.002725,0.002725,11882923.0,11882923.0,https://find-and-update.company-information.service.gov.uk/search/companies?q=Caledonian+Trust+PLC,https://find-and-update.company-information.service.gov.uk/search/companies?q=Caledonian+Trust+PLC,1620590487,16:01:27,20210509
51,2006-01-31,CNN.L,GBP,2006-01-31,2006-01-31,Q1,347250.0,104500.0,242750.0,0.6990640748740101,0.0,248250.0,0.0,0.0,351500.0,352750.0,79750.0,1250.0,-4250.0,-0.012239020878329733,-5500.0,-0.01583873290136789,0.0,31000.0,0.0892728581713463,-1250.0,32250.0,0.09287257019438445,0.002725,0.002725,11882923.0,11882923.0,https://find-and-update.company-information.service.gov.uk/search/companies?q=Caledonian+Trust+PLC,https://find-and-update.company-information.service.gov.uk/search/companies?q=Caledonian+Trust+PLC,1620590487,16:01:27,20210509
52,2005-09-30,CNN.L,GBP,2005-09-30,2005-09-30,Q3,246250.0,65500.0,180750.0,0.7340101522842639,0.0,212500.0,0.0,146750.0,0.0,424750.0,73000.0,0.0,38000.0,6.480263157894737,-178500.0,-0.7248730964467005,0.0,111750.0,0.45380710659898477,8750.0,103000.0,0.4182741116751269,0.008775,0.008775,11754154.0,11754154.0,https://find-and-update.company-information.service.gov.uk/search/companies?q=Caledonian+Trust+PLC,https://find-and-update.company-information.service.gov.uk/search/companies?q=Caledonian+Trust+PLC,1620590487,16:01:27,20210509
53,2005-06-30,CNN.L,GBP,2005-06-30,2005-06-30,Q2,246250.0,65500.0,180750.0,0.7340101522842639,0.0,212500.0,0.0,146750.0,0.0,424750.0,73000.0,0.0,38000.0,6.480263157894737,-178500.0,-0.7248730964467005,0.0,111750.0,0.45380710659898477,8750.0,103000.0,0.4182741116751269,0.008775,0.008775,11754154.0,11754154.0,https://find-and-update.company-information.service.gov.uk/search/companies?q=Caledonian+Trust+PLC,https://find-and-update.company-information.service.gov.uk/search/companies?q=Caledonian+Trust+PLC,1620590487,16:01:27,20210509
54,2005-03-31,CNN.L,GBP,2005-03-31,2005-03-31,Q1,246250.0,65500.0,180750.0,0.7340101522842639,0.0,212500.0,0.0,146750.0,0.0,424750.0,73000.0,0.0,38000.0,6.480263157894737,-178500.0,-0.7248730964467005,0.0,111750.0,0.45380710659898477,8750.0,103000.0,0.4182741116751269,0.008775,0.008775,11754154.0,11754154.0,https://find-and-update.company-information.service.gov.uk/search/companies?q=Caledonian+Trust+PLC,https://find-and-update.company-information.service.gov.uk/search/companies?q=Caledonian+Trust+PLC,1620590487,16:01:27,20210509
55,2005-01-31,CNN.L,GBP,2005-01-31,2005-01-31,Q1,246250.0,65500.0,180750.0,0.7340101522842639,0.0,212500.0,0.0,146750.0,0.0,424750.0,73000.0,0.0,38000.0,6.480263157894737,-178500.0,-0.7248730964467005,0.0,111750.0,0.45380710659898477,8750.0,103000.0,0.4182741116751269,0.008775,0.008775,11754154.0,11754154.0,https://find-and-update.company-information.service.gov.uk/search/companies?q=Caledonian+Trust+PLC,https://find-and-update.company-information.service.gov.uk/search/companies?q=Caledonian+Trust+PLC,1620590487,16:01:27,20210509
56,2004-09-30,CNN.L,GBP,2004-09-30,2004-09-30,Q3,633000.0,374132.5,258867.5,0.4089533965244866,0.0,282250.0,0.0,13817.5,903500.0,904500.0,71500.0,1000.0,-270500.0,-0.4273301737756714,-271500.0,-0.42890995260663506,0.0,108500.0,0.17140600315955767,0.0,108500.0,0.17140600315955767,0.00945,0.009075,11496244.0,11996970.0,https://find-and-update.company-information.service.gov.uk/search/companies?q=Caledonian+Trust+PLC,https://find-and-update.company-information.service.gov.uk/search/companies?q=Caledonian+Trust+PLC,1620590487,16:01:27,20210509
57,2004-06-30,CNN.L,GBP,2004-06-30,2004-06-30,Q2,633000.0,374132.5,258867.5,0.4089533965244866,0.0,282250.0,0.0,13817.5,903500.0,904500.0,71500.0,1000.0,-270500.0,-0.4273301737756714,-271500.0,-0.42890995260663506,0.0,108500.0,0.17140600315955767,0.0,108500.0,0.17140600315955767,0.00945,0.009075,11496244.0,11996970.0,https://find-and-update.company-information.service.gov.uk/search/companies?q=Caledonian+Trust+PLC,https://find-and-update.company-information.service.gov.uk/search/companies?q=Caledonian+Trust+PLC,1620590487,16:01:27,20210509
58,2004-03-31,CNN.L,GBP,2004-03-31,2004-03-31,Q1,633000.0,374132.5,258867.5,0.4089533965244866,0.0,282250.0,0.0,13817.5,903500.0,904500.0,71500.0,1000.0,-270500.0,-0.4273301737756714,-271500.0,-0.42890995260663506,0.0,108500.0,0.17140600315955767,0.0,108500.0,0.17140600315955767,0.00945,0.009075,11496244.0,11996970.0,https://find-and-update.company-information.service.gov.uk/search/companies?q=Caledonian+Trust+PLC,https://find-and-update.company-information.service.gov.uk/search/companies?q=Caledonian+Trust+PLC,1620590487,16:01:27,20210509
59,2004-01-31,CNN.L,GBP,2004-01-31,2004-01-31,Q1,633000.0,374132.5,258867.5,0.4089533965244866,0.0,282250.0,0.0,13817.5,903500.0,904500.0,71500.0,1000.0,-270500.0,-0.4273301737756714,-271500.0,-0.42890995260663506,0.0,108500.0,0.17140600315955767,0.0,108500.0,0.17140600315955767,0.00945,0.009075,11496244.0,11996970.0,https://find-and-update.company-information.service.gov.uk/search/companies?q=Caledonian+Trust+PLC,https://find-and-update.company-information.service.gov.uk/search/companies?q=Caledonian+Trust+PLC,1620590487,16:01:27,20210509
60,2003-09-30,CNN.L,GBP,2003-09-30,2003-09-30,Q3,422500.0,86750.0,335750.0,0.7946745562130177,0.0,167250.0,0.0,5000.0,345750.0,346750.0,91000.0,1000.0,76750.0,0.1816568047337278,75750.0,0.17928994082840236,0.0,125750.0,0.29763313609467457,-1250.0,127000.0,0.3005917159763314,0.011025,0.0106,11510267.0,11981132.0,https://find-and-update.company-information.service.gov.uk/search/companies?q=Caledonian+Trust+PLC,https://find-and-update.company-information.service.gov.uk/search/companies?q=Caledonian+Trust+PLC,1620590487,16:01:27,20210509
61,2003-06-30,CNN.L,GBP,2003-06-30,2003-06-30,Q2,422500.0,86750.0,335750.0,0.7946745562130177,0.0,167250.0,0.0,5000.0,345750.0,346750.0,91000.0,1000.0,76750.0,0.1816568047337278,75750.0,0.17928994082840236,0.0,125750.0,0.29763313609467457,-1250.0,127000.0,0.3005917159763314,0.011025,0.0106,11510267.0,11981132.0,https://find-and-update.company-information.service.gov.uk/search/companies?q=Caledonian+Trust+PLC,https://find-and-update.company-information.service.gov.uk/search/companies?q=Caledonian+Trust+PLC,1620590487,16:01:27,20210509
62,2003-03-31,CNN.L,GBP,2003-03-31,2003-03-31,Q1,422500.0,86750.0,335750.0,0.7946745562130177,0.0,167250.0,0.0,5000.0,345750.0,346750.0,91000.0,1000.0,76750.0,0.1816568047337278,75750.0,0.17928994082840236,0.0,125750.0,0.29763313609467457,-1250.0,127000.0,0.3005917159763314,0.011025,0.0106,11510267.0,11981132.0,https://find-and-update.company-information.service.gov.uk/search/companies?q=Caledonian+Trust+PLC,https://find-and-update.company-information.service.gov.uk/search/companies?q=Caledonian+Trust+PLC,1620590487,16:01:27,20210509
63,2003-01-31,CNN.L,GBP,2003-01-31,2003-01-31,Q1,422500.0,86750.0,335750.0,0.7946745562130177,0.0,167250.0,0.0,5000.0,345750.0,346750.0,91000.0,1000.0,76750.0,0.1816568047337278,75750.0,0.17928994082840236,0.0,125750.0,0.29763313609467457,-1250.0,127000.0,0.3005917159763314,0.011025,0.0106,11510267.0,11981132.0,https://find-and-update.company-information.service.gov.uk/search/companies?q=Caledonian+Trust+PLC,https://find-and-update.company-information.service.gov.uk/search/companies?q=Caledonian+Trust+PLC,1620590487,16:01:27,20210509
64,2002-09-30,CNN.L,GBP,2002-09-30,2002-09-30,Q3,767750.0,99000.0,668750.0,0.8710517746662325,0.0,204000.0,0.0,181500.0,837500.0,840750.0,221250.0,3250.0,-69750.0,-0.09084988603060892,-73000.0,-0.095083034842071,0.0,905500.0,1.1794203842396613,96000.0,809500.0,1.0543796808857049,0.0689,0.0624,11748911.0,12972756.0,https://find-and-update.company-information.service.gov.uk/search/companies?q=Caledonian+Trust+PLC,https://find-and-update.company-information.service.gov.uk/search/companies?q=Caledonian+Trust+PLC,1620590487,16:01:27,20210509
65,2002-06-30,CNN.L,GBP,2002-06-30,2002-06-30,Q2,767750.0,99000.0,668750.0,0.8710517746662325,0.0,204000.0,0.0,181500.0,837500.0,840750.0,221250.0,3250.0,-69750.0,-0.09084988603060892,-73000.0,-0.095083034842071,0.0,905500.0,1.1794203842396613,96000.0,809500.0,1.0543796808857049,0.0689,0.0624,11748911.0,12972756.0,https://find-and-update.company-information.service.gov.uk/search/companies?q=Caledonian+Trust+PLC,https://find-and-update.company-information.service.gov.uk/search/companies?q=Caledonian+Trust+PLC,1620590487,16:01:27,20210509
66,2002-03-31,CNN.L,GBP,2002-03-31,2002-03-31,Q1,767750.0,99000.0,668750.0,0.8710517746662325,0.0,204000.0,0.0,181500.0,837500.0,840750.0,221250.0,3250.0,-69750.0,-0.09084988603060892,-73000.0,-0.095083034842071,0.0,905500.0,1.1794203842396613,96000.0,809500.0,1.0543796808857049,0.0689,0.0624,11748911.0,12972756.0,https://find-and-update.company-information.service.gov.uk/search/companies?q=Caledonian+Trust+PLC,https://find-and-update.company-information.service.gov.uk/search/companies?q=Caledonian+Trust+PLC,1620590487,16:01:27,20210509
67,2002-01-31,CNN.L,GBP,2002-01-31,2002-01-31,Q1,767750.0,99000.0,668750.0,0.8710517746662325,0.0,204000.0,0.0,181500.0,837500.0,840750.0,221250.0,3250.0,-69750.0,-0.09084988603060892,-73000.0,-0.095083034842071,0.0,905500.0,1.1794203842396613,96000.0,809500.0,1.0543796808857049,0.0689,0.0624,11748911.0,12972756.0,https://find-and-update.company-information.service.gov.uk/search/companies?q=Caledonian+Trust+PLC,https://find-and-update.company-information.service.gov.uk/search/companies?q=Caledonian+Trust+PLC,1620590487,16:01:27,20210509
68,2001-09-30,CNN.L,GBP,2001-09-30,2001-09-30,Q3,766750.0,0.0,766750.0,1.0,0.0,0.0,0.0,0.0,442000.0,450500.0,315750.0,8500.0,324750.0,0.4235409194652755,316250.0,0.4124551679165308,0.0,22000.0,0.028692533420280403,0.0,22000.0,0.028692533420280403,0.0018025399426464565,0.0014888001624145631,12205000.0,14777000.0,https://find-and-update.company-information.service.gov.uk/search/companies?q=Caledonian+Trust+PLC,https://find-and-update.company-information.service.gov.uk/search/companies?q=Caledonian+Trust+PLC,1620590487,16:01:27,20210509
69,2001-06-30,CNN.L,GBP,2001-06-30,2001-06-30,Q2,766750.0,0.0,766750.0,1.0,0.0,0.0,0.0,0.0,442000.0,450500.0,315750.0,8500.0,324750.0,0.4235409194652755,316250.0,0.4124551679165308,0.0,22000.0,0.028692533420280403,0.0,22000.0,0.028692533420280403,0.0018025399426464565,0.0014888001624145631,12205000.0,14777000.0,https://find-and-update.company-information.service.gov.uk/search/companies?q=Caledonian+Trust+PLC,https://find-and-update.company-information.service.gov.uk/search/companies?q=Caledonian+Trust+PLC,1620590487,16:01:27,20210509
70,2001-03-31,CNN.L,GBP,2001-03-31,2001-03-31,Q1,766750.0,0.0,766750.0,1.0,0.0,0.0,0.0,0.0,442000.0,450500.0,315750.0,8500.0,324750.0,0.4235409194652755,316250.0,0.4124551679165308,0.0,22000.0,0.028692533420280403,0.0,22000.0,0.028692533420280403,0.0018025399426464565,0.0014888001624145631,12205000.0,14777000.0,https://find-and-update.company-information.service.gov.uk/search/companies?q=Caledonian+Trust+PLC,https://find-and-update.company-information.service.gov.uk/search/companies?q=Caledonian+Trust+PLC,1620590487,16:01:27,20210509
71,2001-01-31,CNN.L,GBP,2001-01-31,2001-01-31,Q1,766750.0,0.0,766750.0,1.0,0.0,0.0,0.0,0.0,442000.0,450500.0,315750.0,8500.0,324750.0,0.4235409194652755,316250.0,0.4124551679165308,0.0,22000.0,0.028692533420280403,0.0,22000.0,0.028692533420280403,0.0018025399426464565,0.0014888001624145631,12205000.0,14777000.0,https://find-and-update.company-information.service.gov.uk/search/companies?q=Caledonian+Trust+PLC,https://find-and-update.company-information.service.gov.uk/search/companies?q=Caledonian+Trust+PLC,1620590487,16:01:27,20210509
72,2000-09-30,CNN.L,GBP,2000-09-30,2000-09-30,Q3,1318500.0,0.0,0.0,0.0,0.0,0.0,0.0,0.0,818250.0,827250.0,303250.0,9000.0,500250.0,0.3794084186575654,491250.0,0.3725824800910125,0.0,284750.0,0.21596511186954873,0.0,284750.0,0.21596511186954873,0.02325,0.02225,12279000.0,14851000.0,https://find-and-update.company-information.service.gov.uk/search/companies?q=Caledonian+Trust+PLC,https://find-and-update.company-information.service.gov.uk/search/companies?q=Caledonian+Trust+PLC,1620590487,16:01:27,20210509
73,2000-06-30,CNN.L,GBP,2000-06-30,2000-06-30,Q2,1318500.0,0.0,0.0,0.0,0.0,0.0,0.0,0.0,818250.0,827250.0,303250.0,9000.0,500250.0,0.3794084186575654,491250.0,0.3725824800910125,0.0,284750.0,0.21596511186954873,0.0,284750.0,0.21596511186954873,0.02325,0.02225,12279000.0,14851000.0,https://find-and-update.company-information.service.gov.uk/search/companies?q=Caledonian+Trust+PLC,https://find-and-update.company-information.service.gov.uk/search/companies?q=Caledonian+Trust+PLC,1620590487,16:01:27,20210509
74,2000-03-31,CNN.L,GBP,2000-03-31,2000-03-31,Q1,1318500.0,0.0,0.0,0.0,0.0,0.0,0.0,0.0,818250.0,827250.0,303250.0,9000.0,500250.0,0.3794084186575654,491250.0,0.3725824800910125,0.0,284750.0,0.21596511186954873,0.0,284750.0,0.21596511186954873,0.02325,0.02225,12279000.0,14851000.0,https://find-and-update.company-information.service.gov.uk/search/companies?q=Caledonian+Trust+PLC,https://find-and-update.company-information.service.gov.uk/search/companies?q=Caledonian+Trust+PLC,1620590487,16:01:27,20210509
75,2000-01-31,CNN.L,GBP,2000-01-31,2000-01-31,Q1,1318500.0,0.0,0.0,0.0,0.0,0.0,0.0,0.0,818250.0,827250.0,303250.0,9000.0,500250.0,0.3794084186575654,491250.0,0.3725824800910125,0.0,284750.0,0.21596511186954873,0.0,284750.0,0.21596511186954873,0.02325,0.02225,12279000.0,14851000.0,https://find-and-update.company-information.service.gov.uk/search/companies?q=Caledonian+Trust+PLC,https://find-and-update.company-information.service.gov.uk/search/companies?q=Caledonian+Trust+PLC,1620590487,16:01:27,20210509
76,1999-09-30,CNN.L,GBP,1999-09-30,1999-09-30,Q3,835250.0,0.0,0.0,0.0,0.0,0.0,0.0,0.0,216000.0,223000.0,403250.0,7000.0,619250.0,0.7413947919784496,612250.0,0.7330140676444178,0.0,326500.0,0.3909009278659084,0.0,326500.0,0.3909009278659084,0.0265,0.02425,12289000.0,15307000.0,https://find-and-update.company-information.service.gov.uk/search/companies?q=Caledonian+Trust+PLC,https://find-and-update.company-information.service.gov.uk/search/companies?q=Caledonian+Trust+PLC,1620590487,16:01:27,20210509
77,1999-06-30,CNN.L,GBP,1999-06-30,1999-06-30,Q2,835250.0,0.0,0.0,0.0,0.0,0.0,0.0,0.0,216000.0,223000.0,403250.0,7000.0,619250.0,0.7413947919784496,612250.0,0.7330140676444178,0.0,326500.0,0.3909009278659084,0.0,326500.0,0.3909009278659084,0.0265,0.02425,12289000.0,15307000.0,https://find-and-update.company-information.service.gov.uk/search/companies?q=Caledonian+Trust+PLC,https://find-and-update.company-information.service.gov.uk/search/companies?q=Caledonian+Trust+PLC,1620590487,16:01:27,20210509
78,1999-03-31,CNN.L,GBP,1999-03-31,1999-03-31,Q1,835250.0,0.0,0.0,0.0,0.0,0.0,0.0,0.0,216000.0,223000.0,403250.0,7000.0,619250.0,0.7413947919784496,612250.0,0.7330140676444178,0.0,326500.0,0.3909009278659084,0.0,326500.0,0.3909009278659084,0.0265,0.02425,12289000.0,15307000.0,https://find-and-update.company-information.service.gov.uk/search/companies?q=Caledonian+Trust+PLC,https://find-and-update.company-information.service.gov.uk/search/companies?q=Caledonian+Trust+PLC,1620590487,16:01:27,20210509
79,1999-01-31,CNN.L,GBP,1999-01-31,1999-01-31,Q1,835250.0,0.0,0.0,0.0,0.0,0.0,0.0,0.0,216000.0,223000.0,403250.0,7000.0,619250.0,0.7413947919784496,612250.0,0.7330140676444178,0.0,326500.0,0.3909009278659084,0.0,326500.0,0.3909009278659084,0.0265,0.02425,12289000.0,15307000.0,https://find-and-update.company-information.service.gov.uk/search/companies?q=Caledonian+Trust+PLC,https://find-and-update.company-information.service.gov.uk/search/companies?q=Caledonian+Trust+PLC,1620590487,16:01:27,20210509
80,1998-09-30,CNN.L,GBP,1998-09-30,1998-09-30,Q3,1087500.0,0.0,0.0,0.0,0.0,0.0,0.0,0.0,373750.0,381000.0,490750.0,7250.0,713750.0,0.6563218390804598,706500.0,0.6496551724137931,0.0,237000.0,0.21793103448275863,-10500.0,247500.0,0.22758620689655173,0.02025,0.0195,12289000.0,16114000.0,https://find-and-update.company-information.service.gov.uk/search/companies?q=Caledonian+Trust+PLC,https://find-and-update.company-information.service.gov.uk/search/companies?q=Caledonian+Trust+PLC,1620590487,16:01:27,20210509
81,1998-06-30,CNN.L,GBP,1998-06-30,1998-06-30,Q2,1087500.0,0.0,0.0,0.0,0.0,0.0,0.0,0.0,373750.0,381000.0,490750.0,7250.0,713750.0,0.6563218390804598,706500.0,0.6496551724137931,0.0,237000.0,0.21793103448275863,-10500.0,247500.0,0.22758620689655173,0.02025,0.0195,12289000.0,16114000.0,https://find-and-update.company-information.service.gov.uk/search/companies?q=Caledonian+Trust+PLC,https://find-and-update.company-information.service.gov.uk/search/companies?q=Caledonian+Trust+PLC,1620590487,16:01:27,20210509
82,1998-03-31,CNN.L,GBP,1998-03-31,1998-03-31,Q1,1087500.0,0.0,0.0,0.0,0.0,0.0,0.0,0.0,373750.0,381000.0,490750.0,7250.0,713750.0,0.6563218390804598,706500.0,0.6496551724137931,0.0,237000.0,0.21793103448275863,-10500.0,247500.0,0.22758620689655173,0.02025,0.0195,12289000.0,16114000.0,https://find-and-update.company-information.service.gov.uk/search/companies?q=Caledonian+Trust+PLC,https://find-and-update.company-information.service.gov.uk/search/companies?q=Caledonian+Trust+PLC,1620590487,16:01:27,20210509
83,1998-01-31,CNN.L,GBP,1998-01-31,1998-01-31,Q1,1087500.0,0.0,0.0,0.0,0.0,0.0,0.0,0.0,373750.0,381000.0,490750.0,7250.0,713750.0,0.6563218390804598,706500.0,0.6496551724137931,0.0,237000.0,0.21793103448275863,-10500.0,247500.0,0.22758620689655173,0.02025,0.0195,12289000.0,16114000.0,https://find-and-update.company-information.service.gov.uk/search/companies?q=Caledonian+Trust+PLC,https://find-and-update.company-information.service.gov.uk/search/companies?q=Caledonian+Trust+PLC,1620590487,16:01:27,20210509
84,1997-09-30,CNN.L,GBP,1997-09-30,1997-09-30,Q3,873250.0,0.0,873250.0,1.0,0.0,0.0,0.0,500.0,194250.0,195250.0,456000.0,1000.0,679000.0,0.7775551102204409,678000.0,0.7764099627827082,0.0,237000.0,0.27139994274262813,-19250.0,248500.0,0.2845691382765531,0.02025,0.02025,12232000.0,12232000.0,https://find-and-update.company-information.service.gov.uk/search/companies?q=Caledonian+Trust+PLC,https://find-and-update.company-information.service.gov.uk/search/companies?q=Caledonian+Trust+PLC,1620590487,16:01:27,20210509
85,1997-06-30,CNN.L,GBP,1997-06-30,1997-06-30,Q2,873250.0,0.0,873250.0,1.0,0.0,0.0,0.0,500.0,194250.0,195250.0,456000.0,1000.0,679000.0,0.7775551102204409,678000.0,0.7764099627827082,0.0,237000.0,0.27139994274262813,-19250.0,248500.0,0.2845691382765531,0.02025,0.02025,12232000.0,12232000.0,https://find-and-update.company-information.service.gov.uk/search/companies?q=Caledonian+Trust+PLC,https://find-and-update.company-information.service.gov.uk/search/companies?q=Caledonian+Trust+PLC,1620590487,16:01:27,20210509
86,1997-03-31,CNN.L,GBP,1997-03-31,1997-03-31,Q1,873250.0,0.0,873250.0,1.0,0.0,0.0,0.0,500.0,194250.0,195250.0,456000.0,1000.0,679000.0,0.7775551102204409,678000.0,0.7764099627827082,0.0,237000.0,0.27139994274262813,-19250.0,248500.0,0.2845691382765531,0.02025,0.02025,12232000.0,12232000.0,https://find-and-update.company-information.service.gov.uk/search/companies?q=Caledonian+Trust+PLC,https://find-and-update.company-information.service.gov.uk/search/companies?q=Caledonian+Trust+PLC,1620590487,16:01:27,20210509
87,1997-01-31,CNN.L,GBP,1997-01-31,1997-01-31,Q1,873250.0,0.0,873250.0,1.0,0.0,0.0,0.0,500.0,194250.0,195250.0,456000.0,1000.0,679000.0,0.7775551102204409,678000.0,0.7764099627827082,0.0,237000.0,0.27139994274262813,-19250.0,248500.0,0.2845691382765531,0.02025,0.02025,12232000.0,12232000.0,https://find-and-update.company-information.service.gov.uk/search/companies?q=Caledonian+Trust+PLC,https://find-and-update.company-information.service.gov.uk/search/companies?q=Caledonian+Trust+PLC,1620590487,16:01:27,20210509
88,1996-09-30,CNN.L,GBP,1996-09-30,1996-09-30,Q3,817500.0,0.0,817500.0,1.0,0.0,0.0,0.0,0.0,189750.0,192750.0,495000.0,3000.0,627750.0,0.7678899082568807,624750.0,0.7642201834862385,0.0,138000.0,0.1688073394495413,0.0,150500.0,0.18409785932721712,0.01275,0.01275,11762000.0,11762000.0,https://find-and-update.company-information.service.gov.uk/search/companies?q=Caledonian+Trust+PLC,https://find-and-update.company-information.service.gov.uk/search/companies?q=Caledonian+Trust+PLC,1620590487,16:01:27,20210509
89,1996-06-30,CNN.L,GBP,1996-06-30,1996-06-30,Q2,817500.0,0.0,817500.0,1.0,0.0,0.0,0.0,0.0,189750.0,192750.0,495000.0,3000.0,627750.0,0.7678899082568807,624750.0,0.7642201834862385,0.0,138000.0,0.1688073394495413,0.0,150500.0,0.18409785932721712,0.01275,0.01275,11762000.0,11762000.0,https://find-and-update.company-information.service.gov.uk/search/companies?q=Caledonian+Trust+PLC,https://find-and-update.company-information.service.gov.uk/search/companies?q=Caledonian+Trust+PLC,1620590487,16:01:27,20210509
90,1996-03-31,CNN.L,GBP,1996-03-31,1996-03-31,Q1,817500.0,0.0,817500.0,1.0,0.0,0.0,0.0,0.0,189750.0,192750.0,495000.0,3000.0,627750.0,0.7678899082568807,624750.0,0.7642201834862385,0.0,138000.0,0.1688073394495413,0.0,150500.0,0.18409785932721712,0.01275,0.01275,11762000.0,11762000.0,https://find-and-update.company-information.service.gov.uk/search/companies?q=Caledonian+Trust+PLC,https://find-and-update.company-information.service.gov.uk/search/companies?q=Caledonian+Trust+PLC,1620590487,16:01:27,20210509
91,1996-01-31,CNN.L,GBP,1996-01-31,1996-01-31,Q1,817500.0,0.0,817500.0,1.0,0.0,0.0,0.0,0.0,189750.0,192750.0,495000.0,3000.0,627750.0,0.7678899082568807,624750.0,0.7642201834862385,0.0,138000.0,0.1688073394495413,0.0,150500.0,0.18409785932721712,0.01275,0.01275,11762000.0,11762000.0,https://find-and-update.company-information.service.gov.uk/search/companies?q=Caledonian+Trust+PLC,https://find-and-update.company-information.service.gov.uk/search/companies?q=Caledonian+Trust+PLC,1620590487,16:01:27,20210509
92,1995-09-30,CNN.L,GBP,1995-09-30,1995-09-30,Q3,749000.0,0.0,749000.0,1.0,0.0,0.0,0.0,750.0,189000.0,190500.0,468750.0,1500.0,560000.0,0.7476635514018691,558500.0,0.7456608811748998,0.0,215750.0,0.28805073431241657,0.0,229000.0,0.30574098798397864,0.0205,0.0205,11119000.0,11119000.0,https://find-and-update.company-information.service.gov.uk/search/companies?q=Caledonian+Trust+PLC,https://find-and-update.company-information.service.gov.uk/search/companies?q=Caledonian+Trust+PLC,1620590487,16:01:27,20210509
93,1995-06-30,CNN.L,GBP,1995-06-30,1995-06-30,Q2,749000.0,0.0,749000.0,1.0,0.0,0.0,0.0,750.0,189000.0,190500.0,468750.0,1500.0,560000.0,0.7476635514018691,558500.0,0.7456608811748998,0.0,215750.0,0.28805073431241657,0.0,229000.0,0.30574098798397864,0.0205,0.0205,11119000.0,11119000.0,https://find-and-update.company-information.service.gov.uk/search/companies?q=Caledonian+Trust+PLC,https://find-and-update.company-information.service.gov.uk/search/companies?q=Caledonian+Trust+PLC,1620590487,16:01:27,20210509
94,1995-03-31,CNN.L,GBP,1995-03-31,1995-03-31,Q1,749000.0,0.0,749000.0,1.0,0.0,0.0,0.0,750.0,189000.0,190500.0,468750.0,1500.0,560000.0,0.7476635514018691,558500.0,0.7456608811748998,0.0,215750.0,0.28805073431241657,0.0,229000.0,0.30574098798397864,0.0205,0.0205,11119000.0,11119000.0,https://find-and-update.company-information.service.gov.uk/search/companies?q=Caledonian+Trust+PLC,https://find-and-update.company-information.service.gov.uk/search/companies?q=Caledonian+Trust+PLC,1620590487,16:01:27,20210509
95,1995-01-31,CNN.L,GBP,1995-01-31,1995-01-31,Q1,749000.0,0.0,749000.0,1.0,0.0,0.0,0.0,750.0,189000.0,190500.0,468750.0,1500.0,560000.0,0.7476635514018691,558500.0,0.7456608811748998,0.0,215750.0,0.28805073431241657,0.0,229000.0,0.30574098798397864,0.0205,0.0205,11119000.0,11119000.0,https://find-and-update.company-information.service.gov.uk/search/companies?q=Caledonian+Trust+PLC,https://find-and-update.company-information.service.gov.uk/search/companies?q=Caledonian+Trust+PLC,1620590487,16:01:27,20210509
96,1994-09-30,CNN.L,GBP,1994-09-30,1994-09-30,Q3,733250.0,0.0,733250.0,1.0,0.0,0.0,0.0,0.0,174250.0,175750.0,525500.0,1500.0,559000.0,0.7623593590180703,557500.0,0.7603136720081828,0.0,126000.0,0.1718377088305489,0.0,139750.0,0.19058983975451757,0.0145,0.0145,9726000.0,9726000.0,https://find-and-update.company-information.service.gov.uk/search/companies?q=Caledonian+Trust+PLC,https://find-and-update.company-information.service.gov.uk/search/companies?q=Caledonian+Trust+PLC,1620590487,16:01:27,20210509
97,1994-06-30,CNN.L,GBP,1994-06-30,1994-06-30,Q2,733250.0,0.0,733250.0,1.0,0.0,0.0,0.0,0.0,174250.0,175750.0,525500.0,1500.0,559000.0,0.7623593590180703,557500.0,0.7603136720081828,0.0,126000.0,0.1718377088305489,0.0,139750.0,0.19058983975451757,0.0145,0.0145,9726000.0,9726000.0,https://find-and-update.company-information.service.gov.uk/search/companies?q=Caledonian+Trust+PLC,https://find-and-update.company-information.service.gov.uk/search/companies?q=Caledonian+Trust+PLC,1620590487,16:01:27,20210509
98,1994-03-31,CNN.L,GBP,1994-03-31,1994-03-31,Q1,733250.0,0.0,733250.0,1.0,0.0,0.0,0.0,0.0,174250.0,175750.0,525500.0,1500.0,559000.0,0.7623593590180703,557500.0,0.7603136720081828,0.0,126000.0,0.1718377088305489,0.0,139750.0,0.19058983975451757,0.0145,0.0145,9726000.0,9726000.0,https://find-and-update.company-information.service.gov.uk/search/companies?q=Caledonian+Trust+PLC,https://find-and-update.company-information.service.gov.uk/search/companies?q=Caledonian+Trust+PLC,1620590487,16:01:27,20210509
99,1994-01-31,CNN.L,GBP,1994-01-31,1994-01-31,Q1,733250.0,0.0,733250.0,1.0,0.0,0.0,0.0,0.0,174250.0,175750.0,525500.0,1500.0,559000.0,0.7623593590180703,557500.0,0.7603136720081828,0.0,126000.0,0.1718377088305489,0.0,139750.0,0.19058983975451757,0.0145,0.0145,9726000.0,9726000.0,https://find-and-update.company-information.service.gov.uk/search/companies?q=Caledonian+Trust+PLC,https://find-and-update.company-information.service.gov.uk/search/companies?q=Caledonian+Trust+PLC,1620590487,16:01:27,20210509
100,1993-09-30,CNN.L,GBP,1993-09-30,1993-09-30,Q3,632500.0,0.0,632500.0,1.0,0.0,0.0,0.0,-1250.0,139250.0,142000.0,554000.0,2750.0,493250.0,0.7798418972332016,490500.0,0.775494071146245,0.0,180250.0,0.2849802371541502,0.0,199000.0,0.31462450592885377,0.0225,0.0225,8856000.0,8856000.0,https://find-and-update.company-information.service.gov.uk/search/companies?q=Caledonian+Trust+PLC,https://find-and-update.company-information.service.gov.uk/search/companies?q=Caledonian+Trust+PLC,1620590487,16:01:27,20210509
101,1993-06-30,CNN.L,GBP,1993-06-30,1993-06-30,Q2,632500.0,0.0,632500.0,1.0,0.0,0.0,0.0,-1250.0,139250.0,142000.0,554000.0,2750.0,493250.0,0.7798418972332016,490500.0,0.775494071146245,0.0,180250.0,0.2849802371541502,0.0,199000.0,0.31462450592885377,0.0225,0.0225,8856000.0,8856000.0,https://find-and-update.company-information.service.gov.uk/search/companies?q=Caledonian+Trust+PLC,https://find-and-update.company-information.service.gov.uk/search/companies?q=Caledonian+Trust+PLC,1620590487,16:01:27,20210509
102,1993-03-31,CNN.L,GBP,1993-03-31,1993-03-31,Q1,632500.0,0.0,632500.0,1.0,0.0,0.0,0.0,-1250.0,139250.0,142000.0,554000.0,2750.0,493250.0,0.7798418972332016,490500.0,0.775494071146245,0.0,180250.0,0.2849802371541502,0.0,199000.0,0.31462450592885377,0.0225,0.0225,8856000.0,8856000.0,https://find-and-update.company-information.service.gov.uk/search/companies?q=Caledonian+Trust+PLC,https://find-and-update.company-information.service.gov.uk/search/companies?q=Caledonian+Trust+PLC,1620590487,16:01:27,20210509
103,1993-01-31,CNN.L,GBP,1993-01-31,1993-01-31,Q1,632500.0,0.0,632500.0,1.0,0.0,0.0,0.0,-1250.0,139250.0,142000.0,554000.0,2750.0,493250.0,0.7798418972332016,490500.0,0.775494071146245,0.0,180250.0,0.2849802371541502,0.0,199000.0,0.31462450592885377,0.0225,0.0225,8856000.0,8856000.0,https://find-and-update.company-information.service.gov.uk/search/companies?q=Caledonian+Trust+PLC,https://find-and-update.company-information.service.gov.uk/search/companies?q=Caledonian+Trust+PLC,1620590487,16:01:27,20210509
104,1992-09-30,CNN.L,GBP,1992-09-30,1992-09-30,Q3,457250.0,0.0,457250.0,1.0,0.0,0.0,0.0,0.0,124500.0,128250.0,604500.0,3750.0,332750.0,0.7277200656096228,329000.0,0.7195188627665391,0.0,-264000.0,-0.5773646801530892,0.0,-244000.0,-0.5336249316566429,-0.02775,-0.02775,8798000.0,8798000.0,https://find-and-update.company-information.service.gov.uk/search/companies?q=Caledonian+Trust+PLC,https://find-and-update.company-information.service.gov.uk/search/companies?q=Caledonian+Trust+PLC,1620590487,16:01:27,20210509
105,1992-06-30,CNN.L,GBP,1992-06-30,1992-06-30,Q2,457250.0,0.0,457250.0,1.0,0.0,0.0,0.0,0.0,124500.0,128250.0,604500.0,3750.0,332750.0,0.7277200656096228,329000.0,0.7195188627665391,0.0,-264000.0,-0.5773646801530892,0.0,-244000.0,-0.5336249316566429,-0.02775,-0.02775,8798000.0,8798000.0,https://find-and-update.company-information.service.gov.uk/search/companies?q=Caledonian+Trust+PLC,https://find-and-update.company-information.service.gov.uk/search/companies?q=Caledonian+Trust+PLC,1620590487,16:01:27,20210509
106,1992-03-31,CNN.L,GBP,1992-03-31,1992-03-31,Q1,457250.0,0.0,457250.0,1.0,0.0,0.0,0.0,0.0,124500.0,128250.0,604500.0,3750.0,332750.0,0.7277200656096228,329000.0,0.7195188627665391,0.0,-264000.0,-0.5773646801530892,0.0,-244000.0,-0.5336249316566429,-0.02775,-0.02775,8798000.0,8798000.0,https://find-and-update.company-information.service.gov.uk/search/companies?q=Caledonian+Trust+PLC,https://find-and-update.company-information.service.gov.uk/search/companies?q=Caledonian+Trust+PLC,1620590487,16:01:27,20210509
107,1992-01-31,CNN.L,GBP,1992-01-31,1992-01-31,Q1,457250.0,0.0,457250.0,1.0,0.0,0.0,0.0,0.0,124500.0,128250.0,604500.0,3750.0,332750.0,0.7277200656096228,329000.0,0.7195188627665391,0.0,-264000.0,-0.5773646801530892,0.0,-244000.0,-0.5336249316566429,-0.02775,-0.02775,8798000.0,8798000.0,https://find-and-update.company-information.service.gov.uk/search/companies?q=Caledonian+Trust+PLC,https://find-and-update.company-information.service.gov.uk/search/companies?q=Caledonian+Trust+PLC,1620590487,16:01:27,20210509
108,1991-09-30,CNN.L,GBP,1991-09-30,1991-09-30,Q3,360000.0,0.0,360000.0,1.0,0.0,0.0,0.0,179500.0,288750.0,292250.0,655000.0,3500.0,71250.0,0.19791666666666666,67750.0,0.18819444444444444,0.0,-468000.0,-1.3,0.0,-451500.0,-1.2541666666666667,-0.0519085,-0.0519085,8698000.0,8698000.0,https://find-and-update.company-information.service.gov.uk/search/companies?q=Caledonian+Trust+PLC,https://find-and-update.company-information.service.gov.uk/search/companies?q=Caledonian+Trust+PLC,1620590487,16:01:27,20210509
109,1991-06-30,CNN.L,GBP,1991-06-30,1991-06-30,Q2,360000.0,0.0,360000.0,1.0,0.0,0.0,0.0,179500.0,288750.0,292250.0,655000.0,3500.0,71250.0,0.19791666666666666,67750.0,0.18819444444444444,0.0,-468000.0,-1.3,0.0,-451500.0,-1.2541666666666667,-0.0519085,-0.0519085,8698000.0,8698000.0,https://find-and-update.company-information.service.gov.uk/search/companies?q=Caledonian+Trust+PLC,https://find-and-update.company-information.service.gov.uk/search/companies?q=Caledonian+Trust+PLC,1620590487,16:01:27,20210509
110,1991-03-31,CNN.L,GBP,1991-03-31,1991-03-31,Q1,360000.0,0.0,360000.0,1.0,0.0,0.0,0.0,179500.0,288750.0,292250.0,655000.0,3500.0,71250.0,0.19791666666666666,67750.0,0.18819444444444444,0.0,-468000.0,-1.3,0.0,-451500.0,-1.2541666666666667,-0.0519085,-0.0519085,8698000.0,8698000.0,https://find-and-update.company-information.service.gov.uk/search/companies?q=Caledonian+Trust+PLC,https://find-and-update.company-information.service.gov.uk/search/companies?q=Caledonian+Trust+PLC,1620590487,16:01:27,20210509
111,1991-01-31,CNN.L,GBP,1991-01-31,1991-01-31,Q1,360000.0,0.0,360000.0,1.0,0.0,0.0,0.0,179500.0,288750.0,292250.0,655000.0,3500.0,71250.0,0.19791666666666666,67750.0,0.18819444444444444,0.0,-468000.0,-1.3,0.0,-451500.0,-1.2541666666666667,-0.0519085,-0.0519085,8698000.0,8698000.0,https://find-and-update.company-information.service.gov.uk/search/companies?q=Caledonian+Trust+PLC,https://find-and-update.company-information.service.gov.uk/search/companies?q=Caledonian+Trust+PLC,1620590487,16:01:27,20210509
112,1990-09-30,CNN.L,GBP,1990-09-30,1990-09-30,Q3,285750.0,0.0,285750.0,1.0,0.0,0.0,0.0,293750.0,152750.0,154500.0,476000.0,1750.0,133000.0,0.4654418197725284,131250.0,0.45931758530183725,0.0,-181500.0,-0.6351706036745407,-500.0,-181000.0,-0.6334208223972003,-0.0218125,-0.0218125,8298000.0,8298000.0,https://find-and-update.company-information.service.gov.uk/search/companies?q=Caledonian+Trust+PLC,https://find-and-update.company-information.service.gov.uk/search/companies?q=Caledonian+Trust+PLC,1620590487,16:01:27,20210509
113,1990-06-30,CNN.L,GBP,1990-06-30,1990-06-30,Q2,285750.0,0.0,285750.0,1.0,0.0,0.0,0.0,293750.0,152750.0,154500.0,476000.0,1750.0,133000.0,0.4654418197725284,131250.0,0.45931758530183725,0.0,-181500.0,-0.6351706036745407,-500.0,-181000.0,-0.6334208223972003,-0.0218125,-0.0218125,8298000.0,8298000.0,https://find-and-update.company-information.service.gov.uk/search/companies?q=Caledonian+Trust+PLC,https://find-and-update.company-information.service.gov.uk/search/companies?q=Caledonian+Trust+PLC,1620590487,16:01:27,20210509
114,1990-03-31,CNN.L,GBP,1990-03-31,1990-03-31,Q1,285750.0,0.0,285750.0,1.0,0.0,0.0,0.0,293750.0,152750.0,154500.0,476000.0,1750.0,133000.0,0.4654418197725284,131250.0,0.45931758530183725,0.0,-181500.0,-0.6351706036745407,-500.0,-181000.0,-0.6334208223972003,-0.0218125,-0.0218125,8298000.0,8298000.0,https://find-and-update.company-information.service.gov.uk/search/companies?q=Caledonian+Trust+PLC,https://find-and-update.company-information.service.gov.uk/search/companies?q=Caledonian+Trust+PLC,1620590487,16:01:27,20210509
115,1990-01-31,CNN.L,GBP,1990-01-31,1990-01-31,Q1,285750.0,0.0,285750.0,1.0,0.0,0.0,0.0,293750.0,152750.0,154500.0,476000.0,1750.0,133000.0,0.4654418197725284,131250.0,0.45931758530183725,0.0,-181500.0,-0.6351706036745407,-500.0,-181000.0,-0.6334208223972003,-0.0218125,-0.0218125,8298000.0,8298000.0,https://find-and-update.company-information.service.gov.uk/search/companies?q=Caledonian+Trust+PLC,https://find-and-update.company-information.service.gov.uk/search/companies?q=Caledonian+Trust+PLC,1620590487,16:01:27,20210509
116,1989-09-30,CNN.L,GBP,1989-09-30,1989-09-30,Q3,159750.0,0.0,159750.0,1.0,0.0,0.0,0.0,46250.0,158000.0,159750.0,198500.0,1750.0,57000.0,2.8026315789473686,0.0,0.0,0.0,-143250.0,-0.8967136150234741,-74750.0,-68500.0,-0.4287949921752739,-0.008255,-0.008255,8298000.0,8298000.0,https://find-and-update.company-information.service.gov.uk/search/companies?q=Caledonian+Trust+PLC,https://find-and-update.company-information.service.gov.uk/search/companies?q=Caledonian+Trust+PLC,1620590487,16:01:27,20210509
117,1989-06-30,CNN.L,GBP,1989-06-30,1989-06-30,Q2,159750.0,0.0,159750.0,1.0,0.0,0.0,0.0,46250.0,158000.0,159750.0,198500.0,1750.0,57000.0,2.8026315789473686,0.0,0.0,0.0,-143250.0,-0.8967136150234741,-74750.0,-68500.0,-0.4287949921752739,-0.008255,-0.008255,8298000.0,8298000.0,https://find-and-update.company-information.service.gov.uk/search/companies?q=Caledonian+Trust+PLC,https://find-and-update.company-information.service.gov.uk/search/companies?q=Caledonian+Trust+PLC,1620590487,16:01:27,20210509
118,1989-03-31,CNN.L,GBP,1989-03-31,1989-03-31,Q1,159750.0,0.0,159750.0,1.0,0.0,0.0,0.0,46250.0,158000.0,159750.0,198500.0,1750.0,57000.0,2.8026315789473686,0.0,0.0,0.0,-143250.0,-0.8967136150234741,-74750.0,-68500.0,-0.4287949921752739,-0.008255,-0.008255,8298000.0,8298000.0,https://find-and-update.company-information.service.gov.uk/search/companies?q=Caledonian+Trust+PLC,https://find-and-update.company-information.service.gov.uk/search/companies?q=Caledonian+Trust+PLC,1620590487,16:01:27,20210509
119,1989-01-31,CNN.L,GBP,1989-01-31,1989-01-31,Q1,159750.0,0.0,159750.0,1.0,0.0,0.0,0.0,46250.0,158000.0,159750.0,198500.0,1750.0,57000.0,2.8026315789473686,0.0,0.0,0.0,-143250.0,-0.8967136150234741,-74750.0,-68500.0,-0.4287949921752739,-0.008255,-0.008255,8298000.0,8298000.0,https://find-and-update.company-information.service.gov.uk/search/companies?q=Caledonian+Trust+PLC,https://find-and-update.company-information.service.gov.uk/search/companies?q=Caledonian+Trust+PLC,1620590487,16:01:27,20210509
