,date,symbol,reportedCurrency,fillingDate,acceptedDate,period,revenue,costOfRevenue,grossProfit,grossProfitRatio,researchAndDevelopmentExpenses,generalAndAdministrativeExpenses,sellingAndMarketingExpenses,otherExpenses,operatingExpenses,costAndExpenses,interestExpense,depreciationAndAmortization,ebitda,ebitdaratio,operatingIncome,operatingIncomeRatio,totalOtherIncomeExpensesNet,incomeBeforeTax,incomeBeforeTaxRatio,incomeTaxExpense,netIncome,netIncomeRatio,eps,epsdiluted,weightedAverageShsOut,weightedAverageShsOutDil,link,finalLink,timestamp,est_time,est_date
0,2020-12-31,RCM,USD,2021-02-18,2021-02-18 09:16:53,Q4,328400000.0,263700000,64700000.0,0.19701583434835565,0.0,27900000.0,0.0,-2800000.0,27900000.0,291600000,4300000.0,17800000.0,54600000.0,0.16626065773447016,36800000.0,0.1120584652862363,30800000.0,63300000.0,0.19275274056029232,-15300000.0,78600000.0,0.23934226552984167,0.31,0.25,117412406.0,180530133.0,https://www.sec.gov/Archives/edgar/data/1472595/000162828021002423/0001628280-21-002423-index.htm,https://www.sec.gov/Archives/edgar/data/1472595/000162828021002423/ah-20201231.htm,1620597111,17:51:51,20210509
1,2020-09-30,RCM,USD,2020-11-03,2020-11-03 16:07:24,Q3,307200000.0,255200000,52000000.0,0.16927083333333334,0.0,25700000.0,0.0,271000.0,29900000.0,285100000,4400000.0,17300000.0,39400000.0,0.12825520833333334,22100000.0,0.07194010416666667,-11500000.0,6200000.0,0.020182291666666668,1000000.0,5200000.0,0.016927083333333332,-0.003449,-0.003449,115976377.0,115976377.0,https://www.sec.gov/Archives/edgar/data/1472595/000162828020015357/0001628280-20-015357-index.htm,https://www.sec.gov/Archives/edgar/data/1472595/000162828020015357/ah-20200930.htm,1620597111,17:51:51,20210509
2,2020-06-30,RCM,USD,2020-08-05,2020-08-04 17:33:02,Q2,314700000.0,248300000,66400000.0,0.21099459802986972,0.0,23300000.0,0.0,0.0,26500000.0,274800000,4800000.0,17900000.0,57800000.0,0.18366698442961552,39900000.0,0.12678741658722592,-14800000.0,20300000.0,0.06450587861455355,5200000.0,15100000.0,0.04798220527486495,0.04,0.03,115067552.0,165887964.0,https://www.sec.gov/Archives/edgar/data/1472595/000162828020011665/0001628280-20-011665-index.htm,https://www.sec.gov/Archives/edgar/data/1472595/000162828020011665/ah-20200630.htm,1620597111,17:51:51,20210509
3,2020-03-31,RCM,USD,2020-05-05 00:00:00,2020-05-05 09:27:27,Q1,320500000.0,253900000,66600000.0,0.2078003120124805,0.0,25500000.0,0.0,0.0,30000000.0,283900000,0.0,15700000.0,52300000.0,0.16318252730109203,36600000.0,0.11419656786271451,-4200000.0,28600000.0,0.08923556942277691,10400000.0,18200000.0,0.05678627145085804,0.06,0.05,114441043.0,169620178.0,https://www.sec.gov/Archives/edgar/data/1472595/000162828020006365/0001628280-20-006365-index.html,https://www.sec.gov/Archives/edgar/data/1472595/000162828020006365/ah-20200331.htm,1620597111,17:51:51,20210509
4,2019-12-31,RCM,USD,2020-02-20 00:00:00,2020-02-20 08:59:03,Q4,314000000.0,262600000,51400000.0,0.16369426751592356,0.0,27800000.0,0.0,-300000.0,31000000.0,293600000,0.0,15800000.0,36200000.0,0.11528662420382166,20400000.0,0.06496815286624204,-6100000.0,10300000.0,0.03280254777070064,2500000.0,7800000.0,0.024840764331210193,0.06905421619148734,0.046192762326121115,112954725.0,168857622.0,https://www.sec.gov/Archives/edgar/data/1472595/000162828020001837/0001628280-20-001837-index.html,https://www.sec.gov/Archives/edgar/data/1472595/000162828020001837/a201910k.htm,1620597111,17:51:51,20210509
5,2019-09-30,RCM,USD,2019-11-05 00:00:00,2019-11-05 09:08:21,Q3,301200000.0,241900000,59300000.0,0.19687915006640105,0.0,28300000.0,0.0,-100000.0,29700000.0,271600000,0.0,14100000.0,43700000.0,0.1450863213811421,29600000.0,0.09827357237715803,-6000000.0,18600000.0,0.061752988047808766,9400000.0,9200000.0,0.03054448871181939,0.02,0.01,112230439.0,165622407.0,https://www.sec.gov/Archives/edgar/data/1472595/000162828019013243/0001628280-19-013243-index.html,https://www.sec.gov/Archives/edgar/data/1472595/000162828019013243/q3201910q.htm,1620597111,17:51:51,20210509
6,2019-06-30,RCM,USD,2019-08-06,2019-08-06 08:58:54,Q2,295000000.0,246100000,48900000.0,0.16576271186440678,0.0,25800000.0,0.0,-700000.0,28400000.0,274500000,0.0,12900000.0,33400000.0,0.11322033898305085,20500000.0,0.06949152542372881,-26900000.0,-16300000.0,-0.055254237288135596,-11100000.0,-5200000.0,-0.017627118644067796,-0.09,-0.09,110956014.0,110956014.0,https://www.sec.gov/Archives/edgar/data/1472595/000162828019010037/q2201910q.htm,https://www.sec.gov/Archives/edgar/data/1472595/000162828019010037/q2201910q.htm,1620597111,17:51:51,20210509
7,2019-03-31,RCM,USD,2019-05-09 00:00:00,2019-05-09 09:05:04,Q1,275900000.0,237200000,38700000.0,0.1402682131206959,0.0,22500000.0,0.0,0.0,25000000.0,262200000,0.0,12900000.0,26600000.0,0.09641174338528452,13700000.0,0.049655672345052554,-6200000.0,-2800000.0,-0.010148604566872055,-3000000.0,200000.0,0.0007249003262051468,-0.04,-0.04,109802632.0,109802632.0,https://www.sec.gov/Archives/edgar/data/1472595/000162828019006353/0001628280-19-006353-index.html,https://www.sec.gov/Archives/edgar/data/1472595/000162828019006353/q1201910q.htm,1620597111,17:51:51,20210509
8,2018-12-31,RCM,USD,2019-02-22 00:00:00,2019-02-22 16:51:09,Q4,262900000.0,222700000,40200000.0,0.15290985165462154,0.0,28800000.0,0.0,100000.0,32300000.0,255000000,0.0,11200000.0,19100000.0,0.07265119817421073,7900000.0,0.0300494484594903,-4000000.0,-6800000.0,-0.025865348041080257,-1100000.0,-5700000.0,-0.021681247622670218,-0.1,-0.1,109299653.0,109299653.0,https://www.sec.gov/Archives/edgar/data/1472595/000162828019001770/0001628280-19-001770-index.html,https://www.sec.gov/Archives/edgar/data/1472595/000162828019001770/a201810k.htm,1620597111,17:51:51,20210509
9,2018-09-30,RCM,USD,2018-11-07 00:00:00,2018-11-07 09:02:19,Q3,250400000.0,219300000,31100000.0,0.12420127795527157,0.0,29600000.0,0.0,-500000.0,30100000.0,249400000,0.0,14200000.0,15200000.0,0.06070287539936102,1000000.0,0.003993610223642172,-6800000.0,-15800000.0,-0.06309904153354633,-2400000.0,-13400000.0,-0.05351437699680511,-0.17,-0.17,109089507.0,109089507.0,https://www.sec.gov/Archives/edgar/data/1472595/000162828018013834/0001628280-18-013834-index.html,https://www.sec.gov/Archives/edgar/data/1472595/000162828018013834/q3201810q.htm,1620597111,17:51:51,20210509
10,2018-06-30,RCM,USD,2018-08-09 00:00:00,2018-08-09 09:20:50,Q2,207900000.0,189900000,18000000.0,0.08658008658008658,0.0,22500000.0,0.0,0.0,22500000.0,212400000,0.0,8500000.0,4000000.0,0.01924001924001924,-4500000.0,-0.021645021645021644,-13200000.0,-23500000.0,-0.11303511303511303,-20600000.0,-2900000.0,-0.013949013949013949,-0.07,-0.07,108157583.0,108157583.0,https://www.sec.gov/Archives/edgar/data/1472595/000162828018010868/0001628280-18-010868-index.html,https://www.sec.gov/Archives/edgar/data/1472595/000162828018010868/q2201810q.htm,1620597111,17:51:51,20210509
11,2018-03-31,RCM,USD,2018-05-10 00:00:00,2018-05-10 16:41:49,Q1,147300000.0,138700000,8600000.0,0.058384249830278345,0.0,17000000.0,0.0,-2400000.0,17000000.0,155700000,0.0,4900000.0,-3500000.0,-0.02376103190767142,-8400000.0,-0.05702647657841141,-2400000.0,-10600000.0,-0.07196198234894773,12700000.0,-23300000.0,-0.1581805838424983,-0.26,-0.26,105831571.0,105831571.0,https://www.sec.gov/Archives/edgar/data/1472595/000162828018006576/0001628280-18-006576-index.html,https://www.sec.gov/Archives/edgar/data/1472595/000162828018006576/q1201810q.htm,1620597111,17:51:51,20210509
12,2017-12-31,RCM,USD,2018-03-09 00:00:00,2018-03-09 09:20:37,Q4,140300000.0,127200000,13100000.0,0.09337134711332858,0.0,14700000.0,0.0,-2100000.0,14700000.0,141900000,0.0,4800000.0,3200000.0,0.022808267997148968,-1600000.0,-0.011404133998574484,-2100000.0,-3600000.0,-0.02565930149679259,36600000.0,-40200000.0,-0.28652886671418387,-0.44,-0.44,102180517.0,102180517.0,https://www.sec.gov/Archives/edgar/data/1472595/000147259518000023/0001472595-18-000023-index.html,https://www.sec.gov/Archives/edgar/data/1472595/000147259518000023/a201710k.htm,1620597111,17:51:51,20210509
13,2017-09-30,RCM,USD,2017-10-31 00:00:00,2017-10-31 16:30:49,Q3,123200000.0,111800000,11400000.0,0.09253246753246754,0.0,15100000.0,0.0,0.0,15100000.0,126900000,0.0,4500000.0,800000.0,0.006493506493506494,-3700000.0,-0.030032467532467532,-1400000.0,-5100000.0,-0.041396103896103896,-1500000.0,-3600000.0,-0.02922077922077922,-0.08,-0.08,102225422.0,102225422.0,https://www.sec.gov/Archives/edgar/data/1472595/000147259517000112/0001472595-17-000112-index.html,https://www.sec.gov/Archives/edgar/data/1472595/000147259517000112/q3201710q.htm,1620597111,17:51:51,20210509
14,2017-06-30,RCM,USD,2017-08-02 00:00:00,2017-08-02 17:11:47,Q2,99400000.0,96400000,3000000.0,0.030181086519114688,0.0,12200000.0,0.0,0.0,12200000.0,108600000,0.0,3800000.0,-5400000.0,-0.05432595573440644,-9200000.0,-0.0925553319919517,-1000000.0,-10200000.0,-0.10261569416498995,-3500000.0,-6700000.0,-0.06740442655935613,-0.11,-0.11,102467078.0,102467078.0,https://www.sec.gov/Archives/edgar/data/1472595/000147259517000087/0001472595-17-000087-index.html,https://www.sec.gov/Archives/edgar/data/1472595/000147259517000087/june30201710q.htm,1620597111,17:51:51,20210509
15,2017-03-31,RCM,USD,2017-05-09 00:00:00,2017-05-09 16:51:56,Q1,86900000.0,80900000,6000000.0,0.06904487917146145,0.0,14300000.0,0.0,0.0,14300000.0,95200000,0.0,3200000.0,-5100000.0,-0.05868814729574223,-8300000.0,-0.09551208285385501,-200000.0,-8400000.0,-0.09666283084004602,-100000.0,-8300000.0,-0.09551208285385501,-0.12,-0.12,101364424.0,101364424.0,https://www.sec.gov/Archives/edgar/data/1472595/000147259517000048/0001472595-17-000048-index.html,https://www.sec.gov/Archives/edgar/data/1472595/000147259517000048/march31201710q.htm,1620597111,17:51:51,20210509
16,2016-12-31,RCM,USD,2017-03-01 00:00:00,2017-03-01 16:24:36,Q4,106157000.0,62079000,44078000.0,0.41521520012811214,0.0,15740000.0,0.0,-829000.0,-4253000.0,57826000,0.0,2893000.0,51224000.0,0.482530591482427,48331000.0,0.45527850259521274,-829000.0,27619000.0,0.2601712557815311,14493000.0,13126000.0,0.12364705106587413,0.05,0.05,101022185.0,101022185.0,https://www.sec.gov/Archives/edgar/data/1472595/000147259517000023/0001472595-17-000023-index.html,https://www.sec.gov/Archives/edgar/data/1472595/000147259517000023/december312016_doc.htm,1620597111,17:51:51,20210509
17,2016-09-30,RCM,USD,2016-11-02 00:00:00,2016-11-02 16:27:56,Q3,125535000.0,47376000,78159000.0,0.6226072410084836,0.0,16201000.0,0.0,-536000.0,16737000.0,64113000,0.0,2673000.0,64095000.0,0.5105747401123193,61422000.0,0.489281873581073,-536000.0,61479000.0,0.48973593021866413,24146000.0,37333000.0,0.29739116581033176,0.3698733083111146,0.36537834417146525,100934561.0,102176280.0,https://www.sec.gov/Archives/edgar/data/1472595/000147259516000270/0001472595-16-000270-index.html,https://www.sec.gov/Archives/edgar/data/1472595/000147259516000270/september302016-form10q.htm,1620597111,17:51:51,20210509
18,2016-06-30,RCM,USD,2016-08-04 00:00:00,2016-08-04 16:04:36,Q2,8672000.0,45112000,-36440000.0,-4.202029520295203,0.0,24660000.0,0.0,-8651000.0,33311000.0,78423000,0.0,2361000.0,-67390000.0,-7.770987084870849,-69751000.0,-8.043242619926199,-8651000.0,-69705000.0,-8.037938191881919,-28914000.0,-40791000.0,-4.703759225092251,-0.45,-0.45,99414066.0,99414066.0,https://www.sec.gov/Archives/edgar/data/1472595/000147259516000220/0001472595-16-000220-index.html,https://www.sec.gov/Archives/edgar/data/1472595/000147259516000220/june302016-form10q.htm,1620597111,17:51:51,20210509
19,2016-03-31,RCM,USD,2016-05-10 00:00:00,2016-05-10 16:19:42,Q1,352193000.0,45130000,307063000.0,0.8718600312896622,0.0,17536000.0,0.0,-10806000.0,28342000.0,73472000,0.0,2271000.0,280992000.0,0.7978352778164245,278721000.0,0.7913871087727468,-10806000.0,278805000.0,0.7916256143648511,111402000.0,167403000.0,0.4753160908933454,1.7031573631616432,1.6869694946359262,98289802.0,99232974.0,https://www.sec.gov/Archives/edgar/data/1472595/000147259516000203/0001472595-16-000203-index.html,https://www.sec.gov/Archives/edgar/data/1472595/000147259516000203/march312016-form10q.htm,1620597111,17:51:51,20210509
20,2015-12-31,RCM,USD,2016-03-10 00:00:00,2016-03-10 16:07:27,Q4,68341000.0,38693000,29648000.0,0.43382449773927806,0.0,15237000.0,0.0,0.0,15237000.0,53930000,0.0,1906000.0,16317000.0,0.23875857830584862,14411000.0,0.21086902445091527,-3493000.0,11002000.0,0.1609868161133141,5555000.0,5447000.0,0.07970325280578276,0.055503539739011086,0.05515879322403339,98137885.0,98751254.0,https://www.sec.gov/Archives/edgar/data/1472595/000147259516000160/0001472595-16-000160-index.html,https://www.sec.gov/Archives/edgar/data/1472595/000147259516000160/december312015_doc.htm,1620597111,17:51:51,20210509
21,2015-09-30,RCM,USD,2015-11-09 00:00:00,2015-11-09 16:06:46,Q3,15842000.0,45326000,-29484000.0,-1.8611286453730589,0.0,21395000.0,0.0,0.0,21395000.0,66721000,0.0,2738000.0,-48141000.0,-3.0388208559525314,-50879000.0,-3.211652569120061,-3964000.0,-54770000.0,-3.4572654967807095,-21800000.0,-32970000.0,-2.0811766191137484,-0.34,-0.34,97230069.0,97230069.0,https://www.sec.gov/Archives/edgar/data/1472595/000147259515000124/0001472595-15-000124-index.html,https://www.sec.gov/Archives/edgar/data/1472595/000147259515000124/september302015-form10q.htm,1620597111,17:51:51,20210509
22,2015-06-30,RCM,USD,2015-07-07 00:00:00,2015-07-07 17:18:10,Q2,22085000.0,42762000,-20677000.0,-0.9362463210323749,0.0,20969000.0,0.0,0.0,20969000.0,63731000,0.0,2101000.0,-39545000.0,-1.7905818428797826,-41646000.0,-1.8857142857142857,-611000.0,-42188000.0,-1.9102558297486982,-15900000.0,-26288000.0,-1.1903101652705457,-0.27,-0.27,95941077.0,95941077.0,https://www.sec.gov/Archives/edgar/data/1472595/000147259515000071/0001472595-15-000071-index.html,https://www.sec.gov/Archives/edgar/data/1472595/000147259515000071/march312015-form10q.htm,1620597111,17:51:51,20210509
23,2015-03-31,RCM,USD,2015-06-23 00:00:00,2015-06-23 16:12:24,Q1,10971000.0,42196000,-31225000.0,-2.846139823170176,0.0,17362000.0,0.0,0.0,17362000.0,59558000,0.0,1717000.0,-46870000.0,-4.2721720900556015,-48587000.0,-4.428675599307264,-1275000.0,-49857000.0,-4.544435329505059,-19412000.0,-30445000.0,-2.7750432959620817,-0.32,-0.32,95889146.0,95889146.0,https://www.sec.gov/Archives/edgar/data/1472595/000147259515000051/0001472595-15-000051-index.html,https://www.sec.gov/Archives/edgar/data/1472595/000147259515000051/december31201410k_doc.htm,1620597111,17:51:51,20210509
24,2014-12-31,RCM,USD,2015-06-23,2015-06-23 16:12:24,Q4,47456000.0,43893000,3563000.0,0.07508007417397168,0.0,16274000.0,0.0,0.0,16274000.0,60167000,0.0,1768000.0,-10943000.0,-0.23059254888739042,-12711000.0,-0.26784811193526636,-18859000.0,-31520000.0,-0.6641942009440324,-13869000.0,-17651000.0,-0.3719445380984491,-0.1840771425787857,-0.1840771425787857,95889146.0,95889146.0,https://www.sec.gov/Archives/edgar/data/1472595/000147259515000051/0001472595-15-000051-index.htm,https://www.sec.gov/Archives/edgar/data/1472595/000147259515000051/december31201410k_doc.htm,1620597111,17:51:51,20210509
25,2014-09-30,RCM,USD,2014-12-30 00:00:00,2014-12-30 16:07:21,Q3,90745000.0,45370000,45375000.0,0.5000275497272577,0.0,16785000.0,0.0,0.0,16785000.0,62155000,0.0,1403000.0,29993000.0,0.3305195878560802,28590000.0,0.3150586809190589,-13846000.0,14844000.0,0.1635792605653204,5291000.0,9553000.0,0.10527301779712381,0.09974357037941513,0.09823107762299342,95775597.0,97250282.0,https://www.sec.gov/Archives/edgar/data/1472595/000119312514457093/0001193125-14-457093-index.html,https://www.sec.gov/Archives/edgar/data/1472595/000119312514457093/d679613d10k.htm,1620597111,17:51:51,20210509
26,2014-06-30,RCM,USD,2015-06-23,2015-06-23 16:07:57,Q2,58975000.0,47949000,11026000.0,0.18696057651547265,0.0,19458000.0,0.0,0.0,19458000.0,67407000,0.0,1471000.0,-6961000.0,-0.11803306485799067,-8432000.0,-0.14297583721916066,-18760000.0,-27140000.0,-0.4601949978804578,-10341000.0,-16799000.0,-0.28484951250529883,-0.18,-0.18,95753302.0,95753302.0,https://www.sec.gov/Archives/edgar/data/1472595/000147259515000048/0001472595-15-000048-index.htm,https://www.sec.gov/Archives/edgar/data/1472595/000147259515000048/june302014-form10q.htm,1620597111,17:51:51,20210509
27,2014-03-31,RCM,USD,2015-06-23,2015-06-23 16:06:46,Q1,12964000.0,44932000,-31968000.0,-2.4659055846960816,0.0,17366000.0,0.0,0.0,17366000.0,62298000,0.0,1405000.0,-47929000.0,-3.697084233261339,-49334000.0,-3.8054612773835235,-35301000.0,-84535000.0,-6.520749768589941,-29812000.0,-54723000.0,-4.221150879358222,-0.57,-0.57,95723185.0,95723185.0,https://www.sec.gov/Archives/edgar/data/1472595/000147259515000047/0001472595-15-000047-index.htm,https://www.sec.gov/Archives/edgar/data/1472595/000119312514457093/d679613d10k.htm,1620597111,17:51:51,20210509
28,2013-12-31,RCM,USD,2014-12-30,2014-12-30 16:07:21,Q4,83861000.0,41749000,42112000.0,0.5021642956797557,0.0,16657000.0,0.0,0.0,16657000.0,58406000,0.0,1592000.0,27047000.0,0.3225217920129739,25455000.0,0.3035379974004603,-15497000.0,10123000.0,0.1207116538080872,3737000.0,6386000.0,0.07614981934391434,0.0667132001510397,0.0667132001510397,95723185.0,95723185.0,https://www.sec.gov/Archives/edgar/data/1472595/000119312514457093/0001193125-14-457093-index.htm,https://www.sec.gov/Archives/edgar/data/1472595/000119312514457093/d679613d10k.htm,1620597111,17:51:51,20210509
29,2013-09-30,RCM,USD,2013-09-30,2013-09-30,Q3,18342000.0,47544000,-29202000.0,-1.5920837422309453,0.0,0.0,0.0,0.0,22562000.0,70106000,0.0,1709000.0,-50055000.0,-2.7289826627412497,-51764000.0,-2.822156798604296,-9182000.0,-60899000.0,-3.320194090066514,-23328000.0,-37571000.0,-2.048358957583688,-0.39,-0.39,95689798.0,95689798.0,,,1620597111,17:51:51,20210509
30,2013-06-30,RCM,USD,2013-06-30,2013-06-30,Q2,374408000.0,49926000,324482000.0,0.8666534903100361,0.0,0.0,0.0,0.0,18675000.0,68601000,0.0,1771000.0,307578000.0,0.8215048823743082,305807000.0,0.816774748402812,-8253000.0,297611000.0,0.7948841905087498,109878000.0,187733000.0,0.5014128971603171,1.96,1.93,95679451.0,97029115.0,,,1620597111,17:51:51,20210509
31,2013-03-31,RCM,USD,2013-03-31,2013-03-31,Q1,28157000.0,47533000,-19376000.0,-0.6881414923464858,0.0,0.0,0.0,0.0,22057000.0,69590000,0.0,1751000.0,-39682000.0,-1.4093120715985368,-41433000.0,-1.471499094363746,-1031000.0,-42403000.0,-1.5059487871577228,-15938000.0,-26465000.0,-0.9399083709201974,-0.28,-0.28,95675682.0,95675682.0,,,1620597111,17:51:51,20210509
32,2012-12-31,RCM,USD,2012-12-31,2012-12-31,Q4,-641309000.0,-388712000,-252597000.0,0.3938772105178627,0.0,0.0,0.0,0.0,-60990000.0,-449702000,0.0,-2042000.0,-193649000.0,0.30195896206041084,-191607000.0,0.29877484956549805,0.0,-195180000.0,0.3043462667762342,-71770000.0,-123410000.0,0.19243453623760154,-1.2415860936884509,-1.2415860936884509,99397054.0,99397054.0,,,1620597111,17:51:51,20210509
33,2012-09-30,RCM,USD,2012-11-08 00:00:00,2012-11-08 16:34:32,Q3,223134000.0,176971000,46163000.0,0.20688465227172909,0.0,39754000.0,0.0,0.0,39754000.0,216725000,0.0,3319000.0,9728000.0,0.04359712101248577,6409000.0,0.02872265096309841,0.0,6408000.0,0.028718169351152224,3653000.0,2755000.0,0.012346840911739135,0.027717119261904885,0.027319055089514183,99397054.0,100845362.0,https://www.sec.gov/Archives/edgar/data/1472595/000147259512000046/0001472595-12-000046-index.html,https://www.sec.gov/Archives/edgar/data/1472595/000147259512000046/ahform10q_q3x2012.htm,1620597111,17:51:51,20210509
34,2012-06-30,RCM,USD,2012-08-09 00:00:00,2012-08-09 16:02:00,Q2,236687000.0,191374000,45313000.0,0.19144693202415003,0.0,46621000.0,0.0,0.0,46621000.0,237995000,0.0,2622000.0,1314000.0,0.005551635704538061,-1308000.0,-0.005526285769814143,0.0,-1308000.0,-0.005526285769814143,-730000.0,-578000.0,-0.002442043711737442,-0.01,-0.01,99354189.0,99354189.0,https://www.sec.gov/Archives/edgar/data/1472595/000147259512000037/0001472595-12-000037-index.html,https://www.sec.gov/Archives/edgar/data/1472595/000147259512000037/ahform10q_q2x2012.htm,1620597111,17:51:51,20210509
35,2012-03-31,RCM,USD,2012-05-09 00:00:00,2012-05-09 16:54:17,Q1,253742000.0,209033000,44709000.0,0.17619865847987326,0.0,42365000.0,0.0,0.0,42365000.0,251398000,0.0,2456000.0,4800000.0,0.018916852551016387,2344000.0,0.009237729662413003,0.0,2345000.0,0.009241670673361131,852000.0,1493000.0,0.005883929345555722,0.02,0.01,98923908.0,102582322.0,https://www.sec.gov/Archives/edgar/data/1472595/000147259512000019/0001472595-12-000019-index.html,https://www.sec.gov/Archives/edgar/data/1472595/000147259512000019/ahform10q_q1x2012.htm,1620597111,17:51:51,20210509
36,2011-12-31,RCM,USD,2012-02-29 00:00:00,2012-02-29 16:04:29,Q4,260082000.0,194480000,65602000.0,0.25223583331410865,0.0,43405000.0,0.0,0.0,43405000.0,237885000,0.0,2036000.0,24233000.0,0.09317446036250106,22197000.0,0.08534616005721272,0.0,22199000.0,0.08535384993963442,9018000.0,13181000.0,0.050680170100199165,0.13324382615373423,0.13324382615373423,98923908.0,98923908.0,https://www.sec.gov/Archives/edgar/data/1472595/000147259512000004/0001472595-12-000004-index.html,https://www.sec.gov/Archives/edgar/data/1472595/000147259512000004/a201110-kdocument.htm,1620597111,17:51:51,20210509
37,2011-09-30,RCM,USD,2011-11-10 00:00:00,2011-11-10 15:56:19,Q3,218893000.0,169898000,48995000.0,0.2238308214515768,0.0,36767000.0,0.0,0.0,36767000.0,206665000,0.0,2162000.0,14390000.0,0.06573988204282458,12228000.0,0.05586291018899645,0.0,12233000.0,0.05588575239957422,4963000.0,7270000.0,0.03321257418007885,0.07434050006430913,0.07136624481460915,97793262.0,101868888.0,https://www.sec.gov/Archives/edgar/data/1472595/000147259511000007/0001472595-11-000007-index.html,https://www.sec.gov/Archives/edgar/data/1472595/000147259511000007/ahform10q_q3x2011.htm,1620597111,17:51:51,20210509
38,2011-06-30,RCM,USD,2011-08-12 00:00:00,2011-08-12 12:56:05,Q2,183587000.0,136530000,47057000.0,0.2563198919313459,0.0,33828000.0,0.0,0.0,33828000.0,170358000,0.0,2117000.0,15346000.0,0.08358979666316242,13229000.0,0.07205847908620981,0.0,13235000.0,0.07209116113886059,4682000.0,8553000.0,0.04658826605369661,0.09,0.08,96569081.0,101064774.0,https://www.sec.gov/Archives/edgar/data/1472595/000095012311076613/0000950123-11-076613-index.html,https://www.sec.gov/Archives/edgar/data/1472595/000095012311076613/c64878ae10vq.htm,1620597111,17:51:51,20210509
39,2011-03-31,RCM,USD,2011-05-12 00:00:00,2011-05-11 17:41:20,Q1,163714000.0,129541000,34173000.0,0.20873596638039507,0.0,33772000.0,0.0,0.0,33772000.0,163313000,0.0,1997000.0,2398000.0,0.01464749502180632,401000.0,0.0024493934544388384,0.0,410000.0,0.002504367372368887,250000.0,160000.0,0.0009773140965341999,0.0016813361317632022,0.0016132537995177036,95162411.0,99178443.0,https://www.sec.gov/Archives/edgar/data/1472595/000144530511000900/0001445305-11-000900-index.html,https://www.sec.gov/Archives/edgar/data/1472595/000144530511000900/ah2011q110q.htm,1620597111,17:51:51,20210509
40,2010-12-31,RCM,USD,2011-03-18,2011-03-18 17:02:06,Q4,170029000.0,131702000,38327000.0,0.22541448811673304,0.0,29095000.0,0.0,0.0,29095000.0,160797000,0.0,1758000.0,10990000.0,0.06463603267677867,9232000.0,0.05429661998835493,0.0,9237000.0,0.05432602673661552,3709000.0,5528000.0,0.032512100876909235,0.058090163352418636,0.058090163352418636,95162411.0,95162411.0,https://www.sec.gov/Archives/edgar/data/1472595/000095012311026904/0000950123-11-026904-index.htm,https://www.sec.gov/Archives/edgar/data/1472595/000095012311026904/c63367e10vk.htm,1620597111,17:51:51,20210509
41,2010-09-30,RCM,USD,2010-11-12 00:00:00,2010-11-12 15:33:10,Q3,158424000.0,126272000,32152000.0,0.20294904812402162,0.0,27671000.0,0.0,0.0,27671000.0,153943000,0.0,1837000.0,6318000.0,0.03988032116346008,4481000.0,0.02828485582992476,0.0,4495000.0,0.028373226278846638,1637000.0,2858000.0,0.01804019592990961,0.0313850873790263,0.02932351021049653,91062356.0,97464457.0,https://www.sec.gov/Archives/edgar/data/1472595/000095012310104913/0000950123-10-104913-index.html,https://www.sec.gov/Archives/edgar/data/1472595/000095012310104913/c61239e10vq.htm,1620597111,17:51:51,20210509
42,2010-06-30,RCM,USD,2010-06-30,2010-06-30,Q2,151905000.0,118014000,33891000.0,0.22310654685494224,0.0,0.0,0.0,0.0,26457000.0,144471000,0.0,1309000.0,8743000.0,0.05755570916033047,7434000.0,0.048938481287646884,0.0,7436000.0,0.048951647411210955,3517000.0,3919000.0,0.025799019123794478,0.06,0.04,61660729.0,92734255.0,,,1620597111,17:51:51,20210509
43,2010-03-31,RCM,USD,2010-03-31,2010-03-31,Q1,125937000.0,102289000,23648000.0,0.18777642789648794,0.0,0.0,0.0,0.0,22476000.0,124765000,0.0,1253000.0,2425000.0,0.019255659575819657,1172000.0,0.009306240421798201,0.0,1180000.0,0.009369764247202967,866000.0,314000.0,0.0024933101471370607,0.0,0.0,82650503.0,90078460.0,,,1620597111,17:51:51,20210509
44,2009-12-31,RCM,USD,2009-12-31,2009-12-31,Q4,137531000.0,109159000,28372000.0,0.2062953079669311,0.0,0.0,0.0,0.0,20483000.0,129642000,0.0,1082000.0,8971000.0,0.06522893020482655,7889000.0,0.057361613018155906,0.0,7892000.0,0.05738342628207459,2786000.0,5106000.0,0.037126175189593616,0.0,0.0,0.0,0.0,,,1620597111,17:51:51,20210509
45,2009-09-30,RCM,USD,2009-09-30,2009-09-30,Q3,134512000.0,105885000,28627000.0,0.21282116093731415,0.0,0.0,0.0,0.0,21643000.0,127528000,0.0,957000.0,7941000.0,0.05903562507434281,6984000.0,0.05192101819911978,0.0,6889000.0,0.05121476150826692,2619000.0,4270000.0,0.031744379683597,-0.11,-0.11,36822226.0,36822226.0,,,1620597111,17:51:51,20210509
46,2009-06-30,RCM,USD,2009-06-30,2009-06-30,Q2,125682000.0,102964000,22718000.0,0.18075778552219093,0.0,0.0,0.0,0.0,19799000.0,122763000,0.0,962000.0,3881000.0,0.03087952133161471,2919000.0,0.02322528285673366,0.0,2958000.0,0.023535589821931543,-2893000.0,-557000.0,-0.00443181999013383,0.07,0.06,36685057.0,44141368.0,,,1620597111,17:51:51,20210509
47,2009-03-31,RCM,USD,2009-03-31,2009-03-31,Q1,112467000.0,92703000,19764000.0,0.1757315479207234,0.0,0.0,0.0,0.0,19992000.0,112695000,0.0,920000.0,692000.0,0.006152915966461273,-228000.0,-0.0020272613299901305,0.0,-184000.0,-0.0016360354592902806,454000.0,-638000.0,-0.0056727751251478215,-0.01727,-0.01727,36943691.0,44371648.0,,,1620597111,17:51:51,20210509
48,2008-12-31,RCM,USD,2008-12-31,2008-12-31,Q4,105251000.0,87504000,17747000.0,0.16861597514512927,0.0,0.0,0.0,0.0,18065000.0,105569000,0.0,1128000.0,810000.0,0.007695888875165082,-318000.0,-0.0030213489658055506,0.0,-292000.0,-0.002774320434010128,224000.0,-516000.0,-0.00490256624640146,0.0,0.0,0.0,0.0,,,1620597111,17:51:51,20210509
49,2008-09-30,RCM,USD,2008-09-30,2008-09-30,Q3,105957000.0,87625000,18332000.0,0.17301358098096398,0.0,0.0,0.0,0.0,14816000.0,102441000,0.0,492000.0,4008000.0,0.03782666553413177,3516000.0,0.03318327245958266,0.0,3767000.0,0.03555215795086686,1414000.0,2353000.0,0.022207121756939136,0.0,0.0,0.0,0.0,,,1620597111,17:51:51,20210509
