,date,symbol,reportedCurrency,fillingDate,acceptedDate,period,revenue,costOfRevenue,grossProfit,grossProfitRatio,researchAndDevelopmentExpenses,generalAndAdministrativeExpenses,sellingAndMarketingExpenses,otherExpenses,operatingExpenses,costAndExpenses,interestExpense,depreciationAndAmortization,ebitda,ebitdaratio,operatingIncome,operatingIncomeRatio,totalOtherIncomeExpensesNet,incomeBeforeTax,incomeBeforeTaxRatio,incomeTaxExpense,netIncome,netIncomeRatio,eps,epsdiluted,weightedAverageShsOut,weightedAverageShsOutDil,link,finalLink,timestamp,est_time,est_date
0,2019-06-30,MACF.L,GBP,2019-06-30,2019-06-30,Q2,56347250,38314000.0,18033250.0,0.3200378013123977,0.0,12515500.0,2110250.0,0.0,0.0,52939750,401500.0,2551750.0,5959250.0,0.10575937601213901,3407500.0,0.06047322628877186,0.0,3006000.0,0.053347767637284875,573250.0,2432750.0,0.04317424541570352,0.015425,0.0154,157636000,158029000,https://find-and-update.company-information.service.gov.uk/search/companies?q=Macfarlane+Group+PLC,https://find-and-update.company-information.service.gov.uk/search/companies?q=Macfarlane+Group+PLC,1620594708,17:11:48,20210509
1,2019-03-31,MACF.L,GBP,2019-03-31,2019-03-31,Q1,56347250,38314000.0,18033250.0,0.3200378013123977,0.0,12515500.0,2110250.0,0.0,0.0,52939750,401500.0,2551750.0,5959250.0,0.10575937601213901,3407500.0,0.06047322628877186,0.0,3006000.0,0.053347767637284875,573250.0,2432750.0,0.04317424541570352,0.015425,0.0154,157636000,158029000,https://find-and-update.company-information.service.gov.uk/search/companies?q=Macfarlane+Group+PLC,https://find-and-update.company-information.service.gov.uk/search/companies?q=Macfarlane+Group+PLC,1620594708,17:11:48,20210509
2,2019-01-31,MACF.L,GBP,2019-01-31,2019-01-31,Q1,56347250,38314000.0,18033250.0,0.3200378013123977,0.0,12515500.0,2110250.0,0.0,0.0,52939750,401500.0,2551750.0,5959250.0,0.10575937601213901,3407500.0,0.06047322628877186,0.0,3006000.0,0.053347767637284875,573250.0,2432750.0,0.04317424541570352,0.015425,0.0154,157636000,158029000,https://find-and-update.company-information.service.gov.uk/search/companies?q=Macfarlane+Group+PLC,https://find-and-update.company-information.service.gov.uk/search/companies?q=Macfarlane+Group+PLC,1620594708,17:11:48,20210509
3,2018-06-30,MACF.L,GBP,2018-06-30,2018-06-30,Q2,54322500,37687250.0,16635250.0,0.306231303787565,0.0,11478000.0,2151000.0,0.0,0.0,51316250,202250.0,959250.0,3965500.0,0.0729992176354181,3006250.0,0.055340788807584335,0.0,2721500.0,0.05009894610888674,536250.0,2185250.0,0.040227345943209536,0.013875,0.013875,157548000,157548000,https://find-and-update.company-information.service.gov.uk/search/companies?q=Macfarlane+Group+PLC,https://find-and-update.company-information.service.gov.uk/search/companies?q=Macfarlane+Group+PLC,1620594708,17:11:48,20210509
4,2018-03-31,MACF.L,GBP,2018-03-31,2018-03-31,Q1,54322500,37687250.0,16635250.0,0.306231303787565,0.0,11478000.0,2151000.0,0.0,0.0,51316250,202250.0,959250.0,3965500.0,0.0729992176354181,3006250.0,0.055340788807584335,0.0,2721500.0,0.05009894610888674,536250.0,2185250.0,0.040227345943209536,0.013875,0.013875,157548000,157548000,https://find-and-update.company-information.service.gov.uk/search/companies?q=Macfarlane+Group+PLC,https://find-and-update.company-information.service.gov.uk/search/companies?q=Macfarlane+Group+PLC,1620594708,17:11:48,20210509
5,2018-01-31,MACF.L,GBP,2018-01-31,2018-01-31,Q1,54322500,37687250.0,16635250.0,0.306231303787565,0.0,11478000.0,2151000.0,0.0,0.0,51316250,202250.0,959250.0,3965500.0,0.0729992176354181,3006250.0,0.055340788807584335,0.0,2721500.0,0.05009894610888674,536250.0,2185250.0,0.040227345943209536,0.013875,0.013875,157548000,157548000,https://find-and-update.company-information.service.gov.uk/search/companies?q=Macfarlane+Group+PLC,https://find-and-update.company-information.service.gov.uk/search/companies?q=Macfarlane+Group+PLC,1620594708,17:11:48,20210509
6,2017-06-30,MACF.L,GBP,2017-06-30,2017-06-30,Q2,48997750,33921750.0,15076000.0,0.3076875978999036,0.0,10501750.0,2052000.0,0.0,0.0,46475500,207000.0,742750.0,3265000.0,0.06663571286436622,2522250.0,0.05147685352898858,0.0,2315250.0,0.04725216974248818,459250.0,1856000.0,0.03787929037557847,0.01305,0.01305,142228000,142228000,https://find-and-update.company-information.service.gov.uk/search/companies?q=Macfarlane+Group+PLC,https://find-and-update.company-information.service.gov.uk/search/companies?q=Macfarlane+Group+PLC,1620594708,17:11:48,20210509
7,2017-03-31,MACF.L,GBP,2017-03-31,2017-03-31,Q1,48997750,33921750.0,15076000.0,0.3076875978999036,0.0,10501750.0,2052000.0,0.0,0.0,46475500,207000.0,742750.0,3265000.0,0.06663571286436622,2522250.0,0.05147685352898858,0.0,2315250.0,0.04725216974248818,459250.0,1856000.0,0.03787929037557847,0.01305,0.01305,142228000,142228000,https://find-and-update.company-information.service.gov.uk/search/companies?q=Macfarlane+Group+PLC,https://find-and-update.company-information.service.gov.uk/search/companies?q=Macfarlane+Group+PLC,1620594708,17:11:48,20210509
8,2017-01-31,MACF.L,GBP,2017-01-31,2017-01-31,Q1,48997750,33921750.0,15076000.0,0.3076875978999036,0.0,10501750.0,2052000.0,0.0,0.0,46475500,207000.0,742750.0,3265000.0,0.06663571286436622,2522250.0,0.05147685352898858,0.0,2315250.0,0.04725216974248818,459250.0,1856000.0,0.03787929037557847,0.01305,0.01305,142228000,142228000,https://find-and-update.company-information.service.gov.uk/search/companies?q=Macfarlane+Group+PLC,https://find-and-update.company-information.service.gov.uk/search/companies?q=Macfarlane+Group+PLC,1620594708,17:11:48,20210509
9,2016-06-30,MACF.L,GBP,2016-06-30,2016-06-30,Q2,44943000,31014750.0,13928250.0,0.30990921834323476,0.0,9844750.0,1905500.0,0.0,0.0,42765000,225250.0,596000.0,2774000.0,0.06172262643793249,2178000.0,0.04846138442026567,0.0,1952750.0,0.04344948045301827,440250.0,1512500.0,0.03365373918074005,0.011675,0.0116,129496000,130355000,https://find-and-update.company-information.service.gov.uk/search/companies?q=Macfarlane+Group+PLC,https://find-and-update.company-information.service.gov.uk/search/companies?q=Macfarlane+Group+PLC,1620594708,17:11:48,20210509
10,2016-03-31,MACF.L,GBP,2016-03-31,2016-03-31,Q1,44943000,31014750.0,13928250.0,0.30990921834323476,0.0,9844750.0,1905500.0,0.0,0.0,42765000,225250.0,596000.0,2774000.0,0.06172262643793249,2178000.0,0.04846138442026567,0.0,1952750.0,0.04344948045301827,440250.0,1512500.0,0.03365373918074005,0.011675,0.0116,129496000,130355000,https://find-and-update.company-information.service.gov.uk/search/companies?q=Macfarlane+Group+PLC,https://find-and-update.company-information.service.gov.uk/search/companies?q=Macfarlane+Group+PLC,1620594708,17:11:48,20210509
11,2016-01-31,MACF.L,GBP,2016-01-31,2016-01-31,Q1,44943000,31014750.0,13928250.0,0.30990921834323476,0.0,9844750.0,1905500.0,0.0,0.0,42765000,225250.0,596000.0,2774000.0,0.06172262643793249,2178000.0,0.04846138442026567,0.0,1952750.0,0.04344948045301827,440250.0,1512500.0,0.03365373918074005,0.011675,0.0116,129496000,130355000,https://find-and-update.company-information.service.gov.uk/search/companies?q=Macfarlane+Group+PLC,https://find-and-update.company-information.service.gov.uk/search/companies?q=Macfarlane+Group+PLC,1620594708,17:11:48,20210509
12,2015-09-30,MACF.L,GBP,2015-09-30,2015-09-30,Q3,42283000,28977750.0,13305250.0,0.3146713809332356,0.0,9483000.0,1896750.0,0.0,0.0,40357500,233750.0,494250.0,2419750.0,0.05722749095381122,1925500.0,0.045538396045692126,0.0,1691750.0,0.04001016957169548,329250.0,1362500.0,0.03222335217463283,0.010925,0.010875,124611000,125187000,https://find-and-update.company-information.service.gov.uk/search/companies?q=Macfarlane+Group+PLC,https://find-and-update.company-information.service.gov.uk/search/companies?q=Macfarlane+Group+PLC,1620594708,17:11:48,20210509
13,2015-06-30,MACF.L,GBP,2015-06-30,2015-06-30,Q2,42283000,28977750.0,13305250.0,0.3146713809332356,0.0,9483000.0,1896750.0,0.0,0.0,40357500,233750.0,494250.0,2419750.0,0.05722749095381122,1925500.0,0.045538396045692126,0.0,1691750.0,0.04001016957169548,329250.0,1362500.0,0.03222335217463283,0.010925,0.010875,124611000,125187000,https://find-and-update.company-information.service.gov.uk/search/companies?q=Macfarlane+Group+PLC,https://find-and-update.company-information.service.gov.uk/search/companies?q=Macfarlane+Group+PLC,1620594708,17:11:48,20210509
14,2015-03-31,MACF.L,GBP,2015-03-31,2015-03-31,Q1,42283000,28977750.0,13305250.0,0.3146713809332356,0.0,9483000.0,1896750.0,0.0,0.0,40357500,233750.0,494250.0,2419750.0,0.05722749095381122,1925500.0,0.045538396045692126,0.0,1691750.0,0.04001016957169548,329250.0,1362500.0,0.03222335217463283,0.010925,0.010875,124611000,125187000,https://find-and-update.company-information.service.gov.uk/search/companies?q=Macfarlane+Group+PLC,https://find-and-update.company-information.service.gov.uk/search/companies?q=Macfarlane+Group+PLC,1620594708,17:11:48,20210509
15,2015-01-31,MACF.L,GBP,2015-01-31,2015-01-31,Q1,42283000,28977750.0,13305250.0,0.3146713809332356,0.0,9483000.0,1896750.0,0.0,0.0,40357500,233750.0,494250.0,2419750.0,0.05722749095381122,1925500.0,0.045538396045692126,0.0,1691750.0,0.04001016957169548,329250.0,1362500.0,0.03222335217463283,0.010925,0.010875,124611000,125187000,https://find-and-update.company-information.service.gov.uk/search/companies?q=Macfarlane+Group+PLC,https://find-and-update.company-information.service.gov.uk/search/companies?q=Macfarlane+Group+PLC,1620594708,17:11:48,20210509
16,2014-09-30,MACF.L,GBP,2014-09-30,2014-09-30,Q3,38441750,26576000.0,11865750.0,0.3086683098454155,0.0,8346250.0,1858000.0,0.0,0.0,36780250,260000.0,362000.0,2023500.0,0.052638082293339925,1661500.0,0.04322123732660454,0.0,1401500.0,0.036457757516242105,291000.0,1110500.0,0.028887862805413386,0.00945,0.00945,117366000,117366000,https://find-and-update.company-information.service.gov.uk/search/companies?q=Macfarlane+Group+PLC,https://find-and-update.company-information.service.gov.uk/search/companies?q=Macfarlane+Group+PLC,1620594708,17:11:48,20210509
17,2014-06-30,MACF.L,GBP,2014-06-30,2014-06-30,Q2,38441750,26576000.0,11865750.0,0.3086683098454155,0.0,8346250.0,1858000.0,0.0,0.0,36780250,260000.0,362000.0,2023500.0,0.052638082293339925,1661500.0,0.04322123732660454,0.0,1401500.0,0.036457757516242105,291000.0,1110500.0,0.028887862805413386,0.00945,0.00945,117366000,117366000,https://find-and-update.company-information.service.gov.uk/search/companies?q=Macfarlane+Group+PLC,https://find-and-update.company-information.service.gov.uk/search/companies?q=Macfarlane+Group+PLC,1620594708,17:11:48,20210509
18,2014-03-31,MACF.L,GBP,2014-03-31,2014-03-31,Q1,38441750,26576000.0,11865750.0,0.3086683098454155,0.0,8346250.0,1858000.0,0.0,0.0,36780250,260000.0,362000.0,2023500.0,0.052638082293339925,1661500.0,0.04322123732660454,0.0,1401500.0,0.036457757516242105,291000.0,1110500.0,0.028887862805413386,0.00945,0.00945,117366000,117366000,https://find-and-update.company-information.service.gov.uk/search/companies?q=Macfarlane+Group+PLC,https://find-and-update.company-information.service.gov.uk/search/companies?q=Macfarlane+Group+PLC,1620594708,17:11:48,20210509
19,2014-01-31,MACF.L,GBP,2014-01-31,2014-01-31,Q1,38441750,26576000.0,11865750.0,0.3086683098454155,0.0,8346250.0,1858000.0,0.0,0.0,36780250,260000.0,362000.0,2023500.0,0.052638082293339925,1661500.0,0.04322123732660454,0.0,1401500.0,0.036457757516242105,291000.0,1110500.0,0.028887862805413386,0.00945,0.00945,117366000,117366000,https://find-and-update.company-information.service.gov.uk/search/companies?q=Macfarlane+Group+PLC,https://find-and-update.company-information.service.gov.uk/search/companies?q=Macfarlane+Group+PLC,1620594708,17:11:48,20210509
20,2013-09-30,MACF.L,GBP,2013-09-30,2013-09-30,Q3,35967750,24745750.0,11222000.0,0.31200172376642965,0.0,7794750.0,1864500.0,0.0,0.0,34405000,299750.0,332750.0,1895500.0,0.05269998818385915,1562750.0,0.04344864496667153,0.0,1179000.0,0.032779364847676046,315000.0,864000.0,0.02402151927768626,0.007567463410788891,0.007561105811724964,114173000,114269000,https://find-and-update.company-information.service.gov.uk/search/companies?q=Macfarlane+Group+PLC,https://find-and-update.company-information.service.gov.uk/search/companies?q=Macfarlane+Group+PLC,1620594708,17:11:48,20210509
21,2013-06-30,MACF.L,GBP,2013-06-30,2013-06-30,Q2,35967750,24745750.0,11222000.0,0.31200172376642965,0.0,7794750.0,1864500.0,0.0,0.0,34405000,299750.0,332750.0,1895500.0,0.05269998818385915,1562750.0,0.04344864496667153,0.0,1179000.0,0.032779364847676046,315000.0,864000.0,0.02402151927768626,0.007567463410788891,0.007561105811724964,114173000,114269000,https://find-and-update.company-information.service.gov.uk/search/companies?q=Macfarlane+Group+PLC,https://find-and-update.company-information.service.gov.uk/search/companies?q=Macfarlane+Group+PLC,1620594708,17:11:48,20210509
22,2013-03-31,MACF.L,GBP,2013-03-31,2013-03-31,Q1,35967750,24745750.0,11222000.0,0.31200172376642965,0.0,7794750.0,1864500.0,0.0,0.0,34405000,299750.0,332750.0,1895500.0,0.05269998818385915,1562750.0,0.04344864496667153,0.0,1179000.0,0.032779364847676046,315000.0,864000.0,0.02402151927768626,0.007567463410788891,0.007561105811724964,114173000,114269000,https://find-and-update.company-information.service.gov.uk/search/companies?q=Macfarlane+Group+PLC,https://find-and-update.company-information.service.gov.uk/search/companies?q=Macfarlane+Group+PLC,1620594708,17:11:48,20210509
23,2013-01-31,MACF.L,GBP,2013-01-31,2013-01-31,Q1,35967750,24745750.0,11222000.0,0.31200172376642965,0.0,7794750.0,1864500.0,0.0,0.0,34405000,299750.0,332750.0,1895500.0,0.05269998818385915,1562750.0,0.04344864496667153,0.0,1179000.0,0.032779364847676046,315000.0,864000.0,0.02402151927768626,0.007567463410788891,0.007561105811724964,114173000,114269000,https://find-and-update.company-information.service.gov.uk/search/companies?q=Macfarlane+Group+PLC,https://find-and-update.company-information.service.gov.uk/search/companies?q=Macfarlane+Group+PLC,1620594708,17:11:48,20210509
24,2012-09-30,MACF.L,GBP,2012-09-30,2012-09-30,Q3,35455750,24127500.0,11328250.0,0.3195038886499369,0.0,8024250.0,1845500.0,0.0,0.0,33997250,909000.0,331500.0,1790000.0,0.05048546427589319,1458500.0,0.04113578192535766,0.0,1476750.0,0.04165050802761188,429250.0,1047500.0,0.029543868060892802,0.009225,0.00922225,113583000,113583000,https://find-and-update.company-information.service.gov.uk/search/companies?q=Macfarlane+Group+PLC,https://find-and-update.company-information.service.gov.uk/search/companies?q=Macfarlane+Group+PLC,1620594708,17:11:48,20210509
25,2012-06-30,MACF.L,GBP,2012-06-30,2012-06-30,Q2,35455750,24127500.0,11328250.0,0.3195038886499369,0.0,8024250.0,1845500.0,0.0,0.0,33997250,909000.0,331500.0,1790000.0,0.05048546427589319,1458500.0,0.04113578192535766,0.0,1476750.0,0.04165050802761188,429250.0,1047500.0,0.029543868060892802,0.009225,0.00922225,113583000,113583000,https://find-and-update.company-information.service.gov.uk/search/companies?q=Macfarlane+Group+PLC,https://find-and-update.company-information.service.gov.uk/search/companies?q=Macfarlane+Group+PLC,1620594708,17:11:48,20210509
26,2012-03-31,MACF.L,GBP,2012-03-31,2012-03-31,Q1,35455750,24127500.0,11328250.0,0.3195038886499369,0.0,8024250.0,1845500.0,0.0,0.0,33997250,909000.0,331500.0,1790000.0,0.05048546427589319,1458500.0,0.04113578192535766,0.0,1476750.0,0.04165050802761188,429250.0,1047500.0,0.029543868060892802,0.009225,0.00922225,113583000,113583000,https://find-and-update.company-information.service.gov.uk/search/companies?q=Macfarlane+Group+PLC,https://find-and-update.company-information.service.gov.uk/search/companies?q=Macfarlane+Group+PLC,1620594708,17:11:48,20210509
27,2012-01-31,MACF.L,GBP,2012-01-31,2012-01-31,Q1,35455750,24127500.0,11328250.0,0.3195038886499369,0.0,8024250.0,1845500.0,0.0,0.0,33997250,909000.0,331500.0,1790000.0,0.05048546427589319,1458500.0,0.04113578192535766,0.0,1476750.0,0.04165050802761188,429250.0,1047500.0,0.029543868060892802,0.009225,0.00922225,113583000,113583000,https://find-and-update.company-information.service.gov.uk/search/companies?q=Macfarlane+Group+PLC,https://find-and-update.company-information.service.gov.uk/search/companies?q=Macfarlane+Group+PLC,1620594708,17:11:48,20210509
28,2011-09-30,MACF.L,GBP,2011-09-30,2011-09-30,Q3,36139250,25225750.0,10913500.0,0.30198468424220204,0.0,0.0,1744000.0,-5500.0,7642750.0,34959500,206500.0,347000.0,1526750.0,0.0422463111437011,1179750.0,0.032644562352566804,0.0,968500.0,0.026799117303209115,113750.0,854750.0,0.02365156996893959,0.007525,0.007525,113556000,113556000,https://find-and-update.company-information.service.gov.uk/search/companies?q=Macfarlane+Group+PLC,https://find-and-update.company-information.service.gov.uk/search/companies?q=Macfarlane+Group+PLC,1620594708,17:11:48,20210509
29,2011-06-30,MACF.L,GBP,2011-06-30,2011-06-30,Q2,36139250,25225750.0,10913500.0,0.30198468424220204,0.0,0.0,1744000.0,-5500.0,7642750.0,34959500,206500.0,347000.0,1526750.0,0.0422463111437011,1179750.0,0.032644562352566804,0.0,968500.0,0.026799117303209115,113750.0,854750.0,0.02365156996893959,0.007525,0.007525,113556000,113556000,https://find-and-update.company-information.service.gov.uk/search/companies?q=Macfarlane+Group+PLC,https://find-and-update.company-information.service.gov.uk/search/companies?q=Macfarlane+Group+PLC,1620594708,17:11:48,20210509
30,2011-03-31,MACF.L,GBP,2011-03-31,2011-03-31,Q1,36139250,25225750.0,10913500.0,0.30198468424220204,0.0,0.0,1744000.0,-5500.0,7642750.0,34959500,206500.0,347000.0,1526750.0,0.0422463111437011,1179750.0,0.032644562352566804,0.0,968500.0,0.026799117303209115,113750.0,854750.0,0.02365156996893959,0.007525,0.007525,113556000,113556000,https://find-and-update.company-information.service.gov.uk/search/companies?q=Macfarlane+Group+PLC,https://find-and-update.company-information.service.gov.uk/search/companies?q=Macfarlane+Group+PLC,1620594708,17:11:48,20210509
31,2011-01-31,MACF.L,GBP,2011-01-31,2011-01-31,Q1,36139250,25225750.0,10913500.0,0.30198468424220204,0.0,0.0,1744000.0,-5500.0,7642750.0,34959500,206500.0,347000.0,1526750.0,0.0422463111437011,1179750.0,0.032644562352566804,0.0,968500.0,0.026799117303209115,113750.0,854750.0,0.02365156996893959,0.007525,0.007525,113556000,113556000,https://find-and-update.company-information.service.gov.uk/search/companies?q=Macfarlane+Group+PLC,https://find-and-update.company-information.service.gov.uk/search/companies?q=Macfarlane+Group+PLC,1620594708,17:11:48,20210509
32,2010-09-30,MACF.L,GBP,2010-09-30,2010-09-30,Q3,33862500,23377500.0,10485000.0,0.3096345514950166,0.0,0.0,1614500.0,-23500.0,7413250.0,32732250,303500.0,327000.0,1457250.0,0.0430343300110742,1130250.0,0.03337763012181617,0.0,1049250.0,0.03098560354374308,302750.0,746500.0,0.02204503506829088,0.006575,0.006575,113373000,113373000,https://find-and-update.company-information.service.gov.uk/search/companies?q=Macfarlane+Group+PLC,https://find-and-update.company-information.service.gov.uk/search/companies?q=Macfarlane+Group+PLC,1620594708,17:11:48,20210509
33,2010-06-30,MACF.L,GBP,2010-06-30,2010-06-30,Q2,33862500,23377500.0,10485000.0,0.3096345514950166,0.0,0.0,1614500.0,-23500.0,7413250.0,32732250,303500.0,327000.0,1457250.0,0.0430343300110742,1130250.0,0.03337763012181617,0.0,1049250.0,0.03098560354374308,302750.0,746500.0,0.02204503506829088,0.006575,0.006575,113373000,113373000,https://find-and-update.company-information.service.gov.uk/search/companies?q=Macfarlane+Group+PLC,https://find-and-update.company-information.service.gov.uk/search/companies?q=Macfarlane+Group+PLC,1620594708,17:11:48,20210509
34,2010-03-31,MACF.L,GBP,2010-03-31,2010-03-31,Q1,33862500,23377500.0,10485000.0,0.3096345514950166,0.0,0.0,1614500.0,-23500.0,7413250.0,32732250,303500.0,327000.0,1457250.0,0.0430343300110742,1130250.0,0.03337763012181617,0.0,1049250.0,0.03098560354374308,302750.0,746500.0,0.02204503506829088,0.006575,0.006575,113373000,113373000,https://find-and-update.company-information.service.gov.uk/search/companies?q=Macfarlane+Group+PLC,https://find-and-update.company-information.service.gov.uk/search/companies?q=Macfarlane+Group+PLC,1620594708,17:11:48,20210509
35,2010-01-31,MACF.L,GBP,2010-01-31,2010-01-31,Q1,33862500,23377500.0,10485000.0,0.3096345514950166,0.0,0.0,1614500.0,-23500.0,7413250.0,32732250,303500.0,327000.0,1457250.0,0.0430343300110742,1130250.0,0.03337763012181617,0.0,1049250.0,0.03098560354374308,302750.0,746500.0,0.02204503506829088,0.006575,0.006575,113373000,113373000,https://find-and-update.company-information.service.gov.uk/search/companies?q=Macfarlane+Group+PLC,https://find-and-update.company-information.service.gov.uk/search/companies?q=Macfarlane+Group+PLC,1620594708,17:11:48,20210509
36,2009-09-30,MACF.L,GBP,2009-09-30,2009-09-30,Q3,30899000,20868250.0,10030750.0,0.32463024693355774,0.0,0.0,1472500.0,-3000.0,7095250.0,29802250,307250.0,366250.0,1463000.0,0.04734781060875756,1096750.0,0.03549467620311337,0.0,621000.0,0.02009773779086702,128500.0,580250.0,0.01877892488430046,0.00515,0.00515,112665000,112665000,https://find-and-update.company-information.service.gov.uk/search/companies?q=Macfarlane+Group+PLC,https://find-and-update.company-information.service.gov.uk/search/companies?q=Macfarlane+Group+PLC,1620594708,17:11:48,20210509
37,2009-06-30,MACF.L,GBP,2009-06-30,2009-06-30,Q2,30899000,20868250.0,10030750.0,0.32463024693355774,0.0,0.0,1472500.0,-3000.0,7095250.0,29802250,307250.0,366250.0,1463000.0,0.04734781060875756,1096750.0,0.03549467620311337,0.0,621000.0,0.02009773779086702,128500.0,580250.0,0.01877892488430046,0.00515,0.00515,112665000,112665000,https://find-and-update.company-information.service.gov.uk/search/companies?q=Macfarlane+Group+PLC,https://find-and-update.company-information.service.gov.uk/search/companies?q=Macfarlane+Group+PLC,1620594708,17:11:48,20210509
38,2009-03-31,MACF.L,GBP,2009-03-31,2009-03-31,Q1,30899000,20868250.0,10030750.0,0.32463024693355774,0.0,0.0,1472500.0,-3000.0,7095250.0,29802250,307250.0,366250.0,1463000.0,0.04734781060875756,1096750.0,0.03549467620311337,0.0,621000.0,0.02009773779086702,128500.0,580250.0,0.01877892488430046,0.00515,0.00515,112665000,112665000,https://find-and-update.company-information.service.gov.uk/search/companies?q=Macfarlane+Group+PLC,https://find-and-update.company-information.service.gov.uk/search/companies?q=Macfarlane+Group+PLC,1620594708,17:11:48,20210509
39,2009-01-31,MACF.L,GBP,2009-01-31,2009-01-31,Q1,30899000,20868250.0,10030750.0,0.32463024693355774,0.0,0.0,1472500.0,-3000.0,7095250.0,29802250,307250.0,366250.0,1463000.0,0.04734781060875756,1096750.0,0.03549467620311337,0.0,621000.0,0.02009773779086702,128500.0,580250.0,0.01877892488430046,0.00515,0.00515,112665000,112665000,https://find-and-update.company-information.service.gov.uk/search/companies?q=Macfarlane+Group+PLC,https://find-and-update.company-information.service.gov.uk/search/companies?q=Macfarlane+Group+PLC,1620594708,17:11:48,20210509
40,2008-09-30,MACF.L,GBP,2008-09-30,2008-09-30,Q3,32852500,22318000.0,10534500.0,0.32066052811810364,0.0,0.0,1605250.0,-24500.0,7335250.0,31677750,263750.0,419250.0,1594000.0,0.04851989955102352,1174750.0,0.03575831367475839,0.0,925500.0,0.028171372041701545,206000.0,448750.0,0.01365953884788068,0.004,0.004,112528000,112528000,https://find-and-update.company-information.service.gov.uk/search/companies?q=Macfarlane+Group+PLC,https://find-and-update.company-information.service.gov.uk/search/companies?q=Macfarlane+Group+PLC,1620594708,17:11:48,20210509
41,2008-06-30,MACF.L,GBP,2008-06-30,2008-06-30,Q2,32852500,22318000.0,10534500.0,0.32066052811810364,0.0,0.0,1605250.0,-24500.0,7335250.0,31677750,263750.0,419250.0,1594000.0,0.04851989955102352,1174750.0,0.03575831367475839,0.0,925500.0,0.028171372041701545,206000.0,448750.0,0.01365953884788068,0.004,0.004,112528000,112528000,https://find-and-update.company-information.service.gov.uk/search/companies?q=Macfarlane+Group+PLC,https://find-and-update.company-information.service.gov.uk/search/companies?q=Macfarlane+Group+PLC,1620594708,17:11:48,20210509
42,2008-03-31,MACF.L,GBP,2008-03-31,2008-03-31,Q1,32852500,22318000.0,10534500.0,0.32066052811810364,0.0,0.0,1605250.0,-24500.0,7335250.0,31677750,263750.0,419250.0,1594000.0,0.04851989955102352,1174750.0,0.03575831367475839,0.0,925500.0,0.028171372041701545,206000.0,448750.0,0.01365953884788068,0.004,0.004,112528000,112528000,https://find-and-update.company-information.service.gov.uk/search/companies?q=Macfarlane+Group+PLC,https://find-and-update.company-information.service.gov.uk/search/companies?q=Macfarlane+Group+PLC,1620594708,17:11:48,20210509
43,2008-01-31,MACF.L,GBP,2008-01-31,2008-01-31,Q1,32852500,22318000.0,10534500.0,0.32066052811810364,0.0,0.0,1605250.0,-24500.0,7335250.0,31677750,263750.0,419250.0,1594000.0,0.04851989955102352,1174750.0,0.03575831367475839,0.0,925500.0,0.028171372041701545,206000.0,448750.0,0.01365953884788068,0.004,0.004,112528000,112528000,https://find-and-update.company-information.service.gov.uk/search/companies?q=Macfarlane+Group+PLC,https://find-and-update.company-information.service.gov.uk/search/companies?q=Macfarlane+Group+PLC,1620594708,17:11:48,20210509
44,2007-09-30,MACF.L,GBP,2007-09-30,2007-09-30,Q3,29934250,20360500.0,9573750.0,0.31982595187786567,0.0,0.0,1447750.0,-23500.0,6922250.0,29171500,161250.0,441000.0,1203750.0,0.04021313378487853,762750.0,0.02548084551976415,0.0,616750.0,0.020603489314080025,-244750.0,457500.0,0.015283496329455389,0.004075,0.00405,112528000,112694000,https://find-and-update.company-information.service.gov.uk/search/companies?q=Macfarlane+Group+PLC,https://find-and-update.company-information.service.gov.uk/search/companies?q=Macfarlane+Group+PLC,1620594708,17:11:48,20210509
45,2007-06-30,MACF.L,GBP,2007-06-30,2007-06-30,Q2,29934250,20360500.0,9573750.0,0.31982595187786567,0.0,0.0,1447750.0,-23500.0,6922250.0,29171500,161250.0,441000.0,1203750.0,0.04021313378487853,762750.0,0.02548084551976415,0.0,616750.0,0.020603489314080025,-244750.0,457500.0,0.015283496329455389,0.004075,0.00405,112528000,112694000,https://find-and-update.company-information.service.gov.uk/search/companies?q=Macfarlane+Group+PLC,https://find-and-update.company-information.service.gov.uk/search/companies?q=Macfarlane+Group+PLC,1620594708,17:11:48,20210509
46,2007-03-31,MACF.L,GBP,2007-03-31,2007-03-31,Q1,29934250,20360500.0,9573750.0,0.31982595187786567,0.0,0.0,1447750.0,-23500.0,6922250.0,29171500,161250.0,441000.0,1203750.0,0.04021313378487853,762750.0,0.02548084551976415,0.0,616750.0,0.020603489314080025,-244750.0,457500.0,0.015283496329455389,0.004075,0.00405,112528000,112694000,https://find-and-update.company-information.service.gov.uk/search/companies?q=Macfarlane+Group+PLC,https://find-and-update.company-information.service.gov.uk/search/companies?q=Macfarlane+Group+PLC,1620594708,17:11:48,20210509
47,2007-01-31,MACF.L,GBP,2007-01-31,2007-01-31,Q1,29934250,20360500.0,9573750.0,0.31982595187786567,0.0,0.0,1447750.0,-23500.0,6922250.0,29171500,161250.0,441000.0,1203750.0,0.04021313378487853,762750.0,0.02548084551976415,0.0,616750.0,0.020603489314080025,-244750.0,457500.0,0.015283496329455389,0.004075,0.00405,112528000,112694000,https://find-and-update.company-information.service.gov.uk/search/companies?q=Macfarlane+Group+PLC,https://find-and-update.company-information.service.gov.uk/search/companies?q=Macfarlane+Group+PLC,1620594708,17:11:48,20210509
48,2006-09-30,MACF.L,GBP,2006-09-30,2006-09-30,Q3,26578250,18130500.0,8447750.0,0.3178444780976927,0.0,0.0,1372500.0,-65500.0,6160750.0,26124250,166250.0,460500.0,914500.0,0.034407833472858446,454000.0,0.017081636300358374,0.0,368250.0,0.013855314025566017,78750.0,512750.0,0.019292090337023695,0.00455,0.004525,112528000,113129000,https://find-and-update.company-information.service.gov.uk/search/companies?q=Macfarlane+Group+PLC,https://find-and-update.company-information.service.gov.uk/search/companies?q=Macfarlane+Group+PLC,1620594708,17:11:48,20210509
49,2006-06-30,MACF.L,GBP,2006-06-30,2006-06-30,Q2,26578250,18130500.0,8447750.0,0.3178444780976927,0.0,0.0,1372500.0,-65500.0,6160750.0,26124250,166250.0,460500.0,914500.0,0.034407833472858446,454000.0,0.017081636300358374,0.0,368250.0,0.013855314025566017,78750.0,512750.0,0.019292090337023695,0.00455,0.004525,112528000,113129000,https://find-and-update.company-information.service.gov.uk/search/companies?q=Macfarlane+Group+PLC,https://find-and-update.company-information.service.gov.uk/search/companies?q=Macfarlane+Group+PLC,1620594708,17:11:48,20210509
50,2006-03-31,MACF.L,GBP,2006-03-31,2006-03-31,Q1,26578250,18130500.0,8447750.0,0.3178444780976927,0.0,0.0,1372500.0,-65500.0,6160750.0,26124250,166250.0,460500.0,914500.0,0.034407833472858446,454000.0,0.017081636300358374,0.0,368250.0,0.013855314025566017,78750.0,512750.0,0.019292090337023695,0.00455,0.004525,112528000,113129000,https://find-and-update.company-information.service.gov.uk/search/companies?q=Macfarlane+Group+PLC,https://find-and-update.company-information.service.gov.uk/search/companies?q=Macfarlane+Group+PLC,1620594708,17:11:48,20210509
51,2006-01-31,MACF.L,GBP,2006-01-31,2006-01-31,Q1,26578250,18130500.0,8447750.0,0.3178444780976927,0.0,0.0,1372500.0,-65500.0,6160750.0,26124250,166250.0,460500.0,914500.0,0.034407833472858446,454000.0,0.017081636300358374,0.0,368250.0,0.013855314025566017,78750.0,512750.0,0.019292090337023695,0.00455,0.004525,112528000,113129000,https://find-and-update.company-information.service.gov.uk/search/companies?q=Macfarlane+Group+PLC,https://find-and-update.company-information.service.gov.uk/search/companies?q=Macfarlane+Group+PLC,1620594708,17:11:48,20210509
52,2005-09-30,MACF.L,GBP,2005-09-30,2005-09-30,Q3,31811750,21280500.0,10531250.0,0.3310490620604022,0.0,0.0,1630250.0,-51500.0,7401500.0,31149500,297250.0,837250.0,1499500.0,0.04713667119853513,662250.0,0.020817779594017934,0.0,722500.0,0.022711733871918396,40250.0,846250.0,0.026601805936485732,0.007525,0.007475,112528000,113130000,https://find-and-update.company-information.service.gov.uk/search/companies?q=Macfarlane+Group+PLC,https://find-and-update.company-information.service.gov.uk/search/companies?q=Macfarlane+Group+PLC,1620594708,17:11:48,20210509
53,2005-06-30,MACF.L,GBP,2005-06-30,2005-06-30,Q2,31811750,21280500.0,10531250.0,0.3310490620604022,0.0,0.0,1630250.0,-51500.0,7401500.0,31149500,297250.0,837250.0,1499500.0,0.04713667119853513,662250.0,0.020817779594017934,0.0,722500.0,0.022711733871918396,40250.0,846250.0,0.026601805936485732,0.007525,0.007475,112528000,113130000,https://find-and-update.company-information.service.gov.uk/search/companies?q=Macfarlane+Group+PLC,https://find-and-update.company-information.service.gov.uk/search/companies?q=Macfarlane+Group+PLC,1620594708,17:11:48,20210509
54,2005-03-31,MACF.L,GBP,2005-03-31,2005-03-31,Q1,31811750,21280500.0,10531250.0,0.3310490620604022,0.0,0.0,1630250.0,-51500.0,7401500.0,31149500,297250.0,837250.0,1499500.0,0.04713667119853513,662250.0,0.020817779594017934,0.0,722500.0,0.022711733871918396,40250.0,846250.0,0.026601805936485732,0.007525,0.007475,112528000,113130000,https://find-and-update.company-information.service.gov.uk/search/companies?q=Macfarlane+Group+PLC,https://find-and-update.company-information.service.gov.uk/search/companies?q=Macfarlane+Group+PLC,1620594708,17:11:48,20210509
55,2005-01-31,MACF.L,GBP,2005-01-31,2005-01-31,Q1,31811750,21280500.0,10531250.0,0.3310490620604022,0.0,0.0,1630250.0,-51500.0,7401500.0,31149500,297250.0,837250.0,1499500.0,0.04713667119853513,662250.0,0.020817779594017934,0.0,722500.0,0.022711733871918396,40250.0,846250.0,0.026601805936485732,0.007525,0.007475,112528000,113130000,https://find-and-update.company-information.service.gov.uk/search/companies?q=Macfarlane+Group+PLC,https://find-and-update.company-information.service.gov.uk/search/companies?q=Macfarlane+Group+PLC,1620594708,17:11:48,20210509
56,2004-09-30,MACF.L,GBP,2004-09-30,2004-09-30,Q3,30676250,20550000.0,10126250.0,0.3301006478953588,0.0,8395250.0,1707250.0,-47000.0,-2582750.0,30669000,443000.0,851750.0,859000.0,0.028002118903060185,7250.0,0.00023633918748217268,0.0,495750.0,0.016160710647487878,-6500.0,-59000.0,-0.0019233120084756123,-0.0005243139485283663,-0.0005239926463404887,112528000,112597000,https://find-and-update.company-information.service.gov.uk/search/companies?q=Macfarlane+Group+PLC,https://find-and-update.company-information.service.gov.uk/search/companies?q=Macfarlane+Group+PLC,1620594708,17:11:48,20210509
57,2004-06-30,MACF.L,GBP,2004-06-30,2004-06-30,Q2,30676250,20550000.0,10126250.0,0.3301006478953588,0.0,8395250.0,1707250.0,-47000.0,-2582750.0,30669000,443000.0,851750.0,859000.0,0.028002118903060185,7250.0,0.00023633918748217268,0.0,495750.0,0.016160710647487878,-6500.0,-59000.0,-0.0019233120084756123,-0.0005243139485283663,-0.0005239926463404887,112528000,112597000,https://find-and-update.company-information.service.gov.uk/search/companies?q=Macfarlane+Group+PLC,https://find-and-update.company-information.service.gov.uk/search/companies?q=Macfarlane+Group+PLC,1620594708,17:11:48,20210509
58,2004-03-31,MACF.L,GBP,2004-03-31,2004-03-31,Q1,30676250,20550000.0,10126250.0,0.3301006478953588,0.0,8395250.0,1707250.0,-47000.0,-2582750.0,30669000,443000.0,851750.0,859000.0,0.028002118903060185,7250.0,0.00023633918748217268,0.0,495750.0,0.016160710647487878,-6500.0,-59000.0,-0.0019233120084756123,-0.0005243139485283663,-0.0005239926463404887,112528000,112597000,https://find-and-update.company-information.service.gov.uk/search/companies?q=Macfarlane+Group+PLC,https://find-and-update.company-information.service.gov.uk/search/companies?q=Macfarlane+Group+PLC,1620594708,17:11:48,20210509
59,2004-01-31,MACF.L,GBP,2004-01-31,2004-01-31,Q1,30676250,20550000.0,10126250.0,0.3301006478953588,0.0,8395250.0,1707250.0,-47000.0,-2582750.0,30669000,443000.0,851750.0,859000.0,0.028002118903060185,7250.0,0.00023633918748217268,0.0,495750.0,0.016160710647487878,-6500.0,-59000.0,-0.0019233120084756123,-0.0005243139485283663,-0.0005239926463404887,112528000,112597000,https://find-and-update.company-information.service.gov.uk/search/companies?q=Macfarlane+Group+PLC,https://find-and-update.company-information.service.gov.uk/search/companies?q=Macfarlane+Group+PLC,1620594708,17:11:48,20210509
60,2003-09-30,MACF.L,GBP,2003-09-30,2003-09-30,Q3,32742750,22266750.0,10476000.0,0.3199486909315803,0.0,0.0,0.0,224750.0,7103250.0,33228000,300750.0,2000000.0,1514750.0,0.046262149636179,-485250.0,-0.014820074673019218,0.0,-4646000.0,-0.14189400707026747,-338500.0,-4307500.0,-0.13155584060593567,-0.038275,-0.038275,115019000,115019000,https://find-and-update.company-information.service.gov.uk/search/companies?q=Macfarlane+Group+PLC,https://find-and-update.company-information.service.gov.uk/search/companies?q=Macfarlane+Group+PLC,1620594708,17:11:48,20210509
61,2003-06-30,MACF.L,GBP,2003-06-30,2003-06-30,Q2,32742750,22266750.0,10476000.0,0.3199486909315803,0.0,0.0,0.0,224750.0,7103250.0,33228000,300750.0,2000000.0,1514750.0,0.046262149636179,-485250.0,-0.014820074673019218,0.0,-4646000.0,-0.14189400707026747,-338500.0,-4307500.0,-0.13155584060593567,-0.038275,-0.038275,115019000,115019000,https://find-and-update.company-information.service.gov.uk/search/companies?q=Macfarlane+Group+PLC,https://find-and-update.company-information.service.gov.uk/search/companies?q=Macfarlane+Group+PLC,1620594708,17:11:48,20210509
62,2003-03-31,MACF.L,GBP,2003-03-31,2003-03-31,Q1,32742750,22266750.0,10476000.0,0.3199486909315803,0.0,0.0,0.0,224750.0,7103250.0,33228000,300750.0,2000000.0,1514750.0,0.046262149636179,-485250.0,-0.014820074673019218,0.0,-4646000.0,-0.14189400707026747,-338500.0,-4307500.0,-0.13155584060593567,-0.038275,-0.038275,115019000,115019000,https://find-and-update.company-information.service.gov.uk/search/companies?q=Macfarlane+Group+PLC,https://find-and-update.company-information.service.gov.uk/search/companies?q=Macfarlane+Group+PLC,1620594708,17:11:48,20210509
63,2003-01-31,MACF.L,GBP,2003-01-31,2003-01-31,Q1,32742750,22266750.0,10476000.0,0.3199486909315803,0.0,0.0,0.0,224750.0,7103250.0,33228000,300750.0,2000000.0,1514750.0,0.046262149636179,-485250.0,-0.014820074673019218,0.0,-4646000.0,-0.14189400707026747,-338500.0,-4307500.0,-0.13155584060593567,-0.038275,-0.038275,115019000,115019000,https://find-and-update.company-information.service.gov.uk/search/companies?q=Macfarlane+Group+PLC,https://find-and-update.company-information.service.gov.uk/search/companies?q=Macfarlane+Group+PLC,1620594708,17:11:48,20210509
64,2002-09-30,MACF.L,GBP,2002-09-30,2002-09-30,Q3,37404500,24797250.0,12607250.0,0.33705169164138005,0.0,0.0,0.0,45750.0,10848500.0,38653750,153250.0,1241000.0,-8250.0,-0.00022056169712200404,-1249250.0,-0.03339838789450467,0.0,-1414500.0,-0.037816305524736325,-459000.0,-955500.0,-0.025545054739403012,-0.008124630315503246,-0.00405753126659068,117605351,235488019,https://find-and-update.company-information.service.gov.uk/search/companies?q=Macfarlane+Group+PLC,https://find-and-update.company-information.service.gov.uk/search/companies?q=Macfarlane+Group+PLC,1620594708,17:11:48,20210509
65,2002-06-30,MACF.L,GBP,2002-06-30,2002-06-30,Q2,37404500,24797250.0,12607250.0,0.33705169164138005,0.0,0.0,0.0,45750.0,10848500.0,38653750,153250.0,1241000.0,-8250.0,-0.00022056169712200404,-1249250.0,-0.03339838789450467,0.0,-1414500.0,-0.037816305524736325,-459000.0,-955500.0,-0.025545054739403012,-0.008124630315503246,-0.00405753126659068,117605351,235488019,https://find-and-update.company-information.service.gov.uk/search/companies?q=Macfarlane+Group+PLC,https://find-and-update.company-information.service.gov.uk/search/companies?q=Macfarlane+Group+PLC,1620594708,17:11:48,20210509
66,2002-03-31,MACF.L,GBP,2002-03-31,2002-03-31,Q1,37404500,24797250.0,12607250.0,0.33705169164138005,0.0,0.0,0.0,45750.0,10848500.0,38653750,153250.0,1241000.0,-8250.0,-0.00022056169712200404,-1249250.0,-0.03339838789450467,0.0,-1414500.0,-0.037816305524736325,-459000.0,-955500.0,-0.025545054739403012,-0.008124630315503246,-0.00405753126659068,117605351,235488019,https://find-and-update.company-information.service.gov.uk/search/companies?q=Macfarlane+Group+PLC,https://find-and-update.company-information.service.gov.uk/search/companies?q=Macfarlane+Group+PLC,1620594708,17:11:48,20210509
67,2002-01-31,MACF.L,GBP,2002-01-31,2002-01-31,Q1,37404500,24797250.0,12607250.0,0.33705169164138005,0.0,0.0,0.0,45750.0,10848500.0,38653750,153250.0,1241000.0,-8250.0,-0.00022056169712200404,-1249250.0,-0.03339838789450467,0.0,-1414500.0,-0.037816305524736325,-459000.0,-955500.0,-0.025545054739403012,-0.008124630315503246,-0.00405753126659068,117605351,235488019,https://find-and-update.company-information.service.gov.uk/search/companies?q=Macfarlane+Group+PLC,https://find-and-update.company-information.service.gov.uk/search/companies?q=Macfarlane+Group+PLC,1620594708,17:11:48,20210509
68,2001-09-30,MACF.L,GBP,2001-09-30,2001-09-30,Q3,49550000,32383000.0,17167000.0,0.34645812310797175,0.0,0.0,0.0,10750.0,11307500.0,47006750,397500.0,1711500.0,4254750.0,0.0858678102926337,2543250.0,0.05132694248234107,0.0,-355750.0,-0.007179616548940464,767750.0,-1123500.0,-0.02267406659939455,-0.009,-0.009,123689000,123689000,https://find-and-update.company-information.service.gov.uk/search/companies?q=Macfarlane+Group+PLC,https://find-and-update.company-information.service.gov.uk/search/companies?q=Macfarlane+Group+PLC,1620594708,17:11:48,20210509
69,2001-06-30,MACF.L,GBP,2001-06-30,2001-06-30,Q2,49550000,32383000.0,17167000.0,0.34645812310797175,0.0,0.0,0.0,10750.0,11307500.0,47006750,397500.0,1711500.0,4254750.0,0.0858678102926337,2543250.0,0.05132694248234107,0.0,-355750.0,-0.007179616548940464,767750.0,-1123500.0,-0.02267406659939455,-0.009,-0.009,123689000,123689000,https://find-and-update.company-information.service.gov.uk/search/companies?q=Macfarlane+Group+PLC,https://find-and-update.company-information.service.gov.uk/search/companies?q=Macfarlane+Group+PLC,1620594708,17:11:48,20210509
70,2001-03-31,MACF.L,GBP,2001-03-31,2001-03-31,Q1,49550000,32383000.0,17167000.0,0.34645812310797175,0.0,0.0,0.0,10750.0,11307500.0,47006750,397500.0,1711500.0,4254750.0,0.0858678102926337,2543250.0,0.05132694248234107,0.0,-355750.0,-0.007179616548940464,767750.0,-1123500.0,-0.02267406659939455,-0.009,-0.009,123689000,123689000,https://find-and-update.company-information.service.gov.uk/search/companies?q=Macfarlane+Group+PLC,https://find-and-update.company-information.service.gov.uk/search/companies?q=Macfarlane+Group+PLC,1620594708,17:11:48,20210509
71,2001-01-31,MACF.L,GBP,2001-01-31,2001-01-31,Q1,49550000,32383000.0,17167000.0,0.34645812310797175,0.0,0.0,0.0,10750.0,11307500.0,47006750,397500.0,1711500.0,4254750.0,0.0858678102926337,2543250.0,0.05132694248234107,0.0,-355750.0,-0.007179616548940464,767750.0,-1123500.0,-0.02267406659939455,-0.009,-0.009,123689000,123689000,https://find-and-update.company-information.service.gov.uk/search/companies?q=Macfarlane+Group+PLC,https://find-and-update.company-information.service.gov.uk/search/companies?q=Macfarlane+Group+PLC,1620594708,17:11:48,20210509
72,2000-09-30,MACF.L,GBP,2000-09-30,2000-09-30,Q3,49481750,32506500.0,16975250.0,0.34306082545584987,0.0,0.0,0.0,22750.0,11392000.0,46260750,256750.0,1647500.0,4868500.0,0.09838981038463676,3221000.0,0.06509470663426414,0.0,2914500.0,0.05890050372106888,981500.0,1933000.0,0.03906490776902596,0.015241113949601034,0.015231626309029446,126828000,126907000,https://find-and-update.company-information.service.gov.uk/search/companies?q=Macfarlane+Group+PLC,https://find-and-update.company-information.service.gov.uk/search/companies?q=Macfarlane+Group+PLC,1620594708,17:11:48,20210509
73,2000-06-30,MACF.L,GBP,2000-06-30,2000-06-30,Q2,49481750,32506500.0,16975250.0,0.34306082545584987,0.0,0.0,0.0,22750.0,11392000.0,46260750,256750.0,1647500.0,4868500.0,0.09838981038463676,3221000.0,0.06509470663426414,0.0,2914500.0,0.05890050372106888,981500.0,1933000.0,0.03906490776902596,0.015241113949601034,0.015231626309029446,126828000,126907000,https://find-and-update.company-information.service.gov.uk/search/companies?q=Macfarlane+Group+PLC,https://find-and-update.company-information.service.gov.uk/search/companies?q=Macfarlane+Group+PLC,1620594708,17:11:48,20210509
74,2000-03-31,MACF.L,GBP,2000-03-31,2000-03-31,Q1,49481750,32506500.0,16975250.0,0.34306082545584987,0.0,0.0,0.0,22750.0,11392000.0,46260750,256750.0,1647500.0,4868500.0,0.09838981038463676,3221000.0,0.06509470663426414,0.0,2914500.0,0.05890050372106888,981500.0,1933000.0,0.03906490776902596,0.015241113949601034,0.015231626309029446,126828000,126907000,https://find-and-update.company-information.service.gov.uk/search/companies?q=Macfarlane+Group+PLC,https://find-and-update.company-information.service.gov.uk/search/companies?q=Macfarlane+Group+PLC,1620594708,17:11:48,20210509
75,2000-01-31,MACF.L,GBP,2000-01-31,2000-01-31,Q1,49481750,32506500.0,16975250.0,0.34306082545584987,0.0,0.0,0.0,22750.0,11392000.0,46260750,256750.0,1647500.0,4868500.0,0.09838981038463676,3221000.0,0.06509470663426414,0.0,2914500.0,0.05890050372106888,981500.0,1933000.0,0.03906490776902596,0.015241113949601034,0.015231626309029446,126828000,126907000,https://find-and-update.company-information.service.gov.uk/search/companies?q=Macfarlane+Group+PLC,https://find-and-update.company-information.service.gov.uk/search/companies?q=Macfarlane+Group+PLC,1620594708,17:11:48,20210509
76,1999-09-30,MACF.L,GBP,1999-09-30,1999-09-30,Q3,49085250,31764500.0,17320750.0,0.35287077075088746,0.0,0.0,0.0,11250.0,9337000.0,43729000,220750.0,2084000.0,7440250.0,0.15157812173718174,5356250.0,0.1091213755659796,0.0,654500.0,0.013333944514900097,754000.0,-99500.0,-0.002027085529767089,-0.00075,-0.00075,126828000,126828000,https://find-and-update.company-information.service.gov.uk/search/companies?q=Macfarlane+Group+PLC,https://find-and-update.company-information.service.gov.uk/search/companies?q=Macfarlane+Group+PLC,1620594708,17:11:48,20210509
77,1999-06-30,MACF.L,GBP,1999-06-30,1999-06-30,Q2,49085250,31764500.0,17320750.0,0.35287077075088746,0.0,0.0,0.0,11250.0,9337000.0,43729000,220750.0,2084000.0,7440250.0,0.15157812173718174,5356250.0,0.1091213755659796,0.0,654500.0,0.013333944514900097,754000.0,-99500.0,-0.002027085529767089,-0.00075,-0.00075,126828000,126828000,https://find-and-update.company-information.service.gov.uk/search/companies?q=Macfarlane+Group+PLC,https://find-and-update.company-information.service.gov.uk/search/companies?q=Macfarlane+Group+PLC,1620594708,17:11:48,20210509
78,1999-03-31,MACF.L,GBP,1999-03-31,1999-03-31,Q1,49085250,31764500.0,17320750.0,0.35287077075088746,0.0,0.0,0.0,11250.0,9337000.0,43729000,220750.0,2084000.0,7440250.0,0.15157812173718174,5356250.0,0.1091213755659796,0.0,654500.0,0.013333944514900097,754000.0,-99500.0,-0.002027085529767089,-0.00075,-0.00075,126828000,126828000,https://find-and-update.company-information.service.gov.uk/search/companies?q=Macfarlane+Group+PLC,https://find-and-update.company-information.service.gov.uk/search/companies?q=Macfarlane+Group+PLC,1620594708,17:11:48,20210509
79,1999-01-31,MACF.L,GBP,1999-01-31,1999-01-31,Q1,49085250,31764500.0,17320750.0,0.35287077075088746,0.0,0.0,0.0,11250.0,9337000.0,43729000,220750.0,2084000.0,7440250.0,0.15157812173718174,5356250.0,0.1091213755659796,0.0,654500.0,0.013333944514900097,754000.0,-99500.0,-0.002027085529767089,-0.00075,-0.00075,126828000,126828000,https://find-and-update.company-information.service.gov.uk/search/companies?q=Macfarlane+Group+PLC,https://find-and-update.company-information.service.gov.uk/search/companies?q=Macfarlane+Group+PLC,1620594708,17:11:48,20210509
80,1998-09-30,MACF.L,GBP,1998-09-30,1998-09-30,Q3,48035750,30710250.0,17325500.0,0.360679285740308,0.0,0.0,0.0,22000.0,10732500.0,44263000,325500.0,2268250.0,6041000.0,0.1257605012933076,3772750.0,0.07854046205170108,0.0,3769250.0,0.07846759965234226,1116000.0,2653250.0,0.05523490317107571,0.02092006496988047,0.020890745319118782,126828000,127006000,https://find-and-update.company-information.service.gov.uk/search/companies?q=Macfarlane+Group+PLC,https://find-and-update.company-information.service.gov.uk/search/companies?q=Macfarlane+Group+PLC,1620594708,17:11:48,20210509
81,1998-06-30,MACF.L,GBP,1998-06-30,1998-06-30,Q2,48035750,30710250.0,17325500.0,0.360679285740308,0.0,0.0,0.0,22000.0,10732500.0,44263000,325500.0,2268250.0,6041000.0,0.1257605012933076,3772750.0,0.07854046205170108,0.0,3769250.0,0.07846759965234226,1116000.0,2653250.0,0.05523490317107571,0.02092006496988047,0.020890745319118782,126828000,127006000,https://find-and-update.company-information.service.gov.uk/search/companies?q=Macfarlane+Group+PLC,https://find-and-update.company-information.service.gov.uk/search/companies?q=Macfarlane+Group+PLC,1620594708,17:11:48,20210509
82,1998-03-31,MACF.L,GBP,1998-03-31,1998-03-31,Q1,48035750,30710250.0,17325500.0,0.360679285740308,0.0,0.0,0.0,22000.0,10732500.0,44263000,325500.0,2268250.0,6041000.0,0.1257605012933076,3772750.0,0.07854046205170108,0.0,3769250.0,0.07846759965234226,1116000.0,2653250.0,0.05523490317107571,0.02092006496988047,0.020890745319118782,126828000,127006000,https://find-and-update.company-information.service.gov.uk/search/companies?q=Macfarlane+Group+PLC,https://find-and-update.company-information.service.gov.uk/search/companies?q=Macfarlane+Group+PLC,1620594708,17:11:48,20210509
83,1998-01-31,MACF.L,GBP,1998-01-31,1998-01-31,Q1,48035750,30710250.0,17325500.0,0.360679285740308,0.0,0.0,0.0,22000.0,10732500.0,44263000,325500.0,2268250.0,6041000.0,0.1257605012933076,3772750.0,0.07854046205170108,0.0,3769250.0,0.07846759965234226,1116000.0,2653250.0,0.05523490317107571,0.02092006496988047,0.020890745319118782,126828000,127006000,https://find-and-update.company-information.service.gov.uk/search/companies?q=Macfarlane+Group+PLC,https://find-and-update.company-information.service.gov.uk/search/companies?q=Macfarlane+Group+PLC,1620594708,17:11:48,20210509
84,1997-09-30,MACF.L,GBP,1997-09-30,1997-09-30,Q3,48340750,0.0,0.0,0.0,0.0,0.0,0.0,33750.0,40572000.0,43002250,192500.0,1903500.0,7242000.0,0.14981149444309408,5338500.0,0.11043477811163459,0.0,5487750.0,0.11352223538112255,1618000.0,3869750.0,0.0800515093373603,0.030585348118523904,0.030509871014538458,126523000,126836000,https://find-and-update.company-information.service.gov.uk/search/companies?q=Macfarlane+Group+PLC,https://find-and-update.company-information.service.gov.uk/search/companies?q=Macfarlane+Group+PLC,1620594708,17:11:48,20210509
85,1997-06-30,MACF.L,GBP,1997-06-30,1997-06-30,Q2,48340750,0.0,0.0,0.0,0.0,0.0,0.0,33750.0,40572000.0,43002250,192500.0,1903500.0,7242000.0,0.14981149444309408,5338500.0,0.11043477811163459,0.0,5487750.0,0.11352223538112255,1618000.0,3869750.0,0.0800515093373603,0.030585348118523904,0.030509871014538458,126523000,126836000,https://find-and-update.company-information.service.gov.uk/search/companies?q=Macfarlane+Group+PLC,https://find-and-update.company-information.service.gov.uk/search/companies?q=Macfarlane+Group+PLC,1620594708,17:11:48,20210509
86,1997-03-31,MACF.L,GBP,1997-03-31,1997-03-31,Q1,48340750,0.0,0.0,0.0,0.0,0.0,0.0,33750.0,40572000.0,43002250,192500.0,1903500.0,7242000.0,0.14981149444309408,5338500.0,0.11043477811163459,0.0,5487750.0,0.11352223538112255,1618000.0,3869750.0,0.0800515093373603,0.030585348118523904,0.030509871014538458,126523000,126836000,https://find-and-update.company-information.service.gov.uk/search/companies?q=Macfarlane+Group+PLC,https://find-and-update.company-information.service.gov.uk/search/companies?q=Macfarlane+Group+PLC,1620594708,17:11:48,20210509
87,1997-01-31,MACF.L,GBP,1997-01-31,1997-01-31,Q1,48340750,0.0,0.0,0.0,0.0,0.0,0.0,33750.0,40572000.0,43002250,192500.0,1903500.0,7242000.0,0.14981149444309408,5338500.0,0.11043477811163459,0.0,5487750.0,0.11352223538112255,1618000.0,3869750.0,0.0800515093373603,0.030585348118523904,0.030509871014538458,126523000,126836000,https://find-and-update.company-information.service.gov.uk/search/companies?q=Macfarlane+Group+PLC,https://find-and-update.company-information.service.gov.uk/search/companies?q=Macfarlane+Group+PLC,1620594708,17:11:48,20210509
88,1996-09-30,MACF.L,GBP,1996-09-30,1996-09-30,Q3,39268000,0.0,0.0,0.0,0.0,0.0,0.0,21750.0,32780750.0,34475000,12500.0,1435250.0,6228250.0,0.15860879087297544,4793000.0,0.12205867372924518,0.0,5104000.0,0.12997860853621268,1613750.0,3490250.0,0.08888280533767953,0.0285,0.0285,122638000,122638000,https://find-and-update.company-information.service.gov.uk/search/companies?q=Macfarlane+Group+PLC,https://find-and-update.company-information.service.gov.uk/search/companies?q=Macfarlane+Group+PLC,1620594708,17:11:48,20210509
89,1996-06-30,MACF.L,GBP,1996-06-30,1996-06-30,Q2,39268000,0.0,0.0,0.0,0.0,0.0,0.0,21750.0,32780750.0,34475000,12500.0,1435250.0,6228250.0,0.15860879087297544,4793000.0,0.12205867372924518,0.0,5104000.0,0.12997860853621268,1613750.0,3490250.0,0.08888280533767953,0.0285,0.0285,122638000,122638000,https://find-and-update.company-information.service.gov.uk/search/companies?q=Macfarlane+Group+PLC,https://find-and-update.company-information.service.gov.uk/search/companies?q=Macfarlane+Group+PLC,1620594708,17:11:48,20210509
90,1996-03-31,MACF.L,GBP,1996-03-31,1996-03-31,Q1,39268000,0.0,0.0,0.0,0.0,0.0,0.0,21750.0,32780750.0,34475000,12500.0,1435250.0,6228250.0,0.15860879087297544,4793000.0,0.12205867372924518,0.0,5104000.0,0.12997860853621268,1613750.0,3490250.0,0.08888280533767953,0.0285,0.0285,122638000,122638000,https://find-and-update.company-information.service.gov.uk/search/companies?q=Macfarlane+Group+PLC,https://find-and-update.company-information.service.gov.uk/search/companies?q=Macfarlane+Group+PLC,1620594708,17:11:48,20210509
91,1996-01-31,MACF.L,GBP,1996-01-31,1996-01-31,Q1,39268000,0.0,0.0,0.0,0.0,0.0,0.0,21750.0,32780750.0,34475000,12500.0,1435250.0,6228250.0,0.15860879087297544,4793000.0,0.12205867372924518,0.0,5104000.0,0.12997860853621268,1613750.0,3490250.0,0.08888280533767953,0.0285,0.0285,122638000,122638000,https://find-and-update.company-information.service.gov.uk/search/companies?q=Macfarlane+Group+PLC,https://find-and-update.company-information.service.gov.uk/search/companies?q=Macfarlane+Group+PLC,1620594708,17:11:48,20210509
92,1995-09-30,MACF.L,GBP,1995-09-30,1995-09-30,Q3,39650000,0.0,0.0,0.0,0.0,0.0,0.0,14500.0,33280750.0,34719750,48250.0,1218250.0,6148500.0,0.15506935687263557,4930250.0,0.12434426229508197,0.0,5305750.0,0.13381462799495586,1658250.0,3647500.0,0.09199243379571248,0.03,0.03,121302000,121302000,https://find-and-update.company-information.service.gov.uk/search/companies?q=Macfarlane+Group+PLC,https://find-and-update.company-information.service.gov.uk/search/companies?q=Macfarlane+Group+PLC,1620594708,17:11:48,20210509
93,1995-06-30,MACF.L,GBP,1995-06-30,1995-06-30,Q2,39650000,0.0,0.0,0.0,0.0,0.0,0.0,14500.0,33280750.0,34719750,48250.0,1218250.0,6148500.0,0.15506935687263557,4930250.0,0.12434426229508197,0.0,5305750.0,0.13381462799495586,1658250.0,3647500.0,0.09199243379571248,0.03,0.03,121302000,121302000,https://find-and-update.company-information.service.gov.uk/search/companies?q=Macfarlane+Group+PLC,https://find-and-update.company-information.service.gov.uk/search/companies?q=Macfarlane+Group+PLC,1620594708,17:11:48,20210509
94,1995-03-31,MACF.L,GBP,1995-03-31,1995-03-31,Q1,39650000,0.0,0.0,0.0,0.0,0.0,0.0,14500.0,33280750.0,34719750,48250.0,1218250.0,6148500.0,0.15506935687263557,4930250.0,0.12434426229508197,0.0,5305750.0,0.13381462799495586,1658250.0,3647500.0,0.09199243379571248,0.03,0.03,121302000,121302000,https://find-and-update.company-information.service.gov.uk/search/companies?q=Macfarlane+Group+PLC,https://find-and-update.company-information.service.gov.uk/search/companies?q=Macfarlane+Group+PLC,1620594708,17:11:48,20210509
95,1995-01-31,MACF.L,GBP,1995-01-31,1995-01-31,Q1,39650000,0.0,0.0,0.0,0.0,0.0,0.0,14500.0,33280750.0,34719750,48250.0,1218250.0,6148500.0,0.15506935687263557,4930250.0,0.12434426229508197,0.0,5305750.0,0.13381462799495586,1658250.0,3647500.0,0.09199243379571248,0.03,0.03,121302000,121302000,https://find-and-update.company-information.service.gov.uk/search/companies?q=Macfarlane+Group+PLC,https://find-and-update.company-information.service.gov.uk/search/companies?q=Macfarlane+Group+PLC,1620594708,17:11:48,20210509
96,1994-09-30,MACF.L,GBP,1994-09-30,1994-09-30,Q3,29239000,0.0,0.0,0.0,0.0,0.0,0.0,13000.0,24340000.0,25452500,23750.0,969250.0,4755750.0,0.16265091145388008,3786500.0,0.12950169294435515,0.0,4076500.0,0.13941995280276342,1371000.0,2705500.0,0.09253052429973666,0.023,0.023,117786000,117786000,https://find-and-update.company-information.service.gov.uk/search/companies?q=Macfarlane+Group+PLC,https://find-and-update.company-information.service.gov.uk/search/companies?q=Macfarlane+Group+PLC,1620594708,17:11:48,20210509
97,1994-06-30,MACF.L,GBP,1994-06-30,1994-06-30,Q2,29239000,0.0,0.0,0.0,0.0,0.0,0.0,13000.0,24340000.0,25452500,23750.0,969250.0,4755750.0,0.16265091145388008,3786500.0,0.12950169294435515,0.0,4076500.0,0.13941995280276342,1371000.0,2705500.0,0.09253052429973666,0.023,0.023,117786000,117786000,https://find-and-update.company-information.service.gov.uk/search/companies?q=Macfarlane+Group+PLC,https://find-and-update.company-information.service.gov.uk/search/companies?q=Macfarlane+Group+PLC,1620594708,17:11:48,20210509
98,1994-03-31,MACF.L,GBP,1994-03-31,1994-03-31,Q1,29239000,0.0,0.0,0.0,0.0,0.0,0.0,13000.0,24340000.0,25452500,23750.0,969250.0,4755750.0,0.16265091145388008,3786500.0,0.12950169294435515,0.0,4076500.0,0.13941995280276342,1371000.0,2705500.0,0.09253052429973666,0.023,0.023,117786000,117786000,https://find-and-update.company-information.service.gov.uk/search/companies?q=Macfarlane+Group+PLC,https://find-and-update.company-information.service.gov.uk/search/companies?q=Macfarlane+Group+PLC,1620594708,17:11:48,20210509
99,1994-01-31,MACF.L,GBP,1994-01-31,1994-01-31,Q1,29239000,0.0,0.0,0.0,0.0,0.0,0.0,13000.0,24340000.0,25452500,23750.0,969250.0,4755750.0,0.16265091145388008,3786500.0,0.12950169294435515,0.0,4076500.0,0.13941995280276342,1371000.0,2705500.0,0.09253052429973666,0.023,0.023,117786000,117786000,https://find-and-update.company-information.service.gov.uk/search/companies?q=Macfarlane+Group+PLC,https://find-and-update.company-information.service.gov.uk/search/companies?q=Macfarlane+Group+PLC,1620594708,17:11:48,20210509
100,1993-09-30,MACF.L,GBP,1993-09-30,1993-09-30,Q3,24179250,0.0,0.0,0.0,0.0,0.0,0.0,11750.0,20095000.0,21290250,14000.0,1017000.0,3906000.0,0.16154347219206552,2889000.0,0.11948261422500697,0.0,3183000.0,0.13164180030397965,1042750.0,2140250.0,0.08851597961061654,0.01883325,0.01883325,114150000,114150000,https://find-and-update.company-information.service.gov.uk/search/companies?q=Macfarlane+Group+PLC,https://find-and-update.company-information.service.gov.uk/search/companies?q=Macfarlane+Group+PLC,1620594708,17:11:48,20210509
101,1993-06-30,MACF.L,GBP,1993-06-30,1993-06-30,Q2,24179250,0.0,0.0,0.0,0.0,0.0,0.0,11750.0,20095000.0,21290250,14000.0,1017000.0,3906000.0,0.16154347219206552,2889000.0,0.11948261422500697,0.0,3183000.0,0.13164180030397965,1042750.0,2140250.0,0.08851597961061654,0.01883325,0.01883325,114150000,114150000,https://find-and-update.company-information.service.gov.uk/search/companies?q=Macfarlane+Group+PLC,https://find-and-update.company-information.service.gov.uk/search/companies?q=Macfarlane+Group+PLC,1620594708,17:11:48,20210509
102,1993-03-31,MACF.L,GBP,1993-03-31,1993-03-31,Q1,24179250,0.0,0.0,0.0,0.0,0.0,0.0,11750.0,20095000.0,21290250,14000.0,1017000.0,3906000.0,0.16154347219206552,2889000.0,0.11948261422500697,0.0,3183000.0,0.13164180030397965,1042750.0,2140250.0,0.08851597961061654,0.01883325,0.01883325,114150000,114150000,https://find-and-update.company-information.service.gov.uk/search/companies?q=Macfarlane+Group+PLC,https://find-and-update.company-information.service.gov.uk/search/companies?q=Macfarlane+Group+PLC,1620594708,17:11:48,20210509
103,1993-01-31,MACF.L,GBP,1993-01-31,1993-01-31,Q1,24179250,0.0,0.0,0.0,0.0,0.0,0.0,11750.0,20095000.0,21290250,14000.0,1017000.0,3906000.0,0.16154347219206552,2889000.0,0.11948261422500697,0.0,3183000.0,0.13164180030397965,1042750.0,2140250.0,0.08851597961061654,0.01883325,0.01883325,114150000,114150000,https://find-and-update.company-information.service.gov.uk/search/companies?q=Macfarlane+Group+PLC,https://find-and-update.company-information.service.gov.uk/search/companies?q=Macfarlane+Group+PLC,1620594708,17:11:48,20210509
104,1992-09-30,MACF.L,GBP,1992-09-30,1992-09-30,Q3,21743500,0.0,0.0,0.0,0.0,0.0,0.0,14000.0,18258750.0,19388500,43250.0,1025250.0,3380250.0,0.15546025248924966,2355000.0,0.1083082300457608,0.0,2538000.0,0.11672453836778808,876000.0,1662000.0,0.07643663623611655,0.01466675,0.01466675,113332500,113332500,https://find-and-update.company-information.service.gov.uk/search/companies?q=Macfarlane+Group+PLC,https://find-and-update.company-information.service.gov.uk/search/companies?q=Macfarlane+Group+PLC,1620594708,17:11:48,20210509
105,1992-06-30,MACF.L,GBP,1992-06-30,1992-06-30,Q2,21743500,0.0,0.0,0.0,0.0,0.0,0.0,14000.0,18258750.0,19388500,43250.0,1025250.0,3380250.0,0.15546025248924966,2355000.0,0.1083082300457608,0.0,2538000.0,0.11672453836778808,876000.0,1662000.0,0.07643663623611655,0.01466675,0.01466675,113332500,113332500,https://find-and-update.company-information.service.gov.uk/search/companies?q=Macfarlane+Group+PLC,https://find-and-update.company-information.service.gov.uk/search/companies?q=Macfarlane+Group+PLC,1620594708,17:11:48,20210509
106,1992-03-31,MACF.L,GBP,1992-03-31,1992-03-31,Q1,21743500,0.0,0.0,0.0,0.0,0.0,0.0,14000.0,18258750.0,19388500,43250.0,1025250.0,3380250.0,0.15546025248924966,2355000.0,0.1083082300457608,0.0,2538000.0,0.11672453836778808,876000.0,1662000.0,0.07643663623611655,0.01466675,0.01466675,113332500,113332500,https://find-and-update.company-information.service.gov.uk/search/companies?q=Macfarlane+Group+PLC,https://find-and-update.company-information.service.gov.uk/search/companies?q=Macfarlane+Group+PLC,1620594708,17:11:48,20210509
107,1992-01-31,MACF.L,GBP,1992-01-31,1992-01-31,Q1,21743500,0.0,0.0,0.0,0.0,0.0,0.0,14000.0,18258750.0,19388500,43250.0,1025250.0,3380250.0,0.15546025248924966,2355000.0,0.1083082300457608,0.0,2538000.0,0.11672453836778808,876000.0,1662000.0,0.07643663623611655,0.01466675,0.01466675,113332500,113332500,https://find-and-update.company-information.service.gov.uk/search/companies?q=Macfarlane+Group+PLC,https://find-and-update.company-information.service.gov.uk/search/companies?q=Macfarlane+Group+PLC,1620594708,17:11:48,20210509
108,1991-09-30,MACF.L,GBP,1991-09-30,1991-09-30,Q3,20664000,0.0,0.0,0.0,0.0,0.0,0.0,18750.0,19415250.0,20500500,76250.0,976500.0,1140000.0,0.05516840882694541,163500.0,0.007912311265969802,0.0,1712500.0,0.08287359659310879,583750.0,1128750.0,0.0546239837398374,0.01,0.01,113211000,113211000,https://find-and-update.company-information.service.gov.uk/search/companies?q=Macfarlane+Group+PLC,https://find-and-update.company-information.service.gov.uk/search/companies?q=Macfarlane+Group+PLC,1620594708,17:11:48,20210509
109,1991-06-30,MACF.L,GBP,1991-06-30,1991-06-30,Q2,20664000,0.0,0.0,0.0,0.0,0.0,0.0,18750.0,19415250.0,20500500,76250.0,976500.0,1140000.0,0.05516840882694541,163500.0,0.007912311265969802,0.0,1712500.0,0.08287359659310879,583750.0,1128750.0,0.0546239837398374,0.01,0.01,113211000,113211000,https://find-and-update.company-information.service.gov.uk/search/companies?q=Macfarlane+Group+PLC,https://find-and-update.company-information.service.gov.uk/search/companies?q=Macfarlane+Group+PLC,1620594708,17:11:48,20210509
110,1991-03-31,MACF.L,GBP,1991-03-31,1991-03-31,Q1,20664000,0.0,0.0,0.0,0.0,0.0,0.0,18750.0,19415250.0,20500500,76250.0,976500.0,1140000.0,0.05516840882694541,163500.0,0.007912311265969802,0.0,1712500.0,0.08287359659310879,583750.0,1128750.0,0.0546239837398374,0.01,0.01,113211000,113211000,https://find-and-update.company-information.service.gov.uk/search/companies?q=Macfarlane+Group+PLC,https://find-and-update.company-information.service.gov.uk/search/companies?q=Macfarlane+Group+PLC,1620594708,17:11:48,20210509
111,1991-01-31,MACF.L,GBP,1991-01-31,1991-01-31,Q1,20664000,0.0,0.0,0.0,0.0,0.0,0.0,18750.0,19415250.0,20500500,76250.0,976500.0,1140000.0,0.05516840882694541,163500.0,0.007912311265969802,0.0,1712500.0,0.08287359659310879,583750.0,1128750.0,0.0546239837398374,0.01,0.01,113211000,113211000,https://find-and-update.company-information.service.gov.uk/search/companies?q=Macfarlane+Group+PLC,https://find-and-update.company-information.service.gov.uk/search/companies?q=Macfarlane+Group+PLC,1620594708,17:11:48,20210509
112,1990-09-30,MACF.L,GBP,1990-09-30,1990-09-30,Q3,25640000,0.0,0.0,0.0,0.0,0.0,0.0,9250.0,24554000.0,25658500,307250.0,1015500.0,997000.0,0.03888455538221529,-18500.0,-0.0007215288611544462,0.0,2303750.0,0.08984984399375975,806250.0,2231750.0,0.08704173166926676,0.01322225,0.01322225,113195250,113195250,https://find-and-update.company-information.service.gov.uk/search/companies?q=Macfarlane+Group+PLC,https://find-and-update.company-information.service.gov.uk/search/companies?q=Macfarlane+Group+PLC,1620594708,17:11:48,20210509
113,1990-06-30,MACF.L,GBP,1990-06-30,1990-06-30,Q2,25640000,0.0,0.0,0.0,0.0,0.0,0.0,9250.0,24554000.0,25658500,307250.0,1015500.0,997000.0,0.03888455538221529,-18500.0,-0.0007215288611544462,0.0,2303750.0,0.08984984399375975,806250.0,2231750.0,0.08704173166926676,0.01322225,0.01322225,113195250,113195250,https://find-and-update.company-information.service.gov.uk/search/companies?q=Macfarlane+Group+PLC,https://find-and-update.company-information.service.gov.uk/search/companies?q=Macfarlane+Group+PLC,1620594708,17:11:48,20210509
114,1990-03-31,MACF.L,GBP,1990-03-31,1990-03-31,Q1,25640000,0.0,0.0,0.0,0.0,0.0,0.0,9250.0,24554000.0,25658500,307250.0,1015500.0,997000.0,0.03888455538221529,-18500.0,-0.0007215288611544462,0.0,2303750.0,0.08984984399375975,806250.0,2231750.0,0.08704173166926676,0.01322225,0.01322225,113195250,113195250,https://find-and-update.company-information.service.gov.uk/search/companies?q=Macfarlane+Group+PLC,https://find-and-update.company-information.service.gov.uk/search/companies?q=Macfarlane+Group+PLC,1620594708,17:11:48,20210509
115,1990-01-31,MACF.L,GBP,1990-01-31,1990-01-31,Q1,25640000,0.0,0.0,0.0,0.0,0.0,0.0,9250.0,24554000.0,25658500,307250.0,1015500.0,997000.0,0.03888455538221529,-18500.0,-0.0007215288611544462,0.0,2303750.0,0.08984984399375975,806250.0,2231750.0,0.08704173166926676,0.01322225,0.01322225,113195250,113195250,https://find-and-update.company-information.service.gov.uk/search/companies?q=Macfarlane+Group+PLC,https://find-and-update.company-information.service.gov.uk/search/companies?q=Macfarlane+Group+PLC,1620594708,17:11:48,20210509
116,1989-09-30,MACF.L,GBP,1989-09-30,1989-09-30,Q3,22799750,0.0,0.0,0.0,0.0,0.0,0.0,13750.0,21955250.0,22827250,282000.0,822000.0,794500.0,0.034846873320979396,-27500.0,-0.0012061535762453535,0.0,2316000.0,0.10158006118488142,791000.0,1509000.0,0.06618493623833595,0.01333325,0.01333325,112988250,112988250,https://find-and-update.company-information.service.gov.uk/search/companies?q=Macfarlane+Group+PLC,https://find-and-update.company-information.service.gov.uk/search/companies?q=Macfarlane+Group+PLC,1620594708,17:11:48,20210509
117,1989-06-30,MACF.L,GBP,1989-06-30,1989-06-30,Q2,22799750,0.0,0.0,0.0,0.0,0.0,0.0,13750.0,21955250.0,22827250,282000.0,822000.0,794500.0,0.034846873320979396,-27500.0,-0.0012061535762453535,0.0,2316000.0,0.10158006118488142,791000.0,1509000.0,0.06618493623833595,0.01333325,0.01333325,112988250,112988250,https://find-and-update.company-information.service.gov.uk/search/companies?q=Macfarlane+Group+PLC,https://find-and-update.company-information.service.gov.uk/search/companies?q=Macfarlane+Group+PLC,1620594708,17:11:48,20210509
118,1989-03-31,MACF.L,GBP,1989-03-31,1989-03-31,Q1,22799750,0.0,0.0,0.0,0.0,0.0,0.0,13750.0,21955250.0,22827250,282000.0,822000.0,794500.0,0.034846873320979396,-27500.0,-0.0012061535762453535,0.0,2316000.0,0.10158006118488142,791000.0,1509000.0,0.06618493623833595,0.01333325,0.01333325,112988250,112988250,https://find-and-update.company-information.service.gov.uk/search/companies?q=Macfarlane+Group+PLC,https://find-and-update.company-information.service.gov.uk/search/companies?q=Macfarlane+Group+PLC,1620594708,17:11:48,20210509
119,1989-01-31,MACF.L,GBP,1989-01-31,1989-01-31,Q1,22799750,0.0,0.0,0.0,0.0,0.0,0.0,13750.0,21955250.0,22827250,282000.0,822000.0,794500.0,0.034846873320979396,-27500.0,-0.0012061535762453535,0.0,2316000.0,0.10158006118488142,791000.0,1509000.0,0.06618493623833595,0.01333325,0.01333325,112988250,112988250,https://find-and-update.company-information.service.gov.uk/search/companies?q=Macfarlane+Group+PLC,https://find-and-update.company-information.service.gov.uk/search/companies?q=Macfarlane+Group+PLC,1620594708,17:11:48,20210509
120,1988-09-30,MACF.L,GBP,1988-09-30,1988-09-30,Q3,21360500,0.0,0.0,0.0,0.0,0.0,0.0,14750.0,20669000.0,21390000,209500.0,699500.0,670000.0,0.03136630696846984,-29500.0,-0.0013810538142833735,0.0,1828750.0,0.0856136326396854,663500.0,1148500.0,0.053767467989981506,0.01046225,0.01046225,109775250,109775250,https://find-and-update.company-information.service.gov.uk/search/companies?q=Macfarlane+Group+PLC,https://find-and-update.company-information.service.gov.uk/search/companies?q=Macfarlane+Group+PLC,1620594708,17:11:48,20210509
121,1988-06-30,MACF.L,GBP,1988-06-30,1988-06-30,Q2,21360500,0.0,0.0,0.0,0.0,0.0,0.0,14750.0,20669000.0,21390000,209500.0,699500.0,670000.0,0.03136630696846984,-29500.0,-0.0013810538142833735,0.0,1828750.0,0.0856136326396854,663500.0,1148500.0,0.053767467989981506,0.01046225,0.01046225,109775250,109775250,https://find-and-update.company-information.service.gov.uk/search/companies?q=Macfarlane+Group+PLC,https://find-and-update.company-information.service.gov.uk/search/companies?q=Macfarlane+Group+PLC,1620594708,17:11:48,20210509
122,1988-03-31,MACF.L,GBP,1988-03-31,1988-03-31,Q1,21360500,0.0,0.0,0.0,0.0,0.0,0.0,14750.0,20669000.0,21390000,209500.0,699500.0,670000.0,0.03136630696846984,-29500.0,-0.0013810538142833735,0.0,1828750.0,0.0856136326396854,663500.0,1148500.0,0.053767467989981506,0.01046225,0.01046225,109775250,109775250,https://find-and-update.company-information.service.gov.uk/search/companies?q=Macfarlane+Group+PLC,https://find-and-update.company-information.service.gov.uk/search/companies?q=Macfarlane+Group+PLC,1620594708,17:11:48,20210509
123,1988-01-31,MACF.L,GBP,1988-01-31,1988-01-31,Q1,21360500,0.0,0.0,0.0,0.0,0.0,0.0,14750.0,20669000.0,21390000,209500.0,699500.0,670000.0,0.03136630696846984,-29500.0,-0.0013810538142833735,0.0,1828750.0,0.0856136326396854,663500.0,1148500.0,0.053767467989981506,0.01046225,0.01046225,109775250,109775250,https://find-and-update.company-information.service.gov.uk/search/companies?q=Macfarlane+Group+PLC,https://find-and-update.company-information.service.gov.uk/search/companies?q=Macfarlane+Group+PLC,1620594708,17:11:48,20210509
124,1987-09-30,MACF.L,GBP,1987-09-30,1987-09-30,Q3,16789500,0.0,0.0,0.0,0.0,0.0,0.0,34500.0,16220000.0,16858500,180250.0,607750.0,538750.0,0.032088507698263796,-69000.0,-0.0041097114267845975,0.0,1394250.0,0.08304297328687572,427000.0,967250.0,0.05761041126894786,0.00912825,0.00912825,105961500,105961500,https://find-and-update.company-information.service.gov.uk/search/companies?q=Macfarlane+Group+PLC,https://find-and-update.company-information.service.gov.uk/search/companies?q=Macfarlane+Group+PLC,1620594708,17:11:48,20210509
125,1987-06-30,MACF.L,GBP,1987-06-30,1987-06-30,Q2,16789500,0.0,0.0,0.0,0.0,0.0,0.0,34500.0,16220000.0,16858500,180250.0,607750.0,538750.0,0.032088507698263796,-69000.0,-0.0041097114267845975,0.0,1394250.0,0.08304297328687572,427000.0,967250.0,0.05761041126894786,0.00912825,0.00912825,105961500,105961500,https://find-and-update.company-information.service.gov.uk/search/companies?q=Macfarlane+Group+PLC,https://find-and-update.company-information.service.gov.uk/search/companies?q=Macfarlane+Group+PLC,1620594708,17:11:48,20210509
126,1987-03-31,MACF.L,GBP,1987-03-31,1987-03-31,Q1,16789500,0.0,0.0,0.0,0.0,0.0,0.0,34500.0,16220000.0,16858500,180250.0,607750.0,538750.0,0.032088507698263796,-69000.0,-0.0041097114267845975,0.0,1394250.0,0.08304297328687572,427000.0,967250.0,0.05761041126894786,0.00912825,0.00912825,105961500,105961500,https://find-and-update.company-information.service.gov.uk/search/companies?q=Macfarlane+Group+PLC,https://find-and-update.company-information.service.gov.uk/search/companies?q=Macfarlane+Group+PLC,1620594708,17:11:48,20210509
127,1987-01-31,MACF.L,GBP,1987-01-31,1987-01-31,Q1,16789500,0.0,0.0,0.0,0.0,0.0,0.0,34500.0,16220000.0,16858500,180250.0,607750.0,538750.0,0.032088507698263796,-69000.0,-0.0041097114267845975,0.0,1394250.0,0.08304297328687572,427000.0,967250.0,0.05761041126894786,0.00912825,0.00912825,105961500,105961500,https://find-and-update.company-information.service.gov.uk/search/companies?q=Macfarlane+Group+PLC,https://find-and-update.company-information.service.gov.uk/search/companies?q=Macfarlane+Group+PLC,1620594708,17:11:48,20210509
128,1986-09-30,MACF.L,GBP,1986-09-30,1986-09-30,Q3,13641250,0.0,0.0,0.0,0.0,0.0,0.0,29250.0,13180000.0,13699750,105250.0,496500.0,438000.0,0.032108494456153214,-58500.0,-0.0042884633006506,0.0,1127000.0,0.08261706221937139,382500.0,730000.0,0.05351415742692202,0.0069615,0.0069615,104861250,104861250,https://find-and-update.company-information.service.gov.uk/search/companies?q=Macfarlane+Group+PLC,https://find-and-update.company-information.service.gov.uk/search/companies?q=Macfarlane+Group+PLC,1620594708,17:11:48,20210509
129,1986-06-30,MACF.L,GBP,1986-06-30,1986-06-30,Q2,13641250,0.0,0.0,0.0,0.0,0.0,0.0,29250.0,13180000.0,13699750,105250.0,496500.0,438000.0,0.032108494456153214,-58500.0,-0.0042884633006506,0.0,1127000.0,0.08261706221937139,382500.0,730000.0,0.05351415742692202,0.0069615,0.0069615,104861250,104861250,https://find-and-update.company-information.service.gov.uk/search/companies?q=Macfarlane+Group+PLC,https://find-and-update.company-information.service.gov.uk/search/companies?q=Macfarlane+Group+PLC,1620594708,17:11:48,20210509
130,1986-03-31,MACF.L,GBP,1986-03-31,1986-03-31,Q1,13641250,0.0,0.0,0.0,0.0,0.0,0.0,29250.0,13180000.0,13699750,105250.0,496500.0,438000.0,0.032108494456153214,-58500.0,-0.0042884633006506,0.0,1127000.0,0.08261706221937139,382500.0,730000.0,0.05351415742692202,0.0069615,0.0069615,104861250,104861250,https://find-and-update.company-information.service.gov.uk/search/companies?q=Macfarlane+Group+PLC,https://find-and-update.company-information.service.gov.uk/search/companies?q=Macfarlane+Group+PLC,1620594708,17:11:48,20210509
131,1986-01-31,MACF.L,GBP,1986-01-31,1986-01-31,Q1,13641250,0.0,0.0,0.0,0.0,0.0,0.0,29250.0,13180000.0,13699750,105250.0,496500.0,438000.0,0.032108494456153214,-58500.0,-0.0042884633006506,0.0,1127000.0,0.08261706221937139,382500.0,730000.0,0.05351415742692202,0.0069615,0.0069615,104861250,104861250,https://find-and-update.company-information.service.gov.uk/search/companies?q=Macfarlane+Group+PLC,https://find-and-update.company-information.service.gov.uk/search/companies?q=Macfarlane+Group+PLC,1620594708,17:11:48,20210509
132,1985-09-30,MACF.L,GBP,1985-09-30,1985-09-30,Q3,12032750,0.0,0.0,0.0,0.0,0.0,0.0,14250.0,11628500.0,12061250,85750.0,405000.0,376500.0,0.03128960545178783,-28500.0,-0.002368535870852465,0.0,1005500.0,0.08356360765411065,407000.0,580250.0,0.04822255926533835,0.00555025,0.00555025,104544000,104544000,https://find-and-update.company-information.service.gov.uk/search/companies?q=Macfarlane+Group+PLC,https://find-and-update.company-information.service.gov.uk/search/companies?q=Macfarlane+Group+PLC,1620594708,17:11:48,20210509
133,1985-06-30,MACF.L,GBP,1985-06-30,1985-06-30,Q2,12032750,0.0,0.0,0.0,0.0,0.0,0.0,14250.0,11628500.0,12061250,85750.0,405000.0,376500.0,0.03128960545178783,-28500.0,-0.002368535870852465,0.0,1005500.0,0.08356360765411065,407000.0,580250.0,0.04822255926533835,0.00555025,0.00555025,104544000,104544000,https://find-and-update.company-information.service.gov.uk/search/companies?q=Macfarlane+Group+PLC,https://find-and-update.company-information.service.gov.uk/search/companies?q=Macfarlane+Group+PLC,1620594708,17:11:48,20210509
134,1985-03-31,MACF.L,GBP,1985-03-31,1985-03-31,Q1,12032750,0.0,0.0,0.0,0.0,0.0,0.0,14250.0,11628500.0,12061250,85750.0,405000.0,376500.0,0.03128960545178783,-28500.0,-0.002368535870852465,0.0,1005500.0,0.08356360765411065,407000.0,580250.0,0.04822255926533835,0.00555025,0.00555025,104544000,104544000,https://find-and-update.company-information.service.gov.uk/search/companies?q=Macfarlane+Group+PLC,https://find-and-update.company-information.service.gov.uk/search/companies?q=Macfarlane+Group+PLC,1620594708,17:11:48,20210509
135,1985-01-31,MACF.L,GBP,1985-01-31,1985-01-31,Q1,12032750,0.0,0.0,0.0,0.0,0.0,0.0,14250.0,11628500.0,12061250,85750.0,405000.0,376500.0,0.03128960545178783,-28500.0,-0.002368535870852465,0.0,1005500.0,0.08356360765411065,407000.0,580250.0,0.04822255926533835,0.00555025,0.00555025,104544000,104544000,https://find-and-update.company-information.service.gov.uk/search/companies?q=Macfarlane+Group+PLC,https://find-and-update.company-information.service.gov.uk/search/companies?q=Macfarlane+Group+PLC,1620594708,17:11:48,20210509
