,date,symbol,reportedCurrency,fillingDate,acceptedDate,period,revenue,costOfRevenue,grossProfit,grossProfitRatio,researchAndDevelopmentExpenses,generalAndAdministrativeExpenses,sellingAndMarketingExpenses,otherExpenses,operatingExpenses,costAndExpenses,interestExpense,depreciationAndAmortization,ebitda,ebitdaratio,operatingIncome,operatingIncomeRatio,totalOtherIncomeExpensesNet,incomeBeforeTax,incomeBeforeTaxRatio,incomeTaxExpense,netIncome,netIncomeRatio,eps,epsdiluted,weightedAverageShsOut,weightedAverageShsOutDil,link,finalLink,timestamp,est_time,est_date
0,2016-03-31,ROLO.ME,RUB,2016-03-31,2016-03-31,Q1,0.0,0.0,0.0,0.0,0.0,0.0,0.0,0.0,0.0,0.0,0.0,4118750.0,0.0,0.0,0.0,0.0,0.0,0.0,0.0,0.0,0.0,0.0,1.5e-05,1.5e-05,3000100000.0,3000100000.0,http://www.cbr.ru/eng/search/?text=ROLO&category=Any&time=Any&dateFrom=&dateTo=,http://www.cbr.ru/eng/search/?text=ROLO&category=Any&time=Any&dateFrom=&dateTo=,1620597377,17:56:17,20210509
1,2015-09-30,ROLO.ME,RUB,2015-09-30,2015-09-30,Q3,203610000.0,129130000.0,74480000.0,0.36579735769363,0.0,24350000.0,0.0,-77869000.0,24350000.0,153480000.0,51334000.0,4835250.0,54965250.0,0.2699535877412701,50130000.0,0.24620598202445854,0.0,-46000.0,-0.00022592210598693582,23000.0,-69000.0,-0.0003388831589804037,-2.2999233358888038e-05,-2.2999233358888038e-05,3000100000.0,3000100000.0,http://www.cbr.ru/eng/search/?text=ROLO&category=Any&time=Any&dateFrom=&dateTo=,http://www.cbr.ru/eng/search/?text=ROLO&category=Any&time=Any&dateFrom=&dateTo=,1620597377,17:56:17,20210509
2,2015-06-30,ROLO.ME,RUB,2015-06-30,2015-06-30,Q2,118121000.0,99854000.0,18267000.0,0.1546465065483699,0.0,20352000.0,0.0,-1445000.0,20352000.0,120206000.0,71082000.0,4835250.0,2750250.0,0.023283328112697996,-2085000.0,-0.017651391369866494,0.0,-124000.0,-0.0010497709975364246,35000.0,-158000.0,-0.001337611432344799,-5.266491116962768e-05,-5.266491116962768e-05,3000100000.0,3000100000.0,http://www.cbr.ru/eng/search/?text=ROLO&category=Any&time=Any&dateFrom=&dateTo=,http://www.cbr.ru/eng/search/?text=ROLO&category=Any&time=Any&dateFrom=&dateTo=,1620597377,17:56:17,20210509
3,2015-03-31,ROLO.ME,RUB,2015-03-31,2015-03-31,Q1,45946000.0,30398000.0,15548000.0,0.33839724894441303,0.0,20134000.0,0.0,-4847000.0,20134000.0,50532000.0,79926000.0,4835250.0,249250.0,0.0054248465590040484,-4586000.0,-0.09981282374961911,0.0,381000.0,0.008292343185478605,77000.0,303000.0,0.00659469812388456,0.000101,0.000101,3000100000.0,3000100000.0,http://www.cbr.ru/eng/search/?text=ROLO&category=Any&time=Any&dateFrom=&dateTo=,http://www.cbr.ru/eng/search/?text=ROLO&category=Any&time=Any&dateFrom=&dateTo=,1620597377,17:56:17,20210509
4,2014-12-31,ROLO.ME,RUB,2014-12-31,2014-12-31,Q4,2800000.0,0.0,0.0,0.0,0.0,15707000.0,0.0,-5532000.0,15256000.0,15256000.0,66816000.0,0.0,66996000.0,23.927142857142858,-12456000.0,-4.448571428571428,0.0,180000.0,0.06428571428571428,30000.0,109000.0,0.03892857142857143,3.633212226259125e-05,3.633212226259125e-05,3000100000.0,3000100000.0,http://www.cbr.ru/eng/search/?text=ROLO&category=Any&time=Any&dateFrom=&dateTo=,http://www.cbr.ru/eng/search/?text=ROLO&category=Any&time=Any&dateFrom=&dateTo=,1620597377,17:56:17,20210509
5,2014-09-30,ROLO.ME,RUB,2014-09-30,2014-09-30,Q3,2726000.0,0.0,0.0,0.0,0.0,13952000.0,0.0,-571000.0,13952000.0,13952000.0,63987000.0,0.0,64014000.0,23.482758620689655,-11226000.0,-4.118121790168745,0.0,27000.0,0.009904622157006602,30000.0,-3000.0,-0.0011005135730007337,-9.999666677777408e-07,-9.999666677777408e-07,3000100000.0,3000100000.0,http://www.cbr.ru/eng/search/?text=ROLO&category=Any&time=Any&dateFrom=&dateTo=,http://www.cbr.ru/eng/search/?text=ROLO&category=Any&time=Any&dateFrom=&dateTo=,1620597377,17:56:17,20210509
6,2014-06-30,ROLO.ME,RUB,2014-06-30,2014-06-30,Q2,2125000.0,0.0,0.0,0.0,0.0,8932000.0,0.0,519000.0,8932000.0,8932000.0,66483000.0,0.0,66606000.0,31.344,-6807000.0,-3.203294117647059,0.0,123000.0,0.05788235294117647,29000.0,94000.0,0.04423529411764706,3.1332288923702546e-05,3.1332288923702546e-05,3000100000.0,3000100000.0,http://www.cbr.ru/eng/search/?text=ROLO&category=Any&time=Any&dateFrom=&dateTo=,http://www.cbr.ru/eng/search/?text=ROLO&category=Any&time=Any&dateFrom=&dateTo=,1620597377,17:56:17,20210509
7,2014-03-31,ROLO.ME,RUB,2014-03-31,2014-03-31,Q1,2352000.0,0.0,0.0,0.0,0.0,4189000.0,0.0,-82000.0,4189000.0,4189000.0,56282000.0,0.0,56457000.0,24.003826530612244,-1837000.0,-0.7810374149659864,0.0,175000.0,0.0744047619047619,35000.0,140000.0,0.05952380952380952,1.4,1.4,3000100000.0,3000100000.0,http://www.cbr.ru/eng/search/?text=ROLO&category=Any&time=Any&dateFrom=&dateTo=,http://www.cbr.ru/eng/search/?text=ROLO&category=Any&time=Any&dateFrom=&dateTo=,1620597377,17:56:17,20210509
8,2013-12-31,ROLO.ME,RUB,2013-12-31,2013-12-31,Q4,2412000.0,0.0,2412000.0,1.0,0.0,3810000.0,0.0,99350000.0,3810000.0,3810000.0,54176000.0,0.0,214669000.0,89.00041459369818,-1398000.0,-0.5796019900497512,0.0,160493000.0,66.5393864013267,32098000.0,128395000.0,53.231757877280266,0.042796906769774344,0.042796906769774344,3000100000.0,3000100000.0,http://www.cbr.ru/eng/search/?text=ROLO&category=Any&time=Any&dateFrom=&dateTo=,http://www.cbr.ru/eng/search/?text=ROLO&category=Any&time=Any&dateFrom=&dateTo=,1620597377,17:56:17,20210509
9,2013-09-30,ROLO.ME,RUB,2013-09-30,2013-09-30,Q3,1894000.0,0.0,0.0,0.0,0.0,-1424000.0,0.0,53826000.0,-1424000.0,-1424000.0,46012000.0,0.0,25172000.0,13.29039070749736,3318000.0,1.7518479408658922,0.0,-20840000.0,-11.003167898627243,0.0,-20878000.0,-11.02323125659979,-0.006959101363287891,-0.006959101363287891,3000100000.0,3000100000.0,http://www.cbr.ru/eng/search/?text=ROLO&category=Any&time=Any&dateFrom=&dateTo=,http://www.cbr.ru/eng/search/?text=ROLO&category=Any&time=Any&dateFrom=&dateTo=,1620597377,17:56:17,20210509
10,2013-06-30,ROLO.ME,RUB,2013-06-30,2013-06-30,Q2,0.0,0.0,0.0,0.0,0.0,2002000.0,0.0,-51529000.0,2002000.0,2002000.0,73614000.0,0.0,67015000.0,0.0,-2002000.0,0.0,0.0,-6599000.0,0.0,0.0,-6598000.0,0.0,-0.0021992600246658446,-0.0021992600246658446,3000100000.0,3000100000.0,http://www.cbr.ru/eng/search/?text=ROLO&category=Any&time=Any&dateFrom=&dateTo=,http://www.cbr.ru/eng/search/?text=ROLO&category=Any&time=Any&dateFrom=&dateTo=,1620597377,17:56:17,20210509
11,2013-03-31,ROLO.ME,RUB,2013-03-31,2013-03-31,Q1,0.0,0.0,0.0,0.0,0.0,912000.0,0.0,-71293000.0,912000.0,912000.0,67218000.0,0.0,-31200000.0,0.0,-912000.0,0.0,0.0,-98418000.0,0.0,0.0,-98419000.0,0.0,-984.19,-984.19,100000.0,100000.0,http://www.cbr.ru/eng/search/?text=ROLO&category=Any&time=Any&dateFrom=&dateTo=,http://www.cbr.ru/eng/search/?text=ROLO&category=Any&time=Any&dateFrom=&dateTo=,1620597377,17:56:17,20210509
12,2012-12-31,ROLO.ME,RUB,2012-12-31,2012-12-31,Q4,0.0,0.0,0.0,0.0,0.0,2800000.0,0.0,104756000.0,2800000.0,2800000.0,14254000.0,0.0,138043000.0,0.0,-2800000.0,0.0,0.0,123789000.0,0.0,0.0,123789000.0,0.0,0.04126162461251292,0.04126162461251292,3000100000.0,3000100000.0,http://www.cbr.ru/eng/search/?text=ROLO&category=Any&time=Any&dateFrom=&dateTo=,http://www.cbr.ru/eng/search/?text=ROLO&category=Any&time=Any&dateFrom=&dateTo=,1620597377,17:56:17,20210509
13,2012-09-30,ROLO.ME,RUB,2012-09-30,2012-09-30,Q3,0.0,0.0,0.0,0.0,0.0,15000.0,0.0,-220000.0,15000.0,15000.0,0.0,0.0,-237000.0,0.0,-15000.0,0.0,0.0,-237000.0,0.0,0.0,-237000.0,0.0,-7.899736675444152e-05,-7.899736675444152e-05,3000100000.0,3000100000.0,http://www.cbr.ru/eng/search/?text=ROLO&category=Any&time=Any&dateFrom=&dateTo=,http://www.cbr.ru/eng/search/?text=ROLO&category=Any&time=Any&dateFrom=&dateTo=,1620597377,17:56:17,20210509
