,date,symbol,reportedCurrency,fillingDate,acceptedDate,period,revenue,costOfRevenue,grossProfit,grossProfitRatio,researchAndDevelopmentExpenses,generalAndAdministrativeExpenses,sellingAndMarketingExpenses,otherExpenses,operatingExpenses,costAndExpenses,interestExpense,depreciationAndAmortization,ebitda,ebitdaratio,operatingIncome,operatingIncomeRatio,totalOtherIncomeExpensesNet,incomeBeforeTax,incomeBeforeTaxRatio,incomeTaxExpense,netIncome,netIncomeRatio,eps,epsdiluted,weightedAverageShsOut,weightedAverageShsOutDil,link,finalLink,timestamp,est_time,est_date
0,2020-06-30,EVIO,USD,2020-09-08 00:00:00,2020-09-08 16:38:57,Q3,-2200770.0,-2222760.0,21990.0,-0.009991957360378414,0.0,0.0,0.0,-55507.0,165780.0,-4965379.0,0.0,1105900.0,3870509.0,-1.7587067253733921,2764609.0,-1.2562007842709597,2522406.0,-1401362.0,0.6367598613212648,0.0,-1421026.0,0.6456949158703544,0.1,0.1,51581428,51581428,https://www.sec.gov/Archives/edgar/data/715788/000149315220017425/0001493152-20-017425-index.htm,https://www.sec.gov/Archives/edgar/data/715788/000149315220017425/form10-q.htm,1620591851,16:24:11,20210509
1,2020-03-31,EVIO,USD,2020-09-09,2020-09-09,Q2,867814.0,1020446.0,-152632.0,-0.175881006759513,0.0,0.0,0.0,27277.0,1446465.0,2466911.0,0.0,1060772.0,-538325.0,-0.6203230185270115,-1599097.0,-1.842672508164192,-1383589.0,-2982686.0,-3.437010695840353,0.0,-2952543.0,-3.4022762942289475,-0.05724,-0.05724,51581428,51581428,https://www.sec.gov/Archives/edgar/data/715788/000149315220017452/0001493152-20-017452-index.htm,https://www.sec.gov/Archives/edgar/data/715788/000149315220017452/form10-q.htm,1620591851,16:24:11,20210509
2,2019-12-31,EVIO,USD,2020-09-08,2020-09-08,Q1,1332956.0,1202314.0,130642.0,0.09800923661396176,0.0,0.0,0.0,28230.0,1296154.0,2498468.0,0.0,1527978.0,362466.0,0.27192645518681785,-1165512.0,-0.874381449950336,-1138817.0,-2304329.0,-1.7287359822829862,0.0,-2314808.0,-1.7365974570803537,-0.06812,-0.06812,33979456,33979456,https://www.sec.gov/Archives/edgar/data/715788/000149315220017425/0001493152-20-017425-index.htm,https://www.sec.gov/Archives/edgar/data/715788/000149315220017425/form10-q.htm,1620591851,16:24:11,20210509
3,2019-09-30,EVIO,USD,2019-10-18 00:00:00,2019-10-18 15:11:33,Q4,766088.0,1151323.0,-385234.0,-0.502858679420641,0.0,0.0,0.0,56204.0,2004550.0,3155873.0,0.0,1857644.0,-532140.0,-0.6946199392236924,-2389784.0,-3.1194640824552793,-10434957.0,-12824741.0,-16.74055852591347,1990.0,-10917059.0,-14.25039812658598,-0.40602,-0.40602,26887932,26887932,https://www.sec.gov/Archives/edgar/data/715788/000149315219015644/0001493152-19-015644-index.html,https://www.sec.gov/Archives/edgar/data/715788/000149315219015644/form10-q.htm,1620591851,16:24:11,20210509
4,2019-06-30,EVIO,USD,2019-09-30 00:00:00,2019-09-30 14:00:29,Q3,1101310.0,1113062.0,-11753.0,-0.010671836267717536,0.0,0.0,0.0,44291.0,1548830.0,2661892.0,0.0,1253414.0,-307169.0,-0.2789123861583024,-1560583.0,-1.417024271095332,210783.0,-1349800.0,-1.225631293641209,2735.0,-1303278.0,-1.1833888732509465,-0.04971,-0.04971,26218351,26218351,https://www.sec.gov/Archives/edgar/data/715788/000147793219005596/0001477932-19-005596-index.html,https://www.sec.gov/Archives/edgar/data/715788/000147793219005596/evio_10q.htm,1620591851,16:24:11,20210509
5,2019-03-31,EVIO,USD,2019-10-18,2019-10-18,Q2,735179.0,1157042.0,-421863.0,-0.5738235178099483,0.0,0.0,0.0,75116.0,1280778.0,2437820.0,0.0,198570.0,-1504071.0,-2.0458568593499,-1702641.0,-2.3159543458123806,-3111461.0,-3837757.0,-5.220166789312535,613.0,-3676987.0,-5.001485352546795,-0.14496,-0.14496,25366021,25366021,https://www.sec.gov/Archives/edgar/data/715788/000149315219015644/0001493152-19-015644-index.htm,https://www.sec.gov/Archives/edgar/data/715788/000149315219015644/form10-q.htm,1620591851,16:24:11,20210509
6,2018-12-31,EVIO,USD,2019-09-30,2019-09-30,Q1,1187238.0,1304428.0,-117190.0,-0.09870809391208839,0.0,0.0,0.0,58866.0,1555506.0,2859934.0,0.0,1869395.0,196699.0,0.1656778169162375,-1672696.0,-1.408896952422345,0.0,-2649041.0,-2.231263655644445,2356.0,-2651397.0,-2.233248093474097,-0.10711,-0.10711,24753819,24753819,https://www.sec.gov/Archives/edgar/data/715788/000147793219005596/0001477932-19-005596-index.htm,https://www.sec.gov/Archives/edgar/data/715788/000147793219005596/evio_10q.htm,1620591851,16:24:11,20210509
7,2018-09-30,EVIO,USD,2019-08-19,2019-08-19,Q4,1052011.0,1473186.0,-421175.0,-0.4003522776853094,0.0,0.0,0.0,-63783.0,2414883.0,3888069.0,1972839.0,2101365.0,-734693.0,-0.6983700740771722,-2836058.0,-2.6958444350867055,0.0,-5767708.0,-5.482554840206044,0.0,-5800063.0,-5.5133102220414045,-0.31,-0.31,24753819,24753819,https://www.sec.gov/Archives/edgar/data/715788/000147793219005039/0001477932-19-005039-index.htm,https://www.sec.gov/Archives/edgar/data/715788/000147793219005039/evio_10k.htm,1620591851,16:24:11,20210509
8,2018-06-30,EVIO,USD,2018-08-14 00:00:00,2018-08-14 16:20:24,Q3,634338.0,829451.0,-195113.0,-0.307585230586848,0.0,0.0,0.0,125500.0,2115253.0,2944704.0,1510076.0,1557440.0,-752926.0,-1.186947652513329,-2310366.0,-3.642168686094795,0.0,-3199989.0,-5.044611863076152,0.0,-3457090.0,-5.449917867130773,-0.21,-0.21,24753819,24753819,https://www.sec.gov/Archives/edgar/data/715788/000147793218004044/0001477932-18-004044-index.html,https://www.sec.gov/Archives/edgar/data/715788/000147793218004044/evio_10q.htm,1620591851,16:24:11,20210509
9,2018-03-31,EVIO,USD,2018-05-16 00:00:00,2018-05-16 17:15:17,Q2,732311.0,798388.0,-66077.0,-0.09023078992395307,0.0,0.0,0.0,83769.0,2296863.0,3095251.0,1102537.0,1107313.0,-1255627.0,-1.714608957123408,-2362940.0,-3.226689207181102,0.0,-1679802.0,-2.2938369080895957,0.0,-1684708.0,-2.3005362475778734,-0.12,-0.12,24753819,24753819,https://www.sec.gov/Archives/edgar/data/715788/000147793218002556/0001477932-18-002556-index.html,https://www.sec.gov/Archives/edgar/data/715788/000147793218002556/evio_10q.htm,1620591851,16:24:11,20210509
10,2017-12-31,EVIO,USD,2018-01-17 00:00:00,2018-01-17 12:13:36,Q1,946865.0,736263.0,210602.0,0.2224203027886763,0.0,0.0,0.0,57387.0,877662.0,1613925.0,284651.0,317821.0,-349239.0,-0.36883716263670113,-667060.0,-0.7044932487735844,0.0,-986592.0,-1.0419563506941327,0.0,-994482.0,-1.0502891119642188,-0.08,-0.08,24753819,24753819,https://www.sec.gov/Archives/edgar/data/715788/000147793218000271/0001477932-18-000271-index.html,https://www.sec.gov/Archives/edgar/data/715788/000147793218000271/evio_10k.htm,1620591851,16:24:11,20210509
11,2017-09-30,EVIO,USD,2018-01-17,2018-01-17,Q4,742633.0,598180.0,144453.0,0.19451465259421544,0.0,0.0,0.0,66347.0,1042548.0,1640729.0,361862.0,402558.0,-495538.0,-0.6672717210250555,-898096.0,-1.2093402797882669,0.0,-1709042.0,-2.3013278429587696,0.0,-1733734.0,-2.3345771060537306,-0.37,-0.37,24753819,24753819,https://www.sec.gov/Archives/edgar/data/715788/000147793218000271/0001477932-18-000271-index.htm,https://www.sec.gov/Archives/edgar/data/715788/000147793218000271/evio_10k.htm,1620591851,16:24:11,20210509
12,2017-06-30,EVIO,USD,2017-08-21 00:00:00,2017-08-21 15:57:40,Q3,777218.0,654264.0,122954.0,0.15819757133777138,0.0,0.0,0.0,40413.0,622526.0,1276790.0,227879.0,261060.0,-238512.0,-0.306879151023265,-499572.0,-0.6427694675110458,0.0,-556001.0,-0.7153732929499832,0.0,-570454.0,-0.7339691051931376,-0.023045090537342945,-0.023045090537342945,24753819,24753819,https://www.sec.gov/Archives/edgar/data/715788/000147793217004114/0001477932-17-004114-index.html,https://www.sec.gov/Archives/edgar/data/715788/000147793217004114/sgby_10q.htm,1620591851,16:24:11,20210509
13,2017-03-31,EVIO,USD,2017-04-19 00:00:00,2017-04-19 16:16:24,Q2,832723.0,614000.0,218723.0,0.26265997216361264,0.0,0.0,0.0,39845.0,500581.0,1114581.0,744831.0,132129.0,-149729.0,-0.17980649027347628,-281858.0,-0.33847750092167506,0.0,-469434.0,-0.5637336785461672,0.0,-464880.0,-0.5582648731931267,-0.01878013247168043,-0.01878013247168043,24753819,24753819,https://www.sec.gov/Archives/edgar/data/715788/000147793217001838/0001477932-17-001838-index.html,https://www.sec.gov/Archives/edgar/data/715788/000147793217001838/sgby_10q.htm,1620591851,16:24:11,20210509
14,2016-12-31,EVIO,USD,2017-02-24 00:00:00,2017-02-24 09:16:47,Q1,668456.0,590079.0,78377.0,0.11725079885587084,0.0,0.0,0.0,34535.0,469693.0,1059772.0,-323422.0,346153.0,-45163.0,-0.06756316047727898,-391316.0,-0.5854027789413215,0.0,-825717.0,-1.2352600619936092,0.0,-820981.0,-1.2281750780904053,-0.03316583190658379,-0.03316583190658379,24753819,24753819,https://www.sec.gov/Archives/edgar/data/715788/000147793217000918/0001477932-17-000918-index.html,https://www.sec.gov/Archives/edgar/data/715788/000147793217000918/sgby_10k.htm,1620591851,16:24:11,20210509
15,2016-09-30,EVIO,USD,2016-09-30,2016-09-30,Q4,168983.0,501888.0,-332905.0,-1.9700502417402934,0.0,0.0,0.0,-5278.0,52805.0,554693.0,138910.0,164837.0,-220873.0,-1.3070723090488392,-385710.0,-2.2825372966511424,0.0,-1709293.0,-10.115177266352237,0.0,-1721122.0,-10.185178390725694,-0.06952955420737301,-0.06952955420737301,24753819,24753819,,,1620591851,16:24:11,20210509
16,2016-06-30,EVIO,USD,2016-06-30,2016-06-30,Q3,116648.0,0.0,116648.0,1.0,0.0,0.0,0.0,46981.0,289419.0,289419.0,44397.0,69657.0,-103114.0,-0.8839757218297785,-172771.0,-1.4811312667169605,0.0,-415543.0,-3.562367121596598,0.0,-420864.0,-3.6079829915643646,-0.017001982603169232,-0.017001982603169232,24753819,24753819,,,1620591851,16:24:11,20210509
17,2016-03-31,EVIO,USD,2016-06-03 00:00:00,2016-06-03 17:30:15,Q2,104606.0,0.0,104606.0,1.0,0.0,0.0,0.0,12130.0,235128.0,235128.0,192728.0,28496.0,-135967.0,-1.299801158633348,-164463.0,-1.5722138309465996,0.0,-335483.0,-3.2071104907940273,0.0,-340500.0,-3.255071410817735,-0.013755453249456175,-0.013755453249456175,24753819,24753819,https://www.sec.gov/Archives/edgar/data/715788/000147793216010706/0001477932-16-010706-index.html,https://www.sec.gov/Archives/edgar/data/715788/000147793216010706/sgby_10q.htm,1620591851,16:24:11,20210509
18,2015-12-31,EVIO,USD,2016-02-02 00:00:00,2016-02-02 10:58:26,Q1,170724.0,0.0,170724.0,1.0,0.0,0.0,0.0,12030.0,274269.0,274269.0,-51753.0,63280.0,-6324.0,-0.03704224362128348,-69604.0,-0.40769897612520795,0.0,-64883.0,-0.3800461563693447,0.0,-69604.0,-0.40769897612520795,-0.002811848951468862,-0.002811848951468862,24753819,24753819,https://www.sec.gov/Archives/edgar/data/715788/000147793216008376/0001477932-16-008376-index.html,https://www.sec.gov/Archives/edgar/data/715788/000147793216008376/sgby_10k.htm,1620591851,16:24:11,20210509
19,2015-09-30,EVIO,USD,2015-09-30,2015-09-30,Q4,108387.0,0.0,108387.0,1.0,0.0,0.0,0.0,6330.0,285430.0,285430.0,-38438.0,44768.0,-291173.0,-2.6864199581130577,-335941.0,-3.099458422135496,0.0,-335941.0,-3.099458422135496,0.0,-335941.0,-3.099458422135496,-0.013571279647798992,-0.013571279647798992,24753819,24753819,,,1620591851,16:24:11,20210509
20,2015-06-30,EVIO,USD,2015-08-14 00:00:00,2015-08-14 13:27:19,Q3,6400.0,0.0,6400.0,1.0,0.0,0.0,0.0,5613.0,326551.0,326552.0,0.0,5613.0,-314539.0,-49.14671875,-320152.0,-50.02375,0.0,-320152.0,-50.02375,0.0,-320152.0,-50.02375,-0.012933438674654605,-0.012933438674654605,24753819,24753819,https://www.sec.gov/Archives/edgar/data/715788/000147793215005169/0001477932-15-005169-index.html,https://www.sec.gov/Archives/edgar/data/715788/000147793215005169/sgby_10q.htm,1620591851,16:24:11,20210509
21,2015-03-31,EVIO,USD,2015-05-14 00:00:00,2015-05-14 07:51:17,Q2,5599.0,0.0,5599.0,1.0,0.0,0.0,0.0,5067.0,780366.0,780366.0,0.0,5067.0,-769699.0,-137.47079835684943,-774766.0,-138.37578138953384,0.0,-774766.0,-138.37578138953384,0.0,-774766.0,-138.37578138953384,-0.03129884726069945,-0.03129884726069945,24753819,24753819,https://www.sec.gov/Archives/edgar/data/715788/000147793215003085/0001477932-15-003085-index.html,https://www.sec.gov/Archives/edgar/data/715788/000147793215003085/sgby_10q.htm,1620591851,16:24:11,20210509
22,2014-12-31,EVIO,USD,2014-12-31,2014-12-31,Q1,4813.0,0.0,4813.0,1.0,0.0,0.0,0.0,0.0,30188.0,30188.0,0.0,0.0,-25376.0,-5.27238728444,-25376.0,-5.272387284437981,0.0,-25376.0,-5.272387284437981,0.0,-25376.0,-5.272387284437981,-0.0010251347478948602,-0.0010251347478948602,24753819,24753819,,,1620591851,16:24:11,20210509
