,date,symbol,reportedCurrency,fillingDate,acceptedDate,period,revenue,costOfRevenue,grossProfit,grossProfitRatio,researchAndDevelopmentExpenses,generalAndAdministrativeExpenses,sellingAndMarketingExpenses,otherExpenses,operatingExpenses,costAndExpenses,interestExpense,depreciationAndAmortization,ebitda,ebitdaratio,operatingIncome,operatingIncomeRatio,totalOtherIncomeExpensesNet,incomeBeforeTax,incomeBeforeTaxRatio,incomeTaxExpense,netIncome,netIncomeRatio,eps,epsdiluted,weightedAverageShsOut,weightedAverageShsOutDil,link,finalLink,timestamp,est_time,est_date
0,2021-03-31,CR6.DE,USD,2021-03-31,2021-03-31,Q1,137300000.0,93300000.0,44000000.0,0.32046613255644574,46000000.0,0.0,0.0,-8100000.0,105300000.0,198600000.0,0.0,32400000.0,-28900000.0,-0.21048798252002912,-61300000.0,-0.5061908230152949,-8200000.0,-69500000.0,-0.5061908230152949,-3000000.0,-108900000.0,-0.7931536780772032,-0.96,-0.964647,112891000,112891000,https://www.bundesanzeiger.de/pub/de/suche;wwwsid=627BFD7A56A5CB624C47FDDEAB2FC509.web07-pub?0,https://www.bundesanzeiger.de/pub/de/suche;wwwsid=627BFD7A56A5CB624C47FDDEAB2FC509.web07-pub?0,1620590647,16:04:07,20210509
1,2020-12-31,CR6.DE,USD,2020-12-31,2020-12-31,Q4,127000000.0,85700000.0,41300000.0,0.3251968503937008,45500000.0,46800000.0,0.0,3100000.0,95900000.0,181600000.0,11900000.0,22300000.0,-32300000.0,-0.2543307086614173,-54600000.0,-0.42992125984251967,9800000.0,-54500000.0,-0.42913385826771655,-200000.0,-83000000.0,-0.6535433070866141,-0.75,-0.75,110688000,110688000,,,1620590647,16:04:07,20210509
2,2020-09-30,CR6.DE,USD,2020-09-30,2020-09-30,Q3,216600000.0,162600000.0,54000000.0,0.24930747922437674,49600000.0,51900000.0,0.0,-200000.0,105100000.0,267700000.0,13100000.0,33900000.0,-17200000.0,-0.07940904893813482,-51100000.0,-0.23591874422899353,-122500000.0,-184000000.0,-0.8494921514312096,100000.0,-184400000.0,-0.8513388734995383,-1.68,-1.68,109705000,109705000,https://www.bundesanzeiger.de/pub/de/suche;wwwsid=627BFD7A56A5CB624C47FDDEAB2FC509.web07-pub?0,https://www.bundesanzeiger.de/pub/de/suche;wwwsid=627BFD7A56A5CB624C47FDDEAB2FC509.web07-pub?0,1620590647,16:04:07,20210509
3,2020-06-30,CR6.DE,USD,2020-06-30,2020-06-30,Q2,205700000.0,154900000.0,50800000.0,0.24696159455517744,46500000.0,51300000.0,0.0,100000.0,111000000.0,265900000.0,12300000.0,33000000.0,-27200000.0,-0.1322314049586777,-60200000.0,-0.2926592124453087,32100000.0,-37500000.0,-0.18230432668935342,1400000.0,-39500000.0,-0.1920272241127856,-0.36,-0.36,108585000,108585000,https://www.bundesanzeiger.de/pub/de/suche;wwwsid=627BFD7A56A5CB624C47FDDEAB2FC509.web07-pub?0,https://www.bundesanzeiger.de/pub/de/suche;wwwsid=627BFD7A56A5CB624C47FDDEAB2FC509.web07-pub?0,1620590647,16:04:07,20210509
4,2020-03-31,CR6.DE,USD,2020-03-31,2020-03-31,Q1,215500000.0,154100000.0,61400000.0,0.28491879350348026,46700000.0,49700000.0,0.0,100000.0,109800000.0,263900000.0,7500000.0,31600000.0,-16800000.0,-0.07795823665893271,-48400000.0,-0.2245939675174014,-11500000.0,-64300000.0,-0.2983758700696056,-2900000.0,-61600000.0,-0.28584686774942,-0.57,-0.57,108115000,108115000,https://www.bundesanzeiger.de/pub/de/suche;wwwsid=627BFD7A56A5CB624C47FDDEAB2FC509.web07-pub?0,https://www.bundesanzeiger.de/pub/de/suche;wwwsid=627BFD7A56A5CB624C47FDDEAB2FC509.web07-pub?0,1620590647,16:04:07,20210509
5,2019-12-31,CR6.DE,USD,2019-12-31,2019-12-31,Q4,239900000.0,178000000.0,61900000.0,0.2580241767403085,47300000.0,52800000.0,0.0,200000.0,116300000.0,294300000.0,0.0,30700000.0,-23700000.0,-0.09879116298457691,-54400000.0,-0.2267611504793664,5900000.0,-51300000.0,-0.21383909962484368,1200000.0,-52800000.0,-0.22009170487703208,-0.49,-0.49,107925000,107925000,https://www.bundesanzeiger.de/pub/de/suche;wwwsid=627BFD7A56A5CB624C47FDDEAB2FC509.web07-pub?0,https://www.bundesanzeiger.de/pub/de/suche;wwwsid=627BFD7A56A5CB624C47FDDEAB2FC509.web07-pub?0,1620590647,16:04:07,20210509
6,2019-09-30,CR6.DE,USD,2019-09-30,2019-09-30,Q3,242800000.0,168600000.0,74200000.0,0.3056013179571664,43700000.0,57600000.0,0.0,100000.0,112100000.0,280700000.0,0.0,28600000.0,-9300000.0,-0.03830313014827018,-37900000.0,-0.15609555189456342,2500000.0,-37300000.0,-0.15362438220757826,500000.0,-37800000.0,-0.1556836902800659,-0.35,-0.35,107113000,107113000,https://www.bundesanzeiger.de/pub/de/suche;wwwsid=627BFD7A56A5CB624C47FDDEAB2FC509.web07-pub?0,https://www.bundesanzeiger.de/pub/de/suche;wwwsid=627BFD7A56A5CB624C47FDDEAB2FC509.web07-pub?0,1620590647,16:04:07,20210509
7,2019-06-30,CR6.DE,USD,2019-06-30,2019-06-30,Q2,251271000.0,162556000.0,88715000.0,0.3530650174512777,40665000.0,42763000.0,0.0,536000.0,115311000.0,277867000.0,0.0,27344000.0,748000.0,0.002976865615212261,-26596000.0,-0.10584587954837606,-2360000.0,-31193000.0,-0.12414086782796264,3448000.0,-133733000.0,-0.5322261621914188,-1.254574,-1.254574,106570000,106570000,https://www.bundesanzeiger.de/pub/de/suche;wwwsid=627BFD7A56A5CB624C47FDDEAB2FC509.web07-pub?0,https://www.bundesanzeiger.de/pub/de/suche;wwwsid=627BFD7A56A5CB624C47FDDEAB2FC509.web07-pub?0,1620590647,16:04:07,20210509
8,2019-03-31,CR6.DE,USD,2019-03-31,2019-03-31,Q1,274050000.0,173596000.0,100454000.0,0.36655354862251416,40722000.0,61626000.0,0.0,-173000.0,106254000.0,279850000.0,0.0,36818000.0,31018000.0,0.1131837255975187,-5800000.0,-0.021164021164021163,-9995000.0,-19526000.0,-0.07124977193942711,2785000.0,-227852000.0,-0.8314249224594052,-2.180089,-2.180089,104515000,104515000,https://www.bundesanzeiger.de/pub/de/suche;wwwsid=627BFD7A56A5CB624C47FDDEAB2FC509.web07-pub?0,https://www.bundesanzeiger.de/pub/de/suche;wwwsid=627BFD7A56A5CB624C47FDDEAB2FC509.web07-pub?0,1620590647,16:04:07,20210509
9,2018-12-31,CR6.DE,USD,2018-12-31,2018-12-31,Q4,413036000.0,277806000.0,135230000.0,0.3274048751198443,49181000.0,72120000.0,0.0,167000.0,127646000.0,405452000.0,0.0,39626000.0,47210000.0,0.1142999641677723,7584000.0,0.018361595599415064,-1971000.0,1942000.0,0.004701769337297475,4423000.0,-2450000.0,-0.005931686342110615,-0.02377,-0.02377,103073000,103073000,https://www.bundesanzeiger.de/pub/de/suche;wwwsid=627BFD7A56A5CB624C47FDDEAB2FC509.web07-pub?0,https://www.bundesanzeiger.de/pub/de/suche;wwwsid=627BFD7A56A5CB624C47FDDEAB2FC509.web07-pub?0,1620590647,16:04:07,20210509
10,2018-09-30,CR6.DE,USD,2018-09-30,2018-09-30,Q3,408267000.0,280099000.0,128168000.0,0.3139318142294136,45965000.0,72690000.0,0.0,98000.0,127150000.0,407249000.0,0.0,39812000.0,40830000.0,0.10000808294571935,1018000.0,0.002493466285543529,-7637000.0,-8980000.0,-0.021995409866582407,2154000.0,-11067000.0,-0.027107260689695715,-0.10795,-0.11,102520000,102520000,https://www.bundesanzeiger.de/pub/de/suche;wwwsid=627BFD7A56A5CB624C47FDDEAB2FC509.web07-pub?0,https://www.bundesanzeiger.de/pub/de/suche;wwwsid=627BFD7A56A5CB624C47FDDEAB2FC509.web07-pub?0,1620590647,16:04:07,20210509
11,2018-06-30,CR6.DE,USD,2018-06-30,2018-06-30,Q2,409454000.0,293803000.0,115651000.0,0.2824517528220508,42447000.0,82193000.0,0.0,149000.0,134375000.0,428178000.0,0.0,40693000.0,21969000.0,0.05365437875805341,-18724000.0,-0.04572919058062688,-4725000.0,-24982000.0,-0.06101295872063773,8288000.0,-33256000.0,-0.08122035686548428,-0.327684,-0.33,101488000,101488000,https://www.bundesanzeiger.de/pub/de/suche;wwwsid=627BFD7A56A5CB624C47FDDEAB2FC509.web07-pub?0,https://www.bundesanzeiger.de/pub/de/suche;wwwsid=627BFD7A56A5CB624C47FDDEAB2FC509.web07-pub?0,1620590647,16:04:07,20210509
12,2018-03-31,CR6.DE,USD,2018-03-31,2018-03-31,Q1,355958000.0,256902000.0,99056000.0,0.27828002180032474,40239000.0,70256000.0,0.0,66000.0,117948000.0,374850000.0,0.0,38610000.0,19718000.0,0.05539417571735991,-18892000.0,-0.0530736772315835,-259565000.0,-277714000.0,-0.7801875502165986,-37181000.0,-240577000.0,-0.675857825923283,-2.394111,-2.4,100487000,100487000,https://www.bundesanzeiger.de/pub/de/suche;wwwsid=627BFD7A56A5CB624C47FDDEAB2FC509.web07-pub?0,https://www.bundesanzeiger.de/pub/de/suche;wwwsid=627BFD7A56A5CB624C47FDDEAB2FC509.web07-pub?0,1620590647,16:04:07,20210509
13,2017-12-31,CR6.DE,USD,2017-12-31,2017-12-31,Q4,367870000.0,275267000.0,92603000.0,0.2517275124364585,39776000.0,68076000.0,0.0,53000.0,114644000.0,389911000.0,0.0,37234000.0,15193000.0,0.04129991573110066,-22041000.0,-0.05991518743034224,21000000.0,426000.0,0.001158017778019409,-13326000.0,13721000.0,0.03729850218827303,0.13833884497499596,0.13617101515437213,99184000,100763000,https://www.bundesanzeiger.de/pub/de/suche;wwwsid=627BFD7A56A5CB624C47FDDEAB2FC509.web07-pub?0,https://www.bundesanzeiger.de/pub/de/suche;wwwsid=627BFD7A56A5CB624C47FDDEAB2FC509.web07-pub?0,1620590647,16:04:07,20210509
14,2017-09-30,CR6.DE,USD,2017-09-30,2017-09-30,Q3,360398000.0,260066000.0,100332000.0,0.27839222193241914,41859000.0,62964000.0,0.0,236000.0,111615000.0,371681000.0,0.0,37400000.0,26117000.0,0.07246710581079806,-11283000.0,-0.03130705497810753,-5044000.0,-15176000.0,-0.042109001714770895,4697000.0,-19857000.0,-0.05509742007447322,-0.202542,-0.202542,98039000,98039000,https://www.bundesanzeiger.de/pub/de/suche;wwwsid=627BFD7A56A5CB624C47FDDEAB2FC509.web07-pub?0,https://www.bundesanzeiger.de/pub/de/suche;wwwsid=627BFD7A56A5CB624C47FDDEAB2FC509.web07-pub?0,1620590647,16:04:07,20210509
15,2017-06-30,CR6.DE,USD,2017-06-30,2017-06-30,Q2,358936000.0,260938000.0,97998000.0,0.2730236030935877,39257000.0,64039000.0,0.0,80000.0,110088000.0,371026000.0,0.0,37049000.0,24959000.0,0.0695360732832594,-12090000.0,-0.03368288497113692,7100000.0,-4008000.0,-0.011166336059910402,1880000.0,-5888000.0,-0.016404038602982146,-0.060303,-0.060303,97674000,97674000,https://www.bundesanzeiger.de/pub/de/suche;wwwsid=627BFD7A56A5CB624C47FDDEAB2FC509.web07-pub?0,https://www.bundesanzeiger.de/pub/de/suche;wwwsid=627BFD7A56A5CB624C47FDDEAB2FC509.web07-pub?0,1620590647,16:04:07,20210509
16,2017-03-31,CR6.DE,USD,2017-03-31,2017-03-31,Q1,341505000.0,255429000.0,86076000.0,0.25204901831598364,41451000.0,68165000.0,0.0,60000.0,117978000.0,373407000.0,0.0,50885000.0,18983000.0,0.055586301811100865,-31902000.0,-0.09341590899108358,20938000.0,-10037000.0,-0.029390492086499465,88976000.0,-99013000.0,-0.2899313333626155,-1.017783,-1.02,97283000,97346000,https://www.bundesanzeiger.de/pub/de/suche;wwwsid=627BFD7A56A5CB624C47FDDEAB2FC509.web07-pub?0,https://www.bundesanzeiger.de/pub/de/suche;wwwsid=627BFD7A56A5CB624C47FDDEAB2FC509.web07-pub?0,1620590647,16:04:07,20210509
17,2016-12-31,CR6.DE,USD,2016-12-31,2016-12-31,Q4,346962000.0,236071000.0,110891000.0,0.31960560522477965,28070000.0,67671000.0,0.0,-2000.0,101678000.0,337749000.0,0.0,26635000.0,35848000.0,0.10331967189490492,9213000.0,0.026553340135230946,-6184000.0,3929000.0,0.011324006663553933,5036000.0,6219000.0,0.017924153077282238,0.063851,0.06,97399000,98467000,https://www.bundesanzeiger.de/pub/de/suche;wwwsid=627BFD7A56A5CB624C47FDDEAB2FC509.web07-pub?0,https://www.bundesanzeiger.de/pub/de/suche;wwwsid=627BFD7A56A5CB624C47FDDEAB2FC509.web07-pub?0,1620590647,16:04:07,20210509
18,2016-09-30,CR6.DE,USD,2016-09-30,2016-09-30,Q3,321329000.0,234988000.0,86341000.0,0.26869968163471086,28531000.0,61371000.0,0.0,69000.0,96168000.0,331156000.0,0.0,35939000.0,26112000.0,0.08126250665206065,-9827000.0,-0.030582362625222126,-1361000.0,-10301000.0,-0.032057486252407966,-7443000.0,566000.0,0.0017614345421670624,0.005613,0.005613464380287417,100829000,100829000,https://www.bundesanzeiger.de/pub/de/suche;wwwsid=627BFD7A56A5CB624C47FDDEAB2FC509.web07-pub?0,https://www.bundesanzeiger.de/pub/de/suche;wwwsid=627BFD7A56A5CB624C47FDDEAB2FC509.web07-pub?0,1620590647,16:04:07,20210509
19,2016-06-30,CR6.DE,USD,2016-06-30,2016-06-30,Q2,388413000.0,275390000.0,113023000.0,0.29098665595641754,41485000.0,68609000.0,0.0,93000.0,117384000.0,392774000.0,0.0,39225000.0,34864000.0,0.08976012646332641,-4361000.0,-0.011227739545277836,-321000.0,-3751000.0,-0.009657246281664105,6890000.0,-10641000.0,-0.02739609642313723,-0.105535,-0.11,100829000,100829000,https://www.bundesanzeiger.de/pub/de/suche;wwwsid=627BFD7A56A5CB624C47FDDEAB2FC509.web07-pub?0,https://www.bundesanzeiger.de/pub/de/suche;wwwsid=627BFD7A56A5CB624C47FDDEAB2FC509.web07-pub?0,1620590647,16:04:07,20210509
20,2016-03-31,CR6.DE,USD,2016-03-31,2016-03-31,Q1,366919000.0,257886000.0,109033000.0,0.29715822838283107,41871000.0,64489000.0,0.0,88000.0,113678000.0,371564000.0,0.0,38540000.0,33895000.0,0.09237733668738878,-4645000.0,-0.012659469801236785,-203000.0,-3824000.0,-0.010421918734107527,-3976000.0,152000.0,0.0004142603680921402,0.001514,0.001502,100424000,101221000,https://www.bundesanzeiger.de/pub/de/suche;wwwsid=627BFD7A56A5CB624C47FDDEAB2FC509.web07-pub?0,https://www.bundesanzeiger.de/pub/de/suche;wwwsid=627BFD7A56A5CB624C47FDDEAB2FC509.web07-pub?0,1620590647,16:04:07,20210509
21,2015-12-31,CR6.DE,USD,2015-12-31,2015-12-31,Q4,435806000.0,300655000.0,135151000.0,0.31011734579147604,41952000.0,74691000.0,0.0,140000.0,123705000.0,424360000.0,0.0,40204000.0,51650000.0,0.11851603695222186,11446000.0,0.02626397984424262,4781000.0,17447000.0,0.04003386828084056,3489000.0,13958000.0,0.032028012464261624,0.1382952372459848,0.13614771607768164,100929000,102521000,https://www.bundesanzeiger.de/pub/de/suche;wwwsid=627BFD7A56A5CB624C47FDDEAB2FC509.web07-pub?0,https://www.bundesanzeiger.de/pub/de/suche;wwwsid=627BFD7A56A5CB624C47FDDEAB2FC509.web07-pub?0,1620590647,16:04:07,20210509
22,2015-09-30,CR6.DE,USD,2015-09-30,2015-09-30,Q3,425489000.0,293741000.0,131748000.0,0.30963902709588265,43540000.0,75263000.0,0.0,137000.0,125865000.0,419606000.0,0.0,41176000.0,47059000.0,0.11059980399023242,5883000.0,0.01382644439691743,-38676000.0,-31496000.0,-0.07402306522612806,-7873000.0,-23623000.0,-0.055519649156617445,-0.229252,-0.23,103044000,103473000,https://www.bundesanzeiger.de/pub/de/suche;wwwsid=627BFD7A56A5CB624C47FDDEAB2FC509.web07-pub?0,https://www.bundesanzeiger.de/pub/de/suche;wwwsid=627BFD7A56A5CB624C47FDDEAB2FC509.web07-pub?0,1620590647,16:04:07,20210509
23,2015-06-30,CR6.DE,USD,2015-06-30,2015-06-30,Q2,382157000.0,305208000.0,76949000.0,0.20135441716362648,45260000.0,76803000.0,0.0,319000.0,128540000.0,433748000.0,0.0,41893000.0,-9698000.0,-0.025377004738890038,-51591000.0,-0.13499948973851061,-59881000.0,-109827000.0,-0.28738712100000785,-21844000.0,-87983000.0,-0.23022736728622006,-0.8339067550020378,-0.8256817883218529,105507000,106558000,https://www.bundesanzeiger.de/pub/de/suche;wwwsid=627BFD7A56A5CB624C47FDDEAB2FC509.web07-pub?0,https://www.bundesanzeiger.de/pub/de/suche;wwwsid=627BFD7A56A5CB624C47FDDEAB2FC509.web07-pub?0,1620590647,16:04:07,20210509
24,2015-03-31,CR6.DE,USD,2015-03-31,2015-03-31,Q1,409519000.0,284111000.0,125408000.0,0.3062324336599767,43823000.0,71860000.0,0.0,98000.0,122432000.0,406543000.0,0.0,43250000.0,46226000.0,0.11287876752971168,2976000.0,0.007267062089915242,-4148000.0,651000.0,0.0015896698321689591,0.0,651000.0,0.0015896698321689591,0.00592200420271266,0.005833856080293933,109929000,111590000,https://www.bundesanzeiger.de/pub/de/suche;wwwsid=627BFD7A56A5CB624C47FDDEAB2FC509.web07-pub?0,https://www.bundesanzeiger.de/pub/de/suche;wwwsid=627BFD7A56A5CB624C47FDDEAB2FC509.web07-pub?0,1620590647,16:04:07,20210509
25,2014-12-31,CR6.DE,USD,2014-12-31,2014-12-31,Q4,413157000.0,276378000.0,136779000.0,0.3310581691705574,46989000.0,72375000.0,0.0,54000.0,125859000.0,402237000.0,0.0,43808000.0,54728000.0,0.13246296202170119,10920000.0,0.026430630486715703,-1593000.0,11913000.0,0.02883407518207364,-238000.0,12151000.0,0.029410127384989243,0.108855,0.1,111626000,115845000,https://www.bundesanzeiger.de/pub/de/suche;wwwsid=627BFD7A56A5CB624C47FDDEAB2FC509.web07-pub?0,https://www.bundesanzeiger.de/pub/de/suche;wwwsid=627BFD7A56A5CB624C47FDDEAB2FC509.web07-pub?0,1620590647,16:04:07,20210509
26,2014-09-30,CR6.DE,USD,2014-09-30,2014-09-30,Q3,427672000.0,291852000.0,135820000.0,0.3175798275313792,46725000.0,69692000.0,0.0,101000.0,122916000.0,414768000.0,0.0,43335000.0,56239000.0,0.13150030864774875,12904000.0,0.030172655680053874,-1575000.0,14361000.0,0.03357947211882003,3231000.0,11130000.0,0.026024616996202697,0.0932,0.09,119421000,121143000,https://www.bundesanzeiger.de/pub/de/suche;wwwsid=627BFD7A56A5CB624C47FDDEAB2FC509.web07-pub?0,https://www.bundesanzeiger.de/pub/de/suche;wwwsid=627BFD7A56A5CB624C47FDDEAB2FC509.web07-pub?0,1620590647,16:04:07,20210509
27,2014-06-30,CR6.DE,USD,2014-06-30,2014-06-30,Q2,436290000.0,274024000.0,162266000.0,0.37192234522909073,48577000.0,70871000.0,0.0,573000.0,129636000.0,403660000.0,0.0,42752000.0,75382000.0,0.1727795732196475,32630000.0,0.07478970409589952,-357000.0,35643000.0,0.08169566114281784,5794000.0,29849000.0,0.06841550344954045,0.248506,0.24,120114000,122043000,https://www.bundesanzeiger.de/pub/de/suche;wwwsid=627BFD7A56A5CB624C47FDDEAB2FC509.web07-pub?0,https://www.bundesanzeiger.de/pub/de/suche;wwwsid=627BFD7A56A5CB624C47FDDEAB2FC509.web07-pub?0,1620590647,16:04:07,20210509
28,2014-03-31,CR6.DE,USD,2014-03-31,2014-03-31,Q1,405259000.0,255265000.0,149994000.0,0.3701188622584569,46626000.0,65368000.0,0.0,90000.0,119251000.0,374516000.0,0.0,40608000.0,71351000.0,0.17606271544863902,30743000.0,0.0758601289545698,-627000.0,33531000.0,0.08273968005645772,5367000.0,28164000.0,0.06949629742954505,0.230985,0.23,121930000,123695000,https://www.bundesanzeiger.de/pub/de/suche;wwwsid=627BFD7A56A5CB624C47FDDEAB2FC509.web07-pub?0,https://www.bundesanzeiger.de/pub/de/suche;wwwsid=627BFD7A56A5CB624C47FDDEAB2FC509.web07-pub?0,1620590647,16:04:07,20210509
29,2013-12-31,CR6.DE,USD,2013-12-31,2013-12-31,Q4,415086000.0,259308000.0,155778000.0,0.37529090357178996,44436000.0,67943000.0,0.0,384000.0,119635000.0,378943000.0,0.0,40130000.0,76273000.0,0.18375228265949706,36143000.0,0.08707352211348973,-163000.0,38786000.0,0.09344087731217145,3105000.0,35681000.0,0.08596049975185865,0.293398,0.29,121613000,123204000,https://www.bundesanzeiger.de/pub/de/suche;wwwsid=627BFD7A56A5CB624C47FDDEAB2FC509.web07-pub?0,https://www.bundesanzeiger.de/pub/de/suche;wwwsid=627BFD7A56A5CB624C47FDDEAB2FC509.web07-pub?0,1620590647,16:04:07,20210509
30,2013-09-30,CR6.DE,USD,2013-09-30,2013-09-30,Q3,391006000.0,240249000.0,150757000.0,0.3855618583858048,41743000.0,64278000.0,0.0,203000.0,113308000.0,353557000.0,0.0,39481000.0,76930000.0,0.19674889899387732,37449000.0,0.0957760238973315,-180000.0,39610000.0,0.10130279330751958,9113000.0,30497000.0,0.07799624558190923,0.253476,0.25,120315000,122364000,https://www.bundesanzeiger.de/pub/de/suche;wwwsid=627BFD7A56A5CB624C47FDDEAB2FC509.web07-pub?0,https://www.bundesanzeiger.de/pub/de/suche;wwwsid=627BFD7A56A5CB624C47FDDEAB2FC509.web07-pub?0,1620590647,16:04:07,20210509
31,2013-06-30,CR6.DE,USD,2013-06-30,2013-06-30,Q2,375009000.0,234284000.0,140725000.0,0.37525766048281506,39365000.0,61696000.0,0.0,221000.0,108776000.0,343060000.0,0.0,38931000.0,70880000.0,0.1890087971222024,31949000.0,0.08519528864640583,-529000.0,33546000.0,0.08945385310752542,5304000.0,28242000.0,0.07531019255537867,0.236092,0.23,119623000,121081000,https://www.bundesanzeiger.de/pub/de/suche;wwwsid=627BFD7A56A5CB624C47FDDEAB2FC509.web07-pub?0,https://www.bundesanzeiger.de/pub/de/suche;wwwsid=627BFD7A56A5CB624C47FDDEAB2FC509.web07-pub?0,1620590647,16:04:07,20210509
32,2013-03-31,CR6.DE,USD,2013-03-31,2013-03-31,Q1,348934000.0,215924000.0,133010000.0,0.3811895659351052,39036000.0,62140000.0,0.0,150000.0,108895000.0,324819000.0,0.0,37975000.0,62090000.0,0.17794196037072912,24115000.0,0.06911049080915016,-369000.0,25764000.0,0.07383631288438501,3607000.0,22157000.0,0.0634991144457118,0.18797987596399393,0.18680864697153649,117869000,118608000,https://www.bundesanzeiger.de/pub/de/suche;wwwsid=627BFD7A56A5CB624C47FDDEAB2FC509.web07-pub?0,https://www.bundesanzeiger.de/pub/de/suche;wwwsid=627BFD7A56A5CB624C47FDDEAB2FC509.web07-pub?0,1620590647,16:04:07,20210509
33,2012-12-31,CR6.DE,USD,2012-12-31,2012-12-31,Q4,346286000.0,212810000.0,133476000.0,0.3854501770213061,39941000.0,60100000.0,0.0,226000.0,107760000.0,320570000.0,0.0,39921000.0,65637000.0,0.1895456356884194,25716000.0,0.07426231496508666,-89000.0,27573000.0,0.07962493430285948,7170000.0,20403000.0,0.05891950584199188,0.174908,0.174908,116650000,116650000,https://www.bundesanzeiger.de/pub/de/suche;wwwsid=627BFD7A56A5CB624C47FDDEAB2FC509.web07-pub?0,https://www.bundesanzeiger.de/pub/de/suche;wwwsid=627BFD7A56A5CB624C47FDDEAB2FC509.web07-pub?0,1620590647,16:04:07,20210509
34,2012-09-30,CR6.DE,USD,2012-09-30,2012-09-30,Q3,315753000.0,199704000.0,116049000.0,0.36753094982470474,37547000.0,52645000.0,0.0,0.0,97862000.0,297566000.0,0.0,36474000.0,54661000.0,0.17311316123678952,18187000.0,0.05759881933029932,695000.0,20674000.0,0.06547522905562259,4551000.0,16123000.0,0.05106206433509737,0.138657,0.138657,116280000,116280000,https://www.bundesanzeiger.de/pub/de/suche;wwwsid=627BFD7A56A5CB624C47FDDEAB2FC509.web07-pub?0,https://www.bundesanzeiger.de/pub/de/suche;wwwsid=627BFD7A56A5CB624C47FDDEAB2FC509.web07-pub?0,1620590647,16:04:07,20210509
35,2012-06-30,CR6.DE,USD,2012-06-30,2012-06-30,Q2,306759000.0,199856000.0,106903000.0,0.34849181279114877,36921000.0,52303000.0,0.0,0.0,96838000.0,296694000.0,0.0,37854000.0,47919000.0,0.15621057572882946,10065000.0,0.03281077327804563,-1648000.0,10246000.0,0.03340081301608103,220000.0,10026000.0,0.03268363764388331,0.09139054737705665,0.09139054737705665,109705000,109705000,https://www.bundesanzeiger.de/pub/de/suche;wwwsid=627BFD7A56A5CB624C47FDDEAB2FC509.web07-pub?0,https://www.bundesanzeiger.de/pub/de/suche;wwwsid=627BFD7A56A5CB624C47FDDEAB2FC509.web07-pub?0,1620590647,16:04:07,20210509
36,2012-03-31,CR6.DE,USD,2012-03-31,2012-03-31,Q1,284801000.0,185388000.0,99413000.0,0.3490612743635029,36148000.0,50074000.0,0.0,0.0,93590000.0,278978000.0,0.0,36552000.0,42375000.0,0.1487881011653751,5823000.0,0.02044585517607031,-492000.0,7190000.0,0.02524569787325185,-2299000.0,9489000.0,0.03331800099016506,0.081686,0.08,116165000,116165000,https://www.bundesanzeiger.de/pub/de/suche;wwwsid=627BFD7A56A5CB624C47FDDEAB2FC509.web07-pub?0,https://www.bundesanzeiger.de/pub/de/suche;wwwsid=627BFD7A56A5CB624C47FDDEAB2FC509.web07-pub?0,1620590647,16:04:07,20210509
37,2011-12-31,CR6.DE,USD,2011-12-31,2011-12-31,Q4,304118000.0,199000000.0,105118000.0,0.3456487284540869,35886000.0,49176000.0,0.0,0.0,92429000.0,291429000.0,0.0,36175000.0,48864000.0,0.16067447503929397,12689000.0,0.0417239361037492,-608000.0,13881000.0,0.045643467338335776,1803000.0,12078000.0,0.039714847526289135,0.104034,0.1,116097000,116097000,https://www.bundesanzeiger.de/pub/de/suche;wwwsid=627BFD7A56A5CB624C47FDDEAB2FC509.web07-pub?0,https://www.bundesanzeiger.de/pub/de/suche;wwwsid=627BFD7A56A5CB624C47FDDEAB2FC509.web07-pub?0,1620590647,16:04:07,20210509
38,2011-09-30,CR6.DE,USD,2011-09-30,2011-09-30,Q3,268980000.0,170952000.0,98028000.0,0.36444345304483605,34402000.0,45539000.0,0.0,0.0,83866000.0,254818000.0,0.0,32128000.0,46290000.0,0.1720945795226411,14162000.0,0.05265075470295189,199000.0,16330000.0,0.06071083351922076,3511000.0,12819000.0,0.04765781842516172,0.110567,0.11,115939000,115939000,https://www.bundesanzeiger.de/pub/de/suche;wwwsid=627BFD7A56A5CB624C47FDDEAB2FC509.web07-pub?0,https://www.bundesanzeiger.de/pub/de/suche;wwwsid=627BFD7A56A5CB624C47FDDEAB2FC509.web07-pub?0,1620590647,16:04:07,20210509
39,2011-06-30,CR6.DE,USD,2011-06-30,2011-06-30,Q2,243027000.0,150324000.0,92703000.0,0.3814514436667531,30054000.0,39133000.0,0.0,0.0,72504000.0,222828000.0,0.0,30149000.0,50348000.0,0.20717039670489287,20199000.0,0.08311422187658161,886000.0,23257000.0,0.09569718590938456,3449000.0,19808000.0,0.08150534714249857,0.180718,0.18,109607000,109990000,https://www.bundesanzeiger.de/pub/de/suche;wwwsid=627BFD7A56A5CB624C47FDDEAB2FC509.web07-pub?0,https://www.bundesanzeiger.de/pub/de/suche;wwwsid=627BFD7A56A5CB624C47FDDEAB2FC509.web07-pub?0,1620590647,16:04:07,20210509
40,2011-03-31,CR6.DE,USD,2011-03-31,2011-03-31,Q1,219168000.0,127773000.0,91395000.0,0.4170088699080158,31016000.0,37603000.0,0.0,0.0,71717000.0,199490000.0,0.0,28138000.0,47816000.0,0.21817053584464885,19678000.0,0.08978500511023507,106000.0,21954000.0,0.10016973280770916,3073000.0,18881000.0,0.08614852533216528,0.172516,0.17,109445000,110323000,https://www.bundesanzeiger.de/pub/de/suche;wwwsid=627BFD7A56A5CB624C47FDDEAB2FC509.web07-pub?0,https://www.bundesanzeiger.de/pub/de/suche;wwwsid=627BFD7A56A5CB624C47FDDEAB2FC509.web07-pub?0,1620590647,16:04:07,20210509
41,2010-12-31,CR6.DE,USD,2010-12-31,2010-12-31,Q4,256983000.0,135837000.0,121146000.0,0.4714163971935887,29233000.0,33366000.0,0.0,0.0,65305000.0,201142000.0,0.0,25922000.0,81763000.0,0.3181650148064269,55841000.0,0.2172945292101034,-366000.0,57645000.0,0.2243144488156804,7870000.0,49775000.0,0.1936898549709514,0.455365,0.45,109308000,109976000,https://www.bundesanzeiger.de/pub/de/suche;wwwsid=627BFD7A56A5CB624C47FDDEAB2FC509.web07-pub?0,https://www.bundesanzeiger.de/pub/de/suche;wwwsid=627BFD7A56A5CB624C47FDDEAB2FC509.web07-pub?0,1620590647,16:04:07,20210509
42,2010-09-30,CR6.DE,USD,2010-09-30,2010-09-30,Q3,268437000.0,137908000.0,130529000.0,0.48625562049940957,24732000.0,29202000.0,0.0,0.0,57112000.0,195020000.0,0.0,24396000.0,97813000.0,0.36437972410658737,73417000.0,0.27349806472282134,-62000.0,75371000.0,0.28077724009730404,17335000.0,58036000.0,0.21619970421365162,0.535452,0.53,108387000,109617000,https://www.bundesanzeiger.de/pub/de/suche;wwwsid=627BFD7A56A5CB624C47FDDEAB2FC509.web07-pub?0,https://www.bundesanzeiger.de/pub/de/suche;wwwsid=627BFD7A56A5CB624C47FDDEAB2FC509.web07-pub?0,1620590647,16:04:07,20210509
43,2010-06-30,CR6.DE,USD,2010-06-30,2010-06-30,Q2,264599000.0,133546000.0,131053000.0,0.4952890978423955,21542000.0,37493000.0,0.0,0.0,62080000.0,195626000.0,0.0,23551000.0,92524000.0,0.3496763026315292,68973000.0,0.26066991938745043,-293000.0,70343000.0,0.26584756556147227,17495000.0,52848000.0,0.19972864598883594,0.4817282712729593,0.4817282712729593,109705000,109705000,https://www.bundesanzeiger.de/pub/de/suche;wwwsid=627BFD7A56A5CB624C47FDDEAB2FC509.web07-pub?0,https://www.bundesanzeiger.de/pub/de/suche;wwwsid=627BFD7A56A5CB624C47FDDEAB2FC509.web07-pub?0,1620590647,16:04:07,20210509
44,2010-03-31,CR6.DE,USD,2010-03-31,2010-03-31,Q1,234083000.0,121877000.0,112206000.0,0.47934279721295436,20366000.0,28954000.0,0.0,0.0,52365000.0,174242000.0,0.0,22295000.0,82136000.0,0.350884088122589,59841000.0,0.2556400934711192,-3242000.0,58724000.0,0.25086828176330617,14094000.0,44630000.0,0.19065886886275382,0.415569,0.41,97876000,108601000,https://www.bundesanzeiger.de/pub/de/suche;wwwsid=627BFD7A56A5CB624C47FDDEAB2FC509.web07-pub?0,https://www.bundesanzeiger.de/pub/de/suche;wwwsid=627BFD7A56A5CB624C47FDDEAB2FC509.web07-pub?0,1620590647,16:04:07,20210509
45,2009-12-31,CR6.DE,USD,2009-12-31,2009-12-31,Q4,199475000.0,105405000.0,94070000.0,0.47158791828549945,19325000.0,25560000.0,0.0,0.0,47930000.0,153335000.0,0.0,22040000.0,68180000.0,0.3417972176964532,46140000.0,0.2313071813510465,-150000.0,47991000.0,0.24058653966662488,14205000.0,33786000.0,0.16937460834691065,0.3706230802983765,0.31692102769986963,91160000,106607000,https://www.bundesanzeiger.de/pub/de/suche;wwwsid=627BFD7A56A5CB624C47FDDEAB2FC509.web07-pub?0,https://www.bundesanzeiger.de/pub/de/suche;wwwsid=627BFD7A56A5CB624C47FDDEAB2FC509.web07-pub?0,1620590647,16:04:07,20210509
46,2009-09-30,CR6.DE,USD,2009-09-30,2009-09-30,Q3,169130000.0,95352000.0,73778000.0,0.4362206586649323,20174000.0,23613000.0,0.0,0.0,46832000.0,142184000.0,0.0,22538000.0,49484000.0,0.29257967244131733,26946000.0,0.15932123218825756,-162000.0,28414000.0,0.1680009460178561,7388000.0,21026000.0,0.12431857151303731,0.203203,0.203203,103473000,103473000,https://www.bundesanzeiger.de/pub/de/suche;wwwsid=627BFD7A56A5CB624C47FDDEAB2FC509.web07-pub?0,https://www.bundesanzeiger.de/pub/de/suche;wwwsid=627BFD7A56A5CB624C47FDDEAB2FC509.web07-pub?0,1620590647,16:04:07,20210509
47,2009-06-30,CR6.DE,USD,2009-06-30,2009-06-30,Q2,148110000.0,89414000.0,58696000.0,0.39630004726217,18576000.0,21125000.0,0.0,0.0,40458000.0,129872000.0,0.0,24059000.0,42297000.0,0.28557828640875027,18238000.0,0.1231382080885828,-6754000.0,13112000.0,0.0885287961650125,3277000.0,9695000.0,0.06545810546215651,0.08837336493323003,0.08837336493323003,109705000,109705000,https://www.bundesanzeiger.de/pub/de/suche;wwwsid=627BFD7A56A5CB624C47FDDEAB2FC509.web07-pub?0,https://www.bundesanzeiger.de/pub/de/suche;wwwsid=627BFD7A56A5CB624C47FDDEAB2FC509.web07-pub?0,1620590647,16:04:07,20210509
48,2009-03-31,CR6.DE,USD,2009-03-31,2009-03-31,Q1,131144000.0,83793000.0,47351000.0,0.36106112365033854,17071000.0,21043000.0,0.0,0.0,44431000.0,128224000.0,0.0,23809000.0,26729000.0,0.2038141279814555,2920000.0,0.022265601171231622,41000.0,4798000.0,0.036585737814921006,768000.0,4015000.0,0.030615201610443482,0.045499359722584225,0.045194115197154404,88243000,88839000,https://www.bundesanzeiger.de/pub/de/suche;wwwsid=627BFD7A56A5CB624C47FDDEAB2FC509.web07-pub?0,https://www.bundesanzeiger.de/pub/de/suche;wwwsid=627BFD7A56A5CB624C47FDDEAB2FC509.web07-pub?0,1620590647,16:04:07,20210509
49,2008-12-31,CR6.DE,USD,2008-12-31,2008-12-31,Q4,147623000.0,91127000.0,56496000.0,0.3827045921028566,18441000.0,21843000.0,0.0,0.0,44991000.0,136118000.0,0.0,25984000.0,37489000.0,0.2539509426037948,11505000.0,0.07793501012714821,-624000.0,14065000.0,0.09527648130711339,3218000.0,10696000.0,0.07245483427379203,0.12146677720113108,0.12084373693665194,88057000,88511000,https://www.bundesanzeiger.de/pub/de/suche;wwwsid=627BFD7A56A5CB624C47FDDEAB2FC509.web07-pub?0,https://www.bundesanzeiger.de/pub/de/suche;wwwsid=627BFD7A56A5CB624C47FDDEAB2FC509.web07-pub?0,1620590647,16:04:07,20210509
50,2008-09-30,CR6.DE,USD,2008-09-30,2008-09-30,Q3,140378000.0,91015000.0,49363000.0,0.3516434199091026,17275000.0,22918000.0,0.0,0.0,44660000.0,135675000.0,0.0,22712000.0,27415000.0,0.19529413440852555,4703000.0,0.03350240066107225,-208000.0,7692000.0,0.05479491088347177,1754000.0,5919000.0,0.042164726666571686,0.06737544251061456,0.0667064869494658,87851000,88732000,https://www.bundesanzeiger.de/pub/de/suche;wwwsid=627BFD7A56A5CB624C47FDDEAB2FC509.web07-pub?0,https://www.bundesanzeiger.de/pub/de/suche;wwwsid=627BFD7A56A5CB624C47FDDEAB2FC509.web07-pub?0,1620590647,16:04:07,20210509
51,2008-06-30,CR6.DE,USD,2008-06-30,2008-06-30,Q2,135925000.0,90183000.0,45742000.0,0.3365238182821409,15763000.0,19158000.0,0.0,0.0,40446000.0,130629000.0,0.0,23857000.0,29153000.0,0.21447857274232113,5296000.0,0.03896266323340077,-355000.0,7994000.0,0.05881184476733493,1352000.0,8445000.0,0.06212985102078352,0.0769791714142473,0.0769791714142473,109705000,109705000,https://www.bundesanzeiger.de/pub/de/suche;wwwsid=627BFD7A56A5CB624C47FDDEAB2FC509.web07-pub?0,https://www.bundesanzeiger.de/pub/de/suche;wwwsid=627BFD7A56A5CB624C47FDDEAB2FC509.web07-pub?0,1620590647,16:04:07,20210509
52,2008-03-31,CR6.DE,USD,2008-03-31,2008-03-31,Q1,124986000.0,81437000.0,43549000.0,0.3484310242747188,15405000.0,21076000.0,0.0,0.0,39984000.0,121421000.0,0.0,24787000.0,28352000.0,0.2268414062374986,3565000.0,0.028523194597794954,722000.0,7449000.0,0.05959867505160578,1787000.0,5660000.0,0.04528507192805594,0.06490006994530506,0.06366346099769417,87211000,88905000,https://www.bundesanzeiger.de/pub/de/suche;wwwsid=627BFD7A56A5CB624C47FDDEAB2FC509.web07-pub?0,https://www.bundesanzeiger.de/pub/de/suche;wwwsid=627BFD7A56A5CB624C47FDDEAB2FC509.web07-pub?0,1620590647,16:04:07,20210509
53,2007-12-31,CR6.DE,USD,2007-12-31,2007-12-31,Q4,118999000.0,77203000.0,41796000.0,0.3512298422675821,14901000.0,18211000.0,0.0,0.0,37634000.0,114837000.0,0.0,24531000.0,28693000.0,0.24111967327456532,4162000.0,0.03497508382423382,-474000.0,8744000.0,0.07347960907234515,2104000.0,6620000.0,0.055630719585878875,0.07770865125014673,0.07622512896094326,85190000,86848000,https://www.bundesanzeiger.de/pub/de/suche;wwwsid=627BFD7A56A5CB624C47FDDEAB2FC509.web07-pub?0,https://www.bundesanzeiger.de/pub/de/suche;wwwsid=627BFD7A56A5CB624C47FDDEAB2FC509.web07-pub?0,1620590647,16:04:07,20210509
54,2007-09-30,CR6.DE,USD,2007-09-30,2007-09-30,Q3,113386000.0,78646000.0,34740000.0,0.30638703190870126,12777000.0,18164000.0,0.0,0.0,35723000.0,114369000.0,0.0,24952000.0,23969000.0,0.21139294092745137,-983000.0,-0.00866950064381846,13383000.0,16861000.0,0.1487044255904609,3994000.0,12713000.0,0.11212142592559927,0.15012458226562592,0.14685904396645333,84683000,86566000,https://www.bundesanzeiger.de/pub/de/suche;wwwsid=627BFD7A56A5CB624C47FDDEAB2FC509.web07-pub?0,https://www.bundesanzeiger.de/pub/de/suche;wwwsid=627BFD7A56A5CB624C47FDDEAB2FC509.web07-pub?0,1620590647,16:04:07,20210509
55,2007-06-30,CR6.DE,USD,2007-06-30,2007-06-30,Q2,111168000.0,79421000.0,31747000.0,0.28557678468624065,14059000.0,15446000.0,0.0,0.0,34868000.0,114289000.0,0.0,24148000.0,21027000.0,0.18914615716753022,-3121000.0,-0.028074625791594702,6895000.0,8085000.0,0.0727277633851468,1567000.0,6435000.0,0.057885362694300516,0.05865730823572308,0.05865730823572308,109705000,109705000,https://www.bundesanzeiger.de/pub/de/suche;wwwsid=627BFD7A56A5CB624C47FDDEAB2FC509.web07-pub?0,https://www.bundesanzeiger.de/pub/de/suche;wwwsid=627BFD7A56A5CB624C47FDDEAB2FC509.web07-pub?0,1620590647,16:04:07,20210509
56,2007-03-31,CR6.DE,USD,2007-03-31,2007-03-31,Q1,90253000.0,61281000.0,28972000.0,0.3210087199317474,15797000.0,13123000.0,0.0,0.0,28766000.0,90047000.0,0.0,19955000.0,20161000.0,0.2233831562385738,206000.0,0.0022824726047887605,149000.0,4199000.0,0.0465247692597476,-9846000.0,21130000.0,0.2341196414523617,0.28,0.27,76417000,77134000,https://www.bundesanzeiger.de/pub/de/suche;wwwsid=627BFD7A56A5CB624C47FDDEAB2FC509.web07-pub?0,https://www.bundesanzeiger.de/pub/de/suche;wwwsid=627BFD7A56A5CB624C47FDDEAB2FC509.web07-pub?0,1620590647,16:04:07,20210509
57,2006-12-31,CR6.DE,USD,2006-12-31,2006-12-31,Q4,88790000.0,58421000.0,30369000.0,0.34203176033337085,14614000.0,12590000.0,0.0,0.0,27289000.0,85710000.0,0.0,20301000.0,23381000.0,0.2633292037391598,3080000.0,0.034688591057551524,11326000.0,18471000.0,0.2080301835792319,2208000.0,16479000.0,0.1855952246874648,0.21415761293340957,0.21101763282240404,76948000,78093000,https://www.bundesanzeiger.de/pub/de/suche;wwwsid=627BFD7A56A5CB624C47FDDEAB2FC509.web07-pub?0,https://www.bundesanzeiger.de/pub/de/suche;wwwsid=627BFD7A56A5CB624C47FDDEAB2FC509.web07-pub?0,1620590647,16:04:07,20210509
58,2006-09-30,CR6.DE,USD,2006-09-30,2006-09-30,Q3,103910000.0,61010000.0,42900000.0,0.4128572803387547,14366000.0,11946000.0,0.0,0.0,26409000.0,87419000.0,0.0,19507000.0,35998000.0,0.3464344143970744,16491000.0,0.1587046482532961,-98000.0,20356000.0,0.19590029833509767,6989000.0,13290000.0,0.12789914348955828,0.17246077782535912,0.1702994656517895,77061000,78039000,https://www.bundesanzeiger.de/pub/de/suche;wwwsid=627BFD7A56A5CB624C47FDDEAB2FC509.web07-pub?0,https://www.bundesanzeiger.de/pub/de/suche;wwwsid=627BFD7A56A5CB624C47FDDEAB2FC509.web07-pub?0,1620590647,16:04:07,20210509
59,2006-06-30,CR6.DE,USD,2006-06-30,2006-06-30,Q2,106706000.0,61545000.0,45161000.0,0.42322830956084945,13961000.0,11365000.0,0.0,0.0,26839000.0,88384000.0,0.0,18994000.0,37316000.0,0.3497085449740408,18322000.0,0.17170543362135213,-1512000.0,22439000.0,0.21028808127003168,10062000.0,13243000.0,0.1241073604108485,0.1207146438175106,0.1207146438175106,109705000,109705000,https://www.bundesanzeiger.de/pub/de/suche;wwwsid=627BFD7A56A5CB624C47FDDEAB2FC509.web07-pub?0,https://www.bundesanzeiger.de/pub/de/suche;wwwsid=627BFD7A56A5CB624C47FDDEAB2FC509.web07-pub?0,1620590647,16:04:07,20210509
60,2006-03-31,CR6.DE,USD,2006-03-31,2006-03-31,Q1,107704000.0,56369000.0,51335000.0,0.47663039441432076,13333000.0,11826000.0,0.0,0.0,25367000.0,81736000.0,0.0,18804000.0,44772000.0,0.415694867414395,25968000.0,0.24110525142984476,-170000.0,29488000.0,0.27378741736611456,5194000.0,24000000.0,0.22283294956547575,0.31387319522912743,0.30584547157548647,76464000,78471000,https://www.bundesanzeiger.de/pub/de/suche;wwwsid=627BFD7A56A5CB624C47FDDEAB2FC509.web07-pub?0,https://www.bundesanzeiger.de/pub/de/suche;wwwsid=627BFD7A56A5CB624C47FDDEAB2FC509.web07-pub?0,1620590647,16:04:07,20210509
61,2005-12-31,CR6.DE,USD,2005-12-31,2005-12-31,Q4,105640000.0,53410000.0,52230000.0,0.4944149943203332,14785000.0,10834000.0,0.0,0.0,25751000.0,79161000.0,0.0,18758000.0,45237000.0,0.4282184778492995,26479000.0,0.25065316168118135,-132000.0,29448000.0,0.27875804619462324,9390000.0,17709000.0,0.167635365391897,0.23302542239065213,0.2281734783280936,75996000,77612000,https://www.bundesanzeiger.de/pub/de/suche;wwwsid=627BFD7A56A5CB624C47FDDEAB2FC509.web07-pub?0,https://www.bundesanzeiger.de/pub/de/suche;wwwsid=627BFD7A56A5CB624C47FDDEAB2FC509.web07-pub?0,1620590647,16:04:07,20210509
62,2005-09-30,CR6.DE,USD,2005-09-30,2005-09-30,Q3,103856000.0,52987000.0,50869000.0,0.489803189030966,12793000.0,11058000.0,0.0,0.0,25019000.0,78006000.0,0.0,18820000.0,44670000.0,0.4301147743028809,25850000.0,0.248902326297951,-578000.0,28765000.0,0.2769700354336774,7045000.0,21720000.0,0.2091357263903867,0.29,0.28,75601000,77558000,https://www.bundesanzeiger.de/pub/de/suche;wwwsid=627BFD7A56A5CB624C47FDDEAB2FC509.web07-pub?0,https://www.bundesanzeiger.de/pub/de/suche;wwwsid=627BFD7A56A5CB624C47FDDEAB2FC509.web07-pub?0,1620590647,16:04:07,20210509
63,2005-06-30,CR6.DE,USD,2005-06-30,2005-06-30,Q2,98883000.0,48050000.0,50833000.0,0.5140721863212079,9620000.0,9814000.0,0.0,0.0,26059000.0,74109000.0,0.0,19096000.0,43870000.0,0.4436556334253613,24774000.0,0.250538515214951,-6819000.0,26276000.0,0.26572818381319335,5265000.0,21011000.0,0.21248344002508016,0.19152272002187684,0.19152272002187684,109705000,109705000,https://www.bundesanzeiger.de/pub/de/suche;wwwsid=627BFD7A56A5CB624C47FDDEAB2FC509.web07-pub?0,https://www.bundesanzeiger.de/pub/de/suche;wwwsid=627BFD7A56A5CB624C47FDDEAB2FC509.web07-pub?0,1620590647,16:04:07,20210509
64,2005-03-31,CR6.DE,USD,2005-03-31,2005-03-31,Q1,96710000.0,45470000.0,51240000.0,0.5298314548650604,11505000.0,9025000.0,0.0,0.0,20807000.0,66277000.0,0.0,18571000.0,49004000.0,0.5067107848205976,30433000.0,0.31468307310515975,2531000.0,34645000.0,0.3582359631889153,13962000.0,20683000.0,0.21386619791128114,0.2732449071260602,0.2671255876427132,75694000,77428000,https://www.bundesanzeiger.de/pub/de/suche;wwwsid=627BFD7A56A5CB624C47FDDEAB2FC509.web07-pub?0,https://www.bundesanzeiger.de/pub/de/suche;wwwsid=627BFD7A56A5CB624C47FDDEAB2FC509.web07-pub?0,1620590647,16:04:07,20210509
65,2004-12-31,CR6.DE,USD,2004-12-31,2004-12-31,Q4,97451000.0,48328000.0,49123000.0,0.5040789730223394,11428000.0,8075000.0,0.0,0.0,19503000.0,67831000.0,0.0,18030000.0,47650000.0,0.48896368431314197,29620000.0,0.3039476249602364,-1869000.0,28890000.0,0.2964566807934244,3868000.0,25022000.0,0.2567649382766724,0.33,0.32,75383000,78298000,https://www.bundesanzeiger.de/pub/de/suche;wwwsid=627BFD7A56A5CB624C47FDDEAB2FC509.web07-pub?0,https://www.bundesanzeiger.de/pub/de/suche;wwwsid=627BFD7A56A5CB624C47FDDEAB2FC509.web07-pub?0,1620590647,16:04:07,20210509
66,2004-09-30,CR6.DE,USD,2004-09-30,2004-09-30,Q3,95897000.0,42227000.0,53670000.0,0.5596629717300854,11015000.0,7738000.0,0.0,0.0,18753000.0,60980000.0,0.0,16224000.0,51141000.0,0.5332909267234637,34917000.0,0.3641094090534636,123000.0,36189000.0,0.37737364046841926,11761000.0,24428000.0,0.2547316391545095,0.33,0.32,73503000,75600000,https://www.bundesanzeiger.de/pub/de/suche;wwwsid=627BFD7A56A5CB624C47FDDEAB2FC509.web07-pub?0,https://www.bundesanzeiger.de/pub/de/suche;wwwsid=627BFD7A56A5CB624C47FDDEAB2FC509.web07-pub?0,1620590647,16:04:07,20210509
67,2004-06-30,CR6.DE,USD,2004-06-30,2004-06-30,Q2,90862000.0,43339000.0,47523000.0,0.5230239263938721,9690000.0,7984000.0,0.0,0.0,18464000.0,61803000.0,0.0,15787000.0,44846000.0,0.4935616649424402,29059000.0,0.3198146639959499,-789000.0,30006000.0,0.33023706279852966,9021000.0,20985000.0,0.23095463450067136,0.19128572079668202,0.19128572079668202,109705000,109705000,https://www.bundesanzeiger.de/pub/de/suche;wwwsid=627BFD7A56A5CB624C47FDDEAB2FC509.web07-pub?0,https://www.bundesanzeiger.de/pub/de/suche;wwwsid=627BFD7A56A5CB624C47FDDEAB2FC509.web07-pub?0,1620590647,16:04:07,20210509
68,2004-03-31,CR6.DE,USD,2004-03-31,2004-03-31,Q1,77113000.0,38282000.0,38831000.0,0.5035597110733598,10534000.0,7888000.0,0.0,0.0,18502000.0,56784000.0,0.0,15107000.0,35436000.0,0.45953341200575776,20329000.0,0.2636261071414677,518000.0,21868000.0,0.2835838315199772,6779000.0,15089000.0,0.19567388118734844,0.2037677245104659,0.1975025851123706,74050000,76399000,https://www.bundesanzeiger.de/pub/de/suche;wwwsid=627BFD7A56A5CB624C47FDDEAB2FC509.web07-pub?0,https://www.bundesanzeiger.de/pub/de/suche;wwwsid=627BFD7A56A5CB624C47FDDEAB2FC509.web07-pub?0,1620590647,16:04:07,20210509
69,2003-12-31,CR6.DE,USD,2003-12-31,2003-12-31,Q4,72684000.0,38839000.0,33845000.0,0.4656458092565076,8336000.0,8011000.0,0.0,0.0,16347000.0,55186000.0,0.0,14342000.0,31840000.0,0.43806064608442025,17498000.0,0.24074074074074073,407000.0,18850000.0,0.2593418083759837,5843000.0,13007000.0,0.17895272687248914,0.18,0.17,74206000,76005000,https://www.bundesanzeiger.de/pub/de/suche;wwwsid=627BFD7A56A5CB624C47FDDEAB2FC509.web07-pub?0,https://www.bundesanzeiger.de/pub/de/suche;wwwsid=627BFD7A56A5CB624C47FDDEAB2FC509.web07-pub?0,1620590647,16:04:07,20210509
70,2003-09-30,CR6.DE,USD,2003-09-30,2003-09-30,Q3,66211000.0,37995000.0,28216000.0,0.4261527540740965,8327000.0,7915000.0,0.0,0.0,16242000.0,54237000.0,0.0,13552000.0,25526000.0,0.3855250638111492,11974000.0,0.18084608297714883,2000.0,12868000.0,0.19434837111658185,3989000.0,8879000.0,0.13410158432888794,0.11970501793081134,0.1172083322332814,74174000,75754000,https://www.bundesanzeiger.de/pub/de/suche;wwwsid=627BFD7A56A5CB624C47FDDEAB2FC509.web07-pub?0,https://www.bundesanzeiger.de/pub/de/suche;wwwsid=627BFD7A56A5CB624C47FDDEAB2FC509.web07-pub?0,1620590647,16:04:07,20210509
71,2003-06-30,CR6.DE,USD,2003-06-30,2003-06-30,Q2,64061000.0,35166000.0,28895000.0,0.4510544637142723,8834000.0,5333000.0,0.0,0.0,14245000.0,49411000.0,0.0,14217000.0,28867000.0,0.45061738030939263,14650000.0,0.22868828148171275,410000.0,15392000.0,0.24027099171102542,4002000.0,11390000.0,0.17779928505643058,0.10382389134497061,0.10382389134497061,109705000,109705000,https://www.bundesanzeiger.de/pub/de/suche;wwwsid=627BFD7A56A5CB624C47FDDEAB2FC509.web07-pub?0,https://www.bundesanzeiger.de/pub/de/suche;wwwsid=627BFD7A56A5CB624C47FDDEAB2FC509.web07-pub?0,1620590647,16:04:07,20210509
72,2003-03-31,CR6.DE,USD,2003-03-31,2003-03-31,Q1,60223000.0,32176000.0,28047000.0,0.4657190774288893,8138000.0,6712000.0,0.0,0.0,14850000.0,47026000.0,0.0,10821000.0,24018000.0,0.3988177274463245,13197000.0,0.21913554621988277,-29000.0,14367000.0,0.2385633395878651,3735000.0,10632000.0,0.17654384537469073,0.15,0.14,73266000,75394000,https://www.bundesanzeiger.de/pub/de/suche;wwwsid=627BFD7A56A5CB624C47FDDEAB2FC509.web07-pub?0,https://www.bundesanzeiger.de/pub/de/suche;wwwsid=627BFD7A56A5CB624C47FDDEAB2FC509.web07-pub?0,1620590647,16:04:07,20210509
73,2002-12-31,CR6.DE,USD,2002-12-31,2002-12-31,Q4,56727000.0,34610000.0,22117000.0,0.3898848872670862,7667000.0,6474000.0,0.0,0.0,15564000.0,50174000.0,0.0,10475000.0,17028000.0,0.30017452006980805,6553000.0,0.1155181835810108,2916000.0,12157000.0,0.21430712006628236,3161000.0,8996000.0,0.15858409575687063,0.12314684261680196,0.11953387634701497,73051000,75259000,https://www.bundesanzeiger.de/pub/de/suche;wwwsid=627BFD7A56A5CB624C47FDDEAB2FC509.web07-pub?0,https://www.bundesanzeiger.de/pub/de/suche;wwwsid=627BFD7A56A5CB624C47FDDEAB2FC509.web07-pub?0,1620590647,16:04:07,20210509
74,2002-09-30,CR6.DE,USD,2002-09-30,2002-09-30,Q3,48811000.0,30106000.0,18705000.0,0.383212800393354,6564000.0,7894000.0,0.0,0.0,14458000.0,44564000.0,0.0,9392000.0,13639000.0,0.2794247198377415,4247000.0,0.08700907582307267,-400000.0,5247000.0,0.10749626108868902,1364000.0,3883000.0,0.07955174038638832,0.05337677155071687,0.0521488047273704,72747000,74460000,https://www.bundesanzeiger.de/pub/de/suche;wwwsid=627BFD7A56A5CB624C47FDDEAB2FC509.web07-pub?0,https://www.bundesanzeiger.de/pub/de/suche;wwwsid=627BFD7A56A5CB624C47FDDEAB2FC509.web07-pub?0,1620590647,16:04:07,20210509
75,2002-06-30,CR6.DE,USD,2002-06-30,2002-06-30,Q2,37800000.0,-75005000.0,112805000.0,2.984259259259259,7845000.0,7770000.0,0.0,0.0,98180000.0,23175000.0,0.0,9187000.0,23812000.0,0.6299470899470899,14625000.0,0.3869047619047619,-127276000.0,-28874000.0,-0.7638624338624339,-6352000.0,-22522000.0,-0.5958201058201058,-0.20529602114762316,-0.20529602114762316,109705000,109705000,https://www.bundesanzeiger.de/pub/de/suche;wwwsid=627BFD7A56A5CB624C47FDDEAB2FC509.web07-pub?0,https://www.bundesanzeiger.de/pub/de/suche;wwwsid=627BFD7A56A5CB624C47FDDEAB2FC509.web07-pub?0,1620590647,16:04:07,20210509
76,2002-03-31,CR6.DE,USD,2002-03-31,2002-03-31,Q1,33376000.0,24999000.0,8377000.0,0.25098873441994246,9327000.0,6534000.0,0.0,0.0,95550000.0,120549000.0,0.0,10746000.0,-76427000.0,-2.28987895493768,-87173000.0,-2.6118468360498563,-77434000.0,-86167000.0,-2.5817054170661553,-17881000.0,-68286000.0,-2.0459611697027804,-0.94,-0.94,72781000,72781000,https://www.bundesanzeiger.de/pub/de/suche;wwwsid=627BFD7A56A5CB624C47FDDEAB2FC509.web07-pub?0,https://www.bundesanzeiger.de/pub/de/suche;wwwsid=627BFD7A56A5CB624C47FDDEAB2FC509.web07-pub?0,1620590647,16:04:07,20210509
77,2001-12-31,CR6.DE,USD,2001-12-31,2001-12-31,Q4,41092000.0,40537000.0,555000.0,0.0135062785943736,6748000.0,5582000.0,0.0,0.0,33406000.0,73943000.0,0.0,10447000.0,-22404000.0,-0.5452156137447678,-32851000.0,-0.7994500146013823,-11794000.0,-24472000.0,-0.5955417112820014,-7096000.0,-17376000.0,-0.4228560303708751,-0.24,-0.24,72457000,72457000,https://www.bundesanzeiger.de/pub/de/suche;wwwsid=627BFD7A56A5CB624C47FDDEAB2FC509.web07-pub?0,https://www.bundesanzeiger.de/pub/de/suche;wwwsid=627BFD7A56A5CB624C47FDDEAB2FC509.web07-pub?0,1620590647,16:04:07,20210509
78,2001-09-30,CR6.DE,USD,2001-09-30,2001-09-30,Q3,43166000.0,23262000.0,19904000.0,0.4611036463883612,4105000.0,5732000.0,0.0,0.0,12092000.0,35354000.0,0.0,9781000.0,17593000.0,0.40756614001760644,7812000.0,0.18097576796552842,-851000.0,9098000.0,0.21076773386461567,2638000.0,6460000.0,0.14965482092387528,0.08855137624739555,0.085402289733217,72952000,75642000,https://www.bundesanzeiger.de/pub/de/suche;wwwsid=627BFD7A56A5CB624C47FDDEAB2FC509.web07-pub?0,https://www.bundesanzeiger.de/pub/de/suche;wwwsid=627BFD7A56A5CB624C47FDDEAB2FC509.web07-pub?0,1620590647,16:04:07,20210509
79,2001-06-30,CR6.DE,USD,2001-06-30,2001-06-30,Q2,44726000.0,40552000.0,4174000.0,0.09332379376648929,4957000.0,5819000.0,0.0,0.0,13095000.0,53647000.0,0.0,9379000.0,458000.0,0.010240128784152395,-8921000.0,-0.19945892769306445,-43000.0,8852000.0,0.19791620086750436,2343000.0,6509000.0,0.14553056387783392,0.059331844492046856,0.059331844492046856,109705000,109705000,https://www.bundesanzeiger.de/pub/de/suche;wwwsid=627BFD7A56A5CB624C47FDDEAB2FC509.web07-pub?0,https://www.bundesanzeiger.de/pub/de/suche;wwwsid=627BFD7A56A5CB624C47FDDEAB2FC509.web07-pub?0,1620590647,16:04:07,20210509
80,2001-03-31,CR6.DE,USD,2001-03-31,2001-03-31,Q1,53365000.0,21789000.0,31576000.0,0.5916986789093975,3627000.0,5263000.0,0.0,0.0,11170000.0,32959000.0,0.0,5879000.0,26285000.0,0.4925512976670102,20406000.0,0.3823854586339361,-17238000.0,1113000.0,0.020856366532371405,6295000.0,-5182000.0,-0.09710484399887567,-0.07,-0.07,73920000,73920000,https://www.bundesanzeiger.de/pub/de/suche;wwwsid=627BFD7A56A5CB624C47FDDEAB2FC509.web07-pub?0,https://www.bundesanzeiger.de/pub/de/suche;wwwsid=627BFD7A56A5CB624C47FDDEAB2FC509.web07-pub?0,1620590647,16:04:07,20210509
81,2000-12-31,CR6.DE,USD,2000-12-31,2000-12-31,Q4,41494000.0,14577000.0,26917000.0,0.6486961970405359,2295000.0,3010000.0,0.0,0.0,10148000.0,24725000.0,0.0,4843000.0,21612000.0,0.5208463874295078,16769000.0,0.40413071769412445,-73000.0,21018000.0,0.5065310647322504,7157000.0,13861000.0,0.33404829613920084,0.19,0.18,71495000,75200000,https://www.bundesanzeiger.de/pub/de/suche;wwwsid=627BFD7A56A5CB624C47FDDEAB2FC509.web07-pub?0,https://www.bundesanzeiger.de/pub/de/suche;wwwsid=627BFD7A56A5CB624C47FDDEAB2FC509.web07-pub?0,1620590647,16:04:07,20210509
82,2000-09-30,CR6.DE,USD,2000-09-30,2000-09-30,Q3,37642000.0,12782000.0,24860000.0,0.6604324956165984,2101000.0,3957000.0,0.0,0.0,10352000.0,23134000.0,0.0,4294000.0,18802000.0,0.499495244673503,14508000.0,0.38542054088518146,-88000.0,19203000.0,0.5101482386695713,6548000.0,12655000.0,0.3361936135168163,0.18,0.17,70812000,75260000,https://www.bundesanzeiger.de/pub/de/suche;wwwsid=627BFD7A56A5CB624C47FDDEAB2FC509.web07-pub?0,https://www.bundesanzeiger.de/pub/de/suche;wwwsid=627BFD7A56A5CB624C47FDDEAB2FC509.web07-pub?0,1620590647,16:04:07,20210509
83,2000-06-30,CR6.DE,USD,2000-06-30,2000-06-30,Q2,36220000.0,14727000.0,21493000.0,0.5934014356709001,1967000.0,3698000.0,0.0,0.0,10257000.0,24984000.0,0.0,4592000.0,15828000.0,0.4369961347321922,11236000.0,0.31021535063500827,1423000.0,17147000.0,0.4734124792932082,6202000.0,10945000.0,0.30218111540585313,0.09976755845221275,0.09976755845221275,109705000,109705000,https://www.bundesanzeiger.de/pub/de/suche;wwwsid=627BFD7A56A5CB624C47FDDEAB2FC509.web07-pub?0,https://www.bundesanzeiger.de/pub/de/suche;wwwsid=627BFD7A56A5CB624C47FDDEAB2FC509.web07-pub?0,1620590647,16:04:07,20210509
84,2000-03-31,CR6.DE,USD,2000-03-31,2000-03-31,Q1,28363000.0,9696000.0,18667000.0,0.6581461763565208,2245000.0,2828000.0,0.0,0.0,7895000.0,17591000.0,0.0,2836000.0,13608000.0,0.4797799950639918,10772000.0,0.37979057222437684,-673000.0,13871000.0,0.4890526390015161,4716000.0,9155000.0,0.32277967774918026,0.2845907550747614,0.2645036403559459,32169000,34612000,https://www.bundesanzeiger.de/pub/de/suche;wwwsid=627BFD7A56A5CB624C47FDDEAB2FC509.web07-pub?0,https://www.bundesanzeiger.de/pub/de/suche;wwwsid=627BFD7A56A5CB624C47FDDEAB2FC509.web07-pub?0,1620590647,16:04:07,20210509
85,1999-12-31,CR6.DE,USD,1999-12-31,1999-12-31,Q4,23900000.0,8700000.0,15200000.0,0.6359832635983264,1900000.0,2600000.0,0.0,0.0,7000000.0,15700000.0,0.0,2500000.0,10700000.0,0.4476987447698745,8200000.0,0.34309623430962344,0.0,8800000.0,0.3682008368200837,3000000.0,5800000.0,0.24267782426778242,0.1,0.09,59174000,63188000,https://www.bundesanzeiger.de/pub/de/suche;wwwsid=627BFD7A56A5CB624C47FDDEAB2FC509.web07-pub?0,https://www.bundesanzeiger.de/pub/de/suche;wwwsid=627BFD7A56A5CB624C47FDDEAB2FC509.web07-pub?0,1620590647,16:04:07,20210509
86,1999-09-30,CR6.DE,USD,1999-09-30,1999-09-30,Q3,20000000.0,8600000.0,11400000.0,0.57,900000.0,1900000.0,0.0,0.0,4800000.0,13400000.0,0.0,2000000.0,8600000.0,0.43,6600000.0,0.33,500000.0,7000000.0,0.35,2400000.0,4600000.0,0.23,0.08,0.08,57500000,57500000,https://www.bundesanzeiger.de/pub/de/suche;wwwsid=627BFD7A56A5CB624C47FDDEAB2FC509.web07-pub?0,https://www.bundesanzeiger.de/pub/de/suche;wwwsid=627BFD7A56A5CB624C47FDDEAB2FC509.web07-pub?0,1620590647,16:04:07,20210509
87,1999-06-30,CR6.DE,USD,1999-06-30,1999-06-30,Q2,17700000.0,7900000.0,9800000.0,0.5536723163841808,1000000.0,1900000.0,0.0,0.0,4600000.0,12500000.0,0.0,1700000.0,6900000.0,0.3898305084745763,5200000.0,0.2937853107344633,0.0,5700000.0,0.3220338983050847,1600000.0,4100000.0,0.23163841807909605,0.03737295474226334,0.03737295474226334,109705000,109705000,https://www.bundesanzeiger.de/pub/de/suche;wwwsid=627BFD7A56A5CB624C47FDDEAB2FC509.web07-pub?0,https://www.bundesanzeiger.de/pub/de/suche;wwwsid=627BFD7A56A5CB624C47FDDEAB2FC509.web07-pub?0,1620590647,16:04:07,20210509
88,1999-03-31,CR6.DE,USD,1999-03-31,1999-03-31,Q1,16000000.0,6900000.0,9100000.0,0.56875,1500000.0,1600000.0,0.0,0.0,4500000.0,11400000.0,0.0,1400000.0,6000000.0,0.375,4600000.0,0.2875,0.0,4700000.0,0.29375,1300000.0,3400000.0,0.2125,0.07,0.06,48571429,56666667,https://www.bundesanzeiger.de/pub/de/suche;wwwsid=627BFD7A56A5CB624C47FDDEAB2FC509.web07-pub?0,https://www.bundesanzeiger.de/pub/de/suche;wwwsid=627BFD7A56A5CB624C47FDDEAB2FC509.web07-pub?0,1620590647,16:04:07,20210509
89,1998-12-31,CR6.DE,USD,1998-12-31,1998-12-31,Q4,14000000.0,6100000.0,7900000.0,0.5642857142857143,1100000.0,1500000.0,0.0,0.0,3900000.0,10000000.0,0.0,1300000.0,5300000.0,0.37857142857142856,4000000.0,0.2857142857142857,-300000.0,3800000.0,0.2714285714285714,900000.0,2900000.0,0.20714285714285716,0.06,0.06,48333333,48333333,https://www.bundesanzeiger.de/pub/de/suche;wwwsid=627BFD7A56A5CB624C47FDDEAB2FC509.web07-pub?0,https://www.bundesanzeiger.de/pub/de/suche;wwwsid=627BFD7A56A5CB624C47FDDEAB2FC509.web07-pub?0,1620590647,16:04:07,20210509
90,1998-09-30,CR6.DE,USD,1998-09-30,1998-09-30,Q3,12300000.0,5500000.0,6800000.0,0.5528455284552846,800000.0,1200000.0,0.0,0.0,3100000.0,8600000.0,0.0,1100000.0,4800000.0,0.3902439024390244,3700000.0,0.3008130081300813,-200000.0,3500000.0,0.2845528455284553,1100000.0,2400000.0,0.1951219512195122,0.05,0.05,48000000,48000000,https://www.bundesanzeiger.de/pub/de/suche;wwwsid=627BFD7A56A5CB624C47FDDEAB2FC509.web07-pub?0,https://www.bundesanzeiger.de/pub/de/suche;wwwsid=627BFD7A56A5CB624C47FDDEAB2FC509.web07-pub?0,1620590647,16:04:07,20210509
91,1998-06-30,CR6.DE,USD,1998-06-30,1998-06-30,Q2,11500000.0,6300000.0,5200000.0,0.45217391304347826,500000.0,1100000.0,0.0,0.0,2700000.0,9000000.0,0.0,1100000.0,3600000.0,0.3130434782608696,2500000.0,0.21739130434782608,100000.0,2700000.0,0.23478260869565218,800000.0,1900000.0,0.16521739130434782,0.017319174148853745,0.017319174148853745,109705000,109705000,https://www.bundesanzeiger.de/pub/de/suche;wwwsid=627BFD7A56A5CB624C47FDDEAB2FC509.web07-pub?0,https://www.bundesanzeiger.de/pub/de/suche;wwwsid=627BFD7A56A5CB624C47FDDEAB2FC509.web07-pub?0,1620590647,16:04:07,20210509
92,1998-03-31,CR6.DE,USD,1998-03-31,1998-03-31,Q1,10700000.0,5800000.0,4900000.0,0.45794392523364486,400000.0,1000000.0,0.0,0.0,2500000.0,8300000.0,0.0,1100000.0,3500000.0,0.32710280373831774,2400000.0,0.22429906542056074,200000.0,2500000.0,0.2336448598130841,700000.0,1800000.0,0.16822429906542055,0.04,0.04,45000000,45000000,https://www.bundesanzeiger.de/pub/de/suche;wwwsid=627BFD7A56A5CB624C47FDDEAB2FC509.web07-pub?0,https://www.bundesanzeiger.de/pub/de/suche;wwwsid=627BFD7A56A5CB624C47FDDEAB2FC509.web07-pub?0,1620590647,16:04:07,20210509
93,1997-12-31,CR6.DE,USD,1997-12-31,1997-12-31,Q4,10100000.0,5300000.0,4800000.0,0.4752475247524752,500000.0,900000.0,0.0,0.0,2600000.0,7900000.0,0.0,1200000.0,3400000.0,0.33663366336633666,2200000.0,0.21782178217821782,-200000.0,2000000.0,0.19801980198019803,500000.0,1500000.0,0.1485148514851485,0.03,0.03,50000000,50000000,https://www.bundesanzeiger.de/pub/de/suche;wwwsid=627BFD7A56A5CB624C47FDDEAB2FC509.web07-pub?0,https://www.bundesanzeiger.de/pub/de/suche;wwwsid=627BFD7A56A5CB624C47FDDEAB2FC509.web07-pub?0,1620590647,16:04:07,20210509
94,1997-09-30,CR6.DE,USD,1997-09-30,1997-09-30,Q3,10200000.0,6100000.0,4100000.0,0.4019607843137255,400000.0,1100000.0,0.0,0.0,2500000.0,8600000.0,0.0,1000000.0,2600000.0,0.2549019607843137,1600000.0,0.1568627450980392,200000.0,1800000.0,0.17647058823529413,600000.0,1200000.0,0.11764705882352941,0.03,0.03,40000000,40000000,https://www.bundesanzeiger.de/pub/de/suche;wwwsid=627BFD7A56A5CB624C47FDDEAB2FC509.web07-pub?0,https://www.bundesanzeiger.de/pub/de/suche;wwwsid=627BFD7A56A5CB624C47FDDEAB2FC509.web07-pub?0,1620590647,16:04:07,20210509
95,1997-06-30,CR6.DE,USD,1997-06-30,1997-06-30,Q2,8500000.0,5000000.0,3500000.0,0.4117647058823529,600000.0,1300000.0,0.0,0.0,2900000.0,7900000.0,0.0,1000000.0,1600000.0,0.18823529411764706,600000.0,0.07058823529411765,0.0,600000.0,0.07058823529411765,-100000.0,700000.0,0.08235294117647059,0.006380748370630327,0.006380748370630327,109705000,109705000,https://www.bundesanzeiger.de/pub/de/suche;wwwsid=627BFD7A56A5CB624C47FDDEAB2FC509.web07-pub?0,https://www.bundesanzeiger.de/pub/de/suche;wwwsid=627BFD7A56A5CB624C47FDDEAB2FC509.web07-pub?0,1620590647,16:04:07,20210509
96,1997-03-31,CR6.DE,USD,1997-03-31,1997-03-31,Q1,7000000.0,3800000.0,3200000.0,0.45714285714285713,500000.0,1100000.0,0.0,0.0,2500000.0,6300000.0,0.0,900000.0,1600000.0,0.22857142857142856,700000.0,0.1,-100000.0,0.0,0.0,0.0,600000.0,0.08571428571428572,0.01,0.01,60000000,60000000,https://www.bundesanzeiger.de/pub/de/suche;wwwsid=627BFD7A56A5CB624C47FDDEAB2FC509.web07-pub?0,https://www.bundesanzeiger.de/pub/de/suche;wwwsid=627BFD7A56A5CB624C47FDDEAB2FC509.web07-pub?0,1620590647,16:04:07,20210509
97,1996-12-31,CR6.DE,USD,1996-12-31,1996-12-31,Q4,6900000.0,4500000.0,2400000.0,0.34782608695652173,200000.0,1100000.0,0.0,0.0,2100000.0,6600000.0,0.0,800000.0,1100000.0,0.15942028985507245,300000.0,0.043478260869565216,100000.0,0.0,0.0,0.0,400000.0,0.057971014492753624,0.01,0.01,40000000,40000000,https://www.bundesanzeiger.de/pub/de/suche;wwwsid=627BFD7A56A5CB624C47FDDEAB2FC509.web07-pub?0,https://www.bundesanzeiger.de/pub/de/suche;wwwsid=627BFD7A56A5CB624C47FDDEAB2FC509.web07-pub?0,1620590647,16:04:07,20210509
98,1996-09-30,CR6.DE,USD,1996-09-30,1996-09-30,Q3,7400000.0,3500000.0,3900000.0,0.527027027027027,100000.0,1100000.0,0.0,0.0,2000000.0,5500000.0,0.0,800000.0,2700000.0,0.36486486486486486,1900000.0,0.25675675675675674,100000.0,2100000.0,0.28378378378378377,200000.0,1900000.0,0.25675675675675674,0.04,0.04,47500000,47500000,https://www.bundesanzeiger.de/pub/de/suche;wwwsid=627BFD7A56A5CB624C47FDDEAB2FC509.web07-pub?0,https://www.bundesanzeiger.de/pub/de/suche;wwwsid=627BFD7A56A5CB624C47FDDEAB2FC509.web07-pub?0,1620590647,16:04:07,20210509
99,1996-06-30,CR6.DE,USD,1996-06-30,1996-06-30,Q2,5300000.0,5200000.0,100000.0,0.018867924528301886,-500000.0,800000.0,0.0,0.0,900000.0,6100000.0,0.0,600000.0,-200000.0,-0.03773584905660377,-800000.0,-0.1509433962264151,200000.0,0.0,0.0,0.0,-900000.0,-0.16981132075471697,-0.008203819333667563,-0.008203819333667563,109705000,109705000,https://www.bundesanzeiger.de/pub/de/suche;wwwsid=627BFD7A56A5CB624C47FDDEAB2FC509.web07-pub?0,https://www.bundesanzeiger.de/pub/de/suche;wwwsid=627BFD7A56A5CB624C47FDDEAB2FC509.web07-pub?0,1620590647,16:04:07,20210509
100,1996-03-31,CR6.DE,USD,1996-03-31,1996-03-31,Q1,4000000.0,2500000.0,1500000.0,0.375,400000.0,700000.0,0.0,0.0,1700000.0,4200000.0,0.0,500000.0,300000.0,0.075,-200000.0,-0.05,300000.0,0.0,0.0,0.0,200000.0,0.05,0.01,0.01,49004000,49004000,https://www.bundesanzeiger.de/pub/de/suche;wwwsid=627BFD7A56A5CB624C47FDDEAB2FC509.web07-pub?0,https://www.bundesanzeiger.de/pub/de/suche;wwwsid=627BFD7A56A5CB624C47FDDEAB2FC509.web07-pub?0,1620590647,16:04:07,20210509
101,1995-12-31,CR6.DE,USD,1995-12-31,1995-12-31,Q4,4300000.0,2500000.0,1800000.0,0.4186046511627907,200000.0,700000.0,0.0,0.0,1300000.0,3800000.0,0.0,400000.0,900000.0,0.20930232558139536,500000.0,0.11627906976744186,300000.0,0.0,0.0,0.0,800000.0,0.18604651162790697,0.02,0.02,40000000,40000000,https://www.bundesanzeiger.de/pub/de/suche;wwwsid=627BFD7A56A5CB624C47FDDEAB2FC509.web07-pub?0,https://www.bundesanzeiger.de/pub/de/suche;wwwsid=627BFD7A56A5CB624C47FDDEAB2FC509.web07-pub?0,1620590647,16:04:07,20210509
102,1995-09-30,CR6.DE,USD,1995-09-30,1995-09-30,Q3,3400000.0,2100000.0,1300000.0,0.38235294117647056,100000.0,700000.0,0.0,0.0,1100000.0,3200000.0,0.0,300000.0,500000.0,0.14705882352941177,200000.0,0.058823529411764705,100000.0,0.0,0.0,0.0,200000.0,0.058823529411764705,0.01,0.01,47400000,47400000,https://www.bundesanzeiger.de/pub/de/suche;wwwsid=627BFD7A56A5CB624C47FDDEAB2FC509.web07-pub?0,https://www.bundesanzeiger.de/pub/de/suche;wwwsid=627BFD7A56A5CB624C47FDDEAB2FC509.web07-pub?0,1620590647,16:04:07,20210509
103,1995-06-30,CR6.DE,USD,1995-06-30,1995-06-30,Q2,3300000.0,2000000.0,1300000.0,0.3939393939393939,0.0,700000.0,0.0,0.0,1100000.0,3100000.0,0.0,400000.0,600000.0,0.18181818181818182,200000.0,0.06060606060606061,100000.0,0.0,0.0,0.0,0.0,0.0,0.0,0.0,109705000,109705000,https://www.bundesanzeiger.de/pub/de/suche;wwwsid=627BFD7A56A5CB624C47FDDEAB2FC509.web07-pub?0,https://www.bundesanzeiger.de/pub/de/suche;wwwsid=627BFD7A56A5CB624C47FDDEAB2FC509.web07-pub?0,1620590647,16:04:07,20210509
104,1995-03-31,CR6.DE,USD,1995-03-31,1995-03-31,Q1,2700000.0,1700000.0,1000000.0,0.37037037037037035,200000.0,600000.0,0.0,0.0,1200000.0,2900000.0,0.0,500000.0,300000.0,0.1111111111111111,-200000.0,-0.07407407407407407,100000.0,0.0,0.0,0.0,-100000.0,-0.037037037037037035,-0.01,-0.01,41448000,41448000,https://www.bundesanzeiger.de/pub/de/suche;wwwsid=627BFD7A56A5CB624C47FDDEAB2FC509.web07-pub?0,https://www.bundesanzeiger.de/pub/de/suche;wwwsid=627BFD7A56A5CB624C47FDDEAB2FC509.web07-pub?0,1620590647,16:04:07,20210509
105,1994-12-31,CR6.DE,USD,1994-12-31,1994-12-31,Q4,3000000.0,2000000.0,1000000.0,0.3333333333333333,0.0,800000.0,0.0,0.0,1100000.0,3100000.0,0.0,300000.0,200000.0,0.06666666666666667,-100000.0,-0.03333333333333333,100000.0,0.0,0.0,0.0,0.0,0.0,0.01,0.01,41328000,41328000,https://www.bundesanzeiger.de/pub/de/suche;wwwsid=627BFD7A56A5CB624C47FDDEAB2FC509.web07-pub?0,https://www.bundesanzeiger.de/pub/de/suche;wwwsid=627BFD7A56A5CB624C47FDDEAB2FC509.web07-pub?0,1620590647,16:04:07,20210509
106,1994-09-30,CR6.DE,USD,1994-09-30,1994-09-30,Q3,2100000.0,1500000.0,600000.0,0.2857142857142857,0.0,600000.0,0.0,0.0,900000.0,2400000.0,0.0,300000.0,0.0,0.0,-300000.0,-0.14285714285714285,100000.0,0.0,0.0,0.0,-200000.0,-0.09523809523809523,-0.01,-0.01,41408000,41408000,https://www.bundesanzeiger.de/pub/de/suche;wwwsid=627BFD7A56A5CB624C47FDDEAB2FC509.web07-pub?0,https://www.bundesanzeiger.de/pub/de/suche;wwwsid=627BFD7A56A5CB624C47FDDEAB2FC509.web07-pub?0,1620590647,16:04:07,20210509
107,1994-06-30,CR6.DE,USD,1994-06-30,1994-06-30,Q2,2100000.0,1300000.0,800000.0,0.38095238095238093,0.0,700000.0,0.0,0.0,1000000.0,2300000.0,0.0,300000.0,100000.0,0.047619047619047616,-200000.0,-0.09523809523809523,200000.0,0.0,0.0,0.0,-100000.0,-0.047619047619047616,-0.0009115354815186182,-0.0009115354815186182,109705000,109705000,https://www.bundesanzeiger.de/pub/de/suche;wwwsid=627BFD7A56A5CB624C47FDDEAB2FC509.web07-pub?0,https://www.bundesanzeiger.de/pub/de/suche;wwwsid=627BFD7A56A5CB624C47FDDEAB2FC509.web07-pub?0,1620590647,16:04:07,20210509
108,1994-03-31,CR6.DE,USD,1994-03-31,1994-03-31,Q1,1900000.0,1300000.0,600000.0,0.3157894736842105,0.0,600000.0,0.0,0.0,800000.0,2100000.0,0.0,200000.0,0.0,0.0,-200000.0,-0.10526315789473684,100000.0,0.0,0.0,0.0,-100000.0,-0.05263157894736842,-0.01,-0.01,41408000,41408000,https://www.bundesanzeiger.de/pub/de/suche;wwwsid=627BFD7A56A5CB624C47FDDEAB2FC509.web07-pub?0,https://www.bundesanzeiger.de/pub/de/suche;wwwsid=627BFD7A56A5CB624C47FDDEAB2FC509.web07-pub?0,1620590647,16:04:07,20210509
109,1993-12-31,CR6.DE,USD,1993-12-31,1993-12-31,Q4,1900000.0,1000000.0,900000.0,0.47368421052631576,0.0,600000.0,0.0,0.0,900000.0,1900000.0,0.0,300000.0,300000.0,0.15789473684210525,0.0,0.0,100000.0,0.0,0.0,0.0,0.0,0.0,0.01,0.01,41312000,41312000,https://www.bundesanzeiger.de/pub/de/suche;wwwsid=627BFD7A56A5CB624C47FDDEAB2FC509.web07-pub?0,https://www.bundesanzeiger.de/pub/de/suche;wwwsid=627BFD7A56A5CB624C47FDDEAB2FC509.web07-pub?0,1620590647,16:04:07,20210509
110,1993-09-30,CR6.DE,USD,1993-09-30,1993-09-30,Q3,1600000.0,1100000.0,500000.0,0.3125,0.0,600000.0,0.0,0.0,800000.0,1900000.0,0.0,200000.0,-100000.0,-0.0625,-300000.0,-0.1875,200000.0,0.0,0.0,0.0,-200000.0,-0.125,-0.01,-0.01,41296000,41296000,https://www.bundesanzeiger.de/pub/de/suche;wwwsid=627BFD7A56A5CB624C47FDDEAB2FC509.web07-pub?0,https://www.bundesanzeiger.de/pub/de/suche;wwwsid=627BFD7A56A5CB624C47FDDEAB2FC509.web07-pub?0,1620590647,16:04:07,20210509
111,1993-06-30,CR6.DE,USD,1993-06-30,1993-06-30,Q2,1700000.0,900000.0,800000.0,0.47058823529411764,0.0,500000.0,0.0,0.0,800000.0,1700000.0,0.0,300000.0,100000.0,0.058823529411764705,0.0,0.0,200000.0,0.0,0.0,0.0,200000.0,0.11764705882352941,0.0018230709630372363,0.0018230709630372363,109705000,109705000,https://www.bundesanzeiger.de/pub/de/suche;wwwsid=627BFD7A56A5CB624C47FDDEAB2FC509.web07-pub?0,https://www.bundesanzeiger.de/pub/de/suche;wwwsid=627BFD7A56A5CB624C47FDDEAB2FC509.web07-pub?0,1620590647,16:04:07,20210509
112,1993-03-31,CR6.DE,USD,1993-03-31,1993-03-31,Q1,1800000.0,1000000.0,800000.0,0.4444444444444444,0.0,400000.0,0.0,0.0,600000.0,1600000.0,0.0,0.0,300000.0,0.16666666666666666,200000.0,0.1111111111111111,100000.0,300000.0,0.16666666666666666,100000.0,300000.0,0.16666666666666666,0.02,0.02,41048000,41048000,https://www.bundesanzeiger.de/pub/de/suche;wwwsid=627BFD7A56A5CB624C47FDDEAB2FC509.web07-pub?0,https://www.bundesanzeiger.de/pub/de/suche;wwwsid=627BFD7A56A5CB624C47FDDEAB2FC509.web07-pub?0,1620590647,16:04:07,20210509
