,date,symbol,reportedCurrency,fillingDate,acceptedDate,period,revenue,costOfRevenue,grossProfit,grossProfitRatio,researchAndDevelopmentExpenses,generalAndAdministrativeExpenses,sellingAndMarketingExpenses,otherExpenses,operatingExpenses,costAndExpenses,interestExpense,depreciationAndAmortization,ebitda,ebitdaratio,operatingIncome,operatingIncomeRatio,totalOtherIncomeExpensesNet,incomeBeforeTax,incomeBeforeTaxRatio,incomeTaxExpense,netIncome,netIncomeRatio,eps,epsdiluted,weightedAverageShsOut,weightedAverageShsOutDil,link,finalLink,timestamp,est_time,est_date
0,2020-12-31,VIKASPROP.NS,INR,2020-12-31,2020-12-31,Q4,0.0,0.0,0.0,0.0,0.0,0.0,0.0,0.0,670000.0,670000.0,0.0,0.0,-670000.0,0.0,-670000.0,0.0,0.0,-670000.0,0.0,0.0,-670000.0,0.0,-0.001,-0.001,514675000,514675000,https://www.nseindia.com/companies-listing/corporate-filings-annual-reports,https://www.nseindia.com/companies-listing/corporate-filings-annual-reports,1620599515,18:31:55,20210509
1,2020-09-30,VIKASPROP.NS,INR,2020-09-30,2020-09-30,Q3,94035000.0,92750000.0,1285000.0,0.013665124687616314,0.0,0.0,0.0,0.0,1176000.0,93926000.0,0.0,0.0,109000.0,0.001159142872334769,109000.0,0.001159142872334769,0.0,109000.0,0.001159142872334769,2854000.0,-2745000.0,-0.029191258573935237,-0.01,-0.01,514675000,514675000,,,1620599515,18:31:55,20210509
2,2020-06-30,VIKASPROP.NS,INR,2020-06-30,2020-06-30,Q2,126466000.0,75992000.0,50474000.0,0.39911122356997136,0.0,0.0,0.0,0.0,6622000.0,82614000.0,0.0,0.0,43852000.0,0.34674932392896113,43852000.0,0.34674932392896113,0.0,43852000.0,0.34674932392896113,12200000.0,31653000.0,0.2502886151218509,0.06,0.06,527550000,527550000,https://www.nseindia.com/companies-listing/corporate-filings-annual-reports,https://www.nseindia.com/companies-listing/corporate-filings-annual-reports,1620599515,18:31:55,20210509
3,2020-03-31,VIKASPROP.NS,INR,2020-03-31,2020-03-31,Q1,24256000.0,0.0,24256000.0,1.0,0.0,0.0,0.0,0.0,1790000.0,1790000.0,0.0,0.0,22465000.0,0.9261625989445911,22466000.0,0.9262038258575198,0.0,22465000.0,0.9261625989445911,9195000.0,13271000.0,0.5471223614775725,0.025155909392474647,0.025155909392474647,527550000,527550000,https://www.nseindia.com/companies-listing/corporate-filings-annual-reports,https://www.nseindia.com/companies-listing/corporate-filings-annual-reports,1620599515,18:31:55,20210509
4,2019-12-31,VIKASPROP.NS,INR,2019-12-31,2019-12-31,Q4,42585000.0,0.0,42585000.0,1.0,0.0,0.0,0.0,0.0,16360000.0,16360000.0,18000.0,0.0,26225000.0,0.6158271691910298,26225000.0,0.6158271691910298,0.0,26207000.0,0.6154044851473524,9937000.0,16270000.0,0.3820594105905835,0.03,0.03,542333333,542333333,https://www.nseindia.com/companies-listing/corporate-filings-annual-reports,https://www.nseindia.com/companies-listing/corporate-filings-annual-reports,1620599515,18:31:55,20210509
5,2019-09-30,VIKASPROP.NS,INR,2019-09-30,2019-09-30,Q3,1450000.0,0.0,1450000.0,1.0,0.0,0.0,0.0,0.0,491000.0,491000.0,0.0,0.0,960000.0,0.6620689655172414,959000.0,0.6613793103448276,0.0,960000.0,0.6620689655172414,4735000.0,-3775000.0,-2.603448275862069,-0.01,-0.01,377500000,377500000,https://www.nseindia.com/companies-listing/corporate-filings-annual-reports,https://www.nseindia.com/companies-listing/corporate-filings-annual-reports,1620599515,18:31:55,20210509
6,2019-06-30,VIKASPROP.NS,INR,2019-06-30,2019-06-30,Q2,1271000.0,0.0,1271000.0,1.0,0.0,0.0,0.0,0.0,574000.0,574000.0,0.0,0.0,697000.0,0.5483870967741935,697000.0,0.5483870967741935,0.0,697000.0,0.5483870967741935,-12785000.0,13482000.0,10.607395751376869,0.03,0.03,449400000,449400000,https://www.nseindia.com/companies-listing/corporate-filings-annual-reports,https://www.nseindia.com/companies-listing/corporate-filings-annual-reports,1620599515,18:31:55,20210509
7,2019-03-31,VIKASPROP.NS,INR,2019-03-31,2019-03-31,Q1,160560000.0,0.0,160560000.0,1.0,0.0,0.0,0.0,0.0,6728000.0,6728000.0,-6000.0,0.0,153827000.0,0.9580655206776283,153832000.0,0.9580966616841057,0.0,153833000.0,0.958102889885401,40528000.0,113305000.0,0.7056863477827603,0.21477585063027202,0.21477585063027202,527550000,527550000,https://www.nseindia.com/companies-listing/corporate-filings-annual-reports,https://www.nseindia.com/companies-listing/corporate-filings-annual-reports,1620599515,18:31:55,20210509
8,2018-12-31,VIKASPROP.NS,INR,2018-12-31,2018-12-31,Q4,153893000.0,0.0,153893000.0,1.0,0.0,0.0,0.0,0.0,1852000.0,1852000.0,0.0,0.0,152041000.0,0.9879656644551734,152041000.0,0.9879656644551734,0.0,152041000.0,0.9879656644551734,32765000.0,119276000.0,0.775057994840571,0.61,0.61,506175000,506175000,https://www.nseindia.com/companies-listing/corporate-filings-annual-reports,https://www.nseindia.com/companies-listing/corporate-filings-annual-reports,1620599515,18:31:55,20210509
9,2018-09-30,VIKASPROP.NS,INR,2018-09-30,2018-09-30,Q3,120518000.0,0.0,120518000.0,1.0,0.0,0.0,0.0,0.0,1823000.0,1823000.0,1000.0,0.0,118695000.0,0.9848736288355266,118695000.0,0.9848736288355266,0.0,118694000.0,0.9848653313198028,0.0,118694000.0,0.9848653313198028,0.66,0.66,179839394,179839394,https://www.nseindia.com/companies-listing/corporate-filings-annual-reports,https://www.nseindia.com/companies-listing/corporate-filings-annual-reports,1620599515,18:31:55,20210509
10,2018-06-30,VIKASPROP.NS,INR,2018-06-30,2018-06-30,Q2,92750000.0,0.0,92750000.0,1.0,0.0,0.0,0.0,0.0,1517000.0,1517000.0,5000.0,12692000.0,103925000.0,1.1204851752021563,91233000.0,0.983644204851752,0.0,91229000.0,0.983601078167116,0.0,91229000.0,0.983601078167116,0.5,0.5,182458000,182458000,https://www.nseindia.com/companies-listing/corporate-filings-annual-reports,https://www.nseindia.com/companies-listing/corporate-filings-annual-reports,1620599515,18:31:55,20210509
11,2018-03-31,VIKASPROP.NS,INR,2018-03-31,2018-03-31,Q1,0.0,0.0,0.0,0.0,0.0,0.0,0.0,0.0,964000.0,964000.0,9000.0,12692000.0,11728000.0,0.0,-964000.0,0.0,0.0,-973000.0,0.0,-4094000.0,3121000.0,0.0,0.017,0.017,183588235,183588235,https://www.nseindia.com/companies-listing/corporate-filings-annual-reports,https://www.nseindia.com/companies-listing/corporate-filings-annual-reports,1620599515,18:31:55,20210509
12,2017-12-31,VIKASPROP.NS,INR,2017-12-31,2017-12-31,Q4,0.0,0.0,0.0,0.0,0.0,0.0,0.0,0.0,920000.0,920000.0,0.0,0.0,-920000.0,0.0,-920000.0,0.0,0.0,-920000.0,0.0,-11313000.0,10393000.0,0.0,0.057,0.057,182333333,182333333,https://www.nseindia.com/companies-listing/corporate-filings-annual-reports,https://www.nseindia.com/companies-listing/corporate-filings-annual-reports,1620599515,18:31:55,20210509
13,2017-09-30,VIKASPROP.NS,INR,2017-09-30,2017-09-30,Q3,0.0,0.0,0.0,0.0,0.0,0.0,0.0,0.0,23447000.0,23447000.0,0.0,22794000.0,-653000.0,0.0,-23447000.0,0.0,0.0,-23457000.0,0.0,-16524000.0,-6934000.0,0.0,-0.038,-0.038,182473684,182473684,https://www.nseindia.com/companies-listing/corporate-filings-annual-reports,https://www.nseindia.com/companies-listing/corporate-filings-annual-reports,1620599515,18:31:55,20210509
14,2017-06-30,VIKASPROP.NS,INR,2017-06-30,2017-06-30,Q2,0.0,0.0,0.0,0.0,0.0,0.0,0.0,0.0,29848000.0,29848000.0,0.0,27974000.0,-1874000.0,0.0,-29848000.0,0.0,0.0,-29867000.0,0.0,-12744000.0,-17123000.0,0.0,-0.095,-0.095,180242105,180242105,https://www.nseindia.com/companies-listing/corporate-filings-annual-reports,https://www.nseindia.com/companies-listing/corporate-filings-annual-reports,1620599515,18:31:55,20210509
15,2017-03-31,VIKASPROP.NS,INR,2017-03-31,2017-03-31,Q1,20831000.0,17329000.0,3502000.0,0.16811482886083243,0.0,0.0,0.0,0.0,31086000.0,48415000.0,0.0,28832000.0,1248000.0,0.059910709999519945,-27584000.0,-1.3241803081945178,0.0,-27584000.0,-1.3241803081945178,22775000.0,-50359000.0,-2.4175027603091546,-0.278,-0.278,181147482,181147482,https://www.nseindia.com/companies-listing/corporate-filings-annual-reports,https://www.nseindia.com/companies-listing/corporate-filings-annual-reports,1620599515,18:31:55,20210509
16,2016-12-31,VIKASPROP.NS,INR,2016-12-31,2016-12-31,Q4,8103000.0,14958000.0,-6855000.0,-0.8459829692706405,0.0,0.0,0.0,0.0,31937000.0,46895000.0,122000.0,28851000.0,-9941000.0,-1.2268295692953228,-38792000.0,-4.787362705170924,0.0,-38913000.0,-4.802295446131063,-8243000.0,-30670000.0,-3.7850178946069355,-0.169,-0.169,181479290,181479290,https://www.nseindia.com/companies-listing/corporate-filings-annual-reports,https://www.nseindia.com/companies-listing/corporate-filings-annual-reports,1620599515,18:31:55,20210509
17,2016-09-30,VIKASPROP.NS,INR,2016-09-30,2016-09-30,Q3,0.0,0.0,0.0,0.0,0.0,0.0,0.0,0.0,29732000.0,29732000.0,0.0,28814000.0,-918000.0,0.0,-29732000.0,0.0,0.0,-29732000.0,0.0,657000.0,-30389000.0,0.0,-0.168,-0.168,180886905,180886905,https://www.nseindia.com/companies-listing/corporate-filings-annual-reports,https://www.nseindia.com/companies-listing/corporate-filings-annual-reports,1620599515,18:31:55,20210509
18,2016-06-30,VIKASPROP.NS,INR,2016-06-30,2016-06-30,Q2,2217000.0,2911000.0,-694000.0,-0.31303563373928733,0.0,0.0,0.0,0.0,30297000.0,33208000.0,0.0,28832000.0,-2159000.0,-0.9738385205232296,-30991000.0,-13.978800180423997,0.0,-30991000.0,-13.978800180423997,-2643000.0,-28348000.0,-12.786648624267027,-0.156,-0.156,181717949,181717949,https://www.nseindia.com/companies-listing/corporate-filings-annual-reports,https://www.nseindia.com/companies-listing/corporate-filings-annual-reports,1620599515,18:31:55,20210509
19,2016-03-31,VIKASPROP.NS,INR,2016-03-31,2016-03-31,Q1,186750000.0,233182000.0,-46432000.0,-0.2486318607764391,0.0,0.0,0.0,0.0,30778000.0,263960000.0,75000.0,28823000.0,-48387000.0,-0.2591004016064257,-77210000.0,-0.4134404283801874,0.0,-77285000.0,-0.4138420348058902,13357000.0,-90642000.0,-0.48536546184738955,-0.5,-0.5,181284000,181284000,https://www.nseindia.com/companies-listing/corporate-filings-annual-reports,https://www.nseindia.com/companies-listing/corporate-filings-annual-reports,1620599515,18:31:55,20210509
20,2015-12-31,VIKASPROP.NS,INR,2015-12-31,2015-12-31,Q4,377327000.0,345255000.0,32072000.0,0.08499789307417704,0.0,0.0,0.0,0.0,31911000.0,377166000.0,2000.0,28911000.0,29072000.0,0.0770472295913094,161000.0,0.00042668560691389696,0.0,159000.0,0.0004213851645919852,30000.0,129000.0,0.00034187852976330874,0.001,0.001,129000000,129000000,https://www.nseindia.com/companies-listing/corporate-filings-annual-reports,https://www.nseindia.com/companies-listing/corporate-filings-annual-reports,1620599515,18:31:55,20210509
21,2015-09-30,VIKASPROP.NS,INR,2015-09-30,2015-09-30,Q3,309805000.0,277750000.0,32055000.0,0.10346831071157664,0.0,0.0,0.0,0.0,31884000.0,309634000.0,31000.0,28852000.0,29023000.0,0.09368150933651813,171000.0,0.000551960103936347,0.0,140000.0,0.00045189716111747715,28000.0,112000.0,0.0003615177288939817,0.001,0.001,181175000,181175000,https://www.nseindia.com/companies-listing/corporate-filings-annual-reports,https://www.nseindia.com/companies-listing/corporate-filings-annual-reports,1620599515,18:31:55,20210509
22,2015-06-30,VIKASPROP.NS,INR,2015-06-30,2015-06-30,Q2,288400000.0,255381000.0,33019000.0,0.11449029126213592,0.0,0.0,0.0,0.0,32629000.0,288010000.0,3000.0,28882000.0,29272000.0,0.10149791955617199,390000.0,0.0013522884882108182,0.0,387000.0,0.0013418862690707351,78000.0,309000.0,0.0010714285714285715,0.002,0.002,154500000,154500000,https://www.nseindia.com/companies-listing/corporate-filings-annual-reports,https://www.nseindia.com/companies-listing/corporate-filings-annual-reports,1620599515,18:31:55,20210509
23,2015-03-31,VIKASPROP.NS,INR,2015-03-31,2015-03-31,Q1,694200360.0,672402933.0,21797427.0,0.03139933116715756,0.0,0.0,0.0,0.0,21510934.0,693913867.0,0.0,38614663.0,38901156.0,0.0560373607412131,286493.0,0.000412694974690016,0.0,213770.0,0.0003079370342014804,-498813.0,712583.0,0.001026480308941355,0.0013507402141977065,0.0013507402141977065,527550000,527550000,https://www.nseindia.com/companies-listing/corporate-filings-annual-reports,https://www.nseindia.com/companies-listing/corporate-filings-annual-reports,1620599515,18:31:55,20210509
24,2014-12-31,VIKASPROP.NS,INR,2014-12-31,2014-12-31,Q4,811896000.0,767364000.0,44532000.0,0.054849389576990155,0.0,0.0,0.0,0.0,41758000.0,809122000.0,0.0,33820000.0,36594000.0,0.04507227526678294,2774000.0,0.003416693763733286,0.0,2740000.0,0.003374816478957896,1589000.0,1151000.0,0.0014176692581315833,0.006,0.006,191833333,191833333,https://www.nseindia.com/companies-listing/corporate-filings-annual-reports,https://www.nseindia.com/companies-listing/corporate-filings-annual-reports,1620599515,18:31:55,20210509
25,2014-09-30,VIKASPROP.NS,INR,2014-09-30,2014-09-30,Q3,649857000.0,605984000.0,43873000.0,0.06751177566756994,0.0,0.0,0.0,0.0,42853000.0,648837000.0,0.0,33820000.0,34840000.0,0.05361179459481086,1020000.0,0.0015695760759674821,0.0,814000.0,0.0012525832606250298,-256000.0,1070000.0,0.0016465160796913783,0.006,0.006,178333333,178333333,https://www.nseindia.com/companies-listing/corporate-filings-annual-reports,https://www.nseindia.com/companies-listing/corporate-filings-annual-reports,1620599515,18:31:55,20210509
26,2014-06-30,VIKASPROP.NS,INR,2014-06-30,2014-06-30,Q2,771182000.0,724418000.0,46764000.0,0.06063938214325542,0.0,0.0,0.0,0.0,43690000.0,768108000.0,0.0,33820000.0,36894000.0,0.047840846907733846,3074000.0,0.003986088886929415,0.0,2566000.0,0.003327359819082914,1554000.0,1012000.0,0.0013122712926390916,0.006,0.006,168666667,168666667,https://www.nseindia.com/companies-listing/corporate-filings-annual-reports,https://www.nseindia.com/companies-listing/corporate-filings-annual-reports,1620599515,18:31:55,20210509
27,2014-03-31,VIKASPROP.NS,INR,2014-03-31,2014-03-31,Q1,525718907.0,509873617.0,15845290.0,0.030140232335223963,0.0,0.0,0.0,0.0,34998443.0,544872060.0,0.0,38666116.0,19512963.0,0.0371167229106333,-19153153.0,-0.036432307731325324,0.0,-3434837.0,-0.006533599903417588,-8561183.0,5126345.0,0.009751114011199144,0.009717268505354943,0.009717268505354943,527550000,527550000,https://www.nseindia.com/companies-listing/corporate-filings-annual-reports,https://www.nseindia.com/companies-listing/corporate-filings-annual-reports,1620599515,18:31:55,20210509
28,2013-12-31,VIKASPROP.NS,INR,2013-12-31,2013-12-31,Q4,473224000.0,420542000.0,52682000.0,0.11132571467212145,0.0,0.0,0.0,0.0,45207000.0,465749000.0,0.0,33810000.0,41285000.0,0.08724198265514851,7475000.0,0.015795902152046386,0.0,7193000.0,0.015199989856811995,4598000.0,2595000.0,0.005483661014656907,0.014,0.014,181175000,181175000,https://www.nseindia.com/companies-listing/corporate-filings-annual-reports,https://www.nseindia.com/companies-listing/corporate-filings-annual-reports,1620599515,18:31:55,20210509
29,2013-09-30,VIKASPROP.NS,INR,2013-09-30,2013-09-30,Q3,199859000.0,169214000.0,30645000.0,0.15333309983538396,0.0,0.0,0.0,0.0,32055000.0,201269000.0,0.0,33811000.0,32401000.0,0.16211929410234216,-1410000.0,-0.007054973756498331,0.0,-2114000.0,-0.010577457107260619,2737000.0,-4851000.0,-0.024272111838846387,-0.027,-0.027,181175000,181175000,https://www.nseindia.com/companies-listing/corporate-filings-annual-reports,https://www.nseindia.com/companies-listing/corporate-filings-annual-reports,1620599515,18:31:55,20210509
30,2013-06-30,VIKASPROP.NS,INR,2013-06-30,2013-06-30,Q2,205158000.0,153875000.0,51283000.0,0.24996831710194095,0.0,0.0,0.0,0.0,39187000.0,193062000.0,0.0,33810000.0,45906000.0,0.22375924896908725,12096000.0,0.05895943614190039,0.0,6585000.0,0.0320972128798292,3014000.0,3571000.0,0.017406096764444965,0.02,0.02,181175000,181175000,https://www.nseindia.com/companies-listing/corporate-filings-annual-reports,https://www.nseindia.com/companies-listing/corporate-filings-annual-reports,1620599515,18:31:55,20210509
31,2013-03-31,VIKASPROP.NS,INR,2013-03-31,2013-03-31,Q1,232981817.0,237878363.0,-4896546.0,-0.021016859010933028,0.0,0.0,0.0,0.0,-18796457.0,219081906.0,0.0,33840867.0,47740778.0,0.20491203397216187,13899911.0,0.05966092624301235,0.0,12824483.0,0.0550449952066431,1300290.0,11524193.0,0.0494639158900542,0.021844740782864185,0.021844740782864185,527550000,527550000,https://www.nseindia.com/companies-listing/corporate-filings-annual-reports,https://www.nseindia.com/companies-listing/corporate-filings-annual-reports,1620599515,18:31:55,20210509
32,2012-12-31,VIKASPROP.NS,INR,2012-12-31,2012-12-31,Q4,317484000.0,229682000.0,87802000.0,0.27655566894709654,0.0,0.0,0.0,0.0,49151000.0,278833000.0,0.0,33748000.0,72399000.0,0.2280398382280682,38651000.0,0.12174156807902131,0.0,34034000.0,0.10719910294692016,11043000.0,22991000.0,0.07241624774791801,0.127,0.127,181175000,181175000,https://www.nseindia.com/companies-listing/corporate-filings-annual-reports,https://www.nseindia.com/companies-listing/corporate-filings-annual-reports,1620599515,18:31:55,20210509
33,2012-09-30,VIKASPROP.NS,INR,2012-09-30,2012-09-30,Q3,471048000.0,345205000.0,125843000.0,0.26715536420916763,0.0,0.0,0.0,0.0,59732000.0,404937000.0,0.0,33747000.0,99858000.0,0.21199113466143577,66111000.0,0.14034875426708107,0.0,56716000.0,0.12040386542348126,14334000.0,42382000.0,0.08997384555289482,0.234,0.234,181175000,181175000,https://www.nseindia.com/companies-listing/corporate-filings-annual-reports,https://www.nseindia.com/companies-listing/corporate-filings-annual-reports,1620599515,18:31:55,20210509
34,2012-06-30,VIKASPROP.NS,INR,2012-06-30,2012-06-30,Q2,1164336000.0,1052764000.0,111572000.0,0.09582457297549848,0.0,0.0,0.0,0.0,56537000.0,1109301000.0,0.0,33748000.0,88783000.0,0.0762520440834948,55035000.0,0.047267283670692994,0.0,46957000.0,0.04032942380893488,32516000.0,14441000.0,0.01240277720520537,0.08,0.08,181175000,181175000,https://www.nseindia.com/companies-listing/corporate-filings-annual-reports,https://www.nseindia.com/companies-listing/corporate-filings-annual-reports,1620599515,18:31:55,20210509
35,2011-12-31,VIKASPROP.NS,INR,2011-12-31,2011-12-31,Q4,239871000.0,181080000.0,58791000.0,0.24509423815300724,0.0,0.0,0.0,0.0,31954000.0,213034000.0,0.0,17950000.0,44787000.0,0.18671285816126168,26837000.0,0.1118809693543613,0.0,15203000.0,0.06337990002959924,4933000.0,10270000.0,0.04281467955692852,0.057,0.057,181175000,181175000,https://www.nseindia.com/companies-listing/corporate-filings-annual-reports,https://www.nseindia.com/companies-listing/corporate-filings-annual-reports,1620599515,18:31:55,20210509
