,date,symbol,reportedCurrency,fillingDate,acceptedDate,period,revenue,costOfRevenue,grossProfit,grossProfitRatio,researchAndDevelopmentExpenses,generalAndAdministrativeExpenses,sellingAndMarketingExpenses,otherExpenses,operatingExpenses,costAndExpenses,interestExpense,depreciationAndAmortization,ebitda,ebitdaratio,operatingIncome,operatingIncomeRatio,totalOtherIncomeExpensesNet,incomeBeforeTax,incomeBeforeTaxRatio,incomeTaxExpense,netIncome,netIncomeRatio,eps,epsdiluted,weightedAverageShsOut,weightedAverageShsOutDil,link,finalLink,timestamp,est_time,est_date
0,2021-03-31,GLW,USD,2021-04-30,2021-04-30,Q1,3290000000,2134000000,1156000000,0.3513677811550152,222000000.0,0.0,0.0,117000000.0,654000000.0,2788000000.0,77000000.0,362000000.0,864000000.0,0.26261398176291795,502000000.0,0.2507598784194529,397000000.0,825000000,0.2507598784194529,226000000.0,599000000,0.18206686930091184,0.75,0.67,766000000,898000000,https://www.sec.gov/Archives/edgar/data/24741/000143774921010366/0001437749-21-010366-index.htm,https://www.sec.gov/Archives/edgar/data/24741/000143774921010366/glw20210331_10q.htm,1620592627,16:37:07,20210509
1,2020-12-31,GLW,USD,2021-02-12,2021-02-12 17:24:24,Q4,3350000000,2137000000,1213000000,0.36208955223880596,232000000.0,471000000.0,0.0,11000000.0,737000000.0,2874000000.0,75000000.0,392000000.0,868000000.0,0.2591044776119403,476000000.0,0.14208955223880598,-74000000.0,330000000,0.09850746268656717,78000000.0,252000000,0.07522388059701493,0.3,0.28,763000000,894000000,https://www.sec.gov/Archives/edgar/data/24741/000156276221000023/0001562762-21-000023-index.htm,https://www.sec.gov/Archives/edgar/data/24741/000156276221000023/glw-20201231x10k.htm,1620592627,16:37:07,20210509
2,2020-09-30,GLW,USD,2020-10-29,2020-10-29 17:06:45,Q3,3001000000,2000000000,1001000000,0.3335554815061646,231000000.0,480000000.0,0.0,-62000000.0,744000000.0,2744000000.0,70000000.0,394000000.0,651000000.0,0.21692769076974341,257000000.0,0.08563812062645784,260000000.0,450000000,0.14995001666111296,23000000.0,427000000,0.14228590469843386,0.53,0.48,760000000,889000000,https://www.sec.gov/Archives/edgar/data/24741/000002474120000065/0000024741-20-000065-index.htm,https://www.sec.gov/Archives/edgar/data/24741/000002474120000065/glw-20200930x10q.htm,1620592627,16:37:07,20210509
3,2020-06-30,GLW,USD,2020-07-30,2020-07-30 18:59:45,Q2,2561000000,1805000000,756000000,0.2951971885982038,430000000.0,401000000.0,0.0,2000000.0,859000000.0,2664000000.0,67000000.0,352000000.0,249000000.0,0.0972276454509957,-103000000.0,-0.040218664584146815,118000000.0,-49000000,-0.019133151112846546,22000000.0,-71000000,-0.027723545490042953,-0.13,-0.13,759000000,759000000,https://www.sec.gov/Archives/edgar/data/24741/000002474120000055/0000024741-20-000055-index.htm,https://www.sec.gov/Archives/edgar/data/24741/000002474120000055/glw-20200630x10q.htm,1620592627,16:37:07,20210509
4,2020-03-31,GLW,USD,2020-05-05 00:00:00,2020-05-05 16:42:29,Q1,2391000000,1830000000,561000000,0.23462986198243413,261000000.0,395000000.0,0.0,-11000000.0,682000000.0,2512000000.0,64000000.0,382000000.0,261000000.0,0.10915934755332497,-121000000.0,-0.050606440819740695,71000000.0,-108000000,-0.0451693851944793,-12000000.0,-96000000,-0.04015056461731493,-0.16,-0.16,760000000,760000000,https://www.sec.gov/Archives/edgar/data/24741/000002474120000029/0000024741-20-000029-index.html,https://www.sec.gov/Archives/edgar/data/24741/000002474120000029/glw-20200331x10q.htm,1620592627,16:37:07,20210509
5,2019-12-31,GLW,USD,2020-02-18 00:00:00,2020-02-14 17:54:02,Q4,2817000000,1963000000,854000000,0.3031593894213703,278000000.0,401000000.0,0.0,-96000000.0,707000000.0,2670000000.0,60000000.0,392000000.0,539000000.0,0.19133830315938943,147000000.0,0.05218317358892439,-75000000.0,17000000,0.006034788782392616,-15000000.0,32000000,0.011359602413915513,0.041884816753926704,0.03611738148984198,764000000,886000000,https://www.sec.gov/Archives/edgar/data/24741/000002474120000014/0000024741-20-000014-index.html,https://www.sec.gov/Archives/edgar/data/24741/000002474120000014/glw-20191231x10k.htm,1620592627,16:37:07,20210509
6,2019-09-30,GLW,USD,2019-10-30 00:00:00,2019-10-30 07:53:36,Q3,2934000000,1917000000,1017000000,0.34662576687116564,255000000.0,369000000.0,0.0,-15000000.0,652000000.0,2569000000.0,55000000.0,396000000.0,761000000.0,0.25937286980231766,365000000.0,0.12440354464894342,94000000.0,408000000,0.1390593047034765,71000000.0,337000000,0.11486025903203817,0.4,0.38,775000000,897000000,https://www.sec.gov/Archives/edgar/data/24741/000002474119000061/0000024741-19-000061-index.html,https://www.sec.gov/Archives/edgar/data/24741/000002474119000061/glw-20190930x10q.htm,1620592627,16:37:07,20210509
7,2019-06-30,GLW,USD,2019-07-31,2019-07-31 15:01:51,Q2,2940000000,1875000000,1065000000,0.3622448979591837,249000000.0,414000000.0,0.0,-35000000.0,691000000.0,2566000000.0,54000000.0,380000000.0,754000000.0,0.2564625850340136,374000000.0,0.1272108843537415,-109000000.0,216000000,0.07346938775510205,124000000.0,92000000,0.031292517006802724,0.117797695262484,0.11660329531051965,781000000,789000000,https://www.sec.gov/Archives/edgar/data/24741/000002474119000052/glw-20190630x10q.htm,https://www.sec.gov/Archives/edgar/data/24741/000002474119000052/glw-20190630x10q.htm,1620592627,16:37:07,20210509
8,2019-03-31,GLW,USD,2019-05-03 00:00:00,2019-05-03 12:36:20,Q1,2812000000,1713000000,1099000000,0.39082503556187764,249000000.0,401000000.0,0.0,-9000000.0,679000000.0,2392000000.0,52000000.0,335000000.0,755000000.0,0.26849217638691325,420000000.0,0.14935988620199148,200000000.0,575000000,0.20448079658605975,76000000.0,499000000,0.17745376955903272,0.61,0.55,784000000,908000000,https://www.sec.gov/Archives/edgar/data/24741/000002474119000026/0000024741-19-000026-index.html,https://www.sec.gov/Archives/edgar/data/24741/000002474119000026/glw-20190331x10q.htm,1620592627,16:37:07,20210509
9,2018-12-31,GLW,USD,2019-02-12 00:00:00,2019-02-12 13:00:22,Q4,3035000000,1833000000,1202000000,0.3960461285008237,265000000.0,447000000.0,0.0,-205000000.0,738000000.0,2571000000.0,51000000.0,330000000.0,794000000.0,0.2616144975288303,464000000.0,0.1528830313014827,-76000000.0,346000000,0.11400329489291598,54000000.0,292000000,0.09621087314662273,0.34,0.32,795000000,919000000,https://www.sec.gov/Archives/edgar/data/24741/000002474119000016/0000024741-19-000016-index.html,https://www.sec.gov/Archives/edgar/data/24741/000002474119000016/glw-20181231x10k.htm,1620592627,16:37:07,20210509
10,2018-09-30,GLW,USD,2018-10-24 00:00:00,2018-10-24 16:05:32,Q3,3008000000,1776000000,1232000000,0.4095744680851064,244000000.0,439000000.0,0.0,12000000.0,710000000.0,2486000000.0,45000000.0,318000000.0,840000000.0,0.27925531914893614,522000000.0,0.1735372340425532,274000000.0,758000000,0.25199468085106386,133000000.0,625000000,0.20777925531914893,0.75,0.67,805000000,930000000,https://www.sec.gov/Archives/edgar/data/24741/000002474118000053/0000024741-18-000053-index.html,https://www.sec.gov/Archives/edgar/data/24741/000002474118000053/glw-20180930x10q.htm,1620592627,16:37:07,20210509
11,2018-06-30,GLW,USD,2018-07-27 00:00:00,2018-07-27 11:26:47,Q2,2747000000,1675000000,1072000000,0.3902439024390244,243000000.0,412000000.0,0.0,14000000.0,677000000.0,2352000000.0,43000000.0,322000000.0,717000000.0,0.26101201310520566,395000000.0,0.1437932289770659,503000000.0,864000000,0.3145249362941391,126000000.0,738000000,0.26865671641791045,0.87,0.78,819000000,943000000,https://www.sec.gov/Archives/edgar/data/24741/000002474118000045/0000024741-18-000045-index.html,https://www.sec.gov/Archives/edgar/data/24741/000002474118000045/glw-20180630x10q.htm,1620592627,16:37:07,20210509
12,2018-03-31,GLW,USD,2018-04-26 00:00:00,2018-04-26 16:59:41,Q1,2500000000,1545000000,955000000,0.382,241000000.0,501000000.0,0.0,-37000000.0,761000000.0,2306000000.0,52000000.0,323000000.0,517000000.0,0.2068,194000000.0,0.0776,-620000000.0,-465000000,-0.186,124000000.0,-589000000,-0.2356,-0.72,-0.72,848000000,848000000,https://www.sec.gov/Archives/edgar/data/24741/000002474118000018/0000024741-18-000018-index.html,https://www.sec.gov/Archives/edgar/data/24741/000002474118000018/glw-20180331x10q.htm,1620592627,16:37:07,20210509
13,2017-12-31,GLW,USD,2018-02-15 00:00:00,2018-02-15 07:34:29,Q4,2637000000,1603000000,1034000000,0.39211224876753886,240000000.0,400000000.0,0.0,-60000000.0,662000000.0,2265000000.0,43000000.0,306000000.0,678000000.0,0.2571103526734926,372000000.0,0.1410693970420933,225000000.0,566000000,0.21463784603716343,1978000000.0,-1412000000,-0.5354569586651498,-1.66,-1.66,863000000,863000000,https://www.sec.gov/Archives/edgar/data/24741/000002474118000010/0000024741-18-000010-index.html,https://www.sec.gov/Archives/edgar/data/24741/000002474118000010/glw-20171231x10k.htm,1620592627,16:37:07,20210509
14,2017-09-30,GLW,USD,2017-10-26 00:00:00,2017-10-26 13:17:36,Q3,2607000000,1551000000,1056000000,0.4050632911392405,213000000.0,372000000.0,0.0,-4000000.0,603000000.0,2154000000.0,37000000.0,294000000.0,747000000.0,0.286536248561565,453000000.0,0.17376294591484465,53000000.0,479000000,0.1837360951285002,89000000.0,390000000,0.14959723820483314,0.41,0.39,883000000,1009000000,https://www.sec.gov/Archives/edgar/data/24741/000002474117000060/0000024741-17-000060-index.html,https://www.sec.gov/Archives/edgar/data/24741/000002474117000060/glw-20170930x10q.htm,1620592627,16:37:07,20210509
15,2017-06-30,GLW,USD,2017-07-26 00:00:00,2017-07-26 16:11:07,Q2,2497000000,1512000000,985000000,0.39447336804165,207000000.0,379000000.0,0.0,-18000000.0,604000000.0,2116000000.0,38000000.0,281000000.0,662000000.0,0.26511814177012416,381000000.0,0.1525830997196636,238000000.0,592000000,0.23708450140168202,153000000.0,439000000,0.17581097316780137,0.46,0.42,908000000,1034000000,https://www.sec.gov/Archives/edgar/data/24741/000002474117000050/0000024741-17-000050-index.html,https://www.sec.gov/Archives/edgar/data/24741/000002474117000050/glw-20170630x10q.htm,1620592627,16:37:07,20210509
16,2017-03-31,GLW,USD,2017-04-25 00:00:00,2017-04-25 16:21:09,Q1,2375000000,1418000000,957000000,0.4029473684210526,200000000.0,316000000.0,0.0,-21000000.0,533000000.0,1951000000.0,37000000.0,277000000.0,701000000.0,0.2951578947368421,424000000.0,0.17852631578947367,-379000000.0,20000000,0.008421052631578947,-66000000.0,86000000,0.03621052631578947,0.09297297297297297,0.09188034188034189,925000000,936000000,https://www.sec.gov/Archives/edgar/data/24741/000002474117000026/0000024741-17-000026-index.html,https://www.sec.gov/Archives/edgar/data/24741/000002474117000026/glw-20170331x10q.htm,1620592627,16:37:07,20210509
17,2016-12-31,GLW,USD,2017-02-06 00:00:00,2017-02-06 16:27:25,Q4,2476000000,1486000000,990000000,0.3998384491114701,173000000.0,368000000.0,0.0,-14000000.0,559000000.0,2045000000.0,37000000.0,305000000.0,736000000.0,0.2972536348949919,431000000.0,0.17407108239095315,1999000000.0,2404000000,0.9709208400646203,832000000.0,1572000000,0.6348949919224556,1.64,1.47,942000000,1067000000,https://www.sec.gov/Archives/edgar/data/24741/000002474117000011/0000024741-17-000011-index.html,https://www.sec.gov/Archives/edgar/data/24741/000002474117000011/q4201610k.htm,1620592627,16:37:07,20210509
18,2016-09-30,GLW,USD,2016-10-27 00:00:00,2016-10-27 10:02:21,Q3,2507000000,1466000000,1041000000,0.41523733546071,187000000.0,302000000.0,0.0,-28000000.0,506000000.0,1972000000.0,41000000.0,300000000.0,835000000.0,0.3330674112485042,535000000.0,0.2134024730753889,-246000000.0,257000000,0.10251296370163542,-27000000.0,284000000,0.11328280813721579,0.27,0.26,978000000,1102000000,https://www.sec.gov/Archives/edgar/data/24741/000002474116000118/0000024741-16-000118-index.html,https://www.sec.gov/Archives/edgar/data/24741/000002474116000118/q3201610q.htm,1620592627,16:37:07,20210509
19,2016-06-30,GLW,USD,2016-07-27,2016-07-27 11:35:01,Q2,2360000000,1409000000,951000000,0.40296610169491526,192000000.0,499000000.0,0.0,-26000000.0,706000000.0,2115000000.0,40000000.0,295000000.0,540000000.0,0.2288135593220339,245000000.0,0.1038135593220339,1492000000.0,1703000000,0.7216101694915255,-504000000.0,2207000000,0.9351694915254237,2.06,1.87,1059000000,1182000000,https://www.sec.gov/Archives/edgar/data/24741/000002474116000105/q2201610q.htm,https://www.sec.gov/Archives/edgar/data/24741/000002474116000105/q2201610q.htm,1620592627,16:37:07,20210509
20,2016-03-31,GLW,USD,2016-04-29 00:00:00,2016-04-29 10:51:00,Q1,2047000000,1283000000,764000000,0.37322911577918905,190000000.0,303000000.0,0.0,21000000.0,507000000.0,1790000000.0,41000000.0,295000000.0,552000000.0,0.2696629213483146,257000000.0,0.1255495847581827,-894000000.0,-672000000,-0.32828529555446995,-304000000.0,-368000000,-0.1797752808988764,-0.36,-0.36,1103000000,1103000000,https://www.sec.gov/Archives/edgar/data/24741/000002474116000086/0000024741-16-000086-index.html,https://www.sec.gov/Archives/edgar/data/24741/000002474116000086/q1201610q.htm,1620592627,16:37:07,20210509
21,2015-12-31,GLW,USD,2016-02-12 00:00:00,2016-02-12 15:31:03,Q4,2231000000,1374000000,857000000,0.3841326759300762,208000000.0,563000000.0,0.0,-21000000.0,785000000.0,2159000000.0,39000000.0,302000000.0,374000000.0,0.16763783056925147,72000000.0,0.03227252353204841,131000000.0,169000000,0.07575078440161363,-55000000.0,224000000,0.1004034065441506,0.19546247818499127,0.19410745233968804,1146000000,1154000000,https://www.sec.gov/Archives/edgar/data/24741/000002474116000077/0000024741-16-000077-index.html,https://www.sec.gov/Archives/edgar/data/24741/000002474116000077/form10k2015.htm,1620592627,16:37:07,20210509
22,2015-09-30,GLW,USD,2015-10-27 00:00:00,2015-10-27 16:28:18,Q3,2272000000,1380000000,892000000,0.3926056338028169,181000000.0,307000000.0,0.0,-27000000.0,500000000.0,1880000000.0,38000000.0,292000000.0,684000000.0,0.301056338028169,392000000.0,0.17253521126760563,-142000000.0,218000000,0.09595070422535211,6000000.0,212000000,0.09330985915492958,0.16,0.15,1210000000,1218000000,https://www.sec.gov/Archives/edgar/data/24741/000002474115000058/0000024741-15-000058-index.html,https://www.sec.gov/Archives/edgar/data/24741/000002474115000058/q3201510q.htm,1620592627,16:37:07,20210509
23,2015-06-30,GLW,USD,2015-07-30 00:00:00,2015-07-30 10:29:21,Q2,2343000000,1368000000,975000000,0.41613316261203587,191000000.0,337000000.0,0.0,-23000000.0,544000000.0,1912000000.0,33000000.0,299000000.0,730000000.0,0.31156636790439607,431000000.0,0.18395219803670507,203000000.0,606000000,0.2586427656850192,110000000.0,496000000,0.21169440887750746,0.38,0.36,1246000000,1371000000,https://www.sec.gov/Archives/edgar/data/24741/000002474115000045/0000024741-15-000045-index.html,https://www.sec.gov/Archives/edgar/data/24741/000002474115000045/q2201510q.htm,1620592627,16:37:07,20210509
24,2015-03-31,GLW,USD,2015-05-01 00:00:00,2015-05-01 09:00:06,Q1,2265000000,1336000000,929000000,0.4101545253863135,189000000.0,316000000.0,0.0,-21000000.0,517000000.0,1853000000.0,30000000.0,291000000.0,703000000.0,0.31037527593818987,412000000.0,0.18189845474613686,106000000.0,493000000,0.21766004415011037,86000000.0,407000000,0.17969094922737308,0.3,0.29,1266000000,1394000000,https://www.sec.gov/Archives/edgar/data/24741/000002474115000026/0000024741-15-000026-index.html,https://www.sec.gov/Archives/edgar/data/24741/000002474115000026/q1201510q.htm,1620592627,16:37:07,20210509
25,2014-12-31,GLW,USD,2015-02-13,2015-02-13 10:22:33,Q4,2404000000,1408000000,996000000,0.41430948419301167,210000000.0,242000000.0,0.0,46000000.0,460000000.0,1868000000.0,32000000.0,298000000.0,834000000.0,0.3469217970049917,536000000.0,0.22296173044925124,828000000.0,1337000000,0.5561564059900166,349000000.0,988000000,0.41098169717138106,0.76,0.7,1276000000,1402000000,https://www.sec.gov/Archives/edgar/data/24741/000002474115000015/form10k2014.htm,https://www.sec.gov/Archives/edgar/data/24741/000002474115000015/form10k2014.htm,1620592627,16:37:07,20210509
26,2014-09-30,GLW,USD,2014-10-29 00:00:00,2014-10-29 11:53:26,Q3,2540000000,1451000000,1089000000,0.42874015748031497,199000000.0,256000000.0,0.0,-24000000.0,464000000.0,1915000000.0,31000000.0,303000000.0,928000000.0,0.3653543307086614,625000000.0,0.24606299212598426,810000000.0,1409000000,0.5547244094488188,395000000.0,1014000000,0.39921259842519685,0.77,0.72,1284000000,1411000000,https://www.sec.gov/Archives/edgar/data/24741/000002474114000054/0000024741-14-000054-index.html,https://www.sec.gov/Archives/edgar/data/24741/000002474114000054/q3201410q.htm,1620592627,16:37:07,20210509
27,2014-06-30,GLW,USD,2014-07-31 00:00:00,2014-07-31 16:02:34,Q2,2482000000,1450000000,1032000000,0.41579371474617244,208000000.0,318000000.0,0.0,-155000000.0,534000000.0,1984000000.0,30000000.0,302000000.0,800000000.0,0.32232070910556004,498000000.0,0.20064464141821112,-131000000.0,341000000,0.13738920225624496,172000000.0,169000000,0.06809024979854955,0.12980030721966207,0.1285171102661597,1302000000,1315000000,https://www.sec.gov/Archives/edgar/data/24741/000002474114000042/0000024741-14-000042-index.html,https://www.sec.gov/Archives/edgar/data/24741/000002474114000042/q22014form10q.htm,1620592627,16:37:07,20210509
28,2014-03-31,GLW,USD,2014-04-28 00:00:00,2014-04-28 16:52:21,Q1,2289000000,1354000000,935000000,0.40847531673219745,198000000.0,395000000.0,0.0,27000000.0,607000000.0,1961000000.0,30000000.0,297000000.0,625000000.0,0.27304499781564,328000000.0,0.14329401485364787,171000000.0,481000000,0.21013543031891654,180000000.0,301000000,0.13149847094801223,0.21,0.2,1359000000,1370000000,https://www.sec.gov/Archives/edgar/data/24741/000002474114000022/0000024741-14-000022-index.html,https://www.sec.gov/Archives/edgar/data/24741/000002474114000022/q12014form10q.htm,1620592627,16:37:07,20210509
29,2013-12-31,GLW,USD,2014-02-10,2014-02-10 12:09:06,Q4,1956000000,1186000000,770000000,0.3936605316973415,169000000.0,336000000.0,0.0,18000000.0,500000000.0,1686000000.0,28000000.0,249000000.0,519000000.0,0.26533742331288346,270000000.0,0.13803680981595093,322000000.0,567000000,0.2898773006134969,146000000.0,421000000,0.21523517382413088,0.29773691654879775,0.29564606741573035,1414000000,1424000000,https://www.sec.gov/Archives/edgar/data/24741/000130817914000032/lglw2013_10k.htm,https://www.sec.gov/Archives/edgar/data/24741/000130817914000032/lglw2013_10k.htm,1620592627,16:37:07,20210509
30,2013-09-30,GLW,USD,2013-10-30 00:00:00,2013-10-30 16:03:34,Q3,2067000000,1166000000,901000000,0.4358974358974359,184000000.0,265000000.0,0.0,18000000.0,443000000.0,1609000000.0,28000000.0,248000000.0,706000000.0,0.3415578132559265,458000000.0,0.2215771649733914,118000000.0,549000000,0.2656023222060958,141000000.0,408000000,0.19738751814223512,0.28060522696011003,0.278879015721121,1454000000,1463000000,https://www.sec.gov/Archives/edgar/data/24741/000002474113000061/0000024741-13-000061-index.html,https://www.sec.gov/Archives/edgar/data/24741/000002474113000061/q32013form10q.htm,1620592627,16:37:07,20210509
31,2013-06-30,GLW,USD,2013-07-31 00:00:00,2013-07-31 08:02:17,Q2,1982000000,1099000000,883000000,0.4455095862764884,179000000.0,266000000.0,0.0,265000000.0,439000000.0,1538000000.0,28000000.0,250000000.0,694000000.0,0.3501513622603431,444000000.0,0.22401614530776992,411000000.0,829000000,0.4182643794147326,191000000.0,638000000,0.3218970736629667,0.4343090537780803,0.4316644113667118,1469000000,1478000000,https://www.sec.gov/Archives/edgar/data/24741/000002474113000048/0000024741-13-000048-index.html,https://www.sec.gov/Archives/edgar/data/24741/000002474113000048/q22013form10q.htm,1620592627,16:37:07,20210509
32,2013-03-31,GLW,USD,2013-04-26 00:00:00,2013-04-26 16:03:53,Q1,1814000000,1044000000,770000000,0.4244762954796031,178000000.0,259000000.0,0.0,19000000.0,429000000.0,1473000000.0,36000000.0,255000000.0,596000000.0,0.32855567805953695,341000000.0,0.18798235942668137,221000000.0,528000000,0.29106945975744214,34000000.0,494000000,0.2723263506063947,0.33559782608695654,0.33355840648210666,1472000000,1481000000,https://www.sec.gov/Archives/edgar/data/24741/000002474113000027/0000024741-13-000027-index.html,https://www.sec.gov/Archives/edgar/data/24741/000002474113000027/form10qq12013.htm,1620592627,16:37:07,20210509
33,2012-12-31,GLW,USD,2013-02-13 00:00:00,2013-02-13 16:06:18,Q4,2146000000,1239000000,907000000,0.42264678471575023,185000000.0,301000000.0,0.0,41000000.0,409000000.0,1648000000.0,34000000.0,267000000.0,765000000.0,0.35647716682199443,498000000.0,0.2320596458527493,-87000000.0,381000000,0.17753960857409135,98000000.0,283000000,0.13187325256290774,0.19238613188307274,0.19108710330857528,1471000000,1481000000,https://www.sec.gov/Archives/edgar/data/24741/000130817913000024/0001308179-13-000024-index.html,https://www.sec.gov/Archives/edgar/data/24741/000130817913000024/lcorningincorporated_10k.htm,1620592627,16:37:07,20210509
34,2012-09-30,GLW,USD,2012-10-25 00:00:00,2012-10-25 16:03:44,Q3,2038000000,1159000000,879000000,0.4313052011776251,185000000.0,294000000.0,0.0,0.0,483000000.0,1642000000.0,33000000.0,248000000.0,644000000.0,0.31599607458292445,396000000.0,0.1943081452404318,242000000.0,608000000,0.2983316977428852,87000000.0,521000000,0.25564278704612364,0.35131490222521916,0.34872824631860777,1483000000,1494000000,https://www.sec.gov/Archives/edgar/data/24741/000002474112000059/0000024741-12-000059-index.html,https://www.sec.gov/Archives/edgar/data/24741/000002474112000059/form10qq32012.htm,1620592627,16:37:07,20210509
35,2012-06-30,GLW,USD,2012-07-27 00:00:00,2012-07-27 16:02:15,Q2,1908000000,1111000000,797000000,0.41771488469601675,188000000.0,291000000.0,0.0,0.0,483000000.0,1594000000.0,24000000.0,242000000.0,556000000.0,0.2914046121593291,314000000.0,0.16457023060796647,262000000.0,555000000,0.2908805031446541,93000000.0,462000000,0.24213836477987422,0.31,0.3,1506000000,1518000000,https://www.sec.gov/Archives/edgar/data/24741/000002474112000047/0000024741-12-000047-index.html,https://www.sec.gov/Archives/edgar/data/24741/000002474112000047/q2form10q.htm,1620592627,16:37:07,20210509
36,2012-03-31,GLW,USD,2012-04-27,2012-04-27 16:03:08,Q1,1920000000,1106000000,814000000,0.4239583333333333,187000000.0,279000000.0,0.0,0.0,471000000.0,1577000000.0,20000000.0,240000000.0,583000000.0,0.30364583333333334,343000000.0,0.17864583333333334,246000000.0,573000000,0.2984375,111000000.0,462000000,0.240625,0.2952076677316294,0.2907488986784141,1565000000,1589000000,https://www.sec.gov/Archives/edgar/data/24741/000119312512056163/d262610d10k.htm,https://www.sec.gov/Archives/edgar/data/24741/000119312512056163/d262610d10k.htm,1620592627,16:37:07,20210509
37,2011-12-31,GLW,USD,2012-02-13 00:00:00,2012-02-13 16:08:03,Q4,1887000000,1062000000,825000000,0.43720190779014306,177000000.0,283000000.0,0.0,0.0,464000000.0,1526000000.0,17000000.0,247000000.0,608000000.0,0.32220455749867516,361000000.0,0.19130895601483835,204000000.0,552000000,0.29252782193958665,61000000.0,491000000,0.26020137784843667,0.32,0.31,1546000000,1564000000,https://www.sec.gov/Archives/edgar/data/24741/000119312512056163/0001193125-12-056163-index.html,https://www.sec.gov/Archives/edgar/data/24741/000119312512056163/d262610d10k.htm,1620592627,16:37:07,20210509
38,2011-09-30,GLW,USD,2011-10-27 00:00:00,2011-10-27 16:02:15,Q3,2075000000,1097000000,978000000,0.4713253012048193,166000000.0,216000000.0,0.0,0.0,386000000.0,1483000000.0,23000000.0,245000000.0,837000000.0,0.4033734939759036,592000000.0,0.2853012048192771,346000000.0,921000000,0.44385542168674696,110000000.0,811000000,0.3908433734939759,0.52,0.51,1569000000,1588000000,https://www.sec.gov/Archives/edgar/data/24741/000002474111000055/0000024741-11-000055-index.html,https://www.sec.gov/Archives/edgar/data/24741/000002474111000055/q310q2011.htm,1620592627,16:37:07,20210509
39,2011-06-30,GLW,USD,2011-07-29 00:00:00,2011-07-29 16:11:55,Q2,2005000000,1116000000,889000000,0.4433915211970075,172000000.0,284000000.0,0.0,0.0,460000000.0,1576000000.0,22000000.0,236000000.0,665000000.0,0.3316708229426434,429000000.0,0.2139650872817955,466000000.0,878000000,0.4379052369077307,123000000.0,755000000,0.3765586034912718,0.48,0.47,1568000000,1591000000,https://www.sec.gov/Archives/edgar/data/24741/000002474111000044/0000024741-11-000044-index.html,https://www.sec.gov/Archives/edgar/data/24741/000002474111000044/q22011form10q.htm,1620592627,16:37:07,20210509
40,2011-03-31,GLW,USD,2011-04-29 00:00:00,2011-04-29 16:02:35,Q1,1923000000,1049000000,874000000,0.4544981799271971,156000000.0,250000000.0,0.0,0.0,409000000.0,1458000000.0,27000000.0,229000000.0,694000000.0,0.3608944357774311,465000000.0,0.24180967238689546,420000000.0,862000000,0.44825793031721267,114000000.0,748000000,0.3889755590223609,0.48,0.47,1565000000,1589000000,https://www.sec.gov/Archives/edgar/data/24741/000002474111000020/0000024741-11-000020-index.html,https://www.sec.gov/Archives/edgar/data/24741/000002474111000020/q12011form10q.htm,1620592627,16:37:07,20210509
41,2010-12-31,GLW,USD,2011-02-10,2011-02-10 16:06:53,Q4,1765000000,998000000,767000000,0.4345609065155807,166000000.0,284000000.0,0.0,0.0,452000000.0,1450000000.0,28000000.0,224000000.0,539000000.0,0.3053824362606232,315000000.0,0.17847025495750707,899000000.0,1189000000,0.6736543909348441,145000000.0,1044000000,0.591501416430595,0.6670926517571885,0.6670926517571885,1565000000,1565000000,https://www.sec.gov/Archives/edgar/data/24741/000119312511030621/d10k.htm,https://www.sec.gov/Archives/edgar/data/24741/000119312511030621/d10k.htm,1620592627,16:37:07,20210509
42,2010-09-30,GLW,USD,2010-11-01 00:00:00,2010-11-01 16:02:29,Q3,1602000000,878000000,724000000,0.4519350811485643,148000000.0,250000000.0,0.0,0.0,400000000.0,1278000000.0,29000000.0,214000000.0,538000000.0,0.3358302122347066,324000000.0,0.20224719101123595,501000000.0,799000000,0.49875156054931336,14000000.0,785000000,0.49001248439450684,0.50417469492614,0.49683544303797467,1557000000,1580000000,https://www.sec.gov/Archives/edgar/data/24741/000002474110000061/0000024741-10-000061-index.html,https://www.sec.gov/Archives/edgar/data/24741/000002474110000061/q3form10q.htm,1620592627,16:37:07,20210509
43,2010-06-30,GLW,USD,2010-07-30 00:00:00,2010-07-30 16:01:40,Q2,1712000000,885000000,827000000,0.4830607476635514,144000000.0,246000000.0,0.0,0.0,392000000.0,1277000000.0,26000000.0,208000000.0,643000000.0,0.3755841121495327,435000000.0,0.254088785046729,533000000.0,944000000,0.5514018691588785,31000000.0,913000000,0.5332943925233645,0.59,0.58,1555000000,1579000000,https://www.sec.gov/Archives/edgar/data/24741/000002474110000047/0000024741-10-000047-index.html,https://www.sec.gov/Archives/edgar/data/24741/000002474110000047/q2form10q.htm,1620592627,16:37:07,20210509
44,2010-03-31,GLW,USD,2010-04-30 00:00:00,2010-04-30 16:00:53,Q1,1553000000,822000000,731000000,0.47070186735350933,145000000.0,235000000.0,0.0,0.0,330000000.0,1152000000.0,26000000.0,208000000.0,609000000.0,0.3921442369607212,401000000.0,0.25820991629104956,535000000.0,913000000,0.587894397939472,97000000.0,816000000,0.5254346426271732,0.52475884244373,0.5167827739075365,1555000000,1579000000,https://www.sec.gov/Archives/edgar/data/24741/000002474110000018/0000024741-10-000018-index.html,https://www.sec.gov/Archives/edgar/data/24741/000002474110000018/q110q2010.htm,1620592627,16:37:07,20210509
45,2009-12-31,GLW,USD,2010-02-10 00:00:00,2010-02-10 16:04:52,Q4,1532000000,883000000,649000000,0.4236292428198433,145000000.0,244000000.0,0.0,0.0,391000000.0,1274000000.0,24000000.0,198000000.0,456000000.0,0.29765013054830286,258000000.0,0.16840731070496084,467000000.0,704000000,0.4595300261096606,-36000000.0,740000000,0.4830287206266319,0.4758842443729904,0.4758842443729904,1555000000,1555000000,https://www.sec.gov/Archives/edgar/data/24741/000119312510027165/0001193125-10-027165-index.html,https://www.sec.gov/Archives/edgar/data/24741/000119312510027165/d10k.htm,1620592627,16:37:07,20210509
46,2009-09-30,GLW,USD,2009-11-02 00:00:00,2009-11-02 16:01:17,Q3,1479000000,880000000,599000000,0.4050033806626099,131000000.0,219000000.0,0.0,0.0,353000000.0,1233000000.0,24000000.0,230000000.0,476000000.0,0.3218390804597701,246000000.0,0.1663286004056795,449000000.0,675000000,0.4563894523326572,32000000.0,643000000,0.4347532116294794,0.41483870967741937,0.4098151688973869,1550000000,1569000000,https://www.sec.gov/Archives/edgar/data/24741/000002474109000043/0000024741-09-000043-index.html,https://www.sec.gov/Archives/edgar/data/24741/000002474109000043/q30910q.htm,1620592627,16:37:07,20210509
47,2009-06-30,GLW,USD,2009-07-29 00:00:00,2009-07-29 16:03:05,Q2,1395000000,820000000,575000000,0.4121863799283154,136000000.0,211000000.0,0.0,0.0,349000000.0,1169000000.0,20000000.0,186000000.0,412000000.0,0.2953405017921147,226000000.0,0.16200716845878135,396000000.0,607000000,0.4351254480286738,-4000000.0,611000000,0.43799283154121865,0.39419354838709675,0.3899170389278877,1550000000,1567000000,https://www.sec.gov/Archives/edgar/data/24741/000002474109000027/0000024741-09-000027-index.html,https://www.sec.gov/Archives/edgar/data/24741/000002474109000027/q20910q.htm,1620592627,16:37:07,20210509
48,2009-03-31,GLW,USD,2009-05-01 00:00:00,2009-05-01 16:01:26,Q1,989000000,719000000,270000000,0.2730030333670374,151000000.0,207000000.0,0.0,0.0,361000000.0,1080000000.0,14000000.0,178000000.0,87000000.0,0.08796764408493428,-91000000.0,-0.09201213346814964,46000000.0,-52000000,-0.0525783619817998,-66000000.0,14000000,0.014155712841253791,0.00904392764857881,0.008980115458627326,1548000000,1559000000,https://www.sec.gov/Archives/edgar/data/24741/000002474109000009/0000024741-09-000009-index.html,https://www.sec.gov/Archives/edgar/data/24741/000002474109000009/q10910q.htm,1620592627,16:37:07,20210509
49,2008-12-31,GLW,USD,2009-02-24 00:00:00,2009-02-24 08:02:12,Q4,1084000000,777000000,307000000,0.283210332103321,153000000.0,179000000.0,0.0,0.0,308000000.0,1085000000.0,0.0,205000000.0,204000000.0,0.1881918819188192,-1000000.0,-0.0009225092250922509,-1413000000.0,-56000000,-0.05166051660516605,-23000000.0,249000000,0.22970479704797048,0.16085271317829458,0.16085271317829458,1548000000,1548000000,https://www.sec.gov/Archives/edgar/data/24741/000119312509035649/0001193125-09-035649-index.html,https://www.sec.gov/Archives/edgar/data/24741/000119312509035649/d10k.htm,1620592627,16:37:07,20210509
50,2008-09-30,GLW,USD,2008-10-30 00:00:00,2008-10-30 16:22:48,Q3,1555000000,820000000,735000000,0.47266881028938906,160000000.0,220000000.0,0.0,0.0,388000000.0,1208000000.0,0.0,166000000.0,513000000.0,0.329903536977492,347000000.0,0.22315112540192927,348000000.0,326000000,0.20964630225080386,-60000000.0,768000000,0.49389067524115754,0.49293966623876767,0.4866920152091255,1558000000,1578000000,https://www.sec.gov/Archives/edgar/data/24741/000002474108000259/0000024741-08-000259-index.html,https://www.sec.gov/Archives/edgar/data/24741/000002474108000259/q310q08.htm,1620592627,16:37:07,20210509
51,2008-06-30,GLW,USD,2008-07-30 00:00:00,2008-07-30 16:01:35,Q2,1692000000,840000000,852000000,0.5035460992907801,163000000.0,260000000.0,0.0,0.0,435000000.0,1275000000.0,0.0,165000000.0,582000000.0,0.34397163120567376,417000000.0,0.24645390070921985,390000000.0,463000000,0.27364066193853426,-2388000000.0,3211000000,1.8977541371158393,2.05,2.01,1569000000,1598000000,https://www.sec.gov/Archives/edgar/data/24741/000002474108000248/0000024741-08-000248-index.html,https://www.sec.gov/Archives/edgar/data/24741/000002474108000248/q20810q.htm,1620592627,16:37:07,20210509
52,2008-03-31,GLW,USD,2008-04-29 00:00:00,2008-04-29 16:10:19,Q1,1617000000,773000000,844000000,0.5219542362399505,151000000.0,242000000.0,0.0,0.0,68000000.0,841000000.0,0.0,159000000.0,935000000.0,0.5782312925170068,776000000.0,0.47990105132962274,633000000.0,790000000,0.48855905998763144,66000000.0,1029000000,0.6363636363636364,0.66,0.64,1566000000,1598000000,https://www.sec.gov/Archives/edgar/data/24741/000002474108000185/0000024741-08-000185-index.html,https://www.sec.gov/Archives/edgar/data/24741/000002474108000185/q10810q.htm,1620592627,16:37:07,20210509
53,2007-12-31,GLW,USD,2008-02-15,2008-02-14 21:08:24,Q4,1582000000,825000000,757000000,0.47850821744627053,153000000.0,257000000.0,0.0,0.0,428000000.0,1253000000.0,0.0,154000000.0,483000000.0,0.3053097345132743,329000000.0,0.2079646017699115,298000000.0,390000000,0.24652338811630847,-61000000.0,717000000,0.4532237673830594,0.4578544061302682,0.4578544061302682,1566000000,1566000000,https://www.sec.gov/Archives/edgar/data/24741/000119312508031868/d10k.htm,https://www.sec.gov/Archives/edgar/data/24741/000119312508031868/d10k.htm,1620592627,16:37:07,20210509
54,2007-09-30,GLW,USD,2007-10-26 00:00:00,2007-10-26 16:02:26,Q3,1553000000,811000000,742000000,0.47778493238892467,145000000.0,212000000.0,0.0,0.0,343000000.0,1154000000.0,0.0,149000000.0,548000000.0,0.3528654217643271,399000000.0,0.25692208628461044,284000000.0,445000000,0.2865421764327109,66000000.0,617000000,0.3972955569864778,0.39,0.38,1582051282,1623684211,https://www.sec.gov/Archives/edgar/data/24741/000002474107000431/0000024741-07-000431-index.html,https://www.sec.gov/Archives/edgar/data/24741/000002474107000431/q310q.htm,1620592627,16:37:07,20210509
55,2007-06-30,GLW,USD,2007-07-27 00:00:00,2007-07-27 16:00:52,Q2,1418000000,759000000,659000000,0.46473906911142454,137000000.0,229000000.0,0.0,0.0,444000000.0,1203000000.0,0.0,151000000.0,366000000.0,0.25811001410437234,215000000.0,0.15162200282087446,203000000.0,289000000,0.20380818053596614,19000000.0,489000000,0.344851904090268,0.31,0.3,1577419355,1630000000,https://www.sec.gov/Archives/edgar/data/24741/000002474107000350/0000024741-07-000350-index.html,https://www.sec.gov/Archives/edgar/data/24741/000002474107000350/q20710q.htm,1620592627,16:37:07,20210509
56,2007-03-31,GLW,USD,2007-04-27 00:00:00,2007-04-27 16:01:21,Q1,1307000000,716000000,591000000,0.4521805661820964,130000000.0,214000000.0,0.0,0.0,457000000.0,1173000000.0,0.0,153000000.0,287000000.0,0.2195868400918133,134000000.0,0.10252486610558531,122000000.0,167000000,0.12777352716143842,56000000.0,327000000,0.2501912777352716,0.21,0.2,1557142857,1635000000,https://www.sec.gov/Archives/edgar/data/24741/000002474107000260/0000024741-07-000260-index.html,https://www.sec.gov/Archives/edgar/data/24741/000002474107000260/q10710q.htm,1620592627,16:37:07,20210509
57,2006-12-31,GLW,USD,2007-02-27,2007-02-27 16:04:07,Q4,1369000000,766000000,603000000,0.4404674945215486,138000000.0,222000000.0,0.0,0.0,272000000.0,1038000000.0,0.0,153000000.0,484000000.0,0.3535427319211103,331000000.0,0.24178232286340395,393000000.0,377000000,0.2753834915997078,0.0,646000000,0.4718772826880935,0.4148623853591617,0.4148623853591617,1557142857,1557142857,https://www.sec.gov/Archives/edgar/data/24741/000120677407000512/corning_10k.htm,https://www.sec.gov/Archives/edgar/data/24741/000120677407000512/corning_10k.htm,1620592627,16:37:07,20210509
58,2006-09-30,GLW,USD,2006-09-30,2006-09-30,Q3,1282000000,716000000,566000000,0.4414976599063963,127000000.0,218000000.0,0.0,0.0,360000000.0,1076000000.0,0.0,142000000.0,348000000.0,0.2714508580343214,206000000.0,0.1606864274570983,244000000.0,245000000,0.19110764430577223,33000000.0,438000000,0.3416536661466459,0.28,0.27,1564285714,1622222222,,,1620592627,16:37:07,20210509
59,2006-06-30,GLW,USD,2006-07-28,2006-07-28,Q2,1261000000,720000000,541000000,0.4290245836637589,128000000.0,194000000.0,0.0,0.0,264000000.0,984000000.0,0.0,152000000.0,429000000.0,0.3402061855670103,277000000.0,0.2196669310071372,315000000.0,283000000,0.22442505947660588,24000000.0,514000000,0.4076130055511499,0.33,0.32,1557575758,1606250000,https://www.sec.gov/Archives/edgar/data/24741/000002474106000258/0000024741-06-000258-index.htm,https://www.sec.gov/Archives/edgar/data/24741/000002474106000258/q20610q.txt,1620592627,16:37:07,20210509
60,2006-03-31,GLW,USD,2006-03-31,2006-03-31,Q1,1262000000,689000000,573000000,0.4540412044374009,124000000.0,223000000.0,0.0,0.0,535000000.0,1224000000.0,0.0,144000000.0,182000000.0,0.14421553090332806,38000000.0,0.030110935023771792,29000000.0,56000000,0.044374009508716325,-2000000.0,257000000,0.20364500792393028,0.17,0.16,1511764706,1606250000,,,1620592627,16:37:07,20210509
61,2005-12-31,GLW,USD,2005-12-31,2005-12-31,Q4,1200000000,673000000,527000000,0.43916666666666665,123000000.0,203000000.0,0.0,0.0,336000000.0,1009000000.0,0.0,128000000.0,319000000.0,0.2658333333333333,191000000.0,0.15916666666666668,260000000.0,268000000,0.22333333333333333,487000000.0,-32000000,-0.02666666666666667,-0.021167315173450014,-0.021167315173450014,1511764706,1511764706,,,1620592627,16:37:07,20210509
62,2005-09-30,GLW,USD,2006-05-09,2006-05-09,Q3,1188000000,643000000,545000000,0.45875420875420875,118000000.0,178000000.0,0.0,0.0,367000000.0,1010000000.0,0.0,130000000.0,308000000.0,0.25925925925925924,178000000.0,0.14983164983164984,-5000000.0,131000000,0.11026936026936027,28000000.0,203000000,0.17087542087542087,0.14,0.13,1488000000,1552000000,https://www.sec.gov/Archives/edgar/data/24741/000002474106000226/0000024741-06-000226-index.htm,https://www.sec.gov/Archives/edgar/data/24741/000002474106000226/q30510qa.txt,1620592627,16:37:07,20210509
63,2005-06-30,GLW,USD,2005-06-30,2005-06-30,Q2,1141000000,658000000,483000000,0.4233128834355828,104000000.0,191000000.0,0.0,0.0,435000000.0,1093000000.0,0.0,129000000.0,177000000.0,0.1551270815074496,48000000.0,0.042068361086765996,44000000.0,42000000,0.03680981595092025,44000000.0,165000000,0.1446099912357581,0.11474269819193324,0.10876730388925511,1438000000,1517000000,,,1620592627,16:37:07,20210509
64,2005-03-31,GLW,USD,2005-03-31,2005-03-31,Q1,1050000000,621000000,429000000,0.4085714285714286,98000000.0,184000000.0,0.0,0.0,271000000.0,892000000.0,0.0,125000000.0,283000000.0,0.2695238095238095,158000000.0,0.15047619047619049,154000000.0,103000000,0.0980952380952381,19000000.0,249000000,0.23714285714285716,0.18,0.17,1411000000,1503000000,,,1620592627,16:37:07,20210509
65,2004-12-31,GLW,USD,2004-12-31,2004-12-31,Q4,1033000000,668000000,365000000,0.35333978702807356,98000000.0,174000000.0,0.0,0.0,299000000.0,967000000.0,0.0,136000000.0,202000000.0,0.19554695062923524,66000000.0,0.06389157792836399,140000000.0,67000000,0.06485963213939981,34000000.0,163000000,0.15779283639883834,0.11552090715804395,0.11552090715804395,1411000000,1411000000,,,1620592627,16:37:07,20210509
66,2004-09-30,GLW,USD,2004-10-28,2004-10-28,Q3,1006000000,602000000,404000000,0.40159045725646125,88000000.0,153000000.0,0.0,0.0,200000000.0,802000000.0,0.0,128000000.0,332000000.0,0.33001988071570576,204000000.0,0.20278330019880716,-1647000000.0,-1619000000,-1.6093439363817097,985000000.0,-2491000000,-2.4761431411530817,-1.78,-1.78,1399000000,1399000000,https://www.sec.gov/Archives/edgar/data/24741/000002474104000497/0000024741-04-000497-index.htm,https://www.sec.gov/Archives/edgar/data/24741/000002474104000497/q310q04.txt,1620592627,16:37:07,20210509
67,2004-06-30,GLW,USD,2004-06-30,2004-06-30,Q2,971000000,625000000,346000000,0.35633367662203913,85000000.0,166000000.0,0.0,0.0,307000000.0,932000000.0,0.0,129000000.0,168000000.0,0.17301750772399588,39000000.0,0.04016477857878476,90000000.0,36000000,0.037075180226570546,24000000.0,108000000,0.11122554067971163,0.08,0.07,1383000000,1495000000,,,1620592627,16:37:07,20210509
68,2004-03-31,GLW,USD,2004-03-31,2004-03-31,Q1,844000000,544000000,300000000,0.35545023696682465,84000000.0,160000000.0,0.0,0.0,273000000.0,817000000.0,0.0,130000000.0,157000000.0,0.18601895734597157,27000000.0,0.031990521327014215,27000000.0,-64000000,-0.07582938388625593,-12000000.0,55000000,0.06516587677725119,0.04,0.038274,1358000000,1437000000,,,1620592627,16:37:07,20210509
69,2003-12-31,GLW,USD,2003-12-31,2003-12-31,Q4,820000000,578000000,242000000,0.2951219512195122,86000000.0,152000000.0,0.0,0.0,660000000.0,1238000000.0,0.0,126000000.0,-292000000.0,-0.35609756097560974,-418000000.0,-0.5097560975609756,-43000000.0,-91000000,-0.11097560975609756,-46000000.0,-29000000,-0.03536585365853658,-0.021354933726067747,-0.021354933726067747,1358000000,1358000000,,,1620592627,16:37:07,20210509
70,2003-09-30,GLW,USD,2003-10-30,2003-10-30,Q3,772000000,546000000,226000000,0.2927461139896373,80000000.0,147000000.0,0.0,0.0,237000000.0,783000000.0,0.0,123000000.0,112000000.0,0.14507772020725387,-11000000.0,-0.014248704663212436,41000000.0,-74000000,-0.09585492227979274,-30000000.0,33000000,0.042746113989637305,0.03,0.02,1314000000,1390000000,https://www.sec.gov/Archives/edgar/data/24741/000002474103000296/0000024741-03-000296-index.htm,https://www.sec.gov/Archives/edgar/data/24741/000002474103000296/q310q.txt,1620592627,16:37:07,20210509
71,2003-06-30,GLW,USD,2003-06-30,2003-06-30,Q2,752000000,571000000,181000000,0.24069148936170212,85000000.0,148000000.0,0.0,0.0,242000000.0,813000000.0,0.0,141000000.0,80000000.0,0.10638297872340426,-61000000.0,-0.08111702127659574,5000000.0,-149000000,-0.1981382978723404,-34000000.0,-22000000,-0.02925531914893617,-0.02,-0.02,1244000000,1244000000,,,1620592627,16:37:07,20210509
72,2003-03-31,GLW,USD,2003-05-01,2003-05-01,Q1,746000000,546000000,200000000,0.2680965147453083,93000000.0,152000000.0,0.0,0.0,254000000.0,800000000.0,0.0,127000000.0,73000000.0,0.09785522788203753,-54000000.0,-0.07238605898123325,-300000000.0,-445000000,-0.596514745308311,-144000000.0,-205000000,-0.27479892761394104,-0.17,-0.17,1200000000,1200000000,https://www.sec.gov/Archives/edgar/data/24741/000002474103000021/0000024741-03-000021-index.htm,https://www.sec.gov/Archives/edgar/data/24741/000002474103000021/q10310q.txt,1620592627,16:37:07,20210509
73,2002-12-31,GLW,USD,2003-02-20,2003-02-20,Q4,533000000,512000000,21000000,0.039399624765478425,108000000.0,178000000.0,0.0,0.0,296000000.0,808000000.0,0.0,139000000.0,-136000000.0,-0.2551594746716698,-275000000.0,-0.5159474671669794,-1384000000.0,-1714000000,-3.2157598499061915,-427000000.0,-709000000,-1.3302063789868668,-0.5908333333333333,-0.5908333333333333,1200000000,1200000000,https://www.sec.gov/Archives/edgar/data/24741/000002474103000009/0000024741-03-000009-index.htm,https://www.sec.gov/Archives/edgar/data/24741/000002474103000009/corning10k.txt,1620592627,16:37:07,20210509
74,2002-09-30,GLW,USD,2002-11-01 00:00:00,2002-11-01 16:05:05,Q3,837000000,674000000,163000000,0.19474313022700118,115000000.0,158000000.0,0.0,0.0,284000000.0,958000000.0,0.0,171000000.0,50000000.0,0.05973715651135006,-121000000.0,-0.14456391875746716,-62000000.0,-259000000,-0.3094384707287933,-79000000.0,-133000000,-0.15890083632019117,-0.25,-0.25,1036000000,1036000000,https://www.sec.gov/Archives/edgar/data/24741/000002474102000075/0000024741-02-000075-index.html,https://www.sec.gov/Archives/edgar/data/24741/000002474102000075/q30210q.txt,1620592627,16:37:07,20210509
75,2002-06-30,GLW,USD,2002-07-24 00:00:00,2002-07-24 14:10:28,Q2,896000000,682000000,214000000,0.23883928571428573,132000000.0,190000000.0,0.0,0.0,333000000.0,1015000000.0,0.0,177000000.0,58000000.0,0.06473214285714286,-119000000.0,-0.1328125,-401000000.0,-579000000,-0.6462053571428571,-178000000.0,-370000000,-0.41294642857142855,-0.39,-0.39,948000000,948000000,https://www.sec.gov/Archives/edgar/data/24741/000002474102000040/0000024741-02-000040-index.html,https://www.sec.gov/Archives/edgar/data/24741/000002474102000040/q210q02.txt,1620592627,16:37:07,20210509
76,2002-03-31,GLW,USD,2002-05-07 00:00:00,2002-05-07 16:47:37,Q1,898000000,694000000,204000000,0.22717149220489977,128000000.0,190000000.0,0.0,0.0,329000000.0,1023000000.0,0.0,174000000.0,49000000.0,0.05456570155902005,-125000000.0,-0.13919821826280623,21000000.0,-168000000,-0.1870824053452116,-42000000.0,-90000000,-0.10022271714922049,-0.1,-0.1,945000000,945000000,https://www.sec.gov/Archives/edgar/data/24741/000002474102000028/0000024741-02-000028-index.html,https://www.sec.gov/Archives/edgar/data/24741/000002474102000028/q10210q.txt,1620592627,16:37:07,20210509
77,2001-12-31,GLW,USD,2002-03-04 00:00:00,2002-03-04 00:00:00,Q4,974000000,942000000,32000000,0.03285420944558522,147000000.0,298000000.0,0.0,0.0,520000000.0,1462000000.0,0.0,240000000.0,-248000000.0,-0.2546201232032854,-488000000.0,-0.5010266940451745,-584000000.0,-1131000000,-1.1611909650924024,-423000000.0,-655000000,-0.6724845995893224,-0.6931216931216931,-0.6931216931216931,945000000,945000000,https://www.sec.gov/Archives/edgar/data/24741/000002474102000014/0000024741-02-000014-index.html,https://www.sec.gov/Archives/edgar/data/24741/000002474102000014/cng10k.txt,1620592627,16:37:07,20210509
78,2001-09-30,GLW,USD,2001-10-26 00:00:00,2001-10-26 00:00:00,Q3,1509000000,994000000,515000000,0.3412856196156395,153000000.0,267000000.0,0.0,0.0,468000000.0,1462000000.0,0.0,0.0,440000000.0,0.291583830351226,47000000.0,0.031146454605699137,-306000000.0,-320000000,-0.21206096752816433,-60000000.0,-220000000,-0.145791915175613,-0.24,-0.24,936000000,936000000,https://www.sec.gov/Archives/edgar/data/24741/000002474101500066/0000024741-01-500066-index.html,https://www.sec.gov/Archives/edgar/data/24741/000002474101500066/q310q01.txt,1620592627,16:37:07,20210509
79,2001-06-30,GLW,USD,2001-08-03 00:00:00,2001-08-03 00:00:00,Q2,1868000000,1332000000,536000000,0.28693790149892934,169000000.0,271000000.0,0.0,0.0,600000000.0,1932000000.0,0.0,0.0,4880000000.0,2.612419700214133,-64000000.0,-0.034261241970021415,-4738000000.0,-4871000000,-2.6076017130620985,-77000000.0,-4755000000,-2.5455032119914347,-5.13,-5.13,926000000,926000000,https://www.sec.gov/Archives/edgar/data/24741/000002474101500043/0000024741-01-500043-index.html,https://www.sec.gov/Archives/edgar/data/24741/000002474101500043/q210q01.txt,1620592627,16:37:07,20210509
80,2001-03-31,GLW,USD,2001-05-02 00:00:00,2001-05-02 00:00:00,Q1,1921000000,957000000,964000000,0.5018219677251432,162000000.0,261000000.0,0.0,0.0,734000000.0,1691000000.0,0.0,311000000.0,541000000.0,0.28162415408641334,230000000.0,0.11972930765226444,25000000.0,240000000,0.12493492972410203,108000000.0,132000000,0.06871421134825612,0.14,0.14,942857143,942857143,https://www.sec.gov/Archives/edgar/data/24741/000002474101500019/0000024741-01-500019-index.html,https://www.sec.gov/Archives/edgar/data/24741/000002474101500019/q10110q.txt,1620592627,16:37:07,20210509
81,2000-12-31,GLW,USD,2000-12-31,2000-12-31,Q4,2151600000,1057500000,1094100000,0.508505298382599,168700000.0,333400000.0,0.0,0.0,501000000.0,1558500000.0,0.0,-1100000.0,592000000.0,0.2751440788250604,593100000.0,0.2756553262688232,-524600000.0,33800000,0.015709239635620004,103500000.0,-56700000,-0.026352481873954267,-0.06013636362725207,-0.06013636362725207,942857143,942857143,,,1620592627,16:37:07,20210509
82,2000-09-30,GLW,USD,2000-10-24 00:00:00,2000-10-24 00:00:00,Q3,1944000000,975500000,968500000,0.49819958847736623,141100000.0,255800000.0,0.0,0.0,616000000.0,1591500000.0,0.0,219100000.0,571600000.0,0.29403292181069957,352500000.0,0.18132716049382716,45300000.0,365300000,0.18791152263374486,111700000.0,253600000,0.13045267489711934,0.096667,0.093333,2629800000,2719800000,https://www.sec.gov/Archives/edgar/data/24741/000002474100000057/0000024741-00-000057-index.html,https://www.sec.gov/Archives/edgar/data/24741/000002474100000057/0000024741-00-000057-0001.txt,1620592627,16:37:07,20210509
83,2000-06-30,GLW,USD,2000-08-11 00:00:00,2000-08-11 00:00:00,Q2,1802500000,902700000,899800000,0.4991955617198336,120100000.0,269800000.0,0.0,0.0,566300000.0,1469000000.0,0.0,176400000.0,509900000.0,0.2828848821081831,333500000.0,0.18502080443828017,-11400000.0,286100000,0.1587239944521498,136900000.0,149200000,0.08277392510402219,0.176667,0.173333,844500000,872100000,https://www.sec.gov/Archives/edgar/data/24741/000002474100000047/0000024741-00-000047-index.html,https://www.sec.gov/Archives/edgar/data/24741/000002474100000047/0000024741-00-000047-0001.txt,1620592627,16:37:07,20210509
84,2000-03-31,GLW,USD,2000-05-12 00:00:00,2000-05-12 00:00:00,Q1,1381700000,696200000,685500000,0.49612795831222406,110100000.0,199800000.0,0.0,0.0,435500000.0,1131700000.0,0.0,125600000.0,375600000.0,0.2718390388651661,250000000.0,0.18093652746616487,-91400000.0,131800000,0.09538973728016212,54900000.0,76900000,0.055656075848592314,0.09479783037475345,0.09243899507152302,811200000,831900000,https://www.sec.gov/Archives/edgar/data/24741/000002474100000036/0000024741-00-000036-index.html,https://www.sec.gov/Archives/edgar/data/24741/0000024741-00-000036.txt,1620592627,16:37:07,20210509
85,1999-12-31,GLW,USD,1999-12-31,1999-12-31,Q4,1248400000,723700000,524700000,0.4202979814162128,101700000.0,174100000.0,0.0,0.0,375500000.0,1099200000.0,0.0,99700000.0,248900000.0,0.1993752002563281,149200000.0,0.11951297661006088,86800000.0,191500000,0.15339634732457547,56200000.0,140100000,0.11222364626722205,0.17270710059171598,0.17270710059171598,811200000,811200000,,,1620592627,16:37:07,20210509
86,1999-09-30,GLW,USD,1999-11-02 00:00:00,1999-11-02 00:00:00,Q3,1136600000,611000000,525600000,0.46243181418265,96500000.0,155500000.0,0.0,0.0,343300000.0,954300000.0,0.0,91300000.0,273600000.0,0.24071793067042055,182300000.0,0.1603906387471406,43300000.0,184400000,0.16223825444307585,51100000.0,133300000,0.11727960584198487,0.06,0.06,734100000,734100000,https://www.sec.gov/Archives/edgar/data/24741/000002474199000042/0000024741-99-000042-index.html,https://www.sec.gov/Archives/edgar/data/24741/0000024741-99-000042.txt,1620592627,16:37:07,20210509
87,1999-06-30,GLW,USD,1999-08-11 00:00:00,1999-08-11 00:00:00,Q2,1020000000,531800000,488200000,0.47862745098039217,84800000.0,136100000.0,0.0,0.0,316000000.0,847800000.0,0.0,95100000.0,267300000.0,0.2620588235294118,172200000.0,0.1688235294117647,31600000.0,169200000,0.16588235294117648,47400000.0,121800000,0.11941176470588236,0.056667,0.053333,732600000,732600000,https://www.sec.gov/Archives/edgar/data/24741/000002474199000033/0000024741-99-000033-index.html,https://www.sec.gov/Archives/edgar/data/24741/0000024741-99-000033.txt,1620592627,16:37:07,20210509
88,1999-03-31,GLW,USD,1999-05-12 00:00:00,1999-05-12 00:00:00,Q1,892200000,453700000,438500000,0.4914817305536875,79600000.0,136800000.0,0.0,0.0,311000000.0,764700000.0,0.0,94600000.0,222100000.0,0.24893521631921095,127500000.0,0.14290517821116341,21600000.0,120400000,0.13494732122842412,33900000.0,86500000,0.09695135619816185,0.04,0.04,732000000,732000000,https://www.sec.gov/Archives/edgar/data/24741/000002474199000025/0000024741-99-000025-index.html,https://www.sec.gov/Archives/edgar/data/24741/0000024741-99-000025.txt,1620592627,16:37:07,20210509
89,1998-12-31,GLW,USD,1999-02-24 00:00:00,1999-02-24 00:00:00,Q4,926800000,493700000,433100000,0.46730686232196805,80100000.0,135600000.0,0.0,0.0,280700000.0,774400000.0,0.0,65000000.0,217400000.0,0.23457056538627535,152400000.0,0.16443677168752696,39200000.0,153000000,0.1650841605524385,48700000.0,104300000,0.11253776435045318,0.14248633879781422,0.14248633879781422,732000000,732000000,https://www.sec.gov/Archives/edgar/data/24741/000095014699000306/0000950146-99-000306-index.html,https://www.sec.gov/Archives/edgar/data/24741/0000950146-99-000306.txt,1620592627,16:37:07,20210509
90,1998-09-30,GLW,USD,1998-11-10 00:00:00,1998-11-10 00:00:00,Q3,906500000,474300000,432200000,0.47677881963596247,71600000.0,112600000.0,0.0,0.0,260000000.0,734300000.0,0.0,75800000.0,248000000.0,0.2735797021511307,172200000.0,0.18996138996138995,16400000.0,153600000,0.16944291230005515,49200000.0,104400000,0.11516822945394374,0.05,0.05,696000000,696000000,https://www.sec.gov/Archives/edgar/data/24741/000002474198000037/0000024741-98-000037-index.html,https://www.sec.gov/Archives/edgar/data/24741/0000024741-98-000037.txt,1620592627,16:37:07,20210509
91,1998-06-30,GLW,USD,1998-08-07 00:00:00,1998-08-07 00:00:00,Q2,855900000,452100000,403800000,0.4717840869260428,75100000.0,126600000.0,0.0,0.0,280000000.0,732100000.0,0.0,78300000.0,202100000.0,0.23612571562098375,123800000.0,0.14464306577871247,-22000000.0,70600000,0.08248627176071971,13900000.0,123800000,0.14464306577871247,0.06,0.06,696000000,696000000,https://www.sec.gov/Archives/edgar/data/24741/000002474198000019/0000024741-98-000019-index.html,https://www.sec.gov/Archives/edgar/data/24741/0000024741-98-000019.txt,1620592627,16:37:07,20210509
92,1998-03-31,GLW,USD,1998-05-08 00:00:00,1998-05-08 00:00:00,Q1,794800000,435800000,359000000,0.45168595873175643,67100000.0,112900000.0,0.0,0.0,258900000.0,694700000.0,0.0,78900000.0,179000000.0,0.22521389028686462,100100000.0,0.12594363361852037,9500000.0,83100000,0.10455460493205838,21000000.0,61500000,0.07737795671867137,0.03,0.03,696000000,696000000,https://www.sec.gov/Archives/edgar/data/24741/000002474198000011/0000024741-98-000011-index.html,https://www.sec.gov/Archives/edgar/data/24741/0000024741-98-000011.txt,1620592627,16:37:07,20210509
93,1997-12-31,GLW,USD,1998-03-10 00:00:00,1998-03-10 00:00:00,Q4,1075400000,577100000,498300000,0.463362469778687,75300000.0,171900000.0,0.0,0.0,311300000.0,888400000.0,0.0,64100000.0,251100000.0,0.23349451366933235,187000000.0,0.17388878556816068,14300000.0,163300000,0.15185047424214246,54800000.0,108500000,0.10089269109168682,0.15589080459770116,0.15589080459770116,696000000,696000000,https://www.sec.gov/Archives/edgar/data/24741/000095014698000390/0000950146-98-000390-index.html,https://www.sec.gov/Archives/edgar/data/24741/0000950146-98-000390.txt,1620592627,16:37:07,20210509
94,1997-09-30,GLW,USD,1997-10-30 00:00:00,1997-10-30 00:00:00,Q3,1037800000,528600000,509200000,0.4906533050684139,70800000.0,168400000.0,0.0,0.0,327600000.0,856200000.0,0.0,88400000.0,270000000.0,0.26016573520909614,181600000.0,0.17498554634804395,24700000.0,164400000,0.15841202543842745,52100000.0,112300000,0.10820967431104259,0.056667,0.053333,693600000,693600000,https://www.sec.gov/Archives/edgar/data/24741/000002474197000035/0000024741-97-000035-index.html,https://www.sec.gov/Archives/edgar/data/24741/0000024741-97-000035.txt,1620592627,16:37:07,20210509
95,1997-06-30,GLW,USD,1997-07-29 00:00:00,1997-07-29 00:00:00,Q2,1031100000,511500000,519600000,0.5039278440500436,53500000.0,171700000.0,0.0,0.0,306800000.0,818300000.0,0.0,81600000.0,294400000.0,0.28552031810687617,212800000.0,0.20638153428377462,25400000.0,194000000,0.18814857918727573,67000000.0,127000000,0.12316943070507225,0.06,0.056667,691800000,691800000,https://www.sec.gov/Archives/edgar/data/24741/000002474197000029/0000024741-97-000029-index.html,https://www.sec.gov/Archives/edgar/data/24741/0000024741-97-000029.txt,1620592627,16:37:07,20210509
96,1997-03-31,GLW,USD,1997-04-28 00:00:00,1997-04-28 00:00:00,Q1,945400000,467400000,478000000,0.5056060926591919,51100000.0,159400000.0,0.0,0.0,298000000.0,765400000.0,0.0,87500000.0,267500000.0,0.28294901628940133,180000000.0,0.1903955997461392,2900000.0,145300000,0.15369155912841126,53300000.0,92000000,0.0973133065369156,0.043333,0.043333,688200000,688200000,https://www.sec.gov/Archives/edgar/data/24741/000095014697000654/0000950146-97-000654-index.html,https://www.sec.gov/Archives/edgar/data/24741/0000950146-97-000654.txt,1620592627,16:37:07,20210509
97,1996-12-31,GLW,USD,1997-03-12 00:00:00,1997-03-12 00:00:00,Q4,990100000,546000000,444100000,0.44854055145944854,0.0,223500000.0,0.0,0.0,299500000.0,845500000.0,0.0,76000000.0,220600000.0,0.22280577719422281,144600000.0,0.14604585395414604,3400000.0,121100000,0.12231087768912231,40100000.0,76300000,0.07706292293707706,0.11086893344957861,0.11086893344957861,688200000,688200000,https://www.sec.gov/Archives/edgar/data/24741/000095014697000367/0000950146-97-000367-index.html,https://www.sec.gov/Archives/edgar/data/24741/0000950146-97-000367.txt,1620592627,16:37:07,20210509
98,1996-09-30,GLW,USD,1996-11-13 00:00:00,1996-11-13 00:00:00,Q3,910200000,480900000,429300000,0.47165458141067895,0.0,210600000.0,0.0,0.0,280900000.0,761800000.0,0.0,70300000.0,218700000.0,0.24027686222808173,148400000.0,0.16304108987035817,24900000.0,142500000,0.15655899802241266,43900000.0,-16400000,-0.018018018018018018,-0.01,-0.01,689100000,689100000,https://www.sec.gov/Archives/edgar/data/24741/000002474196000044/0000024741-96-000044-index.html,https://www.sec.gov/Archives/edgar/data/24741/0000024741-96-000044.txt,1620592627,16:37:07,20210509
99,1996-06-30,GLW,USD,1996-07-22 00:00:00,1996-07-22 00:00:00,Q2,913700000,536000000,377700000,0.4133741928422896,0.0,193300000.0,0.0,0.0,226000000.0,762000000.0,0.0,32700000.0,184400000.0,0.2018167888803765,151700000.0,0.16602823683922513,21900000.0,139500000,0.15267593301959068,45700000.0,37000000,0.04049469191200613,0.02,0.016667,690291000,690291000,https://www.sec.gov/Archives/edgar/data/24741/000002474196000039/0000024741-96-000039-index.html,https://www.sec.gov/Archives/edgar/data/24741/0000024741-96-000039.txt,1620592627,16:37:07,20210509
100,1996-03-31,GLW,USD,1996-04-17 00:00:00,1996-04-17 00:00:00,Q1,1352600000,764100000,588500000,0.43508797870767413,0.0,329400000.0,0.0,0.0,438500000.0,1202600000.0,0.0,109100000.0,259100000.0,0.19155700133077036,150000000.0,0.11089753068165016,12300000.0,116600000,0.08620434718320272,44800000.0,71800000,0.053082951352949874,0.033333,0.033333,689100000,689100000,https://www.sec.gov/Archives/edgar/data/24741/000002474196000021/0000024741-96-000021-index.html,https://www.sec.gov/Archives/edgar/data/24741/0000024741-96-000021.txt,1620592627,16:37:07,20210509
101,1995-12-31,GLW,USD,1996-03-07 00:00:00,1996-03-07 00:00:00,Q4,1330400000,769700000,560700000,0.42145219482862295,0.0,384700000.0,0.0,0.0,482400000.0,1252100000.0,0.0,97700000.0,176000000.0,0.132291040288635,78300000.0,0.0588544798556825,88500000.0,122800000,0.09230306674684305,39300000.0,83500000,0.06276307877330126,0.12250586854460094,0.12250586854460094,681600000,681600000,https://www.sec.gov/Archives/edgar/data/24741/000002474196000017/0000024741-96-000017-index.html,https://www.sec.gov/Archives/edgar/data/24741/0000024741-96-000017.txt,1620592627,16:37:07,20210509
102,1995-10-08,GLW,USD,1995-11-14 00:00:00,1995-11-14 00:00:00,Q3,1045600000,645000000,400600000,0.38312930374904364,53000000.0,172800000.0,0.0,0.0,225799999.99999994,870800000.0,8300000.0,64999999.99999999,239800000.0,0.22934200459066564,174800000.0,0.16717674062739096,-29200000.0,153900000,0.14718821729150727,45000000.0,83500000,0.07985845447589901,0.12251,0.12251,681600000,681600000,https://www.sec.gov/Archives/edgar/data/24741/000002474195000080/0000024741-95-000080-index.html,https://www.sec.gov/Archives/edgar/data/24741/0000024741-95-000080.txt,1620592627,16:37:07,20210509
103,1995-06-18,GLW,USD,1995-07-27 00:00:00,1995-07-27 00:00:00,Q2,764800000,474800000,290000000,0.37918410041841005,39900000.0,124900000.0,0.0,0.0,191300000.0,666100000.0,8200000.0,32100000.00000001,130800000.00000001,0.17102510460251047,98700000.0,0.12905334728033474,-18600000.0,88300000,0.1154550209205021,25100000.0,-298800000,-0.39069037656903766,-0.44012,-0.44012,678900000,678900000,https://www.sec.gov/Archives/edgar/data/24741/000002474195000068/0000024741-95-000068-index.html,https://www.sec.gov/Archives/edgar/data/24741/0000024741-95-000068.txt,1620592627,16:37:07,20210509
104,1995-03-26,GLW,USD,1995-05-04 00:00:00,1995-05-04 00:00:00,Q1,632200000,392400000,239800000,0.3793103448275862,37500000.0,116100000.0,0.0,0.0,153600000.00000003,546000000.0,6400000.0,88100000.0,174300000.0,0.2757038911736792,86200000.0,0.13634925656437835,-22700000.0,69900000,0.11056627649478014,22800000.0,79400000,0.1255931667193926,0.11742,0.11742,676200000,676200000,https://www.sec.gov/Archives/edgar/data/24741/000002474195000049/0000024741-95-000049-index.html,https://www.sec.gov/Archives/edgar/data/24741/0000024741-95-000049.txt,1620592627,16:37:07,20210509
105,1995-01-01,GLW,USD,1995-03-20 00:00:00,1995-03-20 00:00:00,Q4,1273500000,824800000,448700000,0.3523360816647036,44100000.0,238500000.0,0.0,0.0,282600000.0000001,1107400000.0000002,7200000.0,-9400000.000000006,156700000.0,0.12304672163329407,166100000.0,0.13042795445622302,-26000000.0,147300000,0.11566548881036513,53000000.0,30000000,0.023557126030624265,0.04168,0.04168,719800000,719800000,https://www.sec.gov/Archives/edgar/data/24741/000002474195000026/0000024741-95-000026-index.html,https://www.sec.gov/Archives/edgar/data/24741/0000024741-95-000026.txt,1620592627,16:37:07,20210509
106,1994-10-09,GLW,USD,1994-11-17 00:00:00,1994-11-17 00:00:00,Q3,1442400000,917900000,524500000,0.36363006100942874,53500000.0,245200000.0,0.0,0.0,381000000.0000001,1298900000.0,10300000.0,97199999.99999999,240700000.0,0.16687465335551857,143500000.0,0.09948696616749861,-61400000.0,92400000,0.06405990016638935,34100000.0,76900000,0.05331392124237382,0.12014,0.12014,640100000,640100000,https://www.sec.gov/Archives/edgar/data/24741/000002474194000075/0000024741-94-000075-index.html,https://www.sec.gov/Archives/edgar/data/24741/0000024741-94-000075.txt,1620592627,16:37:07,20210509
107,1994-06-19,GLW,USD,1994-07-26 00:00:00,1994-07-26 00:00:00,Q2,1105700000,696100000,409600000,0.3704440625847879,41100000.0,202300000.0,0.0,0.0,243399999.99999997,939500000.0,3500000.0,78000000.0,244200000.0,0.2208555666093877,166200000.0,0.15031201953513612,-28900000.0,140800000,0.12734014651352085,53400000.0,116400000,0.10527267794157548,0.1878,0.1878,619800000,619800000,https://www.sec.gov/Archives/edgar/data/24741/000002474194000056/0000024741-94-000056-index.html,https://www.sec.gov/Archives/edgar/data/24741/0000024741-94-000056.txt,1620592627,16:37:07,20210509
108,1994-03-27,GLW,USD,1994-05-06 00:00:00,1994-05-06 00:00:00,Q1,948900000,622100000,326800000,0.34439877753187903,38200000.0,185700000.0,0.0,0.0,223899999.99999997,846000000.0,7700000.0,76900000.0,179800000.0,0.18948255875223943,102900000.0,0.10844135314574771,-31600000.0,79000000,0.08325429444620086,29600000.0,58000000,0.06112340604910949,0.09555,0.09555,607000000,607000000,https://www.sec.gov/Archives/edgar/data/24741/000002474194000036/0000024741-94-000036-index.html,https://www.sec.gov/Archives/edgar/data/24741/0000024741-94-000036.txt,1620592627,16:37:07,20210509
