,date,symbol,reportedCurrency,fillingDate,acceptedDate,period,revenue,costOfRevenue,grossProfit,grossProfitRatio,researchAndDevelopmentExpenses,generalAndAdministrativeExpenses,sellingAndMarketingExpenses,otherExpenses,operatingExpenses,costAndExpenses,interestExpense,depreciationAndAmortization,ebitda,ebitdaratio,operatingIncome,operatingIncomeRatio,totalOtherIncomeExpensesNet,incomeBeforeTax,incomeBeforeTaxRatio,incomeTaxExpense,netIncome,netIncomeRatio,eps,epsdiluted,weightedAverageShsOut,weightedAverageShsOutDil,link,finalLink,timestamp,est_time,est_date
0,2020-12-31,8216.HK,HKD,2020-12-31,2020-12-31,Q4,86343000,72359000,13984000.0,0.16195869960506354,0.0,3081000.0,0.0,-5386000.0,-1251000.0,71108000,7000.0,0.0,10294000.0,0.11922217203479148,15235000.0,0.17644742480571673,0.0,10287000.0,0.11914110003127062,1890000.0,8397000.0,0.09725165908064348,0.0209925,0.0209925,400000000,400000000,https://www1.hkexnews.hk/search/titlesearch.xhtml,https://www1.hkexnews.hk/search/titlesearch.xhtml,1620585844,14:44:04,20210509
1,2020-09-30,8216.HK,HKD,2020-09-30,2020-09-30,Q3,68819000,53823000,14996000.0,0.21790493904299685,0.0,1866000.0,0.0,5053000.0,1866000.0,55689000,2000.0,0.0,18183000.0,0.26421482439442595,13130000.0,0.19079033406472048,0.0,18181000.0,0.2641857626527558,1934000.0,16247000.0,0.23608305845769337,0.041,0.041,400000000,400000000,https://www1.hkexnews.hk/search/titlesearch.xhtml,https://www1.hkexnews.hk/search/titlesearch.xhtml,1620585844,14:44:04,20210509
2,2020-06-30,8216.HK,HKD,2020-06-30,2020-06-30,Q2,59781000,48594000,11187000.0,0.18713303557986652,0.0,2690000.0,0.0,152000.0,2690000.0,51284000,2000.0,0.0,8649000.0,0.14467807497365384,8497000.0,0.1421354610996805,0.0,8647000.0,0.14464461952794366,1780000.0,6867000.0,0.1148692728458875,0.017,0.017,400000000,400000000,https://www1.hkexnews.hk/search/titlesearch.xhtml,https://www1.hkexnews.hk/search/titlesearch.xhtml,1620585844,14:44:04,20210509
3,2020-03-31,8216.HK,HKD,2020-03-31,2020-03-31,Q1,61063000,49634000,11429000.0,0.18716735175146978,0.0,2484000.0,0.0,188000.0,2484000.0,52118000,4000.0,0.0,9133000.0,0.14956684080376006,8945000.0,0.14648805332197895,0.0,9129000.0,0.1495013346871264,1290000.0,7839000.0,0.12837561207277728,0.02,0.02,400000000,400000000,https://www1.hkexnews.hk/search/titlesearch.xhtml,https://www1.hkexnews.hk/search/titlesearch.xhtml,1620585844,14:44:04,20210509
4,2019-12-31,8216.HK,HKD,2019-12-31,2019-12-31,Q4,46111000,38700000,7411000.0,0.16072086920691375,0.0,10436000.0,0.0,-102000.0,10436000.0,49136000,3000.0,0.0,-2904000.0,-0.06297846500834942,-3025000.0,-0.06560256771703064,0.0,-2907000.0,-0.06304352540608532,915000.0,-3822000.0,-0.08288694671553426,-0.009555,-0.009555,400000000,400000000,https://www1.hkexnews.hk/search/titlesearch.xhtml,https://www1.hkexnews.hk/search/titlesearch.xhtml,1620585844,14:44:04,20210509
5,2019-09-30,8216.HK,HKD,2019-09-30,2019-09-30,Q3,42136000,34570000,7566000.0,0.1795614201632808,0.0,781000.0,0.0,6000.0,781000.0,35351000,13000.0,0.0,6791000.0,0.1611685969242453,6785000.0,0.16102620087336245,0.0,6778000.0,0.16086007214733244,1151000.0,5627000.0,0.13354376305297133,0.014068,0.014068,400000000,400000000,https://www1.hkexnews.hk/search/titlesearch.xhtml,https://www1.hkexnews.hk/search/titlesearch.xhtml,1620585844,14:44:04,20210509
6,2019-06-30,8216.HK,HKD,2019-06-30,2019-06-30,Q2,52858000,42609000,10249000.0,0.1938968557266639,0.0,5503000.0,0.0,97000.0,5503000.0,48112000,8000.0,284250.0,5030250.0,0.09516534867002156,4746000.0,0.08978773317189451,0.0,4835000.0,0.09147148965151916,1457000.0,3378000.0,0.06390707177721443,0.008445,0.008445,400000000,400000000,https://www1.hkexnews.hk/search/titlesearch.xhtml,https://www1.hkexnews.hk/search/titlesearch.xhtml,1620585844,14:44:04,20210509
7,2019-03-31,8216.HK,HKD,2019-03-31,2019-03-31,Q1,42798000,34667000,8131000.0,0.18998551334174493,0.0,5420000.0,0.0,0.0,5420000.0,40087000,10000.0,284250.0,2995250.0,0.06998574699752325,2711000.0,0.06334408149913548,0.0,2701000.0,0.06311042572082808,1087000.0,1614000.0,0.037712042618813967,0.004035,0.004035,400000000,400000000,https://www1.hkexnews.hk/search/titlesearch.xhtml,https://www1.hkexnews.hk/search/titlesearch.xhtml,1620585844,14:44:04,20210509
