,date,symbol,reportedCurrency,fillingDate,acceptedDate,period,revenue,costOfRevenue,grossProfit,grossProfitRatio,researchAndDevelopmentExpenses,generalAndAdministrativeExpenses,sellingAndMarketingExpenses,otherExpenses,operatingExpenses,costAndExpenses,interestExpense,depreciationAndAmortization,ebitda,ebitdaratio,operatingIncome,operatingIncomeRatio,totalOtherIncomeExpensesNet,incomeBeforeTax,incomeBeforeTaxRatio,incomeTaxExpense,netIncome,netIncomeRatio,eps,epsdiluted,weightedAverageShsOut,weightedAverageShsOutDil,link,finalLink,timestamp,est_time,est_date
0,2020-12-31,MXHN.DE,EUR,2020-12-31,2020-12-31,Q4,81902000,44268000.0,37634000.0,0.4595003785011355,0.0,0.0,0.0,0.0,39634000,83902000,423000.0,-4916000.0,-6916000.0,-0.08444238235940514,-2000000.0,-0.02441942809699397,0.0,-13032000.0,-0.1591169934800127,-3534000.0,-9541000.0,-0.11649288173670973,-0.35424505388917144,-0.35424505388917144,26933333,26933333,https://www.bundesanzeiger.de/pub/de/suche;wwwsid=627BFD7A56A5CB624C47FDDEAB2FC509.web07-pub?0,https://www.bundesanzeiger.de/pub/de/suche;wwwsid=627BFD7A56A5CB624C47FDDEAB2FC509.web07-pub?0,1620595449,17:24:09,20210509
1,2020-09-30,MXHN.DE,EUR,2020-09-30,2020-09-30,Q3,73019000,31831000.0,41188000.0,0.5640723647269889,0.0,0.0,0.0,0.0,37117000,68948000,2373000.0,2761000.0,6832000.0,0.09356468864268204,4071000.0,0.05575261233377614,0.0,1841000.0,0.025212615894493213,897000.0,808000.0,0.01106561305961462,0.03,0.03,26933333,26933333,https://www.bundesanzeiger.de/pub/de/suche;wwwsid=627BFD7A56A5CB624C47FDDEAB2FC509.web07-pub?0,https://www.bundesanzeiger.de/pub/de/suche;wwwsid=627BFD7A56A5CB624C47FDDEAB2FC509.web07-pub?0,1620595449,17:24:09,20210509
2,2020-06-30,MXHN.DE,EUR,2020-06-30,2020-06-30,Q2,71846000,31168000.0,40678000.0,0.5661832252317457,0.0,0.0,0.0,0.0,47518000,78686000,1275000.0,6704000.0,-136000.0,-0.0018929376722434095,-6840000.0,-0.09520362998635971,0.0,-7976000.0,-0.11101522701333408,-232000.0,-7750000.0,-0.10786960999916488,-0.26,-0.26,29807692,29807692,https://www.bundesanzeiger.de/pub/de/suche;wwwsid=627BFD7A56A5CB624C47FDDEAB2FC509.web07-pub?0,https://www.bundesanzeiger.de/pub/de/suche;wwwsid=627BFD7A56A5CB624C47FDDEAB2FC509.web07-pub?0,1620595449,17:24:09,20210509
3,2020-03-31,MXHN.DE,EUR,2020-03-31,2020-03-31,Q1,80234000,37392000.0,42842000.0,0.5339631577635416,0.0,0.0,0.0,0.0,48552000,85944000,3704000.0,6338000.0,628000.0,0.00782710571578134,-5710000.0,-0.07116683700176982,0.0,-9365000.0,-0.11672109080938256,672000.0,-9970000.0,-0.12426153501009547,-0.34,-0.34,29323529,29323529,https://www.bundesanzeiger.de/pub/de/suche;wwwsid=627BFD7A56A5CB624C47FDDEAB2FC509.web07-pub?0,https://www.bundesanzeiger.de/pub/de/suche;wwwsid=627BFD7A56A5CB624C47FDDEAB2FC509.web07-pub?0,1620595449,17:24:09,20210509
4,2019-12-31,MXHN.DE,EUR,2019-12-31,2019-12-31,Q4,129696000,70558000.0,59138000.0,0.45597396989884037,0.0,0.0,0.0,0.0,49888000,120446000,-7880000.0,-8182000.0,1068000.0,0.008234641006661733,9250000.0,0.07132062669627437,0.0,-3537000.0,-0.027271465581051074,-3469000.0,-213000.0,-0.0016423019985196152,-0.007908415939460593,-0.007908415939460593,26933333,26933333,https://www.bundesanzeiger.de/pub/de/suche;wwwsid=627BFD7A56A5CB624C47FDDEAB2FC509.web07-pub?0,https://www.bundesanzeiger.de/pub/de/suche;wwwsid=627BFD7A56A5CB624C47FDDEAB2FC509.web07-pub?0,1620595449,17:24:09,20210509
5,2019-09-30,MXHN.DE,EUR,2019-09-30,2019-09-30,Q3,111660000,58724000.0,52936000.0,0.4740820347483432,0.0,0.0,0.0,0.0,58334000,117058000,10525000.0,6656000.0,1258000.0,0.011266344259358768,-5398000.0,-0.04834318466774136,0.0,-15944000.0,-0.1427906143650367,-1144000.0,-14747000.0,-0.13207057137739567,-0.5,-0.5,29494000,29494000,https://www.bundesanzeiger.de/pub/de/suche;wwwsid=627BFD7A56A5CB624C47FDDEAB2FC509.web07-pub?0,https://www.bundesanzeiger.de/pub/de/suche;wwwsid=627BFD7A56A5CB624C47FDDEAB2FC509.web07-pub?0,1620595449,17:24:09,20210509
6,2019-06-30,MXHN.DE,EUR,2019-06-30,2019-06-30,Q2,78978000,42267000.0,36711000.0,0.4648256476487123,0.0,0.0,0.0,0.0,36734000,79001000,0.0,1991000.0,1968000.0,0.024918331687305326,-23000.0,-0.00029122033984147486,0.0,5518000.0,0.06986755805414166,1502000.0,-13914000.0,-0.17617564385018614,-0.47,-0.47,29604255,29604255,https://www.bundesanzeiger.de/pub/de/suche;wwwsid=627BFD7A56A5CB624C47FDDEAB2FC509.web07-pub?0,https://www.bundesanzeiger.de/pub/de/suche;wwwsid=627BFD7A56A5CB624C47FDDEAB2FC509.web07-pub?0,1620595449,17:24:09,20210509
7,2019-03-31,MXHN.DE,EUR,2019-03-31,2019-03-31,Q1,69254000,30038000.0,39216000.0,0.5662633205302221,0.0,0.0,0.0,0.0,35186000,65224000,0.0,2016000.0,6046000.0,0.08730181650157391,4030000.0,0.05819158460161146,0.0,3036000.0,0.043838623039824415,1229000.0,-4997000.0,-0.07215467698616686,-0.17,-0.17,29394118,29394118,https://www.bundesanzeiger.de/pub/de/suche;wwwsid=627BFD7A56A5CB624C47FDDEAB2FC509.web07-pub?0,https://www.bundesanzeiger.de/pub/de/suche;wwwsid=627BFD7A56A5CB624C47FDDEAB2FC509.web07-pub?0,1620595449,17:24:09,20210509
8,2018-12-31,MXHN.DE,EUR,2018-12-31,2018-12-31,Q4,79411000,39047000.0,40364000.0,0.50829230207402,0.0,0.0,0.0,0.0,38884000,77931000,0.0,5775000.0,7255000.0,0.09136013902356097,1480000.0,0.018637216506529324,0.0,298000.0,0.0037526287290173903,-58000.0,-19311000.0,-0.24317789726864036,-0.7169925831310964,-0.7169925831310964,26933333,26933333,https://www.bundesanzeiger.de/pub/de/suche;wwwsid=627BFD7A56A5CB624C47FDDEAB2FC509.web07-pub?0,https://www.bundesanzeiger.de/pub/de/suche;wwwsid=627BFD7A56A5CB624C47FDDEAB2FC509.web07-pub?0,1620595449,17:24:09,20210509
9,2018-09-30,MXHN.DE,EUR,2018-09-30,2018-09-30,Q3,64501000,28240000.0,36261000.0,0.562177330584022,0.0,0.0,0.0,0.0,32975000,61215000,0.0,1628000.0,4914000.0,0.0761848653509248,3286000.0,0.05094494658997535,0.0,2155000.0,0.03341033472349266,-1459000.0,-9544000.0,-0.14796669819072572,-0.15,-0.15,29459415,29459415,https://www.bundesanzeiger.de/pub/de/suche;wwwsid=627BFD7A56A5CB624C47FDDEAB2FC509.web07-pub?0,https://www.bundesanzeiger.de/pub/de/suche;wwwsid=627BFD7A56A5CB624C47FDDEAB2FC509.web07-pub?0,1620595449,17:24:09,20210509
10,2018-06-30,MXHN.DE,EUR,2018-06-30,2018-06-30,Q2,112905000,68570000.0,44335000.0,0.39267525796023206,0.0,0.0,0.0,0.0,49147000,117717000,684000.0,2933000.0,-1879000.0,-0.01664230990655861,-4812000.0,-0.0426199016872592,0.0,-5696000.0,-0.05044949293653957,-1713000.0,-3614000.0,-0.03200921128382268,-0.07,-0.07,29459415,29459415,https://www.bundesanzeiger.de/pub/de/suche;wwwsid=627BFD7A56A5CB624C47FDDEAB2FC509.web07-pub?0,https://www.bundesanzeiger.de/pub/de/suche;wwwsid=627BFD7A56A5CB624C47FDDEAB2FC509.web07-pub?0,1620595449,17:24:09,20210509
11,2018-03-31,MXHN.DE,EUR,2018-03-31,2018-03-31,Q1,90709000,47656000.0,43053000.0,0.47462765546968877,0.0,0.0,0.0,0.0,39991000,87647000,639000.0,2233000.0,5295000.0,0.05837348002954503,3062000.0,0.0337562976110419,0.0,2352000.0,0.02592906988281207,740000.0,1655000.0,0.018245157591859684,0.06,0.06,27583333,27583333,https://www.bundesanzeiger.de/pub/de/suche;wwwsid=627BFD7A56A5CB624C47FDDEAB2FC509.web07-pub?0,https://www.bundesanzeiger.de/pub/de/suche;wwwsid=627BFD7A56A5CB624C47FDDEAB2FC509.web07-pub?0,1620595449,17:24:09,20210509
12,2017-12-31,MXHN.DE,EUR,2017-12-31,2017-12-31,Q4,105033000,58095000.0,46938000.0,0.44688812087629604,0.0,0.0,0.0,0.0,42374000,100469000,1483000.0,3783000.0,8347000.0,0.07947026172726666,4564000.0,0.043453010006378946,0.0,4624000.0,0.0440242590423962,-884000.0,5371000.0,0.051136309540810984,0.19941831929973167,0.19941831929973167,26933333,26933333,https://www.bundesanzeiger.de/pub/de/suche;wwwsid=627BFD7A56A5CB624C47FDDEAB2FC509.web07-pub?0,https://www.bundesanzeiger.de/pub/de/suche;wwwsid=627BFD7A56A5CB624C47FDDEAB2FC509.web07-pub?0,1620595449,17:24:09,20210509
13,2017-09-30,MXHN.DE,EUR,2017-09-30,2017-09-30,Q3,90902000,43724000.0,47178000.0,0.5189984818815868,0.0,0.0,0.0,0.0,40736000,84460000,709000.0,1604000.0,8046000.0,0.0885129040065125,6442000.0,0.07086752766715804,0.0,5116000.0,0.05628038987040989,1528000.0,3593000.0,0.03952608303447669,0.12,0.12,29941667,29941667,https://www.bundesanzeiger.de/pub/de/suche;wwwsid=627BFD7A56A5CB624C47FDDEAB2FC509.web07-pub?0,https://www.bundesanzeiger.de/pub/de/suche;wwwsid=627BFD7A56A5CB624C47FDDEAB2FC509.web07-pub?0,1620595449,17:24:09,20210509
14,2017-06-30,MXHN.DE,EUR,2017-06-30,2017-06-30,Q2,93015000,47296000.0,45719000.0,0.49152287265494815,0.0,0.0,0.0,0.0,40485000,87781000,901000.0,1642000.0,6876000.0,0.07392356071601354,5234000.0,0.05627049400634306,0.0,3706000.0,0.039843036069451165,1172000.0,2560000.0,0.02752244261678224,0.097297,0.097297,27538283,27538283,https://www.bundesanzeiger.de/pub/de/suche;wwwsid=627BFD7A56A5CB624C47FDDEAB2FC509.web07-pub?0,https://www.bundesanzeiger.de/pub/de/suche;wwwsid=627BFD7A56A5CB624C47FDDEAB2FC509.web07-pub?0,1620595449,17:24:09,20210509
15,2017-03-31,MXHN.DE,EUR,2017-03-31,2017-03-31,Q1,87230000,43042000.0,44188000.0,0.5065688409950705,0.0,0.0,0.0,0.0,39640000,82682000,449000.0,1648000.0,6196000.0,0.07103060873552677,4548000.0,0.05213802590851771,0.0,3584000.0,0.04108678207038863,1088000.0,2441000.0,0.027983491917918147,0.087568,0.087568,27875623,27875623,https://www.bundesanzeiger.de/pub/de/suche;wwwsid=627BFD7A56A5CB624C47FDDEAB2FC509.web07-pub?0,https://www.bundesanzeiger.de/pub/de/suche;wwwsid=627BFD7A56A5CB624C47FDDEAB2FC509.web07-pub?0,1620595449,17:24:09,20210509
16,2016-12-31,MXHN.DE,EUR,2016-12-31,2016-12-31,Q4,102777000,57036000.0,45741000.0,0.4450509355205931,0.0,18266000.0,0.0,49000.0,40301000,97337000,1167000.0,2066000.0,7506000.0,0.07303190402521965,5440000.0,0.052930130282067,0.0,4952000.0,0.04818198624205805,-369000.0,5299000.0,0.051558228008211957,0.196745051939914,0.196745051939914,26933333,26933333,https://www.bundesanzeiger.de/pub/de/suche;wwwsid=627BFD7A56A5CB624C47FDDEAB2FC509.web07-pub?0,https://www.bundesanzeiger.de/pub/de/suche;wwwsid=627BFD7A56A5CB624C47FDDEAB2FC509.web07-pub?0,1620595449,17:24:09,20210509
17,2016-09-30,MXHN.DE,EUR,2016-09-30,2016-09-30,Q3,74252000,32904000.0,41348000.0,0.556860421268114,0.0,0.0,0.0,0.0,36726000,69630000,408000.0,1695000.0,6317000.0,0.0850751494909228,4622000.0,0.062247481549318535,0.0,3158000.0,0.0425308409201099,506000.0,2652000.0,0.03571620966438614,0.097297,0.097297,27256673,27256673,https://www.bundesanzeiger.de/pub/de/suche;wwwsid=627BFD7A56A5CB624C47FDDEAB2FC509.web07-pub?0,https://www.bundesanzeiger.de/pub/de/suche;wwwsid=627BFD7A56A5CB624C47FDDEAB2FC509.web07-pub?0,1620595449,17:24:09,20210509
18,2016-06-30,MXHN.DE,EUR,2016-06-30,2016-06-30,Q2,84491000,42975000.0,41516000.0,0.49136594430175995,0.0,0.0,0.0,0.0,37989000,80964000,775000.0,1720000.0,5247000.0,0.06210128889467517,3527000.0,0.041744091086624614,0.0,1645000.0,0.019469529298978588,954000.0,691000.0,0.008178385863583104,0.029189,0.029189,27538710,27538710,https://www.bundesanzeiger.de/pub/de/suche;wwwsid=627BFD7A56A5CB624C47FDDEAB2FC509.web07-pub?0,https://www.bundesanzeiger.de/pub/de/suche;wwwsid=627BFD7A56A5CB624C47FDDEAB2FC509.web07-pub?0,1620595449,17:24:09,20210509
19,2016-03-31,MXHN.DE,EUR,2016-03-31,2016-03-31,Q1,75618000,36992000.0,38626000.0,0.5108043058531038,0.0,0.0,0.0,0.0,37197000,74189000,582000.0,1585000.0,3014000.0,0.03985823481181729,1429000.0,0.018897616969504615,0.0,-212000.0,-0.0028035652886878783,110000.0,-322000.0,-0.004258245391308948,-0.00973,-0.00973,33094452,33094452,https://www.bundesanzeiger.de/pub/de/suche;wwwsid=627BFD7A56A5CB624C47FDDEAB2FC509.web07-pub?0,https://www.bundesanzeiger.de/pub/de/suche;wwwsid=627BFD7A56A5CB624C47FDDEAB2FC509.web07-pub?0,1620595449,17:24:09,20210509
20,2015-12-31,MXHN.DE,EUR,2015-12-31,2015-12-31,Q4,117486000,65903000.0,51583000.0,0.43905656844219737,0.0,0.0,0.0,0.0,43376000,109279000,1150000.0,2628000.0,10835000.0,0.09222375431966362,8207000.0,0.06985513167526343,0.0,7535000.0,0.06413530122738029,2825000.0,4710000.0,0.04008988304989531,0.17487623978807226,0.17487623978807226,26933333,26933333,https://www.bundesanzeiger.de/pub/de/suche;wwwsid=627BFD7A56A5CB624C47FDDEAB2FC509.web07-pub?0,https://www.bundesanzeiger.de/pub/de/suche;wwwsid=627BFD7A56A5CB624C47FDDEAB2FC509.web07-pub?0,1620595449,17:24:09,20210509
21,2015-09-30,MXHN.DE,EUR,2015-09-30,2015-09-30,Q3,95814000,48518000.0,47296000.0,0.49362306134802847,0.0,0.0,0.0,0.0,39809000,88327000,867000.0,1469000.0,8956000.0,0.09347277015884944,7487000.0,0.07814098148496045,0.0,5235000.0,0.05463710939946145,1671000.0,3564000.0,0.03719706932181101,0.13,0.13,26794415,26794415,https://www.bundesanzeiger.de/pub/de/suche;wwwsid=627BFD7A56A5CB624C47FDDEAB2FC509.web07-pub?0,https://www.bundesanzeiger.de/pub/de/suche;wwwsid=627BFD7A56A5CB624C47FDDEAB2FC509.web07-pub?0,1620595449,17:24:09,20210509
22,2015-06-30,MXHN.DE,EUR,2015-06-30,2015-06-30,Q2,94943000,48161000.0,46782000.0,0.49273774791190506,0.0,0.0,0.0,0.0,41272000,89433000,1021000.0,1840000.0,7350000.0,0.07741486997461634,5510000.0,0.05803482089253552,0.0,3627000.0,0.03820186848951476,1137000.0,2490000.0,0.026226262073033295,0.087568,0.087568,27538710,27538710,https://www.bundesanzeiger.de/pub/de/suche;wwwsid=627BFD7A56A5CB624C47FDDEAB2FC509.web07-pub?0,https://www.bundesanzeiger.de/pub/de/suche;wwwsid=627BFD7A56A5CB624C47FDDEAB2FC509.web07-pub?0,1620595449,17:24:09,20210509
23,2015-03-31,MXHN.DE,EUR,2015-03-31,2015-03-31,Q1,75573000,36265000.0,39308000.0,0.5201328516798327,0.0,0.0,0.0,0.0,37569000,73834000,777000.0,1565000.0,3304000.0,0.043719317745755756,1739000.0,0.023010863668241302,0.0,-133000.0,-0.0017598877906130495,43000.0,-176000.0,-0.0023288740687811785,-0.00973,-0.00973,27538710,27538710,https://www.bundesanzeiger.de/pub/de/suche;wwwsid=627BFD7A56A5CB624C47FDDEAB2FC509.web07-pub?0,https://www.bundesanzeiger.de/pub/de/suche;wwwsid=627BFD7A56A5CB624C47FDDEAB2FC509.web07-pub?0,1620595449,17:24:09,20210509
24,2014-12-31,MXHN.DE,EUR,2014-12-31,2014-12-31,Q4,98554000,50153000.0,48401000.0,0.49111147188343446,0.0,0.0,0.0,2702000.0,40805000,90958000,1315000.0,1741000.0,9337000.0,0.0947399395255393,7596000.0,0.077074497229945,0.0,9965000.0,0.10111208068673012,2744000.0,7221000.0,0.07326947663210016,0.2681064389617134,0.2681064389617134,26933333,26933333,https://www.bundesanzeiger.de/pub/de/suche;wwwsid=627BFD7A56A5CB624C47FDDEAB2FC509.web07-pub?0,https://www.bundesanzeiger.de/pub/de/suche;wwwsid=627BFD7A56A5CB624C47FDDEAB2FC509.web07-pub?0,1620595449,17:24:09,20210509
25,2014-09-30,MXHN.DE,EUR,2014-09-30,2014-09-30,Q3,89454000,45739000.0,43715000.0,0.4886869228877412,0.0,0.0,0.0,0.0,38341000,84080000,0.0,1545000.0,6919000.0,0.07734701634359559,5374000.0,0.060075569566481093,0.0,4257000.0,0.047588704809175666,1167000.0,3090000.0,0.03454289355422899,0.116757,0.116757,27538710,27538710,https://www.bundesanzeiger.de/pub/de/suche;wwwsid=627BFD7A56A5CB624C47FDDEAB2FC509.web07-pub?0,https://www.bundesanzeiger.de/pub/de/suche;wwwsid=627BFD7A56A5CB624C47FDDEAB2FC509.web07-pub?0,1620595449,17:24:09,20210509
26,2014-06-30,MXHN.DE,EUR,2014-06-30,2014-06-30,Q2,90381000,48571000.0,41810000.0,0.46259722729334707,0.0,0.0,0.0,0.0,36784000,85355000,902000.0,1363000.0,6389000.0,0.07068963609608214,5026000.0,0.05560903287195318,0.0,3501000.0,0.038736017525807416,1148000.0,2353000.0,0.026034232858676048,0.087568,0.087568,27538710,27538710,https://www.bundesanzeiger.de/pub/de/suche;wwwsid=627BFD7A56A5CB624C47FDDEAB2FC509.web07-pub?0,https://www.bundesanzeiger.de/pub/de/suche;wwwsid=627BFD7A56A5CB624C47FDDEAB2FC509.web07-pub?0,1620595449,17:24:09,20210509
27,2014-03-31,MXHN.DE,EUR,2014-03-31,2014-03-31,Q1,73048000,38569000.0,34479000.0,0.4720047092322856,0.0,0.0,0.0,0.0,36352000,74921000,836000.0,1398000.0,-475000.0,-0.006502573650202606,-1873000.0,-0.025640674624904172,0.0,-3540000.0,-0.048461285729931004,-897000.0,-2643000.0,-0.03618168875260103,-0.095974,-0.095974,27538710,27538710,https://www.bundesanzeiger.de/pub/de/suche;wwwsid=627BFD7A56A5CB624C47FDDEAB2FC509.web07-pub?0,https://www.bundesanzeiger.de/pub/de/suche;wwwsid=627BFD7A56A5CB624C47FDDEAB2FC509.web07-pub?0,1620595449,17:24:09,20210509
28,2013-12-31,MXHN.DE,EUR,2013-12-31,2013-12-31,Q4,94632000,50168000.0,44464000.0,0.4698622030602756,0.0,0.0,0.0,0.0,35533000,85701000,1445000.0,859000.0,9790000.0,0.10345337729309324,8931000.0,0.09437610956124778,0.0,6691000.0,0.07070546960858906,2122000.0,4569000.0,0.04828176515343647,0.16964109120842935,0.16964109120842935,26933333,26933333,https://www.bundesanzeiger.de/pub/de/suche;wwwsid=627BFD7A56A5CB624C47FDDEAB2FC509.web07-pub?0,https://www.bundesanzeiger.de/pub/de/suche;wwwsid=627BFD7A56A5CB624C47FDDEAB2FC509.web07-pub?0,1620595449,17:24:09,20210509
29,2013-09-30,MXHN.DE,EUR,2013-09-30,2013-09-30,Q3,57320000,28083000.0,29237000.0,0.5100662944870901,0.0,0.0,0.0,0.0,25704000,53787000,227000.0,1326000.0,4859000.0,0.08476971388695045,3533000.0,0.061636427076064204,0.0,3149000.0,0.05493719469644103,963000.0,2186000.0,0.0381367759944173,0.077838,0.077838,27538710,27538710,https://www.bundesanzeiger.de/pub/de/suche;wwwsid=627BFD7A56A5CB624C47FDDEAB2FC509.web07-pub?0,https://www.bundesanzeiger.de/pub/de/suche;wwwsid=627BFD7A56A5CB624C47FDDEAB2FC509.web07-pub?0,1620595449,17:24:09,20210509
30,2013-06-30,MXHN.DE,EUR,2013-06-30,2013-06-30,Q2,62234000,31214000.0,31020000.0,0.4984413664556352,0.0,0.0,0.0,0.0,28027000,59241000,305000.0,1552000.0,4545000.0,0.07303081916637208,2993000.0,0.048092682456535016,0.0,2649000.0,0.04256515730950927,619000.0,2030000.0,0.032618825722273995,0.077838,0.077838,27538710,27538710,https://www.bundesanzeiger.de/pub/de/suche;wwwsid=627BFD7A56A5CB624C47FDDEAB2FC509.web07-pub?0,https://www.bundesanzeiger.de/pub/de/suche;wwwsid=627BFD7A56A5CB624C47FDDEAB2FC509.web07-pub?0,1620595449,17:24:09,20210509
31,2013-03-31,MXHN.DE,EUR,2013-03-31,2013-03-31,Q1,55914000,26724000.0,29190000.0,0.5220517222877992,0.0,0.0,0.0,-718000.0,26626000,53350000,312000.0,1354000.0,3918000.0,0.0700718961261938,2564000.0,0.04585613620917838,0.0,2205000.0,0.03943556175555317,640000.0,1565000.0,0.027989412311764494,0.058378,0.058378,27538710,27538710,https://www.bundesanzeiger.de/pub/de/suche;wwwsid=627BFD7A56A5CB624C47FDDEAB2FC509.web07-pub?0,https://www.bundesanzeiger.de/pub/de/suche;wwwsid=627BFD7A56A5CB624C47FDDEAB2FC509.web07-pub?0,1620595449,17:24:09,20210509
32,2012-12-31,MXHN.DE,EUR,2012-12-31,2012-12-31,Q4,69065000,36732000.0,32333000.0,0.46815318902483166,0.0,0.0,0.0,-26000.0,27879000,64611000,0.0,1369000.0,5823000.0,0.08431188011293708,4454000.0,0.06448997321363932,0.0,20259000.0,0.2933323680590748,1286000.0,2917000.0,0.042235575182798815,0.10830445678594625,0.10830445678594625,26933333,26933333,https://www.bundesanzeiger.de/pub/de/suche;wwwsid=627BFD7A56A5CB624C47FDDEAB2FC509.web07-pub?0,https://www.bundesanzeiger.de/pub/de/suche;wwwsid=627BFD7A56A5CB624C47FDDEAB2FC509.web07-pub?0,1620595449,17:24:09,20210509
33,2012-09-30,MXHN.DE,EUR,2012-09-30,2012-09-30,Q3,62801000,33604000.0,29197000.0,0.4649129790926896,0.0,0.0,0.0,187000.0,25732000,59336000,0.0,1347000.0,4812000.0,0.07662298371045047,3465000.0,0.05517428066432063,0.0,-2996000.0,-0.04770624671581663,1026000.0,1970000.0,0.03136892724638143,0.068108,0.068108,28924609,28924609,https://www.bundesanzeiger.de/pub/de/suche;wwwsid=627BFD7A56A5CB624C47FDDEAB2FC509.web07-pub?0,https://www.bundesanzeiger.de/pub/de/suche;wwwsid=627BFD7A56A5CB624C47FDDEAB2FC509.web07-pub?0,1620595449,17:24:09,20210509
34,2012-06-30,MXHN.DE,EUR,2012-06-30,2012-06-30,Q2,59940000,31967000.0,27973000.0,0.4666833500166834,0.0,0.0,0.0,0.0,24967000,56934000,307000.0,1251000.0,4257000.0,0.07102102102102102,3006000.0,0.05015015015015015,0.0,2669000.0,0.04452786119452786,711000.0,1958000.0,0.032665999332666,0.068108,0.068108,27538710,27538710,https://www.bundesanzeiger.de/pub/de/suche;wwwsid=627BFD7A56A5CB624C47FDDEAB2FC509.web07-pub?0,https://www.bundesanzeiger.de/pub/de/suche;wwwsid=627BFD7A56A5CB624C47FDDEAB2FC509.web07-pub?0,1620595449,17:24:09,20210509
35,2012-03-31,MXHN.DE,EUR,2012-03-31,2012-03-31,Q1,52512000,25070000.0,27442000.0,0.5225853138330286,0.0,0.0,0.0,-97000.0,24941000,50011000,0.0,1151000.0,3652000.0,0.0695460085313833,2501000.0,0.04762720901889092,0.0,2452000.0,0.04669408897014016,825000.0,1627000.0,0.030983394271785498,0.058378,0.058378,27538710,27538710,https://www.bundesanzeiger.de/pub/de/suche;wwwsid=627BFD7A56A5CB624C47FDDEAB2FC509.web07-pub?0,https://www.bundesanzeiger.de/pub/de/suche;wwwsid=627BFD7A56A5CB624C47FDDEAB2FC509.web07-pub?0,1620595449,17:24:09,20210509
36,2011-12-31,MXHN.DE,EUR,2011-12-31,2011-12-31,Q4,69811000,38767000.0,31044000.0,0.44468636747790463,0.0,0.0,0.0,0.0,23948000,62715000,0.0,1341000.0,8437000.0,0.12085487960350089,7096000.0,0.10164587242698142,0.0,6287000.0,0.09005744080445775,485000.0,5802000.0,0.08311011158699919,0.21542079474530687,0.21542079474530687,26933333,26933333,https://www.bundesanzeiger.de/pub/de/suche;wwwsid=627BFD7A56A5CB624C47FDDEAB2FC509.web07-pub?0,https://www.bundesanzeiger.de/pub/de/suche;wwwsid=627BFD7A56A5CB624C47FDDEAB2FC509.web07-pub?0,1620595449,17:24:09,20210509
37,2011-09-30,MXHN.DE,EUR,2011-09-30,2011-09-30,Q3,69044000,40301000.0,28743000.0,0.4162997508834946,0.0,0.0,0.0,0.0,25111000,65412000,0.0,1198000.0,4830000.0,0.06995539076530907,3632000.0,0.05260413649267134,0.0,3277000.0,0.04746248768900991,815000.0,2462000.0,0.0356584207172238,0.087568,0.087568,27538710,27538710,https://www.bundesanzeiger.de/pub/de/suche;wwwsid=627BFD7A56A5CB624C47FDDEAB2FC509.web07-pub?0,https://www.bundesanzeiger.de/pub/de/suche;wwwsid=627BFD7A56A5CB624C47FDDEAB2FC509.web07-pub?0,1620595449,17:24:09,20210509
38,2011-06-30,MXHN.DE,EUR,2011-06-30,2011-06-30,Q2,70982000,42159000.0,28823000.0,0.406060691442901,0.0,0.0,0.0,0.0,25632000,67791000,0.0,1156000.0,4347000.0,0.06124087796906258,3191000.0,0.044955059029049615,0.0,2812000.0,0.03961567721394156,954000.0,1858000.0,0.02617565016483052,0.068108,0.068108,27538710,27538710,https://www.bundesanzeiger.de/pub/de/suche;wwwsid=627BFD7A56A5CB624C47FDDEAB2FC509.web07-pub?0,https://www.bundesanzeiger.de/pub/de/suche;wwwsid=627BFD7A56A5CB624C47FDDEAB2FC509.web07-pub?0,1620595449,17:24:09,20210509
39,2011-03-31,MXHN.DE,EUR,2011-03-31,2011-03-31,Q1,50160000,25388000.0,24772000.0,0.493859649122807,0.0,0.0,0.0,0.0,22584000,47972000,0.0,981000.0,3169000.0,0.06317783094098883,2188000.0,0.043620414673046254,0.0,1737000.0,0.034629186602870815,427000.0,1310000.0,0.026116427432216906,0.048649,0.048649,27538710,27538710,https://www.bundesanzeiger.de/pub/de/suche;wwwsid=627BFD7A56A5CB624C47FDDEAB2FC509.web07-pub?0,https://www.bundesanzeiger.de/pub/de/suche;wwwsid=627BFD7A56A5CB624C47FDDEAB2FC509.web07-pub?0,1620595449,17:24:09,20210509
40,2010-12-31,MXHN.DE,EUR,2010-12-31,2010-12-31,Q4,59527000,32515000.0,27012000.0,0.45377727753792396,0.0,0.0,0.0,-324000.0,21884000,54399000,0.0,991000.0,6119000.0,0.10279369025820216,5128000.0,0.08614578258605339,0.0,4772000.0,0.0801653031397517,1184000.0,3588000.0,0.06027516925092815,0.13321782343091365,0.13321782343091365,26933333,26933333,https://www.bundesanzeiger.de/pub/de/suche;wwwsid=627BFD7A56A5CB624C47FDDEAB2FC509.web07-pub?0,https://www.bundesanzeiger.de/pub/de/suche;wwwsid=627BFD7A56A5CB624C47FDDEAB2FC509.web07-pub?0,1620595449,17:24:09,20210509
41,2010-09-30,MXHN.DE,EUR,2010-09-30,2010-09-30,Q3,51383000,27019000.0,24364000.0,0.47416460697117724,0.0,0.0,0.0,0.0,21753000,48772000,0.0,898000.0,3509000.0,0.06829106903061324,2611000.0,0.05081447171243408,0.0,1939000.0,0.03773621625829555,322000.0,1617000.0,0.03146955218652083,0.058378,0.058378,27538710,27538710,https://www.bundesanzeiger.de/pub/de/suche;wwwsid=627BFD7A56A5CB624C47FDDEAB2FC509.web07-pub?0,https://www.bundesanzeiger.de/pub/de/suche;wwwsid=627BFD7A56A5CB624C47FDDEAB2FC509.web07-pub?0,1620595449,17:24:09,20210509
42,2010-06-30,MXHN.DE,EUR,2010-06-30,2010-06-30,Q2,40104000,18776000.0,21328000.0,0.5318172750847796,0.0,0.0,0.0,0.0,20124000,38900000,0.0,912000.0,2116000.0,0.052762816676640734,1204000.0,0.03002194294833433,0.0,938000.0,0.02338918811091163,99000.0,839000.0,0.02092060642329942,0.029189,0.029189,27538710,27538710,https://www.bundesanzeiger.de/pub/de/suche;wwwsid=627BFD7A56A5CB624C47FDDEAB2FC509.web07-pub?0,https://www.bundesanzeiger.de/pub/de/suche;wwwsid=627BFD7A56A5CB624C47FDDEAB2FC509.web07-pub?0,1620595449,17:24:09,20210509
43,2010-03-31,MXHN.DE,EUR,2010-03-31,2010-03-31,Q1,38729000,18910000.0,19819000.0,0.5117353920834516,0.0,0.0,0.0,0.0,19260000,38170000,0.0,934000.0,1493000.0,0.038549923829688346,559000.0,0.01443362854708358,0.0,324000.0,0.008365824059490304,159000.0,165000.0,0.0042603733636293216,0.00973,0.00973,27538710,27538710,https://www.bundesanzeiger.de/pub/de/suche;wwwsid=627BFD7A56A5CB624C47FDDEAB2FC509.web07-pub?0,https://www.bundesanzeiger.de/pub/de/suche;wwwsid=627BFD7A56A5CB624C47FDDEAB2FC509.web07-pub?0,1620595449,17:24:09,20210509
44,2009-12-31,MXHN.DE,EUR,2009-12-31,2009-12-31,Q4,34789000,0.0,0.0,0.0,0.0,0.0,0.0,1037000.0,91007000,34249000,0.0,923000.0,1463000.0,0.042053522665210265,540000.0,0.015522147805340768,0.0,320000.0,0.009198309810572307,126000.0,194000.0,0.005576475322659462,0.007202970386175376,0.007202970386175376,26933333,26933333,https://www.bundesanzeiger.de/pub/de/suche;wwwsid=627BFD7A56A5CB624C47FDDEAB2FC509.web07-pub?0,https://www.bundesanzeiger.de/pub/de/suche;wwwsid=627BFD7A56A5CB624C47FDDEAB2FC509.web07-pub?0,1620595449,17:24:09,20210509
45,2009-09-30,MXHN.DE,EUR,2009-09-30,2009-09-30,Q3,42026000,21018000.0,21008000.0,0.4998810260315043,0.0,0.0,0.0,0.0,18956000,39974000,0.0,946000.0,2998000.0,0.07133679151001761,2052000.0,0.048826916670632464,0.0,2267000.0,0.05394279731594727,319000.0,1949000.0,0.046376052919621186,0.068108,0.068108,27538710,27538710,https://www.bundesanzeiger.de/pub/de/suche;wwwsid=627BFD7A56A5CB624C47FDDEAB2FC509.web07-pub?0,https://www.bundesanzeiger.de/pub/de/suche;wwwsid=627BFD7A56A5CB624C47FDDEAB2FC509.web07-pub?0,1620595449,17:24:09,20210509
