,date,symbol,reportedCurrency,fillingDate,acceptedDate,period,revenue,costOfRevenue,grossProfit,grossProfitRatio,researchAndDevelopmentExpenses,generalAndAdministrativeExpenses,sellingAndMarketingExpenses,otherExpenses,operatingExpenses,costAndExpenses,interestExpense,depreciationAndAmortization,ebitda,ebitdaratio,operatingIncome,operatingIncomeRatio,totalOtherIncomeExpensesNet,incomeBeforeTax,incomeBeforeTaxRatio,incomeTaxExpense,netIncome,netIncomeRatio,eps,epsdiluted,weightedAverageShsOut,weightedAverageShsOutDil,link,finalLink,timestamp,est_time,est_date
0,2019-06-30,SNG.L,GBP,2019-06-30,2019-06-30,Q2,0.0,0.0,0.0,0.0,865000.0,339250.0,0.0,0.0,0.0,1204250.0,1500.0,40750.0,-1163500.0,0.0,-1204250.0,0.0,0.0,-1198250.0,0.0,-227000.0,-971250.0,0.0,-0.00882225,-0.00882225,110090393,110090393,https://find-and-update.company-information.service.gov.uk/search/companies?q=Synairgen+PLC,https://find-and-update.company-information.service.gov.uk/search/companies?q=Synairgen+PLC,1620598090,18:08:10,20210509
1,2019-03-31,SNG.L,GBP,2019-03-31,2019-03-31,Q1,0.0,0.0,0.0,0.0,865000.0,339250.0,0.0,0.0,0.0,1204250.0,1500.0,40750.0,-1163500.0,0.0,-1204250.0,0.0,0.0,-1198250.0,0.0,-227000.0,-971250.0,0.0,-0.00882225,-0.00882225,110090393,110090393,https://find-and-update.company-information.service.gov.uk/search/companies?q=Synairgen+PLC,https://find-and-update.company-information.service.gov.uk/search/companies?q=Synairgen+PLC,1620598090,18:08:10,20210509
2,2019-01-31,SNG.L,GBP,2019-01-31,2019-01-31,Q1,0.0,0.0,0.0,0.0,865000.0,339250.0,0.0,0.0,0.0,1204250.0,1500.0,40750.0,-1163500.0,0.0,-1204250.0,0.0,0.0,-1198250.0,0.0,-227000.0,-971250.0,0.0,-0.00882225,-0.00882225,110090393,110090393,https://find-and-update.company-information.service.gov.uk/search/companies?q=Synairgen+PLC,https://find-and-update.company-information.service.gov.uk/search/companies?q=Synairgen+PLC,1620598090,18:08:10,20210509
3,2018-06-30,SNG.L,GBP,2018-06-30,2018-06-30,Q2,26250.0,0.0,0.0,0.0,808000.0,251250.0,0.0,0.0,0.0,1059250.0,0.0,10000.0,-1023000.0,-38.97142857142857,-1033000.0,-39.352380952380955,0.0,-1024000.0,-39.00952380952381,-198750.0,-825250.0,-31.438095238095237,-0.0086235,-0.0086235,95832101,95832101,https://find-and-update.company-information.service.gov.uk/search/companies?q=Synairgen+PLC,https://find-and-update.company-information.service.gov.uk/search/companies?q=Synairgen+PLC,1620598090,18:08:10,20210509
4,2018-03-31,SNG.L,GBP,2018-03-31,2018-03-31,Q1,26250.0,0.0,0.0,0.0,808000.0,251250.0,0.0,0.0,0.0,1059250.0,0.0,10000.0,-1023000.0,-38.97142857142857,-1033000.0,-39.352380952380955,0.0,-1024000.0,-39.00952380952381,-198750.0,-825250.0,-31.438095238095237,-0.0086235,-0.0086235,95832101,95832101,https://find-and-update.company-information.service.gov.uk/search/companies?q=Synairgen+PLC,https://find-and-update.company-information.service.gov.uk/search/companies?q=Synairgen+PLC,1620598090,18:08:10,20210509
5,2018-01-31,SNG.L,GBP,2018-01-31,2018-01-31,Q1,26250.0,0.0,0.0,0.0,808000.0,251250.0,0.0,0.0,0.0,1059250.0,0.0,10000.0,-1023000.0,-38.97142857142857,-1033000.0,-39.352380952380955,0.0,-1024000.0,-39.00952380952381,-198750.0,-825250.0,-31.438095238095237,-0.0086235,-0.0086235,95832101,95832101,https://find-and-update.company-information.service.gov.uk/search/companies?q=Synairgen+PLC,https://find-and-update.company-information.service.gov.uk/search/companies?q=Synairgen+PLC,1620598090,18:08:10,20210509
6,2017-06-30,SNG.L,GBP,2017-06-30,2017-06-30,Q2,1256250.0,0.0,0.0,0.0,515250.0,337250.0,0.0,0.0,0.0,852500.0,0.0,6000.0,409750.0,0.32616915422885573,403750.0,0.32139303482587067,0.0,407250.0,0.32417910447761195,-33000.0,440250.0,0.35044776119402987,0.00479625,0.00464725,91908802,94798965,https://find-and-update.company-information.service.gov.uk/search/companies?q=Synairgen+PLC,https://find-and-update.company-information.service.gov.uk/search/companies?q=Synairgen+PLC,1620598090,18:08:10,20210509
7,2017-03-31,SNG.L,GBP,2017-03-31,2017-03-31,Q1,1256250.0,0.0,0.0,0.0,515250.0,337250.0,0.0,0.0,0.0,852500.0,0.0,6000.0,409750.0,0.32616915422885573,403750.0,0.32139303482587067,0.0,407250.0,0.32417910447761195,-33000.0,440250.0,0.35044776119402987,0.00479625,0.00464725,91908802,94798965,https://find-and-update.company-information.service.gov.uk/search/companies?q=Synairgen+PLC,https://find-and-update.company-information.service.gov.uk/search/companies?q=Synairgen+PLC,1620598090,18:08:10,20210509
8,2017-01-31,SNG.L,GBP,2017-01-31,2017-01-31,Q1,1256250.0,0.0,0.0,0.0,515250.0,337250.0,0.0,0.0,0.0,852500.0,0.0,6000.0,409750.0,0.32616915422885573,403750.0,0.32139303482587067,0.0,407250.0,0.32417910447761195,-33000.0,440250.0,0.35044776119402987,0.00479625,0.00464725,91908802,94798965,https://find-and-update.company-information.service.gov.uk/search/companies?q=Synairgen+PLC,https://find-and-update.company-information.service.gov.uk/search/companies?q=Synairgen+PLC,1620598090,18:08:10,20210509
9,2016-06-30,SNG.L,GBP,2016-06-30,2016-06-30,Q2,0.0,0.0,0.0,0.0,604500.0,256000.0,0.0,0.0,0.0,860500.0,0.0,7000.0,-853500.0,0.0,-860500.0,0.0,0.0,-851000.0,0.0,-146750.0,-704250.0,0.0,-0.00765425,-0.00765425,92007427,92007427,https://find-and-update.company-information.service.gov.uk/search/companies?q=Synairgen+PLC,https://find-and-update.company-information.service.gov.uk/search/companies?q=Synairgen+PLC,1620598090,18:08:10,20210509
10,2016-03-31,SNG.L,GBP,2016-03-31,2016-03-31,Q1,0.0,0.0,0.0,0.0,604500.0,256000.0,0.0,0.0,0.0,860500.0,0.0,7000.0,-853500.0,0.0,-860500.0,0.0,0.0,-851000.0,0.0,-146750.0,-704250.0,0.0,-0.00765425,-0.00765425,92007427,92007427,https://find-and-update.company-information.service.gov.uk/search/companies?q=Synairgen+PLC,https://find-and-update.company-information.service.gov.uk/search/companies?q=Synairgen+PLC,1620598090,18:08:10,20210509
11,2016-01-31,SNG.L,GBP,2016-01-31,2016-01-31,Q1,0.0,0.0,0.0,0.0,604500.0,256000.0,0.0,0.0,0.0,860500.0,0.0,7000.0,-853500.0,0.0,-860500.0,0.0,0.0,-851000.0,0.0,-146750.0,-704250.0,0.0,-0.00765425,-0.00765425,92007427,92007427,https://find-and-update.company-information.service.gov.uk/search/companies?q=Synairgen+PLC,https://find-and-update.company-information.service.gov.uk/search/companies?q=Synairgen+PLC,1620598090,18:08:10,20210509
12,2015-09-30,SNG.L,GBP,2015-09-30,2015-09-30,Q3,6250.0,0.0,0.0,0.0,338750.0,319750.0,0.0,0.0,0.0,658500.0,0.0,7750.0,-644500.0,-103.12,-652250.0,-104.36,0.0,-639750.0,-102.36,-76000.0,-563750.0,-90.2,-0.00613825,-0.00613825,91862527,91862527,https://find-and-update.company-information.service.gov.uk/search/companies?q=Synairgen+PLC,https://find-and-update.company-information.service.gov.uk/search/companies?q=Synairgen+PLC,1620598090,18:08:10,20210509
13,2015-06-30,SNG.L,GBP,2015-06-30,2015-06-30,Q2,6250.0,0.0,0.0,0.0,338750.0,319750.0,0.0,0.0,0.0,658500.0,0.0,7750.0,-644500.0,-103.12,-652250.0,-104.36,0.0,-639750.0,-102.36,-76000.0,-563750.0,-90.2,-0.00613825,-0.00613825,91862527,91862527,https://find-and-update.company-information.service.gov.uk/search/companies?q=Synairgen+PLC,https://find-and-update.company-information.service.gov.uk/search/companies?q=Synairgen+PLC,1620598090,18:08:10,20210509
14,2015-03-31,SNG.L,GBP,2015-03-31,2015-03-31,Q1,6250.0,0.0,0.0,0.0,338750.0,319750.0,0.0,0.0,0.0,658500.0,0.0,7750.0,-644500.0,-103.12,-652250.0,-104.36,0.0,-639750.0,-102.36,-76000.0,-563750.0,-90.2,-0.00613825,-0.00613825,91862527,91862527,https://find-and-update.company-information.service.gov.uk/search/companies?q=Synairgen+PLC,https://find-and-update.company-information.service.gov.uk/search/companies?q=Synairgen+PLC,1620598090,18:08:10,20210509
15,2015-01-31,SNG.L,GBP,2015-01-31,2015-01-31,Q1,6250.0,0.0,0.0,0.0,338750.0,319750.0,0.0,0.0,0.0,658500.0,0.0,7750.0,-644500.0,-103.12,-652250.0,-104.36,0.0,-639750.0,-102.36,-76000.0,-563750.0,-90.2,-0.00613825,-0.00613825,91862527,91862527,https://find-and-update.company-information.service.gov.uk/search/companies?q=Synairgen+PLC,https://find-and-update.company-information.service.gov.uk/search/companies?q=Synairgen+PLC,1620598090,18:08:10,20210509
16,2014-09-30,SNG.L,GBP,2014-09-30,2014-09-30,Q3,1072500.0,0.0,1072500.0,1.0,412250.0,386750.0,0.0,0.0,0.0,799000.0,0.0,11750.0,285250.0,0.265967365967366,273500.0,0.255011655011655,0.0,281250.0,0.26223776223776224,-15750.0,297000.0,0.27692307692307694,0.003529,0.003355,84400212,88704775,https://find-and-update.company-information.service.gov.uk/search/companies?q=Synairgen+PLC,https://find-and-update.company-information.service.gov.uk/search/companies?q=Synairgen+PLC,1620598090,18:08:10,20210509
17,2014-06-30,SNG.L,GBP,2014-06-30,2014-06-30,Q2,1072500.0,0.0,1072500.0,1.0,412250.0,386750.0,0.0,0.0,0.0,799000.0,0.0,11750.0,285250.0,0.265967365967366,273500.0,0.255011655011655,0.0,281250.0,0.26223776223776224,-15750.0,297000.0,0.27692307692307694,0.003529,0.003355,84400212,88704775,https://find-and-update.company-information.service.gov.uk/search/companies?q=Synairgen+PLC,https://find-and-update.company-information.service.gov.uk/search/companies?q=Synairgen+PLC,1620598090,18:08:10,20210509
18,2014-03-31,SNG.L,GBP,2014-03-31,2014-03-31,Q1,1072500.0,0.0,1072500.0,1.0,412250.0,386750.0,0.0,0.0,0.0,799000.0,0.0,11750.0,285250.0,0.265967365967366,273500.0,0.255011655011655,0.0,281250.0,0.26223776223776224,-15750.0,297000.0,0.27692307692307694,0.003529,0.003355,84400212,88704775,https://find-and-update.company-information.service.gov.uk/search/companies?q=Synairgen+PLC,https://find-and-update.company-information.service.gov.uk/search/companies?q=Synairgen+PLC,1620598090,18:08:10,20210509
19,2014-01-31,SNG.L,GBP,2014-01-31,2014-01-31,Q1,1072500.0,0.0,1072500.0,1.0,412250.0,386750.0,0.0,0.0,0.0,799000.0,0.0,11750.0,285250.0,0.265967365967366,273500.0,0.255011655011655,0.0,281250.0,0.26223776223776224,-15750.0,297000.0,0.27692307692307694,0.003529,0.003355,84400212,88704775,https://find-and-update.company-information.service.gov.uk/search/companies?q=Synairgen+PLC,https://find-and-update.company-information.service.gov.uk/search/companies?q=Synairgen+PLC,1620598090,18:08:10,20210509
20,2013-09-30,SNG.L,GBP,2013-09-30,2013-09-30,Q3,0.0,0.0,0.0,0.0,323000.0,246500.0,0.0,0.0,0.0,569500.0,0.0,15500.0,-554000.0,0.0,-569500.0,0.0,0.0,-566750.0,0.0,-56000.0,-510750.0,0.0,-0.0067595,-0.0067595,75635907,75635907,https://find-and-update.company-information.service.gov.uk/search/companies?q=Synairgen+PLC,https://find-and-update.company-information.service.gov.uk/search/companies?q=Synairgen+PLC,1620598090,18:08:10,20210509
21,2013-06-30,SNG.L,GBP,2013-06-30,2013-06-30,Q2,0.0,0.0,0.0,0.0,323000.0,246500.0,0.0,0.0,0.0,569500.0,0.0,15500.0,-554000.0,0.0,-569500.0,0.0,0.0,-566750.0,0.0,-56000.0,-510750.0,0.0,-0.0067595,-0.0067595,75635907,75635907,https://find-and-update.company-information.service.gov.uk/search/companies?q=Synairgen+PLC,https://find-and-update.company-information.service.gov.uk/search/companies?q=Synairgen+PLC,1620598090,18:08:10,20210509
22,2013-03-31,SNG.L,GBP,2013-03-31,2013-03-31,Q1,0.0,0.0,0.0,0.0,323000.0,246500.0,0.0,0.0,0.0,569500.0,0.0,15500.0,-554000.0,0.0,-569500.0,0.0,0.0,-566750.0,0.0,-56000.0,-510750.0,0.0,-0.0067595,-0.0067595,75635907,75635907,https://find-and-update.company-information.service.gov.uk/search/companies?q=Synairgen+PLC,https://find-and-update.company-information.service.gov.uk/search/companies?q=Synairgen+PLC,1620598090,18:08:10,20210509
23,2013-01-31,SNG.L,GBP,2013-01-31,2013-01-31,Q1,0.0,0.0,0.0,0.0,323000.0,246500.0,0.0,0.0,0.0,569500.0,0.0,15500.0,-554000.0,0.0,-569500.0,0.0,0.0,-566750.0,0.0,-56000.0,-510750.0,0.0,-0.0067595,-0.0067595,75635907,75635907,https://find-and-update.company-information.service.gov.uk/search/companies?q=Synairgen+PLC,https://find-and-update.company-information.service.gov.uk/search/companies?q=Synairgen+PLC,1620598090,18:08:10,20210509
24,2012-09-30,SNG.L,GBP,2012-09-30,2012-09-30,Q3,0.0,0.0,0.0,0.0,377000.0,245500.0,0.0,0.0,0.0,622500.0,0.0,19000.0,-603500.0,0.0,-622500.0,0.0,0.0,-615750.0,0.0,-53250.0,-562500.0,0.0,-0.00775375,-0.00775375,72546202,72546202,https://find-and-update.company-information.service.gov.uk/search/companies?q=Synairgen+PLC,https://find-and-update.company-information.service.gov.uk/search/companies?q=Synairgen+PLC,1620598090,18:08:10,20210509
25,2012-06-30,SNG.L,GBP,2012-06-30,2012-06-30,Q2,0.0,0.0,0.0,0.0,377000.0,245500.0,0.0,0.0,0.0,622500.0,0.0,19000.0,-603500.0,0.0,-622500.0,0.0,0.0,-615750.0,0.0,-53250.0,-562500.0,0.0,-0.00775375,-0.00775375,72546202,72546202,https://find-and-update.company-information.service.gov.uk/search/companies?q=Synairgen+PLC,https://find-and-update.company-information.service.gov.uk/search/companies?q=Synairgen+PLC,1620598090,18:08:10,20210509
26,2012-03-31,SNG.L,GBP,2012-03-31,2012-03-31,Q1,0.0,0.0,0.0,0.0,377000.0,245500.0,0.0,0.0,0.0,622500.0,0.0,19000.0,-603500.0,0.0,-622500.0,0.0,0.0,-615750.0,0.0,-53250.0,-562500.0,0.0,-0.00775375,-0.00775375,72546202,72546202,https://find-and-update.company-information.service.gov.uk/search/companies?q=Synairgen+PLC,https://find-and-update.company-information.service.gov.uk/search/companies?q=Synairgen+PLC,1620598090,18:08:10,20210509
27,2012-01-31,SNG.L,GBP,2012-01-31,2012-01-31,Q1,0.0,0.0,0.0,0.0,377000.0,245500.0,0.0,0.0,0.0,622500.0,0.0,19000.0,-603500.0,0.0,-622500.0,0.0,0.0,-615750.0,0.0,-53250.0,-562500.0,0.0,-0.00775375,-0.00775375,72546202,72546202,https://find-and-update.company-information.service.gov.uk/search/companies?q=Synairgen+PLC,https://find-and-update.company-information.service.gov.uk/search/companies?q=Synairgen+PLC,1620598090,18:08:10,20210509
28,2011-09-30,SNG.L,GBP,2011-09-30,2011-09-30,Q3,38750.0,-10750.0,49500.0,1.2774193548387096,726750.0,226000.0,0.0,0.0,190000.0,963500.0,0.0,16000.0,-908750.0,-23.451612903225808,-924750.0,-23.864516129032257,0.0,-916000.0,-23.638709677419357,-108250.0,-807750.0,-20.84516129032258,-0.01334525,-0.01334525,60562026,60562026,https://find-and-update.company-information.service.gov.uk/search/companies?q=Synairgen+PLC,https://find-and-update.company-information.service.gov.uk/search/companies?q=Synairgen+PLC,1620598090,18:08:10,20210509
29,2011-06-30,SNG.L,GBP,2011-06-30,2011-06-30,Q2,38750.0,-10750.0,49500.0,1.2774193548387096,726750.0,226000.0,0.0,0.0,190000.0,963500.0,0.0,16000.0,-908750.0,-23.451612903225808,-924750.0,-23.864516129032257,0.0,-916000.0,-23.638709677419357,-108250.0,-807750.0,-20.84516129032258,-0.01334525,-0.01334525,60562026,60562026,https://find-and-update.company-information.service.gov.uk/search/companies?q=Synairgen+PLC,https://find-and-update.company-information.service.gov.uk/search/companies?q=Synairgen+PLC,1620598090,18:08:10,20210509
30,2011-03-31,SNG.L,GBP,2011-03-31,2011-03-31,Q1,38750.0,-10750.0,49500.0,1.2774193548387096,726750.0,226000.0,0.0,0.0,190000.0,963500.0,0.0,16000.0,-908750.0,-23.451612903225808,-924750.0,-23.864516129032257,0.0,-916000.0,-23.638709677419357,-108250.0,-807750.0,-20.84516129032258,-0.01334525,-0.01334525,60562026,60562026,https://find-and-update.company-information.service.gov.uk/search/companies?q=Synairgen+PLC,https://find-and-update.company-information.service.gov.uk/search/companies?q=Synairgen+PLC,1620598090,18:08:10,20210509
31,2011-01-31,SNG.L,GBP,2011-01-31,2011-01-31,Q1,38750.0,-10750.0,49500.0,1.2774193548387096,726750.0,226000.0,0.0,0.0,190000.0,963500.0,0.0,16000.0,-908750.0,-23.451612903225808,-924750.0,-23.864516129032257,0.0,-916000.0,-23.638709677419357,-108250.0,-807750.0,-20.84516129032258,-0.01334525,-0.01334525,60562026,60562026,https://find-and-update.company-information.service.gov.uk/search/companies?q=Synairgen+PLC,https://find-and-update.company-information.service.gov.uk/search/companies?q=Synairgen+PLC,1620598090,18:08:10,20210509
32,2010-09-30,SNG.L,GBP,2010-09-30,2010-09-30,Q3,0.0,0.0,0.0,0.0,527250.0,220000.0,0.0,0.0,166500.0,747250.0,0.0,14250.0,-733000.0,0.0,-747250.0,0.0,0.0,-729500.0,0.0,-92000.0,-637500.0,0.0,-0.0106115,-0.0106115,60102167,60102167,https://find-and-update.company-information.service.gov.uk/search/companies?q=Synairgen+PLC,https://find-and-update.company-information.service.gov.uk/search/companies?q=Synairgen+PLC,1620598090,18:08:10,20210509
33,2010-06-30,SNG.L,GBP,2010-06-30,2010-06-30,Q2,0.0,0.0,0.0,0.0,527250.0,220000.0,0.0,0.0,166500.0,747250.0,0.0,14250.0,-733000.0,0.0,-747250.0,0.0,0.0,-729500.0,0.0,-92000.0,-637500.0,0.0,-0.0106115,-0.0106115,60102167,60102167,https://find-and-update.company-information.service.gov.uk/search/companies?q=Synairgen+PLC,https://find-and-update.company-information.service.gov.uk/search/companies?q=Synairgen+PLC,1620598090,18:08:10,20210509
34,2010-03-31,SNG.L,GBP,2010-03-31,2010-03-31,Q1,0.0,0.0,0.0,0.0,527250.0,220000.0,0.0,0.0,166500.0,747250.0,0.0,14250.0,-733000.0,0.0,-747250.0,0.0,0.0,-729500.0,0.0,-92000.0,-637500.0,0.0,-0.0106115,-0.0106115,60102167,60102167,https://find-and-update.company-information.service.gov.uk/search/companies?q=Synairgen+PLC,https://find-and-update.company-information.service.gov.uk/search/companies?q=Synairgen+PLC,1620598090,18:08:10,20210509
35,2010-01-31,SNG.L,GBP,2010-01-31,2010-01-31,Q1,0.0,0.0,0.0,0.0,527250.0,220000.0,0.0,0.0,166500.0,747250.0,0.0,14250.0,-733000.0,0.0,-747250.0,0.0,0.0,-729500.0,0.0,-92000.0,-637500.0,0.0,-0.0106115,-0.0106115,60102167,60102167,https://find-and-update.company-information.service.gov.uk/search/companies?q=Synairgen+PLC,https://find-and-update.company-information.service.gov.uk/search/companies?q=Synairgen+PLC,1620598090,18:08:10,20210509
36,2009-09-30,SNG.L,GBP,2009-09-30,2009-09-30,Q3,0.0,0.0,0.0,0.0,526750.0,216000.0,0.0,0.0,150000.0,742750.0,250.0,26750.0,-716000.0,0.0,-742750.0,0.0,0.0,-710500.0,0.0,-87000.0,-623500.0,0.0,-0.026442,-0.026442,23574741,23574741,https://find-and-update.company-information.service.gov.uk/search/companies?q=Synairgen+PLC,https://find-and-update.company-information.service.gov.uk/search/companies?q=Synairgen+PLC,1620598090,18:08:10,20210509
37,2009-06-30,SNG.L,GBP,2009-06-30,2009-06-30,Q2,0.0,0.0,0.0,0.0,526750.0,216000.0,0.0,0.0,150000.0,742750.0,250.0,26750.0,-716000.0,0.0,-742750.0,0.0,0.0,-710500.0,0.0,-87000.0,-623500.0,0.0,-0.026442,-0.026442,23574741,23574741,https://find-and-update.company-information.service.gov.uk/search/companies?q=Synairgen+PLC,https://find-and-update.company-information.service.gov.uk/search/companies?q=Synairgen+PLC,1620598090,18:08:10,20210509
38,2009-03-31,SNG.L,GBP,2009-03-31,2009-03-31,Q1,0.0,0.0,0.0,0.0,526750.0,216000.0,0.0,0.0,150000.0,742750.0,250.0,26750.0,-716000.0,0.0,-742750.0,0.0,0.0,-710500.0,0.0,-87000.0,-623500.0,0.0,-0.026442,-0.026442,23574741,23574741,https://find-and-update.company-information.service.gov.uk/search/companies?q=Synairgen+PLC,https://find-and-update.company-information.service.gov.uk/search/companies?q=Synairgen+PLC,1620598090,18:08:10,20210509
39,2009-01-31,SNG.L,GBP,2009-01-31,2009-01-31,Q1,0.0,0.0,0.0,0.0,526750.0,216000.0,0.0,0.0,150000.0,742750.0,250.0,26750.0,-716000.0,0.0,-742750.0,0.0,0.0,-710500.0,0.0,-87000.0,-623500.0,0.0,-0.026442,-0.026442,23574741,23574741,https://find-and-update.company-information.service.gov.uk/search/companies?q=Synairgen+PLC,https://find-and-update.company-information.service.gov.uk/search/companies?q=Synairgen+PLC,1620598090,18:08:10,20210509
40,2008-09-30,SNG.L,GBP,2008-09-30,2008-09-30,Q3,0.0,0.0,0.0,0.0,501000.0,188250.0,0.0,0.0,130500.0,689250.0,250.0,20750.0,-668500.0,0.0,-689250.0,0.0,0.0,-616750.0,0.0,-78750.0,-538000.0,0.0,-0.02465275,-0.02465275,21821897,21821897,https://find-and-update.company-information.service.gov.uk/search/companies?q=Synairgen+PLC,https://find-and-update.company-information.service.gov.uk/search/companies?q=Synairgen+PLC,1620598090,18:08:10,20210509
41,2008-06-30,SNG.L,GBP,2008-06-30,2008-06-30,Q2,0.0,0.0,0.0,0.0,501000.0,188250.0,0.0,0.0,130500.0,689250.0,250.0,20750.0,-668500.0,0.0,-689250.0,0.0,0.0,-616750.0,0.0,-78750.0,-538000.0,0.0,-0.02465275,-0.02465275,21821897,21821897,https://find-and-update.company-information.service.gov.uk/search/companies?q=Synairgen+PLC,https://find-and-update.company-information.service.gov.uk/search/companies?q=Synairgen+PLC,1620598090,18:08:10,20210509
42,2008-03-31,SNG.L,GBP,2008-03-31,2008-03-31,Q1,0.0,0.0,0.0,0.0,501000.0,188250.0,0.0,0.0,130500.0,689250.0,250.0,20750.0,-668500.0,0.0,-689250.0,0.0,0.0,-616750.0,0.0,-78750.0,-538000.0,0.0,-0.02465275,-0.02465275,21821897,21821897,https://find-and-update.company-information.service.gov.uk/search/companies?q=Synairgen+PLC,https://find-and-update.company-information.service.gov.uk/search/companies?q=Synairgen+PLC,1620598090,18:08:10,20210509
43,2008-01-31,SNG.L,GBP,2008-01-31,2008-01-31,Q1,0.0,0.0,0.0,0.0,501000.0,188250.0,0.0,0.0,130500.0,689250.0,250.0,20750.0,-668500.0,0.0,-689250.0,0.0,0.0,-616750.0,0.0,-78750.0,-538000.0,0.0,-0.02465275,-0.02465275,21821897,21821897,https://find-and-update.company-information.service.gov.uk/search/companies?q=Synairgen+PLC,https://find-and-update.company-information.service.gov.uk/search/companies?q=Synairgen+PLC,1620598090,18:08:10,20210509
44,2007-09-30,SNG.L,GBP,2007-09-30,2007-09-30,Q3,19500.0,8250.0,11250.0,0.5769230769230769,381750.0,187500.0,0.0,0.0,133000.0,576500.0,250.0,18500.0,-538500.0,-27.615384615384617,-557000.0,-28.564102564102566,0.0,-471750.0,-24.192307692307693,-61750.0,-410000.0,-21.025641025641026,-0.018788467382097898,-0.016913352031250266,21821897,24241203,https://find-and-update.company-information.service.gov.uk/search/companies?q=Synairgen+PLC,https://find-and-update.company-information.service.gov.uk/search/companies?q=Synairgen+PLC,1620598090,18:08:10,20210509
45,2007-06-30,SNG.L,GBP,2007-06-30,2007-06-30,Q2,19500.0,8250.0,11250.0,0.5769230769230769,381750.0,187500.0,0.0,0.0,133000.0,576500.0,250.0,18500.0,-538500.0,-27.615384615384617,-557000.0,-28.564102564102566,0.0,-471750.0,-24.192307692307693,-61750.0,-410000.0,-21.025641025641026,-0.018788467382097898,-0.016913352031250266,21821897,24241203,https://find-and-update.company-information.service.gov.uk/search/companies?q=Synairgen+PLC,https://find-and-update.company-information.service.gov.uk/search/companies?q=Synairgen+PLC,1620598090,18:08:10,20210509
46,2007-03-31,SNG.L,GBP,2007-03-31,2007-03-31,Q1,19500.0,8250.0,11250.0,0.5769230769230769,381750.0,187500.0,0.0,0.0,133000.0,576500.0,250.0,18500.0,-538500.0,-27.615384615384617,-557000.0,-28.564102564102566,0.0,-471750.0,-24.192307692307693,-61750.0,-410000.0,-21.025641025641026,-0.018788467382097898,-0.016913352031250266,21821897,24241203,https://find-and-update.company-information.service.gov.uk/search/companies?q=Synairgen+PLC,https://find-and-update.company-information.service.gov.uk/search/companies?q=Synairgen+PLC,1620598090,18:08:10,20210509
47,2007-01-31,SNG.L,GBP,2007-01-31,2007-01-31,Q1,19500.0,8250.0,11250.0,0.5769230769230769,381750.0,187500.0,0.0,0.0,133000.0,576500.0,250.0,18500.0,-538500.0,-27.615384615384617,-557000.0,-28.564102564102566,0.0,-471750.0,-24.192307692307693,-61750.0,-410000.0,-21.025641025641026,-0.018788467382097898,-0.016913352031250266,21821897,24241203,https://find-and-update.company-information.service.gov.uk/search/companies?q=Synairgen+PLC,https://find-and-update.company-information.service.gov.uk/search/companies?q=Synairgen+PLC,1620598090,18:08:10,20210509
48,2006-09-30,SNG.L,GBP,2006-09-30,2006-09-30,Q3,20500.0,3750.0,16750.0,0.8170731707317073,270750.0,166000.0,0.0,0.0,154000.0,440500.0,0.0,12000.0,-408000.0,-19.902439024390244,-420000.0,-20.48780487804878,0.0,-326000.0,-15.902439024390244,-63750.0,-262250.0,-12.792682926829269,-0.01201774529501262,-0.011028119286193678,21821897,23780120,https://find-and-update.company-information.service.gov.uk/search/companies?q=Synairgen+PLC,https://find-and-update.company-information.service.gov.uk/search/companies?q=Synairgen+PLC,1620598090,18:08:10,20210509
49,2006-06-30,SNG.L,GBP,2006-06-30,2006-06-30,Q2,20500.0,3750.0,16750.0,0.8170731707317073,270750.0,166000.0,0.0,0.0,154000.0,440500.0,0.0,12000.0,-408000.0,-19.902439024390244,-420000.0,-20.48780487804878,0.0,-326000.0,-15.902439024390244,-63750.0,-262250.0,-12.792682926829269,-0.01201774529501262,-0.011028119286193678,21821897,23780120,https://find-and-update.company-information.service.gov.uk/search/companies?q=Synairgen+PLC,https://find-and-update.company-information.service.gov.uk/search/companies?q=Synairgen+PLC,1620598090,18:08:10,20210509
50,2006-03-31,SNG.L,GBP,2006-03-31,2006-03-31,Q1,20500.0,3750.0,16750.0,0.8170731707317073,270750.0,166000.0,0.0,0.0,154000.0,440500.0,0.0,12000.0,-408000.0,-19.902439024390244,-420000.0,-20.48780487804878,0.0,-326000.0,-15.902439024390244,-63750.0,-262250.0,-12.792682926829269,-0.01201774529501262,-0.011028119286193678,21821897,23780120,https://find-and-update.company-information.service.gov.uk/search/companies?q=Synairgen+PLC,https://find-and-update.company-information.service.gov.uk/search/companies?q=Synairgen+PLC,1620598090,18:08:10,20210509
51,2006-01-31,SNG.L,GBP,2006-01-31,2006-01-31,Q1,20500.0,3750.0,16750.0,0.8170731707317073,270750.0,166000.0,0.0,0.0,154000.0,440500.0,0.0,12000.0,-408000.0,-19.902439024390244,-420000.0,-20.48780487804878,0.0,-326000.0,-15.902439024390244,-63750.0,-262250.0,-12.792682926829269,-0.01201774529501262,-0.011028119286193678,21821897,23780120,https://find-and-update.company-information.service.gov.uk/search/companies?q=Synairgen+PLC,https://find-and-update.company-information.service.gov.uk/search/companies?q=Synairgen+PLC,1620598090,18:08:10,20210509
52,2005-09-30,SNG.L,GBP,2005-09-30,2005-09-30,Q3,50500.0,33750.0,16750.0,0.3316831683168317,139250.0,104500.0,0.0,0.0,96000.0,277500.0,0.0,8500.0,-218500.0,-4.326732673267327,-227000.0,-4.4950495049504955,0.0,-152500.0,-3.01980198019802,0.0,-152500.0,-3.01980198019802,-0.0081015,-0.0081015,18842891,18842891,https://find-and-update.company-information.service.gov.uk/search/companies?q=Synairgen+PLC,https://find-and-update.company-information.service.gov.uk/search/companies?q=Synairgen+PLC,1620598090,18:08:10,20210509
53,2005-06-30,SNG.L,GBP,2005-06-30,2005-06-30,Q2,50500.0,33750.0,16750.0,0.3316831683168317,139250.0,104500.0,0.0,0.0,96000.0,277500.0,0.0,8500.0,-218500.0,-4.326732673267327,-227000.0,-4.4950495049504955,0.0,-152500.0,-3.01980198019802,0.0,-152500.0,-3.01980198019802,-0.0081015,-0.0081015,18842891,18842891,https://find-and-update.company-information.service.gov.uk/search/companies?q=Synairgen+PLC,https://find-and-update.company-information.service.gov.uk/search/companies?q=Synairgen+PLC,1620598090,18:08:10,20210509
54,2005-03-31,SNG.L,GBP,2005-03-31,2005-03-31,Q1,50500.0,33750.0,16750.0,0.3316831683168317,139250.0,104500.0,0.0,0.0,96000.0,277500.0,0.0,8500.0,-218500.0,-4.326732673267327,-227000.0,-4.4950495049504955,0.0,-152500.0,-3.01980198019802,0.0,-152500.0,-3.01980198019802,-0.0081015,-0.0081015,18842891,18842891,https://find-and-update.company-information.service.gov.uk/search/companies?q=Synairgen+PLC,https://find-and-update.company-information.service.gov.uk/search/companies?q=Synairgen+PLC,1620598090,18:08:10,20210509
55,2005-01-31,SNG.L,GBP,2005-01-31,2005-01-31,Q1,50500.0,33750.0,16750.0,0.3316831683168317,139250.0,104500.0,0.0,0.0,96000.0,277500.0,0.0,8500.0,-218500.0,-4.326732673267327,-227000.0,-4.4950495049504955,0.0,-152500.0,-3.01980198019802,0.0,-152500.0,-3.01980198019802,-0.0081015,-0.0081015,18842891,18842891,https://find-and-update.company-information.service.gov.uk/search/companies?q=Synairgen+PLC,https://find-and-update.company-information.service.gov.uk/search/companies?q=Synairgen+PLC,1620598090,18:08:10,20210509
56,2004-09-30,SNG.L,GBP,2004-09-30,2004-09-30,Q3,20500.0,4500.0,16000.0,0.7804878048780488,30750.0,0.0,0.0,-3250.0,26250.0,62000.0,0.0,500.0,-41000.0,-2.0,-41500.0,-2.024390243902439,0.0,-38250.0,-1.8658536585365855,0.0,-38250.0,-1.8658536585365855,-0.0037775,-0.0037775,10136173,10136173,https://find-and-update.company-information.service.gov.uk/search/companies?q=Synairgen+PLC,https://find-and-update.company-information.service.gov.uk/search/companies?q=Synairgen+PLC,1620598090,18:08:10,20210509
57,2004-06-30,SNG.L,GBP,2004-06-30,2004-06-30,Q2,20500.0,4500.0,16000.0,0.7804878048780488,30750.0,0.0,0.0,-3250.0,26250.0,62000.0,0.0,500.0,-41000.0,-2.0,-41500.0,-2.024390243902439,0.0,-38250.0,-1.8658536585365855,0.0,-38250.0,-1.8658536585365855,-0.0037775,-0.0037775,10136173,10136173,https://find-and-update.company-information.service.gov.uk/search/companies?q=Synairgen+PLC,https://find-and-update.company-information.service.gov.uk/search/companies?q=Synairgen+PLC,1620598090,18:08:10,20210509
58,2004-03-31,SNG.L,GBP,2004-03-31,2004-03-31,Q1,20500.0,4500.0,16000.0,0.7804878048780488,30750.0,0.0,0.0,-3250.0,26250.0,62000.0,0.0,500.0,-41000.0,-2.0,-41500.0,-2.024390243902439,0.0,-38250.0,-1.8658536585365855,0.0,-38250.0,-1.8658536585365855,-0.0037775,-0.0037775,10136173,10136173,https://find-and-update.company-information.service.gov.uk/search/companies?q=Synairgen+PLC,https://find-and-update.company-information.service.gov.uk/search/companies?q=Synairgen+PLC,1620598090,18:08:10,20210509
59,2004-01-31,SNG.L,GBP,2004-01-31,2004-01-31,Q1,20500.0,4500.0,16000.0,0.7804878048780488,30750.0,0.0,0.0,-3250.0,26250.0,62000.0,0.0,500.0,-41000.0,-2.0,-41500.0,-2.024390243902439,0.0,-38250.0,-1.8658536585365855,0.0,-38250.0,-1.8658536585365855,-0.0037775,-0.0037775,10136173,10136173,https://find-and-update.company-information.service.gov.uk/search/companies?q=Synairgen+PLC,https://find-and-update.company-information.service.gov.uk/search/companies?q=Synairgen+PLC,1620598090,18:08:10,20210509
