,date,symbol,reportedCurrency,fillingDate,acceptedDate,period,revenue,costOfRevenue,grossProfit,grossProfitRatio,researchAndDevelopmentExpenses,generalAndAdministrativeExpenses,sellingAndMarketingExpenses,otherExpenses,operatingExpenses,costAndExpenses,interestExpense,depreciationAndAmortization,ebitda,ebitdaratio,operatingIncome,operatingIncomeRatio,totalOtherIncomeExpensesNet,incomeBeforeTax,incomeBeforeTaxRatio,incomeTaxExpense,netIncome,netIncomeRatio,eps,epsdiluted,weightedAverageShsOut,weightedAverageShsOutDil,link,finalLink,timestamp,est_time,est_date
0,2017-06-30,UNXL,USD,2017-08-10 00:00:00,2017-08-10 16:11:51,Q2,1325000.0,5630000.0,-4305000.0,-3.249056603773585,2979000.0,2635000.0,0.0,-1265000.0,5614000.0,11244000.0,-6000.0,1589000.0,-9595000.0,-7.241509433962264,-11184000.0,-8.440754716981132,-1265000.0,-11184000.0,-8.440754716981132,0.0,-11184000.0,-8.440754716981132,-0.20181,-0.20181,55418000.0,55418000.0,https://www.sec.gov/Archives/edgar/data/1171012/000149315217008880/0001493152-17-008880-index.html,https://www.sec.gov/Archives/edgar/data/1171012/000149315217008880/form10-q.htm,1620599312,18:28:32,20210509
1,2017-03-31,UNXL,USD,2017-05-11 00:00:00,2017-05-11 16:06:22,Q1,1297000.0,4340000.0,-3043000.0,-2.346183500385505,2869000.0,1972000.0,0.0,758000.0,4841000.0,9181000.0,-20000.0,1265000.0,-5861000.0,-4.5188897455666925,-7126000.0,-5.494217424826522,758000.0,-7126000.0,-5.494217424826522,0.0,-7126000.0,-5.494217424826522,-0.14348,-0.14348,49665275.0,49665275.0,https://www.sec.gov/Archives/edgar/data/1171012/000149315217005049/0001493152-17-005049-index.html,https://www.sec.gov/Archives/edgar/data/1171012/000149315217005049/form10q.htm,1620599312,18:28:32,20210509
2,2016-12-31,UNXL,USD,2017-03-30 00:00:00,2017-03-30 16:12:15,Q4,1386000.0,4557000.0,-3171000.0,-2.287878787878788,2852000.0,2005000.0,0.0,706000.0,4857000.0,9414000.0,0.0,1007000.0,-6315000.0,-4.5562770562770565,-7322000.0,-5.282828282828283,706000.0,-7322000.0,-5.282828282828283,0.0,-7322000.0,-5.282828282828283,-0.17611,-0.17611,41575784.0,41575784.0,https://www.sec.gov/Archives/edgar/data/1171012/000149315217003042/0001493152-17-003042-index.html,https://www.sec.gov/Archives/edgar/data/1171012/000149315217003042/form10-k.htm,1620599312,18:28:32,20210509
3,2016-09-30,UNXL,USD,2016-11-10 00:00:00,2016-11-10 16:20:07,Q3,907000.0,3234000.0,-2327000.0,-2.565600882028666,3119000.0,1880000.0,0.0,-231000.0,4999000.0,8233000.0,0.0,1454000.0,-6103000.0,-6.72877618522602,-7557000.0,-8.33186328555678,-231000.0,-7557000.0,-8.33186328555678,0.0,-7557000.0,-8.33186328555678,-0.18724,-0.18724,40359715.0,40359715.0,https://www.sec.gov/Archives/edgar/data/1171012/000149315216014738/0001493152-16-014738-index.html,https://www.sec.gov/Archives/edgar/data/1171012/000149315216014738/form10-q.htm,1620599312,18:28:32,20210509
4,2016-06-30,UNXL,USD,2016-08-11,2016-08-11 16:07:36,Q2,957000.0,3947000.0,-2990000.0,-3.1243469174503655,1013000.0,1870000.0,0.0,-2505000.0,2883000.0,6830000.0,0.0,1268000.0,-7110000.0,-7.429467084639499,-8378000.0,-8.754440961337513,-2505000.0,-6144000.0,-6.420062695924765,0.0,-6144000.0,-6.420062695924765,-0.1617,-0.1617,37995835.0,37995835.0,https://www.sec.gov/Archives/edgar/data/1171012/000149315216012215/0001493152-16-012215-index.htm,https://www.sec.gov/Archives/edgar/data/1171012/000149315216012215/form10-q.htm,1620599312,18:28:32,20210509
5,2016-03-31,UNXL,USD,2016-05-05 00:00:00,2016-05-05 16:12:51,Q1,850000.0,4250000.0,-3400000.0,-4.0,927000.0,1852000.0,0.0,0.0,2779000.0,7029000.0,0.0,3097000.0,-3082000.0,-3.6258823529411766,-6179000.0,-7.2694117647058825,0.0,-8413000.0,-9.89764705882353,0.0,-8413000.0,-9.89764705882353,-0.23502,-0.23502,35797409.0,35797409.0,https://www.sec.gov/Archives/edgar/data/1171012/000149315216009441/0001493152-16-009441-index.html,https://www.sec.gov/Archives/edgar/data/1171012/000149315216009441/form10-q.htm,1620599312,18:28:32,20210509
6,2015-12-31,UNXL,USD,2016-03-30 00:00:00,2016-03-30 15:02:26,Q4,890000.0,4207000.0,-3317000.0,-3.7269662921348314,1121000.0,1786000.0,0.0,-4348000.0,2907000.0,7114000.0,0.0,5302000.0,-5270000.0,-5.921348314606742,-10572000.0,-11.878651685393258,-4348000.0,-5573000.0,-6.261797752808989,0.0,-5573000.0,-6.261797752808989,-0.33623,-0.33623,16574743.0,16574743.0,https://www.sec.gov/Archives/edgar/data/1171012/000118518516004071/0001185185-16-004071-index.html,https://www.sec.gov/Archives/edgar/data/1171012/000118518516004071/unipixel10k123115.htm,1620599312,18:28:32,20210509
7,2015-09-30,UNXL,USD,2015-11-02 00:00:00,2015-11-02 16:16:01,Q3,1498123.0,4700756.0,-3202633.0,-2.1377637216703835,1490933.0,1724210.0,0.0,-3430000.0,3215143.0,7915899.0,0.0,5784631.0,-16964369.0,-11.32374911806307,-22749000.0,-15.185001498541842,-3430000.0,-31450000.0,-20.99293582703156,0.0,-31450000.0,-20.99293582703156,-2.22185,-2.22185,14154871.0,14154871.0,https://www.sec.gov/Archives/edgar/data/1171012/000118518515002725/0001185185-15-002725-index.html,https://www.sec.gov/Archives/edgar/data/1171012/000118518515002725/unipixel10q093015.htm,1620599312,18:28:32,20210509
8,2015-06-30,UNXL,USD,2015-08-04 00:00:00,2015-08-04 16:00:44,Q2,1362127.0,3420431.0,-2058304.0,-1.511095514588581,1476418.0,3678122.0,0.0,173996000.0,5154540.0,8574971.0,0.0,6059106.0,-7032788894.0,-5163.09337822391,-7038848000.0,-5167.541646263528,173996000.0,-15744655000.0,-11558.874466184137,0.0,-15744655000.0,-11558.874466184137,-1219.18018,-1219.18018,12914133.0,12914133.0,https://www.sec.gov/Archives/edgar/data/1171012/000118518515002018/0001185185-15-002018-index.html,https://www.sec.gov/Archives/edgar/data/1171012/000118518515002018/unipixel10q063015.htm,1620599312,18:28:32,20210509
9,2015-03-31,UNXL,USD,2015-05-11 00:00:00,2015-05-11 16:01:45,Q1,6750.0,6813.0,-63.0,-0.009333333333333334,2722649.0,2965668.0,0.0,0.0,5688317.0,5695130.0,0.0,1566263.0,-5686813737.0,-842490.924,-5688380000.0,-842722.9629629629,0.0,-5683963000.0,-842068.5925925926,0.0,-5683963000.0,-842068.5925925926,-459.72718,-459.72718,12363774.0,12363774.0,https://www.sec.gov/Archives/edgar/data/1171012/000118518515001167/0001185185-15-001167-index.html,https://www.sec.gov/Archives/edgar/data/1171012/000118518515001167/unipixel10q033115.htm,1620599312,18:28:32,20210509
10,2014-12-31,UNXL,USD,2015-02-26,2015-02-26 16:02:11,Q4,0.0,0.0,0.0,0.0,2652054.0,2877584.0,0.0,0.0,5529638.0,5529638.0,0.0,1563702.0,-25672277298.0,0.0,-25673841000.0,0.0,0.0,-25673841000.0,0.0,0.0,-25673841000.0,0.0,-2082.00232,-2082.00232,12331322.0,12331322.0,https://www.sec.gov/Archives/edgar/data/1171012/000118518515000391/0001185185-15-000391-index.htm,https://www.sec.gov/Archives/edgar/data/1171012/000118518515000391/unipixel10k123114.htm,1620599312,18:28:32,20210509
11,2014-09-30,UNXL,USD,2014-11-06 00:00:00,2014-11-06 16:01:39,Q3,13170000.0,0.0,13170000.0,1.0,2693458.0,2929068.0,0.0,0.0,5622526.0,5622526.0,8868.0,1548574.0,-5617082426.0,-426.50587896735004,-5618631000.0,-426.62346241457857,0.0,-5618631000.0,-426.62346241457857,0.0,-5618631000.0,-426.62346241457857,-455.88058,-455.88058,12324787.0,12324787.0,https://www.sec.gov/Archives/edgar/data/1171012/000118518514002942/0001185185-14-002942-index.html,https://www.sec.gov/Archives/edgar/data/1171012/000118518514002942/unipixel10q093014.htm,1620599312,18:28:32,20210509
12,2014-06-30,UNXL,USD,2014-08-07 00:00:00,2014-08-07 16:01:41,Q2,12311617000.0,0.0,12311617000.0,1.0,2990870.0,3079547.0,0.0,0.0,6070417.0,6070417.0,-4068.0,1482928.0,-6060066072.0,-0.49222340753452615,-6061549000.0,-0.4923438570254419,0.0,-6066349000.0,-0.49273373270139903,0.0,-6066349000.0,-0.49273373270139903,-492.73373,-492.73373,12311617.0,12311617.0,https://www.sec.gov/Archives/edgar/data/1171012/000118518514001998/0001185185-14-001998-index.html,https://www.sec.gov/Archives/edgar/data/1171012/000118518514001998/unipixel10q063014.htm,1620599312,18:28:32,20210509
13,2014-03-31,UNXL,USD,2014-05-08 00:00:00,2014-05-08 16:00:46,Q1,0.0,0.0,0.0,0.0,3324346.0,2868404.0,0.0,0.0,6192750.0,6192750.0,-4800.0,1502718.0,-6191247282.0,0.0,-6192750000.0,0.0,0.0,-6187950000.0,0.0,0.0,-6187950000.0,0.0,-504.16042,-504.16042,12273772.0,12273772.0,https://www.sec.gov/Archives/edgar/data/1171012/000118518514001180/0001185185-14-001180-index.html,https://www.sec.gov/Archives/edgar/data/1171012/000118518514001180/unipixel10q033114.htm,1620599312,18:28:32,20210509
14,2013-12-31,UNXL,USD,2014-02-26,2014-02-26 16:01:25,Q4,11409.0,5584.0,5825.0,0.5105618371461127,3089627.0,3056974.0,0.0,0.0,6146601.0,6152185.0,13305.0,1008664.0,-6133650336.0,-537615.0702077308,-6134659000.0,-537703.4797090016,0.0,-6134659000.0,-537703.4797090016,0.0,-6134659000.0,-537703.4797090016,-532.84645,-532.84645,11512996.0,11512996.0,https://www.sec.gov/Archives/edgar/data/1171012/000118518514000424/0001185185-14-000424-index.htm,https://www.sec.gov/Archives/edgar/data/1171012/000118518514000424/unipixel10k123113.htm,1620599312,18:28:32,20210509
15,2013-09-30,UNXL,USD,2013-11-07 00:00:00,2013-11-07 16:02:10,Q3,5070165000.0,3421000.0,5066744000.0,0.9993252685070407,2826532.0,2478717.0,0.0,0.0,5305249.0,5305249.0,-6834.0,689402.0,-9045545598.0,-1.7840732201023044,-9046235000.0,-1.7842091924030086,0.0,-9046235000.0,-1.7842091924030086,0.0,-9046235000.0,-1.7842091924030086,-802.60317,-802.60317,11271118.0,11271118.0,https://www.sec.gov/Archives/edgar/data/1171012/000118518513002329/0001185185-13-002329-index.html,https://www.sec.gov/Archives/edgar/data/1171012/000118518513002329/uni-pixel10q093013.htm,1620599312,18:28:32,20210509
16,2013-06-30,UNXL,USD,2013-08-08 00:00:00,2013-08-08 16:01:46,Q2,749.0,385.0,364.0,0.48598130841121495,2528303.0,2172777.0,0.0,0.0,4701080.0,4701465.0,-5481.0,320599.0,-4693924401.0,-6266921.7636849135,-4694245000.0,-6267349.7997329775,0.0,-4695235000.0,-6268671.562082777,0.0,-4695235000.0,-6268671.562082777,-432.55242,-432.55242,10854719.0,10854719.0,https://www.sec.gov/Archives/edgar/data/1171012/000118518513001609/0001185185-13-001609-index.html,https://www.sec.gov/Archives/edgar/data/1171012/000118518513001609/uni-pixel10q063013.htm,1620599312,18:28:32,20210509
17,2013-03-31,UNXL,USD,2013-04-30 00:00:00,2013-04-30 16:01:16,Q1,5069416.0,3036.0,5066380.0,0.9994011144478969,1939888.0,2180067.0,0.0,0.0,4119955.0,4122991.0,-990.0,218871.0,1165296.0,0.22986789799850713,946425.0,0.18669310232184536,0.0,947415.0,0.18688839108883548,0.0,947415.0,0.18688839108883548,0.09410074917869245,0.07364076297586986,10068092.0,12865361.0,https://www.sec.gov/Archives/edgar/data/1171012/000118518513000960/0001185185-13-000960-index.html,https://www.sec.gov/Archives/edgar/data/1171012/000118518513000960/unipixel10q033113.htm,1620599312,18:28:32,20210509
18,2012-12-31,UNXL,USD,2013-02-26 00:00:00,2013-02-26 16:02:16,Q4,2030.0,813.0,1217.0,0.5995073891625615,1579050.0,1314166.0,0.0,0.0,2893216.0,2894029.0,-1578.0,175735.0,-2890245265.0,-1423766.1403940886,-2890421000.0,-1423852.7093596058,0.0,-2890421000.0,-1423852.7093596058,0.0,-2890421000.0,-1423852.7093596058,-354.61416,-354.61416,8150890.0,8150890.0,https://www.sec.gov/Archives/edgar/data/1171012/000118518513000386/0001185185-13-000386-index.html,https://www.sec.gov/Archives/edgar/data/1171012/000118518513000386/unipixel10k123112.htm,1620599312,18:28:32,20210509
19,2012-09-30,UNXL,USD,2012-11-07 00:00:00,2012-11-07 16:01:13,Q3,74124000.0,25479000.0,48645000.0,0.6562651772705197,1216464.0,829628.0,0.0,0.0,2046092.0,2046092.0,-2448.0,125958.0,-6127261042.0,-82.66230967028223,-6127387000.0,-82.66400895796234,0.0,-6127387000.0,-82.66400895796234,0.0,-6127387000.0,-82.66400895796234,-802.98936,-802.98936,7630720.0,7630720.0,https://www.sec.gov/Archives/edgar/data/1171012/000118518512002410/0001185185-12-002410-index.html,https://www.sec.gov/Archives/edgar/data/1171012/000118518512002410/unipixel10q093012.htm,1620599312,18:28:32,20210509
20,2012-06-30,UNXL,USD,2012-07-30 00:00:00,2012-07-30 15:59:23,Q2,70560.0,24106.0,46454.0,0.6583616780045352,1197263.0,888804.0,0.0,0.0,2086067.0,2110173.0,-1255.0,126116.0,-2038231884.0,-28886.506292517006,-2038358000.0,-28888.29365079365,0.0,-2038358000.0,-28888.29365079365,0.0,-2038358000.0,-28888.29365079365,-285.3921,-285.3921,7142307.0,7142307.0,https://www.sec.gov/Archives/edgar/data/1171012/000118518512001581/0001185185-12-001581-index.html,https://www.sec.gov/Archives/edgar/data/1171012/000118518512001581/unipixel10q063012.htm,1620599312,18:28:32,20210509
21,2012-03-31,UNXL,USD,2012-05-11 00:00:00,2012-05-11 09:01:08,Q1,3564.0,1373.0,2191.0,0.6147586980920314,1120078.0,929069.0,0.0,0.0,2049147.0,2050520.0,-1571.0,126866.0,-2045258134.0,-573865.918630752,-2045385000.0,-573901.5151515151,0.0,-2045385000.0,-573901.5151515151,0.0,-2045385000.0,-573901.5151515151,-286.37596,-286.37596,7142307.0,7142307.0,https://www.sec.gov/Archives/edgar/data/1171012/000118518512000967/0001185185-12-000967-index.html,https://www.sec.gov/Archives/edgar/data/1171012/000118518512000967/unipixel10q033112.htm,1620599312,18:28:32,20210509
22,2011-12-31,UNXL,USD,2012-03-08 00:00:00,2012-03-08 16:01:02,Q4,4940.0,2538.0,2402.0,0.4862348178137652,986220.0,893250.0,0.0,0.0,1879470.0,1882008.0,-1906.0,127928.0,-1875034072.0,-379561.55303643725,-1875162000.0,-379587.44939271256,0.0,-1875162000.0,-379587.44939271256,0.0,-1875162000.0,-379587.44939271256,-262.68564,-262.68564,7138426.0,7138426.0,https://www.sec.gov/Archives/edgar/data/1171012/000118518512000341/0001185185-12-000341-index.html,https://www.sec.gov/Archives/edgar/data/1171012/000118518512000341/unipixel10k123111.htm,1620599312,18:28:32,20210509
23,2011-09-30,UNXL,USD,2011-11-10 00:00:00,2011-11-10 16:31:14,Q3,731.0,440.0,291.0,0.39808481532147744,1030349.0,845675.0,0.0,0.0,1876024.0,1876464.0,-2637.0,133964.0,-1872962036.0,-2562191.567715458,-1873096000.0,-2562374.829001368,0.0,-1873096000.0,-2562374.829001368,0.0,-1873096000.0,-2562374.829001368,-262.44431,-262.44431,7137118.0,7137118.0,https://www.sec.gov/Archives/edgar/data/1171012/000118518511001895/0001185185-11-001895-index.html,https://www.sec.gov/Archives/edgar/data/1171012/000118518511001895/unipixel10q093011.htm,1620599312,18:28:32,20210509
24,2011-06-30,UNXL,USD,2011-08-10 00:00:00,2011-08-10 16:05:54,Q2,137978.0,36313.0,101665.0,0.7368203626665121,901851.0,932234.0,0.0,0.0,1834085.0,1870398.0,-3694.0,118476.0,-1728607524.0,-12528.1387177666,-1728726000.0,-12528.997376393338,0.0,-1728726000.0,-12528.997376393338,0.0,-1728726000.0,-12528.997376393338,-242.30582,-242.30582,7134480.0,7134480.0,https://www.sec.gov/Archives/edgar/data/1171012/000118518511001178/0001185185-11-001178-index.html,https://www.sec.gov/Archives/edgar/data/1171012/000118518511001178/unipixel10q063011.htm,1620599312,18:28:32,20210509
25,2011-03-31,UNXL,USD,2011-05-09 00:00:00,2011-05-09 09:01:17,Q1,51588.0,7694.0,43894.0,0.8508567884004032,1624315.0,1515768.0,0.0,0.0,3140083.0,3147777.0,-3749.0,53034.0,-3092386966.0,-59943.92040784679,-3092440000.0,-59944.948437621155,0.0,-3092440000.0,-59944.948437621155,0.0,-3092440000.0,-59944.948437621155,-433.60736,-433.60736,7131890.0,7131890.0,https://www.sec.gov/Archives/edgar/data/1171012/000118518511000593/0001185185-11-000593-index.html,https://www.sec.gov/Archives/edgar/data/1171012/000118518511000593/unipixel10q033111.htm,1620599312,18:28:32,20210509
26,2010-12-31,UNXL,USD,2011-03-10,2011-03-10 16:02:25,Q4,103482000.0,19620000.0,83862000.0,0.8104018090102627,340211000.0,463519000.0,0.0,0.0,803730000.0,823350000.0,55420000.0,39522000.0,-828644000.0,-8.007614850891942,-868166000.0,-8.38953634448503,0.0,-868166000.0,-8.38953634448503,0.0,-868166000.0,-8.38953634448503,-0.23927,-0.23927,3628454000.0,3628454000.0,https://www.sec.gov/Archives/edgar/data/1171012/000118518511000273/0001185185-11-000273-index.htm,https://www.sec.gov/Archives/edgar/data/1171012/000118518511000273/unipixel10k123110.htm,1620599312,18:28:32,20210509
27,2010-09-30,UNXL,USD,2010-10-29 00:00:00,2010-10-29 10:30:20,Q3,37273000.0,1075000.0,36198000.0,0.9711587476189198,719587000.0,580373000.0,0.0,0.0,1299960000.0,1301035000.0,74992000.0,47098000.0,-1431559000.0,-38.407399458052744,-1478657000.0,-39.670995090279824,0.0,-1478657000.0,-39.670995090279824,0.0,-1478657000.0,-39.670995090279824,-0.02838,-0.02838,52100535000.0,52100535000.0,https://www.sec.gov/Archives/edgar/data/1171012/000110465910054563/0001104659-10-054563-index.html,https://www.sec.gov/Archives/edgar/data/1171012/000110465910054563/a10-17403_110q.htm,1620599312,18:28:32,20210509
28,2010-06-30,UNXL,USD,2010-07-30 00:00:00,2010-07-30 16:05:48,Q2,39228000.0,0.0,39228000.0,1.0,640316000.0,554049000.0,0.0,0.0,1194365000.0,1194365000.0,77964000.0,57951000.0,734251000.0,18.717523197715916,676300000.0,17.240236565718366,0.0,676300000.0,17.240236565718366,0.0,676300000.0,17.240236565718366,0.01298,0.01298,52100535000.0,52100535000.0,https://www.sec.gov/Archives/edgar/data/1171012/000110465910040824/0001104659-10-040824-index.html,https://www.sec.gov/Archives/edgar/data/1171012/000110465910040824/a10-12755_110q.htm,1620599312,18:28:32,20210509
29,2010-03-31,UNXL,USD,2010-05-10 00:00:00,2010-05-10 16:06:31,Q1,63536000.0,0.0,63536000.0,1.0,851112000.0,1150756000.0,0.0,0.0,2001868000.0,2001868000.0,66327000.0,77690000.0,-2069581000.0,-32.57335998489046,-2147271000.0,-33.79613132712163,0.0,-2147271000.0,-33.79613132712163,0.0,-2147271000.0,-33.79613132712163,-0.04121,-0.04121,52100535000.0,52100535000.0,https://www.sec.gov/Archives/edgar/data/1171012/000110465910027261/0001104659-10-027261-index.html,https://www.sec.gov/Archives/edgar/data/1171012/000110465910027261/a10-5914_110q.htm,1620599312,18:28:32,20210509
30,2009-12-31,UNXL,USD,2010-03-12 00:00:00,2010-03-12 16:18:10,Q4,0.0,0.0,0.0,0.0,2765658000.0,2365613000.0,0.0,0.0,5131271000.0,5131271000.0,76607000.0,82736000.0,-5290102000.0,0.0,-5372838000.0,0.0,0.0,-5372838000.0,0.0,0.0,-5372838000.0,0.0,-0.17851,-0.17851,30098187000.0,30098187000.0,https://www.sec.gov/Archives/edgar/data/1171012/000110465910014001/0001104659-10-014001-index.html,https://www.sec.gov/Archives/edgar/data/1171012/000110465910014001/a09-35917_110k.htm,1620599312,18:28:32,20210509
31,2009-09-30,UNXL,USD,2009-11-12 00:00:00,2009-11-12 16:19:50,Q3,0.0,0.0,0.0,0.0,2452030000.0,2179777000.0,0.0,0.0,4631807000.0,4631807000.0,22179000.0,82850000.0,-4626087000.0,0.0,-4708937000.0,0.0,0.0,-4708937000.0,0.0,0.0,-4708937000.0,0.0,-0.20565,-0.20565,22897418000.0,22897418000.0,https://www.sec.gov/Archives/edgar/data/1171012/000110465909064581/0001104659-09-064581-index.html,https://www.sec.gov/Archives/edgar/data/1171012/000110465909064581/a09-30960_110q.htm,1620599312,18:28:32,20210509
32,2009-06-30,UNXL,USD,2009-08-14 00:00:00,2009-08-14 16:05:58,Q2,0.0,0.0,0.0,0.0,1758170000.0,1434726000.0,0.0,0.0,3192896000.0,3192896000.0,-683000.0,82848000.0,-3115916000.0,0.0,-3198764000.0,0.0,0.0,-3198764000.0,0.0,0.0,-3198764000.0,0.0,-0.1397,-0.1397,22897418000.0,22897418000.0,https://www.sec.gov/Archives/edgar/data/1171012/000110465909049907/0001104659-09-049907-index.html,https://www.sec.gov/Archives/edgar/data/1171012/000110465909049907/a09-18606_110q.htm,1620599312,18:28:32,20210509
33,2009-03-31,UNXL,USD,2009-05-01 00:00:00,2009-05-01 16:05:35,Q1,0.0,0.0,0.0,0.0,1010346000.0,812770000.0,0.0,0.0,1823116000.0,1823116000.0,-3530000.0,83266000.0,-1736320000.0,0.0,-1819586000.0,0.0,0.0,-1819586000.0,0.0,0.0,-1819586000.0,0.0,-0.07947,-0.07947,22897418000.0,22897418000.0,https://www.sec.gov/Archives/edgar/data/1171012/000110465909028596/0001104659-09-028596-index.html,https://www.sec.gov/Archives/edgar/data/1171012/000110465909028596/a09-11213_110q.htm,1620599312,18:28:32,20210509
34,2008-12-31,UNXL,USD,2009-03-06 00:00:00,2009-03-06 16:05:58,Q4,0.0,0.0,0.0,0.0,7475529000.0,3293362000.0,0.0,0.0,10768891000.0,10768891000.0,-184475000.0,-3273991000.0,-13858407000.0,0.0,-10584416000.0,0.0,0.0,-10584416000.0,0.0,0.0,-10584416000.0,0.0,-0.46225,-0.46225,22897418000.0,22897418000.0,https://www.sec.gov/Archives/edgar/data/1171012/000110465909015103/0001104659-09-015103-index.html,https://www.sec.gov/Archives/edgar/data/1171012/000110465909015103/a09-1464_110k.htm,1620599312,18:28:32,20210509
35,2008-09-30,UNXL,USD,2008-11-12 00:00:00,2008-11-12 06:01:31,Q3,0.0,0.0,0.0,0.0,6384914000.0,2720922000.0,0.0,0.0,9105836000.0,9105836000.0,-169285000.0,3425915000.0,-5510636000.0,0.0,-8936551000.0,0.0,0.0,-8936551000.0,0.0,0.0,-8936551000.0,0.0,-0.39029,-0.39029,22897418000.0,22897418000.0,https://www.sec.gov/Archives/edgar/data/1171012/000110465908069858/0001104659-08-069858-index.html,https://www.sec.gov/Archives/edgar/data/1171012/000110465908069858/a08-25524_110q.htm,1620599312,18:28:32,20210509
36,2008-06-30,UNXL,USD,2008-08-12 00:00:00,2008-08-12 16:02:23,Q2,0.0,0.0,0.0,0.0,4489859000.0,1837053000.0,0.0,0.0,6326912000.0,6326912000.0,-142939000.0,78284000.0,-6105689000.0,0.0,-6183973000.0,0.0,0.0,-6183973000.0,0.0,0.0,-6183973000.0,0.0,-0.27007,-0.27007,22897418000.0,22897418000.0,https://www.sec.gov/Archives/edgar/data/1171012/000110465908052233/0001104659-08-052233-index.html,https://www.sec.gov/Archives/edgar/data/1171012/000110465908052233/a08-18838_110q.htm,1620599312,18:28:32,20210509
37,2008-03-31,UNXL,USD,2008-05-12 00:00:00,2008-05-12 16:03:37,Q1,0.0,0.0,0.0,0.0,2268137000.0,836844000.0,0.0,0.0,3104981000.0,3104981000.0,-96720000.0,69758000.0,-2938503000.0,0.0,-3008261000.0,0.0,0.0,-3008261000.0,0.0,0.0,-3008261000.0,0.0,-0.13138,-0.13138,22897418000.0,22897418000.0,https://www.sec.gov/Archives/edgar/data/1171012/000110465908032388/0001104659-08-032388-index.html,https://www.sec.gov/Archives/edgar/data/1171012/000110465908032388/a08-11474_110q.htm,1620599312,18:28:32,20210509
38,2007-12-31,UNXL,USD,2008-03-07,2008-03-07 16:20:37,Q4,0.0,0.0,0.0,0.0,4463226000.0,5958687000.0,0.0,0.0,10421913000.0,10421913000.0,762664000.0,69451000.0,-10826395000.0,0.0,-10895846000.0,0.0,0.0,-10895846000.0,0.0,0.0,-10895846000.0,0.0,-0.59684,-0.59684,18255742000.0,18255742000.0,https://www.sec.gov/Archives/edgar/data/1171012/000110465908016196/0001104659-08-016196-index.htm,https://www.sec.gov/Archives/edgar/data/1171012/000110465908016196/a08-2704_110ksb.htm,1620599312,18:28:32,20210509
39,2007-09-30,UNXL,USD,2007-11-09,2007-11-09 16:08:05,Q3,0.0,0.0,0.0,0.0,2516597000.0,4959433000.0,0.0,0.0,7476030000.0,7476030000.0,914166000.0,68571000.0,-8032894000.0,0.0,-8101465000.0,0.0,0.0,-8101465000.0,0.0,0.0,-8101465000.0,0.0,-0.45035,-0.45035,17989369000.0,17989369000.0,https://www.sec.gov/Archives/edgar/data/1171012/000110465907081773/0001104659-07-081773-index.htm,https://www.sec.gov/Archives/edgar/data/1171012/000110465907081773/a07-25750_110qsb.htm,1620599312,18:28:32,20210509
40,2007-06-30,UNXL,USD,2007-08-10,2007-08-10 16:05:26,Q2,0.0,0.0,0.0,0.0,1441069000.0,3356135000.0,0.0,0.0,4797204000.0,4797204000.0,977081000.0,66272000.0,-5419282000.0,0.0,-5485554000.0,0.0,0.0,-5485554000.0,0.0,0.0,-5485554000.0,0.0,-0.3117,-0.3117,17598655000.0,17598655000.0,https://www.sec.gov/Archives/edgar/data/1171012/000110465907061406/0001104659-07-061406-index.htm,https://www.sec.gov/Archives/edgar/data/1171012/000110465907061406/a07-19075_110qsb.htm,1620599312,18:28:32,20210509
41,2007-03-31,UNXL,USD,2007-05-14,2007-05-14 16:05:22,Q1,0.0,0.0,0.0,0.0,491238000.0,2396263000.0,0.0,0.0,2887501000.0,2887501000.0,1051250000.0,64852000.0,-3585168000.0,0.0,-3650020000.0,0.0,0.0,-3650020000.0,0.0,0.0,-3650020000.0,0.0,-0.21598,-0.21598,16900078000.0,16900078000.0,https://www.sec.gov/Archives/edgar/data/1171012/000110465907039425/0001104659-07-039425-index.htm,https://www.sec.gov/Archives/edgar/data/1171012/000110465907039425/a07-11077_110qsb.htm,1620599312,18:28:32,20210509
42,2006-12-31,UNXL,USD,2007-03-06,2007-03-06 11:32:13,Q4,0.0,0.0,0.0,0.0,2867937000.0,3509163000.0,0.0,0.0,6377100000.0,6377100000.0,720520000.0,64303000.0,-6421315000.0,0.0,-6485618000.0,0.0,0.0,-6485618000.0,0.0,0.0,-6485618000.0,0.0,-0.40453,-0.40453,16032591000.0,16032591000.0,https://www.sec.gov/Archives/edgar/data/1171012/000110465907016605/0001104659-07-016605-index.htm,https://www.sec.gov/Archives/edgar/data/1171012/000110465907016605/a07-5781_110ksb.htm,1620599312,18:28:32,20210509
43,2006-09-30,UNXL,USD,2006-11-13,2006-11-13 07:21:26,Q3,0.0,0.0,0.0,0.0,2290039000.0,2358037000.0,0.0,0.0,4648076000.0,4648076000.0,273785000.0,194388000.0,-4325247000.0,0.0,-4519635000.0,0.0,0.0,-4519635000.0,0.0,0.0,-4519635000.0,0.0,-0.28357,-0.28357,15938440000.0,15938440000.0,https://www.sec.gov/Archives/edgar/data/1171012/000110465906074027/0001104659-06-074027-index.htm,https://www.sec.gov/Archives/edgar/data/1171012/000110465906074027/a06-21965_110qsb.htm,1620599312,18:28:32,20210509
44,2006-06-30,UNXL,USD,2006-08-14,2006-08-14 12:01:23,Q2,0.0,0.0,0.0,0.0,1818306000.0,1610988000.0,0.0,0.0,3429294000.0,3429294000.0,73551000.0,-63511000.0,-3523688000.0,0.0,-3460177000.0,0.0,0.0,-3460177000.0,0.0,0.0,-3460177000.0,0.0,-0.21864,-0.21864,15825954000.0,15825954000.0,https://www.sec.gov/Archives/edgar/data/1171012/000110465906054534/0001104659-06-054534-index.htm,https://www.sec.gov/Archives/edgar/data/1171012/000110465906054534/a06-15662_110qsb.htm,1620599312,18:28:32,20210509
45,2006-03-31,UNXL,USD,2006-05-15,2006-05-15 13:42:37,Q1,0.0,0.0,0.0,0.0,1080112000.0,830263000.0,0.0,0.0,1910375000.0,1910375000.0,-13767000.0,65674000.0,-1630934000.0,0.0,-1696608000.0,0.0,0.0,-1696608000.0,0.0,0.0,-1696608000.0,0.0,-0.10829,-0.10829,15667897000.0,15667897000.0,https://www.sec.gov/Archives/edgar/data/1171012/000110465906034857/0001104659-06-034857-index.htm,https://www.sec.gov/Archives/edgar/data/1171012/000110465906034857/a06-9851_110qsb.htm,1620599312,18:28:32,20210509
46,2005-12-31,UNXL,USD,2006-03-28,2006-03-28 16:15:44,Q4,19689000.0,9844000.0,9845000.0,0.500025394890548,2758739000.0,2331743000.0,0.0,0.0,5090482000.0,5100326000.0,-113847000.0,63027000.0,-4903763000.0,-249.06104931687744,-4966790000.0,-252.26217685001777,0.0,-4966790000.0,-252.26217685001777,0.0,-4966790000.0,-252.26217685001777,-0.38637,-0.38637,12854968000.0,12854968000.0,https://www.sec.gov/Archives/edgar/data/1171012/000110465906019887/0001104659-06-019887-index.htm,https://www.sec.gov/Archives/edgar/data/1171012/000110465906019887/a06-2530_110ksb.htm,1620599312,18:28:32,20210509
47,2005-09-30,UNXL,USD,2005-11-10,2005-11-10 15:16:56,Q3,19689000.0,9844000.0,9845000.0,0.500025394890548,2028155000.0,1715098000.0,0.0,0.0,3743253000.0,3753097000.0,-88723000.0,60306000.0,-3584379000.0,-182.04982477525522,-3644685000.0,-185.11275331403323,0.0,-3644685000.0,-185.11275331403323,0.0,-3644685000.0,-185.11275331403323,-0.28473,-0.28473,12800580000.0,12800580000.0,https://www.sec.gov/Archives/edgar/data/1171012/000110465905054540/0001104659-05-054540-index.htm,https://www.sec.gov/Archives/edgar/data/1171012/000110465905054540/a05-19645_110qsb.htm,1620599312,18:28:32,20210509
48,2005-06-30,UNXL,USD,2005-08-10,2005-08-10 16:11:11,Q2,1470000.0,735000.0,735000.0,0.5,814140000.0,604766000.0,0.0,0.0,1418906000.0,1419641000.0,-39991000.0,48698000.0,-1329482000.0,-904.4095238095238,-1378180000.0,-937.5374149659864,0.0,-1378180000.0,-937.5374149659864,0.0,-1378180000.0,-937.5374149659864,-0.10767,-0.10767,12800580000.0,12800580000.0,https://www.sec.gov/Archives/edgar/data/1171012/000110465905038297/0001104659-05-038297-index.htm,https://www.sec.gov/Archives/edgar/data/1171012/000110465905038297/a05-13190_110qsb.htm,1620599312,18:28:32,20210509
