,date,symbol,reportedCurrency,fillingDate,acceptedDate,period,revenue,costOfRevenue,grossProfit,grossProfitRatio,researchAndDevelopmentExpenses,generalAndAdministrativeExpenses,sellingAndMarketingExpenses,otherExpenses,operatingExpenses,costAndExpenses,interestExpense,depreciationAndAmortization,ebitda,ebitdaratio,operatingIncome,operatingIncomeRatio,totalOtherIncomeExpensesNet,incomeBeforeTax,incomeBeforeTaxRatio,incomeTaxExpense,netIncome,netIncomeRatio,eps,epsdiluted,weightedAverageShsOut,weightedAverageShsOutDil,link,finalLink,timestamp,est_time,est_date
0,2021-03-31,WHD,USD,2021-05-07,2021-05-06 19:01:25,Q1,84417000,63155000,21262000,0.2518686994325787,0.0,9627000.0,0.0,-406000.0,9627000.0,72782000,152.0,9193000.0,20828000,0.24672755487638745,11635000.0,0.13782768873568121,0.0,11077000.0,0.13121764573486383,-4059000.0,15136000.0,0.17930037788597084,0.3185855609345401,0.20015339451482372,47510000,75622000,https://www.sec.gov/Archives/edgar/data/1699136/000169913621000112/0001699136-21-000112-index.htm,https://www.sec.gov/Archives/edgar/data/1699136/000169913621000112/whd-20210331.htm,1620599812,18:36:52,20210509
1,2020-12-31,WHD,USD,2021-03-01,2021-02-26 18:07:39,Q4,68090000,50691000,17399000,0.2555294463210457,0.0,8976000.0,0.0,-1865.0,8976000.0,61531000,633.0,9258000.0,15817000,0.23229549126156557,6559000.0,0.09632838889704802,1864.0,8273000.0,0.12150095461888677,2137.0,27971000.0,0.4107945366426788,0.5887392127973058,0.36987913570125097,47510000,75622000,https://www.sec.gov/Archives/edgar/data/1699136/000169913621000033/0001699136-21-000033-index.htm,https://www.sec.gov/Archives/edgar/data/1699136/000169913621000033/whd-20201231.htm,1620599812,18:36:52,20210509
2,2020-09-30,WHD,USD,2020-11-05,2020-11-05 17:02:42,Q3,59789000,38849000,20940000,0.3502316479619997,0.0,8384000.0,0.0,-1865000.0,8384000.0,47233000,0.0,9762000.0,22318000,0.3732793657696232,12556000.0,0.21000518490023248,-1865000.0,10909000.0,0.18245831172958235,23000.0,6233000.0,0.10424994564217498,0.13119343296148178,0.08242310438761206,47510000,75622000,https://www.sec.gov/Archives/edgar/data/1699136/000169913620000035/0001699136-20-000035-index.htm,https://www.sec.gov/Archives/edgar/data/1699136/000169913620000035/whd-20200930.htm,1620599812,18:36:52,20210509
3,2020-06-30,WHD,USD,2020-07-31,2020-07-30 19:49:51,Q2,66548000,48123000,18425000,0.27686782472801585,0.0,8693000.0,0.0,1310000.0,8693000.0,56816000,-223000.0,10520000.0,20252000,0.30432169261285086,9732000.0,0.14624030774779107,453000.0,10408000.0,0.15639838913265613,1313000.0,6028000.0,0.0905812345975837,0.13,0.11,47436000,75367000,https://www.sec.gov/Archives/edgar/data/1699136/000169913620000009/0001699136-20-000009-index.htm,https://www.sec.gov/Archives/edgar/data/1699136/000169913620000009/whd-20200630.htm,1620599812,18:36:52,20210509
4,2020-03-31,WHD,USD,2020-05-01 00:00:00,2020-04-30 18:24:35,Q1,154139000,99285000,54854000,0.35587359461265483,0.0,13662000.0,0.0,0.0,13662000.0,112947000,-410000.0,10980000.0,52172000,0.3384737152829589,41192000.0,0.2672393099734655,-1007000.0,40595000.0,0.2633661824716652,7497000.0,18983000.0,0.12315507431603942,0.40158662999788447,0.2517806220571656,47270000,75395000,https://www.sec.gov/Archives/edgar/data/1699136/000155837020004848/0001558370-20-004848-index.html,https://www.sec.gov/Archives/edgar/data/1699136/000155837020004848/whd-20200430x10q.htm,1620599812,18:36:52,20210509
5,2019-12-31,WHD,USD,2020-02-28 00:00:00,2020-02-28 17:30:00,Q4,140238000,91764000,48474000,0.3456552432293672,0.0,12389000.0,0.0,4778000.0,12389000.0,104153000,1849000.0,10590000.0,46675000,0.3328270511558921,36085000.0,0.25731256863332336,4778000.0,41253000.0,0.2941642065631284,9979000.0,18058000.0,0.1287668107075115,0.38316924121541335,0.23948014057423248,47128000,75405000,https://www.sec.gov/Archives/edgar/data/1699136/000155837020001806/0001558370-20-001806-index.html,https://www.sec.gov/Archives/edgar/data/1699136/000155837020001806/whd-20191231x10k.htm,1620599812,18:36:52,20210509
6,2019-09-30,WHD,USD,2019-10-31 00:00:00,2019-10-31 17:28:41,Q3,160808000,100337000,60471000,0.37604472414307744,0.0,13348000.0,0.0,558000.0,13348000.0,113685000,-373000.0,10007000.0,57130000,0.3552683946072335,47123000.0,0.29303890353713746,558000.0,48054000.0,0.29882841649669173,12221000.0,19339000.0,0.12026142977961296,0.41063807198216373,0.4086682726850091,47095000,47322000,https://www.sec.gov/Archives/edgar/data/1699136/000155837019009613/0001558370-19-009613-index.html,https://www.sec.gov/Archives/edgar/data/1699136/000155837019009613/whd-20190930x10q.htm,1620599812,18:36:52,20210509
7,2019-06-30,WHD,USD,2019-08-02 00:00:00,2019-08-01 20:50:28,Q2,168493000,103791000,64702000,0.3840040832556842,0.0,13252000.0,0.0,0.0,13252000.0,117043000,-93000.0,9376000.0,60826000,0.36100016024404574,51450000.0,0.3053539316173372,0.0,51543000.0,0.30590588333046476,10793000.0,21408000.0,0.12705572338316726,0.46,0.45,46881000,47145000,https://www.sec.gov/Archives/edgar/data/1699136/000155837019006861/0001558370-19-006861-index.html,https://www.sec.gov/Archives/edgar/data/1699136/000155837019006861/whd-20190630x10q.htm,1620599812,18:36:52,20210509
8,2019-03-31,WHD,USD,2019-05-09 00:00:00,2019-05-08 19:58:55,Q1,158875000,97715000,61160000,0.3849567269866247,0.0,12668000.0,0.0,-1042000.0,12668000.0,110383000,-23000.0,8881000.0,57373000,0.36112037765538946,48492000.0,0.30522108575924467,-1042000.0,47473000.0,0.2988072383949646,-973000.0,26807000.0,0.16873013375295043,0.69,0.59,38719000,75246000,https://www.sec.gov/Archives/edgar/data/1699136/000155837019004535/0001558370-19-004535-index.html,https://www.sec.gov/Archives/edgar/data/1699136/000155837019004535/whd-20190331x10q.htm,1620599812,18:36:52,20210509
9,2018-12-31,WHD,USD,2019-03-15 00:00:00,2019-03-14 20:40:23,Q4,139824000,85447000,54377000,0.3888960407369264,0.0,10513000.0,0.0,0.0,10513000.0,95960000,308000.0,8324000.0,52188000,0.3732406453827669,43864000.0,0.31370866231834305,0.0,43639000.0,0.31209949650989816,4956000.0,16924000.0,0.12103787618720678,0.45,0.44,37650000,38081000,https://www.sec.gov/Archives/edgar/data/1699136/000155837019002063/0001558370-19-002063-index.html,https://www.sec.gov/Archives/edgar/data/1699136/000155837019002063/whd-20181231x10k.htm,1620599812,18:36:52,20210509
10,2018-09-30,WHD,USD,2018-11-02 00:00:00,2018-11-02 17:24:38,Q3,150658000,87474000,63184000,0.41938695588684305,0.0,11051000.0,0.0,0.0,11051000.0,98525000,270000.0,7841000.0,59974000,0.3980804205551647,52133000.0,0.3460353914163204,0.0,51863000.0,0.3442432529304783,8215000.0,18672000.0,0.12393633262090298,0.5212584796627676,0.5153882249027023,35821000,36229000,https://www.sec.gov/Archives/edgar/data/1699136/000155837018008393/0001558370-18-008393-index.html,https://www.sec.gov/Archives/edgar/data/1699136/000155837018008393/whd-20180930x10q.htm,1620599812,18:36:52,20210509
11,2018-06-30,WHD,USD,2018-08-02 00:00:00,2018-08-02 17:24:34,Q2,138543000,82205000,56338000,0.4066463119753434,0.0,9851000.0,0.0,0.0,9851000.0,92056000,248000.0,7367000.0,53854000,0.38871686046931275,46487000.0,0.3355420338811777,0.0,46239000.0,0.3337519759208332,4697000.0,12334000.0,0.08902651162454978,0.47,0.46,26450000,26779000,https://www.sec.gov/Archives/edgar/data/1699136/000155837018006261/0001558370-18-006261-index.html,https://www.sec.gov/Archives/edgar/data/1699136/000155837018006261/whd-20180630x10q.htm,1620599812,18:36:52,20210509
12,2018-03-31,WHD,USD,2018-05-11 00:00:00,2018-05-11 17:15:24,Q1,115110000,70779000,44331000,0.38511858222569717,0.0,9114000.0,0.0,-4305000.0,9114000.0,79893000,2852000.0,6621000.0,41838000,0.3634610372686995,35217000.0,0.30594214229867084,-4305000.0,28060000.0,0.24376683172617497,1652000.0,17401000.0,0.15116844757188777,0.657882797731569,0.6529945962173521,26450000,26648000,https://www.sec.gov/Archives/edgar/data/1699136/000155837018004743/0001558370-18-004743-index.html,https://www.sec.gov/Archives/edgar/data/1699136/000155837018004743/whd-20180331x10q.htm,1620599812,18:36:52,20210509
13,2017-12-31,WHD,USD,2018-03-19,2018-03-19,Q4,104784000,69403000,35381000,0.33765651244464806,0.0,0.0,0.0,0.0,6644000.0,76047000,5235000.0,6295000.0,35032000,0.3343258512750038,28737000.0,0.27424988547869905,0.0,23421000.0,0.22351694915254236,607000.0,22814000.0,0.2177240800122156,0.304634,0.304634,74889772,74889772,https://www.sec.gov/Archives/edgar/data/1699136/000155837018002233/0001558370-18-002233-index.htm,https://www.sec.gov/Archives/edgar/data/1699136/000155837018002233/whd-20171231x10k.htm,1620599812,18:36:52,20210509
14,2017-09-30,WHD,USD,2017-09-30,2017-09-30,Q3,96027000,60872000,35155000,0.3660949524612869,0.0,0.0,0.0,0.0,7096000.0,67968000,5283000.0,6074000.0,34133000,0.3554521124267133,28059000.0,0.2921990690118404,0.0,22780000.0,0.23722494715028064,479000.0,22301000.0,0.23223676674268695,0.2977843222703362,0.2977843222703362,74889772,74889772,,,1620599812,18:36:52,20210509
15,2017-06-30,WHD,USD,2017-06-30,2017-06-30,Q2,81877000,52470000,29407000,0.35916069225789904,0.0,0.0,0.0,0.0,7334000.0,59804000,5186000.0,5589000.0,27662000,0.3378482357682866,22073000.0,0.26958730779095474,0.0,16887000.0,0.20624839698572248,309000.0,16578000.0,0.20247444337237563,0.0,0.0,74889772,74889772,,,1620599812,18:36:52,20210509
16,2017-03-31,WHD,USD,2017-03-31,2017-03-31,Q1,58503000,42406000,16097000,0.2751482829940345,0.0,0.0,0.0,0.0,6103000.0,48509000,4986000.0,5313000.0,15307000,0.26164470198109496,9994000.0,0.17082884638394613,0.0,5008000.0,0.08560244773772285,154000.0,4854000.0,0.08297010409722579,0.064815,0.064815,74889772,74889772,,,1620599812,18:36:52,20210509
17,2016-12-31,WHD,USD,2016-12-31,2016-12-31,Q4,49547000,37786000,11761000,0.23737057743152967,0.0,0.0,0.0,0.0,5599000.0,43385000,4920000.0,5299000.0,11461000,0.23131572042706924,6162000.0,0.12436676287161685,0.0,1198000.0,0.024179062304478575,-148000.0,1346000.0,0.027166125093345712,0.017973081824845187,0.017973081824845187,74889772,74889772,,,1620599812,18:36:52,20210509
