,date,symbol,reportedCurrency,fillingDate,acceptedDate,period,revenue,costOfRevenue,grossProfit,grossProfitRatio,researchAndDevelopmentExpenses,generalAndAdministrativeExpenses,sellingAndMarketingExpenses,otherExpenses,operatingExpenses,costAndExpenses,interestExpense,depreciationAndAmortization,ebitda,ebitdaratio,operatingIncome,operatingIncomeRatio,totalOtherIncomeExpensesNet,incomeBeforeTax,incomeBeforeTaxRatio,incomeTaxExpense,netIncome,netIncomeRatio,eps,epsdiluted,weightedAverageShsOut,weightedAverageShsOutDil,link,finalLink,timestamp,est_time,est_date
0,2019-06-30,MOS.L,GBP,2019-06-30,2019-06-30,Q2,333750.0,208500.0,125250.0,0.3752808988764045,0.0,234000.0,59750.0,0.0,0.0,502250.0,1000.0,750.0,-167750.0,-0.5026217228464419,-168500.0,-0.5048689138576778,0.0,-141250.0,-0.4232209737827715,-37750.0,-103500.0,-0.3101123595505618,-0.00092,-0.00092,112588149,112588149,https://find-and-update.company-information.service.gov.uk/search/companies?q=Mobile+Streams+PLC,https://find-and-update.company-information.service.gov.uk/search/companies?q=Mobile+Streams+PLC,1620595233,17:20:33,20210509
1,2019-03-31,MOS.L,GBP,2019-03-31,2019-03-31,Q1,333750.0,208500.0,125250.0,0.3752808988764045,0.0,234000.0,59750.0,0.0,0.0,502250.0,1000.0,750.0,-167750.0,-0.5026217228464419,-168500.0,-0.5048689138576778,0.0,-141250.0,-0.4232209737827715,-37750.0,-103500.0,-0.3101123595505618,-0.00092,-0.00092,112588149,112588149,https://find-and-update.company-information.service.gov.uk/search/companies?q=Mobile+Streams+PLC,https://find-and-update.company-information.service.gov.uk/search/companies?q=Mobile+Streams+PLC,1620595233,17:20:33,20210509
2,2019-01-31,MOS.L,GBP,2019-01-31,2019-01-31,Q1,333750.0,208500.0,125250.0,0.3752808988764045,0.0,234000.0,59750.0,0.0,0.0,502250.0,1000.0,750.0,-167750.0,-0.5026217228464419,-168500.0,-0.5048689138576778,0.0,-141250.0,-0.4232209737827715,-37750.0,-103500.0,-0.3101123595505618,-0.00092,-0.00092,112588149,112588149,https://find-and-update.company-information.service.gov.uk/search/companies?q=Mobile+Streams+PLC,https://find-and-update.company-information.service.gov.uk/search/companies?q=Mobile+Streams+PLC,1620595233,17:20:33,20210509
3,2018-06-30,MOS.L,GBP,2018-06-30,2018-06-30,Q2,761500.0,467000.0,294500.0,0.38673670387393305,0.0,431000.0,159500.0,0.0,0.0,1057500.0,500.0,1500.0,-294500.0,-0.38673670387393305,-296000.0,-0.3887065003282994,0.0,-232750.0,-0.3056467498358503,21000.0,-253750.0,-0.33322390019697967,-0.0025175,-0.0025175,100752533,100752533,https://find-and-update.company-information.service.gov.uk/search/companies?q=Mobile+Streams+PLC,https://find-and-update.company-information.service.gov.uk/search/companies?q=Mobile+Streams+PLC,1620595233,17:20:33,20210509
4,2018-03-31,MOS.L,GBP,2018-03-31,2018-03-31,Q1,761500.0,467000.0,294500.0,0.38673670387393305,0.0,431000.0,159500.0,0.0,0.0,1057500.0,500.0,1500.0,-294500.0,-0.38673670387393305,-296000.0,-0.3887065003282994,0.0,-232750.0,-0.3056467498358503,21000.0,-253750.0,-0.33322390019697967,-0.0025175,-0.0025175,100752533,100752533,https://find-and-update.company-information.service.gov.uk/search/companies?q=Mobile+Streams+PLC,https://find-and-update.company-information.service.gov.uk/search/companies?q=Mobile+Streams+PLC,1620595233,17:20:33,20210509
5,2018-01-31,MOS.L,GBP,2018-01-31,2018-01-31,Q1,761500.0,467000.0,294500.0,0.38673670387393305,0.0,431000.0,159500.0,0.0,0.0,1057500.0,500.0,1500.0,-294500.0,-0.38673670387393305,-296000.0,-0.3887065003282994,0.0,-232750.0,-0.3056467498358503,21000.0,-253750.0,-0.33322390019697967,-0.0025175,-0.0025175,100752533,100752533,https://find-and-update.company-information.service.gov.uk/search/companies?q=Mobile+Streams+PLC,https://find-and-update.company-information.service.gov.uk/search/companies?q=Mobile+Streams+PLC,1620595233,17:20:33,20210509
6,2017-06-30,MOS.L,GBP,2017-06-30,2017-06-30,Q2,1423750.0,985500.0,438250.0,0.3078138718173837,0.0,649500.0,192250.0,0.0,0.0,1827250.0,500.0,4750.0,-398750.0,-0.2800702370500439,-403500.0,-0.28340649692712905,0.0,-379500.0,-0.2665496049165935,52250.0,-431750.0,-0.3032484635645303,-0.00655,-0.00655,65910376,65910376,https://find-and-update.company-information.service.gov.uk/search/companies?q=Mobile+Streams+PLC,https://find-and-update.company-information.service.gov.uk/search/companies?q=Mobile+Streams+PLC,1620595233,17:20:33,20210509
7,2017-03-31,MOS.L,GBP,2017-03-31,2017-03-31,Q1,1423750.0,985500.0,438250.0,0.3078138718173837,0.0,649500.0,192250.0,0.0,0.0,1827250.0,500.0,4750.0,-398750.0,-0.2800702370500439,-403500.0,-0.28340649692712905,0.0,-379500.0,-0.2665496049165935,52250.0,-431750.0,-0.3032484635645303,-0.00655,-0.00655,65910376,65910376,https://find-and-update.company-information.service.gov.uk/search/companies?q=Mobile+Streams+PLC,https://find-and-update.company-information.service.gov.uk/search/companies?q=Mobile+Streams+PLC,1620595233,17:20:33,20210509
8,2017-01-31,MOS.L,GBP,2017-01-31,2017-01-31,Q1,1423750.0,985500.0,438250.0,0.3078138718173837,0.0,649500.0,192250.0,0.0,0.0,1827250.0,500.0,4750.0,-398750.0,-0.2800702370500439,-403500.0,-0.28340649692712905,0.0,-379500.0,-0.2665496049165935,52250.0,-431750.0,-0.3032484635645303,-0.00655,-0.00655,65910376,65910376,https://find-and-update.company-information.service.gov.uk/search/companies?q=Mobile+Streams+PLC,https://find-and-update.company-information.service.gov.uk/search/companies?q=Mobile+Streams+PLC,1620595233,17:20:33,20210509
9,2016-06-30,MOS.L,GBP,2016-06-30,2016-06-30,Q2,3196500.0,2314000.0,882500.0,0.2760832160175192,0.0,762000.0,333250.0,0.0,0.0,3409250.0,1000.0,14750.0,-198000.0,-0.06194274988268419,-212750.0,-0.06655717190677303,0.0,-184250.0,-0.05764117002972001,142250.0,-326500.0,-0.10214296887220398,-0.0087975,-0.0087975,37114283,37114283,https://find-and-update.company-information.service.gov.uk/search/companies?q=Mobile+Streams+PLC,https://find-and-update.company-information.service.gov.uk/search/companies?q=Mobile+Streams+PLC,1620595233,17:20:33,20210509
10,2016-03-31,MOS.L,GBP,2016-03-31,2016-03-31,Q1,3196500.0,2314000.0,882500.0,0.2760832160175192,0.0,762000.0,333250.0,0.0,0.0,3409250.0,1000.0,14750.0,-198000.0,-0.06194274988268419,-212750.0,-0.06655717190677303,0.0,-184250.0,-0.05764117002972001,142250.0,-326500.0,-0.10214296887220398,-0.0087975,-0.0087975,37114283,37114283,https://find-and-update.company-information.service.gov.uk/search/companies?q=Mobile+Streams+PLC,https://find-and-update.company-information.service.gov.uk/search/companies?q=Mobile+Streams+PLC,1620595233,17:20:33,20210509
11,2016-01-31,MOS.L,GBP,2016-01-31,2016-01-31,Q1,3196500.0,2314000.0,882500.0,0.2760832160175192,0.0,762000.0,333250.0,0.0,0.0,3409250.0,1000.0,14750.0,-198000.0,-0.06194274988268419,-212750.0,-0.06655717190677303,0.0,-184250.0,-0.05764117002972001,142250.0,-326500.0,-0.10214296887220398,-0.0087975,-0.0087975,37114283,37114283,https://find-and-update.company-information.service.gov.uk/search/companies?q=Mobile+Streams+PLC,https://find-and-update.company-information.service.gov.uk/search/companies?q=Mobile+Streams+PLC,1620595233,17:20:33,20210509
12,2015-09-30,MOS.L,GBP,2015-09-30,2015-09-30,Q3,7265750.0,5347500.0,1918250.0,0.264012662147748,0.0,873250.0,851250.0,0.0,0.0,7072000.0,2000.0,14750.0,208500.0,0.028696280494099027,193750.0,0.026666207893197538,0.0,208000.0,0.028627464473729484,123750.0,84250.0,0.011595499432267831,0.00227,0.0021375,37100536,39431497,https://find-and-update.company-information.service.gov.uk/search/companies?q=Mobile+Streams+PLC,https://find-and-update.company-information.service.gov.uk/search/companies?q=Mobile+Streams+PLC,1620595233,17:20:33,20210509
13,2015-06-30,MOS.L,GBP,2015-06-30,2015-06-30,Q2,7265750.0,5347500.0,1918250.0,0.264012662147748,0.0,873250.0,851250.0,0.0,0.0,7072000.0,2000.0,14750.0,208500.0,0.028696280494099027,193750.0,0.026666207893197538,0.0,208000.0,0.028627464473729484,123750.0,84250.0,0.011595499432267831,0.00227,0.0021375,37100536,39431497,https://find-and-update.company-information.service.gov.uk/search/companies?q=Mobile+Streams+PLC,https://find-and-update.company-information.service.gov.uk/search/companies?q=Mobile+Streams+PLC,1620595233,17:20:33,20210509
14,2015-03-31,MOS.L,GBP,2015-03-31,2015-03-31,Q1,7265750.0,5347500.0,1918250.0,0.264012662147748,0.0,873250.0,851250.0,0.0,0.0,7072000.0,2000.0,14750.0,208500.0,0.028696280494099027,193750.0,0.026666207893197538,0.0,208000.0,0.028627464473729484,123750.0,84250.0,0.011595499432267831,0.00227,0.0021375,37100536,39431497,https://find-and-update.company-information.service.gov.uk/search/companies?q=Mobile+Streams+PLC,https://find-and-update.company-information.service.gov.uk/search/companies?q=Mobile+Streams+PLC,1620595233,17:20:33,20210509
15,2015-01-31,MOS.L,GBP,2015-01-31,2015-01-31,Q1,7265750.0,5347500.0,1918250.0,0.264012662147748,0.0,873250.0,851250.0,0.0,0.0,7072000.0,2000.0,14750.0,208500.0,0.028696280494099027,193750.0,0.026666207893197538,0.0,208000.0,0.028627464473729484,123750.0,84250.0,0.011595499432267831,0.00227,0.0021375,37100536,39431497,https://find-and-update.company-information.service.gov.uk/search/companies?q=Mobile+Streams+PLC,https://find-and-update.company-information.service.gov.uk/search/companies?q=Mobile+Streams+PLC,1620595233,17:20:33,20210509
16,2014-09-30,MOS.L,GBP,2014-09-30,2014-09-30,Q3,12143250.0,8586000.0,3557250.0,0.29294052251250696,0.0,1590250.0,1968000.0,0.0,0.0,12144250.0,3250.0,9000.0,8000.0,0.0006588022152224487,-1000.0,-8.235027690280609e-05,0.0,38250.0,0.003149898091532333,178250.0,-140000.0,-0.011529038766392852,-0.0037931243011168473,-0.0036447085041540956,36908888,38411851,https://find-and-update.company-information.service.gov.uk/search/companies?q=Mobile+Streams+PLC,https://find-and-update.company-information.service.gov.uk/search/companies?q=Mobile+Streams+PLC,1620595233,17:20:33,20210509
17,2014-06-30,MOS.L,GBP,2014-06-30,2014-06-30,Q2,12143250.0,8586000.0,3557250.0,0.29294052251250696,0.0,1590250.0,1968000.0,0.0,0.0,12144250.0,3250.0,9000.0,8000.0,0.0006588022152224487,-1000.0,-8.235027690280609e-05,0.0,38250.0,0.003149898091532333,178250.0,-140000.0,-0.011529038766392852,-0.0037931243011168473,-0.0036447085041540956,36908888,38411851,https://find-and-update.company-information.service.gov.uk/search/companies?q=Mobile+Streams+PLC,https://find-and-update.company-information.service.gov.uk/search/companies?q=Mobile+Streams+PLC,1620595233,17:20:33,20210509
18,2014-03-31,MOS.L,GBP,2014-03-31,2014-03-31,Q1,12143250.0,8586000.0,3557250.0,0.29294052251250696,0.0,1590250.0,1968000.0,0.0,0.0,12144250.0,3250.0,9000.0,8000.0,0.0006588022152224487,-1000.0,-8.235027690280609e-05,0.0,38250.0,0.003149898091532333,178250.0,-140000.0,-0.011529038766392852,-0.0037931243011168473,-0.0036447085041540956,36908888,38411851,https://find-and-update.company-information.service.gov.uk/search/companies?q=Mobile+Streams+PLC,https://find-and-update.company-information.service.gov.uk/search/companies?q=Mobile+Streams+PLC,1620595233,17:20:33,20210509
19,2014-01-31,MOS.L,GBP,2014-01-31,2014-01-31,Q1,12143250.0,8586000.0,3557250.0,0.29294052251250696,0.0,1590250.0,1968000.0,0.0,0.0,12144250.0,3250.0,9000.0,8000.0,0.0006588022152224487,-1000.0,-8.235027690280609e-05,0.0,38250.0,0.003149898091532333,178250.0,-140000.0,-0.011529038766392852,-0.0037931243011168473,-0.0036447085041540956,36908888,38411851,https://find-and-update.company-information.service.gov.uk/search/companies?q=Mobile+Streams+PLC,https://find-and-update.company-information.service.gov.uk/search/companies?q=Mobile+Streams+PLC,1620595233,17:20:33,20210509
20,2013-09-30,MOS.L,GBP,2013-09-30,2013-09-30,Q3,13484000.0,9087500.0,4396500.0,0.3260530999703352,0.0,1235500.0,1960750.0,0.0,0.0,12283750.0,3250.0,6250.0,1206500.0,0.08947641649362208,1200250.0,0.0890129041827351,0.0,1197000.0,0.08877187778107387,544250.0,652750.0,0.048409225749035896,0.01782,0.01708,36632292,38219713,https://find-and-update.company-information.service.gov.uk/search/companies?q=Mobile+Streams+PLC,https://find-and-update.company-information.service.gov.uk/search/companies?q=Mobile+Streams+PLC,1620595233,17:20:33,20210509
21,2013-06-30,MOS.L,GBP,2013-06-30,2013-06-30,Q2,13484000.0,9087500.0,4396500.0,0.3260530999703352,0.0,1235500.0,1960750.0,0.0,0.0,12283750.0,3250.0,6250.0,1206500.0,0.08947641649362208,1200250.0,0.0890129041827351,0.0,1197000.0,0.08877187778107387,544250.0,652750.0,0.048409225749035896,0.01782,0.01708,36632292,38219713,https://find-and-update.company-information.service.gov.uk/search/companies?q=Mobile+Streams+PLC,https://find-and-update.company-information.service.gov.uk/search/companies?q=Mobile+Streams+PLC,1620595233,17:20:33,20210509
22,2013-03-31,MOS.L,GBP,2013-03-31,2013-03-31,Q1,13484000.0,9087500.0,4396500.0,0.3260530999703352,0.0,1235500.0,1960750.0,0.0,0.0,12283750.0,3250.0,6250.0,1206500.0,0.08947641649362208,1200250.0,0.0890129041827351,0.0,1197000.0,0.08877187778107387,544250.0,652750.0,0.048409225749035896,0.01782,0.01708,36632292,38219713,https://find-and-update.company-information.service.gov.uk/search/companies?q=Mobile+Streams+PLC,https://find-and-update.company-information.service.gov.uk/search/companies?q=Mobile+Streams+PLC,1620595233,17:20:33,20210509
23,2013-01-31,MOS.L,GBP,2013-01-31,2013-01-31,Q1,13484000.0,9087500.0,4396500.0,0.3260530999703352,0.0,1235500.0,1960750.0,0.0,0.0,12283750.0,3250.0,6250.0,1206500.0,0.08947641649362208,1200250.0,0.0890129041827351,0.0,1197000.0,0.08877187778107387,544250.0,652750.0,0.048409225749035896,0.01782,0.01708,36632292,38219713,https://find-and-update.company-information.service.gov.uk/search/companies?q=Mobile+Streams+PLC,https://find-and-update.company-information.service.gov.uk/search/companies?q=Mobile+Streams+PLC,1620595233,17:20:33,20210509
24,2012-09-30,MOS.L,GBP,2012-09-30,2012-09-30,Q3,5511750.0,3303000.0,2208750.0,0.40073479384950333,0.0,882750.0,917000.0,0.0,0.0,5102750.0,500.0,52250.0,461250.0,0.08368485508232412,409000.0,0.0742051072708305,0.0,409000.0,0.0742051072708305,215750.0,193250.0,0.0350614596090171,0.0053,0.0050925,36457692,37946255,https://find-and-update.company-information.service.gov.uk/search/companies?q=Mobile+Streams+PLC,https://find-and-update.company-information.service.gov.uk/search/companies?q=Mobile+Streams+PLC,1620595233,17:20:33,20210509
25,2012-06-30,MOS.L,GBP,2012-06-30,2012-06-30,Q2,5511750.0,3303000.0,2208750.0,0.40073479384950333,0.0,882750.0,917000.0,0.0,0.0,5102750.0,500.0,52250.0,461250.0,0.08368485508232412,409000.0,0.0742051072708305,0.0,409000.0,0.0742051072708305,215750.0,193250.0,0.0350614596090171,0.0053,0.0050925,36457692,37946255,https://find-and-update.company-information.service.gov.uk/search/companies?q=Mobile+Streams+PLC,https://find-and-update.company-information.service.gov.uk/search/companies?q=Mobile+Streams+PLC,1620595233,17:20:33,20210509
26,2012-03-31,MOS.L,GBP,2012-03-31,2012-03-31,Q1,5511750.0,3303000.0,2208750.0,0.40073479384950333,0.0,882750.0,917000.0,0.0,0.0,5102750.0,500.0,52250.0,461250.0,0.08368485508232412,409000.0,0.0742051072708305,0.0,409000.0,0.0742051072708305,215750.0,193250.0,0.0350614596090171,0.0053,0.0050925,36457692,37946255,https://find-and-update.company-information.service.gov.uk/search/companies?q=Mobile+Streams+PLC,https://find-and-update.company-information.service.gov.uk/search/companies?q=Mobile+Streams+PLC,1620595233,17:20:33,20210509
27,2012-01-31,MOS.L,GBP,2012-01-31,2012-01-31,Q1,5511750.0,3303000.0,2208750.0,0.40073479384950333,0.0,882750.0,917000.0,0.0,0.0,5102750.0,500.0,52250.0,461250.0,0.08368485508232412,409000.0,0.0742051072708305,0.0,409000.0,0.0742051072708305,215750.0,193250.0,0.0350614596090171,0.0053,0.0050925,36457692,37946255,https://find-and-update.company-information.service.gov.uk/search/companies?q=Mobile+Streams+PLC,https://find-and-update.company-information.service.gov.uk/search/companies?q=Mobile+Streams+PLC,1620595233,17:20:33,20210509
28,2011-09-30,MOS.L,GBP,2011-09-30,2011-09-30,Q3,3872750.0,2068000.0,1804750.0,0.4660125234006843,0.0,675250.0,559500.0,0.0,443250.0,3844000.0,0.0,98000.0,126750.0,0.03272868116971145,28750.0,0.007423665354076561,0.0,30750.0,0.00794009424827319,84250.0,-53500.0,-0.01381447291975986,-0.001473276823758365,-0.0014308152295759082,36313610,37391271,https://find-and-update.company-information.service.gov.uk/search/companies?q=Mobile+Streams+PLC,https://find-and-update.company-information.service.gov.uk/search/companies?q=Mobile+Streams+PLC,1620595233,17:20:33,20210509
29,2011-06-30,MOS.L,GBP,2011-06-30,2011-06-30,Q2,3872750.0,2068000.0,1804750.0,0.4660125234006843,0.0,675250.0,559500.0,0.0,443250.0,3844000.0,0.0,98000.0,126750.0,0.03272868116971145,28750.0,0.007423665354076561,0.0,30750.0,0.00794009424827319,84250.0,-53500.0,-0.01381447291975986,-0.001473276823758365,-0.0014308152295759082,36313610,37391271,https://find-and-update.company-information.service.gov.uk/search/companies?q=Mobile+Streams+PLC,https://find-and-update.company-information.service.gov.uk/search/companies?q=Mobile+Streams+PLC,1620595233,17:20:33,20210509
30,2011-03-31,MOS.L,GBP,2011-03-31,2011-03-31,Q1,3872750.0,2068000.0,1804750.0,0.4660125234006843,0.0,675250.0,559500.0,0.0,443250.0,3844000.0,0.0,98000.0,126750.0,0.03272868116971145,28750.0,0.007423665354076561,0.0,30750.0,0.00794009424827319,84250.0,-53500.0,-0.01381447291975986,-0.001473276823758365,-0.0014308152295759082,36313610,37391271,https://find-and-update.company-information.service.gov.uk/search/companies?q=Mobile+Streams+PLC,https://find-and-update.company-information.service.gov.uk/search/companies?q=Mobile+Streams+PLC,1620595233,17:20:33,20210509
31,2011-01-31,MOS.L,GBP,2011-01-31,2011-01-31,Q1,3872750.0,2068000.0,1804750.0,0.4660125234006843,0.0,675250.0,559500.0,0.0,443250.0,3844000.0,0.0,98000.0,126750.0,0.03272868116971145,28750.0,0.007423665354076561,0.0,30750.0,0.00794009424827319,84250.0,-53500.0,-0.01381447291975986,-0.001473276823758365,-0.0014308152295759082,36313610,37391271,https://find-and-update.company-information.service.gov.uk/search/companies?q=Mobile+Streams+PLC,https://find-and-update.company-information.service.gov.uk/search/companies?q=Mobile+Streams+PLC,1620595233,17:20:33,20210509
32,2009-09-30,MOS.L,GBP,2009-09-30,2009-09-30,Q3,1778000.0,880250.0,897750.0,0.5049212598425197,0.0,0.0,49250.0,0.0,792500.0,1976750.0,0.0,221000.0,22250.0,0.012514060742407199,-198750.0,-0.11178290213723284,0.0,-314500.0,-0.17688413948256468,-13500.0,-301000.0,-0.16929133858267717,-0.008299283294849658,-0.00808556320272543,36268192,37226844,https://find-and-update.company-information.service.gov.uk/search/companies?q=Mobile+Streams+PLC,https://find-and-update.company-information.service.gov.uk/search/companies?q=Mobile+Streams+PLC,1620595233,17:20:33,20210509
33,2009-06-30,MOS.L,GBP,2009-06-30,2009-06-30,Q2,1778000.0,880250.0,897750.0,0.5049212598425197,0.0,0.0,49250.0,0.0,792500.0,1976750.0,0.0,221000.0,22250.0,0.012514060742407199,-198750.0,-0.11178290213723284,0.0,-314500.0,-0.17688413948256468,-13500.0,-301000.0,-0.16929133858267717,-0.008299283294849658,-0.00808556320272543,36268192,37226844,https://find-and-update.company-information.service.gov.uk/search/companies?q=Mobile+Streams+PLC,https://find-and-update.company-information.service.gov.uk/search/companies?q=Mobile+Streams+PLC,1620595233,17:20:33,20210509
34,2009-03-31,MOS.L,GBP,2009-03-31,2009-03-31,Q1,1778000.0,880250.0,897750.0,0.5049212598425197,0.0,0.0,49250.0,0.0,792500.0,1976750.0,0.0,221000.0,22250.0,0.012514060742407199,-198750.0,-0.11178290213723284,0.0,-314500.0,-0.17688413948256468,-13500.0,-301000.0,-0.16929133858267717,-0.008299283294849658,-0.00808556320272543,36268192,37226844,https://find-and-update.company-information.service.gov.uk/search/companies?q=Mobile+Streams+PLC,https://find-and-update.company-information.service.gov.uk/search/companies?q=Mobile+Streams+PLC,1620595233,17:20:33,20210509
35,2009-01-31,MOS.L,GBP,2009-01-31,2009-01-31,Q1,1778000.0,880250.0,897750.0,0.5049212598425197,0.0,0.0,49250.0,0.0,792500.0,1976750.0,0.0,221000.0,22250.0,0.012514060742407199,-198750.0,-0.11178290213723284,0.0,-314500.0,-0.17688413948256468,-13500.0,-301000.0,-0.16929133858267717,-0.008299283294849658,-0.00808556320272543,36268192,37226844,https://find-and-update.company-information.service.gov.uk/search/companies?q=Mobile+Streams+PLC,https://find-and-update.company-information.service.gov.uk/search/companies?q=Mobile+Streams+PLC,1620595233,17:20:33,20210509
36,2008-09-30,MOS.L,GBP,2008-09-30,2008-09-30,Q3,2105500.0,1091250.0,1014250.0,0.48171455711232486,0.0,0.0,92500.0,0.0,798500.0,2495500.0,0.0,452750.0,62750.0,0.029802897174067918,-390000.0,-0.1852291617193066,0.0,-576500.0,-0.273806696746616,50750.0,-627250.0,-0.2979102350985514,-0.01736310791465683,-0.01700014597494814,36125445,36896742,https://find-and-update.company-information.service.gov.uk/search/companies?q=Mobile+Streams+PLC,https://find-and-update.company-information.service.gov.uk/search/companies?q=Mobile+Streams+PLC,1620595233,17:20:33,20210509
37,2008-06-30,MOS.L,GBP,2008-06-30,2008-06-30,Q2,2105500.0,1091250.0,1014250.0,0.48171455711232486,0.0,0.0,92500.0,0.0,798500.0,2495500.0,0.0,452750.0,62750.0,0.029802897174067918,-390000.0,-0.1852291617193066,0.0,-576500.0,-0.273806696746616,50750.0,-627250.0,-0.2979102350985514,-0.01736310791465683,-0.01700014597494814,36125445,36896742,https://find-and-update.company-information.service.gov.uk/search/companies?q=Mobile+Streams+PLC,https://find-and-update.company-information.service.gov.uk/search/companies?q=Mobile+Streams+PLC,1620595233,17:20:33,20210509
38,2008-03-31,MOS.L,GBP,2008-03-31,2008-03-31,Q1,2105500.0,1091250.0,1014250.0,0.48171455711232486,0.0,0.0,92500.0,0.0,798500.0,2495500.0,0.0,452750.0,62750.0,0.029802897174067918,-390000.0,-0.1852291617193066,0.0,-576500.0,-0.273806696746616,50750.0,-627250.0,-0.2979102350985514,-0.01736310791465683,-0.01700014597494814,36125445,36896742,https://find-and-update.company-information.service.gov.uk/search/companies?q=Mobile+Streams+PLC,https://find-and-update.company-information.service.gov.uk/search/companies?q=Mobile+Streams+PLC,1620595233,17:20:33,20210509
39,2008-01-31,MOS.L,GBP,2008-01-31,2008-01-31,Q1,2105500.0,1091250.0,1014250.0,0.48171455711232486,0.0,0.0,92500.0,0.0,798500.0,2495500.0,0.0,452750.0,62750.0,0.029802897174067918,-390000.0,-0.1852291617193066,0.0,-576500.0,-0.273806696746616,50750.0,-627250.0,-0.2979102350985514,-0.01736310791465683,-0.01700014597494814,36125445,36896742,https://find-and-update.company-information.service.gov.uk/search/companies?q=Mobile+Streams+PLC,https://find-and-update.company-information.service.gov.uk/search/companies?q=Mobile+Streams+PLC,1620595233,17:20:33,20210509
40,2007-09-30,MOS.L,GBP,2007-09-30,2007-09-30,Q3,2274500.0,1027000.0,1247500.0,0.5484721916904814,0.0,0.0,155750.0,0.0,1307750.0,2841250.0,0.0,287750.0,-279000.0,-0.1226643218289734,-566750.0,-0.2491756429984612,0.0,-1164000.0,-0.5117608265552869,-108000.0,-1056000.0,-0.464277863266652,-0.03006,-0.03006,35128404,35128404,https://find-and-update.company-information.service.gov.uk/search/companies?q=Mobile+Streams+PLC,https://find-and-update.company-information.service.gov.uk/search/companies?q=Mobile+Streams+PLC,1620595233,17:20:33,20210509
41,2007-06-30,MOS.L,GBP,2007-06-30,2007-06-30,Q2,2274500.0,1027000.0,1247500.0,0.5484721916904814,0.0,0.0,155750.0,0.0,1307750.0,2841250.0,0.0,287750.0,-279000.0,-0.1226643218289734,-566750.0,-0.2491756429984612,0.0,-1164000.0,-0.5117608265552869,-108000.0,-1056000.0,-0.464277863266652,-0.03006,-0.03006,35128404,35128404,https://find-and-update.company-information.service.gov.uk/search/companies?q=Mobile+Streams+PLC,https://find-and-update.company-information.service.gov.uk/search/companies?q=Mobile+Streams+PLC,1620595233,17:20:33,20210509
42,2007-03-31,MOS.L,GBP,2007-03-31,2007-03-31,Q1,2274500.0,1027000.0,1247500.0,0.5484721916904814,0.0,0.0,155750.0,0.0,1307750.0,2841250.0,0.0,287750.0,-279000.0,-0.1226643218289734,-566750.0,-0.2491756429984612,0.0,-1164000.0,-0.5117608265552869,-108000.0,-1056000.0,-0.464277863266652,-0.03006,-0.03006,35128404,35128404,https://find-and-update.company-information.service.gov.uk/search/companies?q=Mobile+Streams+PLC,https://find-and-update.company-information.service.gov.uk/search/companies?q=Mobile+Streams+PLC,1620595233,17:20:33,20210509
43,2007-01-31,MOS.L,GBP,2007-01-31,2007-01-31,Q1,2274500.0,1027000.0,1247500.0,0.5484721916904814,0.0,0.0,155750.0,0.0,1307750.0,2841250.0,0.0,287750.0,-279000.0,-0.1226643218289734,-566750.0,-0.2491756429984612,0.0,-1164000.0,-0.5117608265552869,-108000.0,-1056000.0,-0.464277863266652,-0.03006,-0.03006,35128404,35128404,https://find-and-update.company-information.service.gov.uk/search/companies?q=Mobile+Streams+PLC,https://find-and-update.company-information.service.gov.uk/search/companies?q=Mobile+Streams+PLC,1620595233,17:20:33,20210509
44,2006-09-30,MOS.L,GBP,2006-09-30,2006-09-30,Q3,2055750.0,850500.0,1205250.0,0.5862823786939073,0.0,0.0,62750.0,0.0,1190500.0,2279750.0,3500.0,132500.0,-91500.0,-0.04450930317402408,-224000.0,-0.10896266569378572,0.0,-492250.0,-0.2394503222668126,20750.0,-513000.0,-0.2495439620576432,-0.01688363008973567,-0.016095300241354204,30384461,31872658,https://find-and-update.company-information.service.gov.uk/search/companies?q=Mobile+Streams+PLC,https://find-and-update.company-information.service.gov.uk/search/companies?q=Mobile+Streams+PLC,1620595233,17:20:33,20210509
45,2006-06-30,MOS.L,GBP,2006-06-30,2006-06-30,Q2,2055750.0,850500.0,1205250.0,0.5862823786939073,0.0,0.0,62750.0,0.0,1190500.0,2279750.0,3500.0,132500.0,-91500.0,-0.04450930317402408,-224000.0,-0.10896266569378572,0.0,-492250.0,-0.2394503222668126,20750.0,-513000.0,-0.2495439620576432,-0.01688363008973567,-0.016095300241354204,30384461,31872658,https://find-and-update.company-information.service.gov.uk/search/companies?q=Mobile+Streams+PLC,https://find-and-update.company-information.service.gov.uk/search/companies?q=Mobile+Streams+PLC,1620595233,17:20:33,20210509
46,2006-03-31,MOS.L,GBP,2006-03-31,2006-03-31,Q1,2055750.0,850500.0,1205250.0,0.5862823786939073,0.0,0.0,62750.0,0.0,1190500.0,2279750.0,3500.0,132500.0,-91500.0,-0.04450930317402408,-224000.0,-0.10896266569378572,0.0,-492250.0,-0.2394503222668126,20750.0,-513000.0,-0.2495439620576432,-0.01688363008973567,-0.016095300241354204,30384461,31872658,https://find-and-update.company-information.service.gov.uk/search/companies?q=Mobile+Streams+PLC,https://find-and-update.company-information.service.gov.uk/search/companies?q=Mobile+Streams+PLC,1620595233,17:20:33,20210509
47,2006-01-31,MOS.L,GBP,2006-01-31,2006-01-31,Q1,2055750.0,850500.0,1205250.0,0.5862823786939073,0.0,0.0,62750.0,0.0,1190500.0,2279750.0,3500.0,132500.0,-91500.0,-0.04450930317402408,-224000.0,-0.10896266569378572,0.0,-492250.0,-0.2394503222668126,20750.0,-513000.0,-0.2495439620576432,-0.01688363008973567,-0.016095300241354204,30384461,31872658,https://find-and-update.company-information.service.gov.uk/search/companies?q=Mobile+Streams+PLC,https://find-and-update.company-information.service.gov.uk/search/companies?q=Mobile+Streams+PLC,1620595233,17:20:33,20210509
48,2005-09-30,MOS.L,GBP,2005-09-30,2005-09-30,Q3,1267750.0,549250.0,718500.0,0.5667521198974561,0.0,0.0,0.0,0.0,679750.0,1252000.0,9250.0,11000.0,26750.0,0.021100374679550383,15750.0,0.01242358509169789,0.0,8000.0,0.006310392427529087,39750.0,-31750.0,-0.025044369946756063,-0.001,-0.001,32254000,32254000,https://find-and-update.company-information.service.gov.uk/search/companies?q=Mobile+Streams+PLC,https://find-and-update.company-information.service.gov.uk/search/companies?q=Mobile+Streams+PLC,1620595233,17:20:33,20210509
49,2005-06-30,MOS.L,GBP,2005-06-30,2005-06-30,Q2,1267750.0,549250.0,718500.0,0.5667521198974561,0.0,0.0,0.0,0.0,679750.0,1252000.0,9250.0,11000.0,26750.0,0.021100374679550383,15750.0,0.01242358509169789,0.0,8000.0,0.006310392427529087,39750.0,-31750.0,-0.025044369946756063,-0.001,-0.001,32254000,32254000,https://find-and-update.company-information.service.gov.uk/search/companies?q=Mobile+Streams+PLC,https://find-and-update.company-information.service.gov.uk/search/companies?q=Mobile+Streams+PLC,1620595233,17:20:33,20210509
50,2005-03-31,MOS.L,GBP,2005-03-31,2005-03-31,Q1,1267750.0,549250.0,718500.0,0.5667521198974561,0.0,0.0,0.0,0.0,679750.0,1252000.0,9250.0,11000.0,26750.0,0.021100374679550383,15750.0,0.01242358509169789,0.0,8000.0,0.006310392427529087,39750.0,-31750.0,-0.025044369946756063,-0.001,-0.001,32254000,32254000,https://find-and-update.company-information.service.gov.uk/search/companies?q=Mobile+Streams+PLC,https://find-and-update.company-information.service.gov.uk/search/companies?q=Mobile+Streams+PLC,1620595233,17:20:33,20210509
51,2005-01-31,MOS.L,GBP,2005-01-31,2005-01-31,Q1,1267750.0,549250.0,718500.0,0.5667521198974561,0.0,0.0,0.0,0.0,679750.0,1252000.0,9250.0,11000.0,26750.0,0.021100374679550383,15750.0,0.01242358509169789,0.0,8000.0,0.006310392427529087,39750.0,-31750.0,-0.025044369946756063,-0.001,-0.001,32254000,32254000,https://find-and-update.company-information.service.gov.uk/search/companies?q=Mobile+Streams+PLC,https://find-and-update.company-information.service.gov.uk/search/companies?q=Mobile+Streams+PLC,1620595233,17:20:33,20210509
52,2004-09-30,MOS.L,GBP,2004-09-30,2004-09-30,Q3,730500.0,253500.0,477000.0,0.6529774127310062,0.0,0.0,0.0,0.0,472250.0,731000.0,3750.0,2500.0,2000.0,0.0027378507871321013,-500.0,-0.0006844626967830253,0.0,-3250.0,-0.004449007529089665,21250.0,-24500.0,-0.03353867214236824,-0.00075,-0.00075,32254000,32254000,https://find-and-update.company-information.service.gov.uk/search/companies?q=Mobile+Streams+PLC,https://find-and-update.company-information.service.gov.uk/search/companies?q=Mobile+Streams+PLC,1620595233,17:20:33,20210509
53,2004-06-30,MOS.L,GBP,2004-06-30,2004-06-30,Q2,730500.0,253500.0,477000.0,0.6529774127310062,0.0,0.0,0.0,0.0,472250.0,731000.0,3750.0,2500.0,2000.0,0.0027378507871321013,-500.0,-0.0006844626967830253,0.0,-3250.0,-0.004449007529089665,21250.0,-24500.0,-0.03353867214236824,-0.00075,-0.00075,32254000,32254000,https://find-and-update.company-information.service.gov.uk/search/companies?q=Mobile+Streams+PLC,https://find-and-update.company-information.service.gov.uk/search/companies?q=Mobile+Streams+PLC,1620595233,17:20:33,20210509
54,2004-03-31,MOS.L,GBP,2004-03-31,2004-03-31,Q1,730500.0,253500.0,477000.0,0.6529774127310062,0.0,0.0,0.0,0.0,472250.0,731000.0,3750.0,2500.0,2000.0,0.0027378507871321013,-500.0,-0.0006844626967830253,0.0,-3250.0,-0.004449007529089665,21250.0,-24500.0,-0.03353867214236824,-0.00075,-0.00075,32254000,32254000,https://find-and-update.company-information.service.gov.uk/search/companies?q=Mobile+Streams+PLC,https://find-and-update.company-information.service.gov.uk/search/companies?q=Mobile+Streams+PLC,1620595233,17:20:33,20210509
55,2004-01-31,MOS.L,GBP,2004-01-31,2004-01-31,Q1,730500.0,253500.0,477000.0,0.6529774127310062,0.0,0.0,0.0,0.0,472250.0,731000.0,3750.0,2500.0,2000.0,0.0027378507871321013,-500.0,-0.0006844626967830253,0.0,-3250.0,-0.004449007529089665,21250.0,-24500.0,-0.03353867214236824,-0.00075,-0.00075,32254000,32254000,https://find-and-update.company-information.service.gov.uk/search/companies?q=Mobile+Streams+PLC,https://find-and-update.company-information.service.gov.uk/search/companies?q=Mobile+Streams+PLC,1620595233,17:20:33,20210509
56,2003-09-30,MOS.L,GBP,2003-09-30,2003-09-30,Q3,362750.0,130500.0,232250.0,0.6402481047553411,0.0,0.0,0.0,0.0,171750.0,311500.0,6250.0,8250.0,59500.0,0.1640248104755341,51250.0,0.14128187456926258,0.0,46000.0,0.1268090971743625,12500.0,33500.0,0.0923501033769814,0.001,0.001,32254000,32254000,https://find-and-update.company-information.service.gov.uk/search/companies?q=Mobile+Streams+PLC,https://find-and-update.company-information.service.gov.uk/search/companies?q=Mobile+Streams+PLC,1620595233,17:20:33,20210509
57,2003-06-30,MOS.L,GBP,2003-06-30,2003-06-30,Q2,362750.0,130500.0,232250.0,0.6402481047553411,0.0,0.0,0.0,0.0,171750.0,311500.0,6250.0,8250.0,59500.0,0.1640248104755341,51250.0,0.14128187456926258,0.0,46000.0,0.1268090971743625,12500.0,33500.0,0.0923501033769814,0.001,0.001,32254000,32254000,https://find-and-update.company-information.service.gov.uk/search/companies?q=Mobile+Streams+PLC,https://find-and-update.company-information.service.gov.uk/search/companies?q=Mobile+Streams+PLC,1620595233,17:20:33,20210509
58,2003-03-31,MOS.L,GBP,2003-03-31,2003-03-31,Q1,362750.0,130500.0,232250.0,0.6402481047553411,0.0,0.0,0.0,0.0,171750.0,311500.0,6250.0,8250.0,59500.0,0.1640248104755341,51250.0,0.14128187456926258,0.0,46000.0,0.1268090971743625,12500.0,33500.0,0.0923501033769814,0.001,0.001,32254000,32254000,https://find-and-update.company-information.service.gov.uk/search/companies?q=Mobile+Streams+PLC,https://find-and-update.company-information.service.gov.uk/search/companies?q=Mobile+Streams+PLC,1620595233,17:20:33,20210509
59,2003-01-31,MOS.L,GBP,2003-01-31,2003-01-31,Q1,362750.0,130500.0,232250.0,0.6402481047553411,0.0,0.0,0.0,0.0,171750.0,311500.0,6250.0,8250.0,59500.0,0.1640248104755341,51250.0,0.14128187456926258,0.0,46000.0,0.1268090971743625,12500.0,33500.0,0.0923501033769814,0.001,0.001,32254000,32254000,https://find-and-update.company-information.service.gov.uk/search/companies?q=Mobile+Streams+PLC,https://find-and-update.company-information.service.gov.uk/search/companies?q=Mobile+Streams+PLC,1620595233,17:20:33,20210509
