,date,symbol,reportedCurrency,fillingDate,acceptedDate,period,revenue,costOfRevenue,grossProfit,grossProfitRatio,researchAndDevelopmentExpenses,generalAndAdministrativeExpenses,sellingAndMarketingExpenses,otherExpenses,operatingExpenses,costAndExpenses,interestExpense,depreciationAndAmortization,ebitda,ebitdaratio,operatingIncome,operatingIncomeRatio,totalOtherIncomeExpensesNet,incomeBeforeTax,incomeBeforeTaxRatio,incomeTaxExpense,netIncome,netIncomeRatio,eps,epsdiluted,weightedAverageShsOut,weightedAverageShsOutDil,link,finalLink,timestamp,est_time,est_date
0,2020-12-31,UAVS,USD,2021-03-31,2021-03-31 16:00:41,Q4,127453.0,91454.0,35999.0,0.2824492165739528,29392.0,2694283.0,18168.0,2703.371,2730928.0,2822382.0,274.0,173.661,-2521.268,-0.019781943147670122,-2694.929,-0.02114449247958071,0.594,-2695.203,-0.0211466422916683,0.0,-2695.203,-0.0211466422916683,-0.048667223423512894,-0.048667223423512894,55380250.0,55380250.0,https://www.sec.gov/Archives/edgar/data/8504/000157570521000158/0001575705-21-000158-index.htm,https://www.sec.gov/Archives/edgar/data/8504/000157570521000158/uavs_10k20.htm,1620599194,18:26:34,20210509
1,2020-09-30,UAVS,USD,2020-11-13,2020-11-13 16:25:27,Q3,750325.0,430683.0,319642.0,0.42600473128311067,0.0,881137.0,16242.0,254.532,897379.0,1328062.0,275.0,128.318,-577608.682,-0.769811324426082,-577737.0,-0.7699823409855729,-594.0,-578606.0,-0.7711405057808283,0.0,-578606.0,-0.7711405057808283,-0.01,-0.01,55380250.0,55380250.0,https://www.sec.gov/Archives/edgar/data/8504/000157570520000242/0001575705-20-000242-index.htm,https://www.sec.gov/Archives/edgar/data/8504/000157570520000242/uavs_3q20.htm,1620599194,18:26:34,20210509
2,2020-06-30,UAVS,USD,2020-08-14,2020-08-14,Q2,16325.0,15030.0,1295.0,0.07932618683001531,0.0,1254111.0,2552.0,0.0,1256663.0,1271693.0,0.0,0.0,-1213185.0,-74.3145482388974,-1255368.0,-76.89849923430322,0.0,-1255368.0,-76.89849923430322,0.0,-1255368.0,-76.89849923430322,-0.31,-0.31,33192853.0,33192853.0,https://www.sec.gov/Archives/edgar/data/8504/000157570520000162/0001575705-20-000162-index.htm,https://www.sec.gov/Archives/edgar/data/8504/000157570520000162/uavs_2q20.htm,1620599194,18:26:34,20210509
3,2020-03-31,UAVS,USD,2020-04-13 00:00:00,2020-04-13 16:59:22,Q1,391280.0,174483.0,216797.0,0.5540712533224289,0.0,617029.0,3041.0,0.0,620070.0,794553.0,0.0,0.0,-361098.0,-0.9228634226129626,-403273.0,-1.030650684931507,0.0,-403273.0,-1.030650684931507,0.0,-403273.0,-1.030650684931507,-0.03,-0.03,15599109.0,15599109.0,https://www.sec.gov/Archives/edgar/data/8504/000157570520000043/0001575705-20-000043-index.html,https://www.sec.gov/Archives/edgar/data/8504/000157570520000043/uavs_10k19.htm,1620599194,18:26:34,20210509
4,2019-12-31,UAVS,USD,2020-04-13,2020-04-13,Q4,188892.0,116174.0,72718.0,0.38497130635495413,38948.0,675752.0,12907.0,0.0,727607.0,843781.0,0.0,0.0,-611983.0,-3.2398566376553797,-654889.0,-3.467002308197277,0.0,-654889.0,-3.467002308197277,0.0,-654889.0,-3.467002308197277,-0.04198246194702531,-0.04198246194702531,15599109.0,15599109.0,https://www.sec.gov/Archives/edgar/data/8504/000157570520000043/0001575705-20-000043-index.htm,https://www.sec.gov/Archives/edgar/data/8504/000157570520000043/uavs_10k19.htm,1620599194,18:26:34,20210509
5,2019-09-30,UAVS,USD,2019-11-14 00:00:00,2019-11-13 21:52:34,Q3,41616.0,32728.0,8888.0,0.21357170319108035,0.0,548624.0,23302.0,0.0,571926.0,604654.0,0.0,0.0,-520616.0,-12.509996155324876,-563038.0,-13.529363706266821,0.0,-563038.0,-13.529363706266821,0.0,-563038.0,-13.529363706266821,-0.04,-0.04,15174394.0,15174394.0,https://www.sec.gov/Archives/edgar/data/8504/000157570519000116/0001575705-19-000116-index.html,https://www.sec.gov/Archives/edgar/data/8504/000157570519000116/uavs_3q19.htm,1620599194,18:26:34,20210509
6,2019-06-30,UAVS,USD,2019-08-13 00:00:00,2019-08-13 12:10:15,Q2,20176.0,19200.0,976.0,0.04837430610626487,0.0,730445.0,9794.0,0.0,740239.0,759439.0,39.0,0.0,-698071.0,-34.59907811260904,-739263.0,-36.64071173671689,0.0,-739302.0,-36.64264472640761,0.0,-739302.0,-36.64264472640761,-0.05,-0.05,14983838.0,14983838.0,https://www.sec.gov/Archives/edgar/data/8504/000157570519000091/0001575705-19-000091-index.html,https://www.sec.gov/Archives/edgar/data/8504/000157570519000091/uavs_2q19.htm,1620599194,18:26:34,20210509
7,2019-03-31,UAVS,USD,2019-05-15 00:00:00,2019-05-15 07:34:03,Q1,45993.0,33948.0,12045.0,0.26188767855978085,0.0,564921.0,12127.0,0.0,577048.0,610996.0,462.0,45068.0,-519935.0,-11.304655056204204,-565003.0,-12.284543300067401,0.0,-565465.0,-12.29458830691627,0.0,-565465.0,-12.29458830691627,-0.04,-0.04,13254949.0,13254949.0,https://www.sec.gov/Archives/edgar/data/8504/000157570519000058/0001575705-19-000058-index.html,https://www.sec.gov/Archives/edgar/data/8504/000157570519000058/uavs_1q19.htm,1620599194,18:26:34,20210509
8,2018-12-31,UAVS,USD,2019-03-28 00:00:00,2019-03-27 21:53:14,Q4,36975.0,16279.0,20696.0,0.5597295469912102,0.0,479219.0,14426.0,-1.0,493169.0,509448.0,1909.0,41062.0,-431411.0,-11.667640297498309,-472473.0,-12.77817444219067,-1.0,-474383.0,-12.829830966869507,0.0,-474383.0,-12.829830966869507,-0.03578912299096738,-0.03578912299096738,13254949.0,13254949.0,https://www.sec.gov/Archives/edgar/data/8504/000157570519000030/0001575705-19-000030-index.html,https://www.sec.gov/Archives/edgar/data/8504/000157570519000030/uavs_10k.htm,1620599194,18:26:34,20210509
9,2018-09-30,UAVS,USD,2018-11-14 00:00:00,2018-11-14 16:53:38,Q3,17130.0,3429.0,13701.0,0.7998248686514886,0.0,702461.0,24715.0,-3376.0,727176.0,730605.0,3094.0,15996.0,-697479.0,-40.716812609457094,-713475.0,-41.65061295971979,26976.0,-689593.0,-40.256450671336836,0.0,-689593.0,-40.256450671336836,-0.07,-0.07,10446899.0,10446899.0,https://www.sec.gov/Archives/edgar/data/8504/000157570518000235/0001575705-18-000235-index.html,https://www.sec.gov/Archives/edgar/data/8504/000157570518000235/uavs_3q18.htm,1620599194,18:26:34,20210509
10,2018-06-30,UAVS,USD,2018-08-14 00:00:00,2018-08-14 16:50:37,Q2,24517.0,18174.0,6343.0,0.25871844026593793,0.0,661007.0,27005.0,1645.0,688012.0,706186.0,1834.0,4153.0,-677516.0,-27.634539299261736,-681669.0,-27.803931965574908,-28707.0,-712210.0,-29.04963902598197,0.0,-712210.0,-29.04963902598197,-0.07,-0.07,10044454.0,10044454.0,https://www.sec.gov/Archives/edgar/data/8504/000157570518000170/0001575705-18-000170-index.html,https://www.sec.gov/Archives/edgar/data/8504/000157570518000170/uavs_2q18.htm,1620599194,18:26:34,20210509
11,2018-03-31,UAVS,USD,2018-05-18 00:00:00,2018-05-18 16:56:08,Q1,29191.0,23798.0,5393.0,0.1847487239217567,476.0,191438.0,4627.0,15065.0,196541.0,220339.0,27414.0,4151.0,-186997.0,-6.40598129560481,-191148.0,-6.548182659038745,15065.0,-203497.0,-6.971224007399541,0.0,-203497.0,-6.971224007399541,-0.04,-0.04,4919236.0,4919236.0,https://www.sec.gov/Archives/edgar/data/8504/000157570518000117/0001575705-18-000117-index.html,https://www.sec.gov/Archives/edgar/data/8504/000157570518000117/uavs_1q18.htm,1620599194,18:26:34,20210509
12,2017-12-31,UAVS,USD,2018-03-23 00:00:00,2018-03-23 16:45:40,Q4,227004.0,350557.0,-123553.0,-0.5442767528325492,0.0,994838.0,0.0,0.0,1035351.0,1385908.0,345516.0,0.0,-1118391.0,-4.926745784215256,-1158904.0,-5.105214005039559,165000.0,-1339420.0,-5.900424662120491,0.0,-1339420.0,-5.900424662120491,-0.27228211860540946,-0.27228211860540946,4919236.0,4919236.0,https://www.sec.gov/Archives/edgar/data/8504/000158069518000161/0001580695-18-000161-index.html,https://www.sec.gov/Archives/edgar/data/8504/000158069518000161/enrj-10k_123117.htm,1620599194,18:26:34,20210509
13,2017-09-30,UAVS,USD,2017-11-14 00:00:00,2017-11-14 16:43:30,Q3,187297.0,205253.0,-17956.0,-0.09586912764219395,0.0,321082.0,0.0,0.0,401531.0,606784.0,184148.0,0.0,-339038.0,-1.8101624692333567,-419487.0,-2.2396888364469265,285000.0,-318635.0,-1.7012285300885759,0.0,-318635.0,-1.7012285300885759,-3.0,-3.0,412855.0,412855.0,https://www.sec.gov/Archives/edgar/data/8504/000158069517000542/0001580695-17-000542-index.html,https://www.sec.gov/Archives/edgar/data/8504/000158069517000542/enrj-10q_093017.htm,1620599194,18:26:34,20210509
14,2017-06-30,UAVS,USD,2017-08-21 00:00:00,2017-08-21 12:29:35,Q2,285691.0,199870.0,85821.0,0.3003979824355685,0.0,517040.0,0.0,0.0,618329.0,818199.0,44654.0,0.0,-431219.0,-1.5093895152454926,-532508.0,-1.8639299102876885,11746957.0,11169795.0,39.097468943718916,0.0,11169795.0,39.097468943718916,26.5,17.25,379403.0,582264.0,https://www.sec.gov/Archives/edgar/data/8504/000158069517000391/0001580695-17-000391-index.html,https://www.sec.gov/Archives/edgar/data/8504/000158069517000391/enrj-10q_063017.htm,1620599194,18:26:34,20210509
15,2017-03-31,UAVS,USD,2017-05-15 00:00:00,2017-05-15 16:16:47,Q1,629013.0,608266.0,20747.0,0.03298342005650122,0.0,453682.0,0.0,0.0,577628.0,1185894.0,679840.0,0.0,-432935.0,-0.6882767128819277,-556881.0,-0.885325104568586,12.0,-1236709.0,-1.966110398354247,0.0,-1236709.0,-1.966110398354247,-6.25,-6.25,336957.0,336957.0,https://www.sec.gov/Archives/edgar/data/8504/000114420417027460/0001144204-17-027460-index.html,https://www.sec.gov/Archives/edgar/data/8504/000114420417027460/v465823_10q.htm,1620599194,18:26:34,20210509
16,2016-12-31,UAVS,USD,2017-03-31 00:00:00,2017-03-31 16:05:34,Q4,836294.0,744484.0,91810.0,0.10978196662896063,0.0,831294.0,0.0,0.0,932939.0,1677423.0,909969.0,0.0,-739484.0,-0.8842392747048287,-841129.0,-1.0057814596302257,-575540.0,-2326638.0,-2.7820814211270197,0.0,-2326638.0,-2.7820814211270197,-6.904851360856133,-6.904851360856133,336957.0,336957.0,https://www.sec.gov/Archives/edgar/data/8504/000114420417018156/0001144204-17-018156-index.html,https://www.sec.gov/Archives/edgar/data/8504/000114420417018156/v462183_10k.htm,1620599194,18:26:34,20210509
17,2016-09-30,UAVS,USD,2016-11-14 00:00:00,2016-11-14 09:16:25,Q3,473754.0,569109.0,-95355.0,-0.20127534543243963,0.0,465302.0,0.0,0.0,528946.0,1098055.0,339719.0,0.0,-560657.0,-1.1834348628191003,-624301.0,-1.3177746256495988,-730384.0,-1694404.0,-3.5765481663479357,0.0,-1694404.0,-3.5765481663479357,-7.5,-7.5,336957.0,336957.0,https://www.sec.gov/Archives/edgar/data/8504/000114420416133709/0001144204-16-133709-index.html,https://www.sec.gov/Archives/edgar/data/8504/000114420416133709/v451806_10q.htm,1620599194,18:26:34,20210509
18,2016-06-30,UAVS,USD,2016-06-30,2016-06-30,Q2,595680.0,653803.0,-58123.0,-0.09757420091324201,0.0,477356.0,0.0,0.0,561846.0,1215649.0,332456.0,0.0,-535479.0,-0.8989373489121676,-619969.0,-1.0407752484555466,-2510513.0,-3462938.0,-5.813419957023905,0.0,-3462938.0,-5.813419957023905,-12.25,-12.25,336957.0,336957.0,,,1620599194,18:26:34,20210509
19,2016-03-31,UAVS,USD,2016-04-11 00:00:00,2016-04-11 16:11:17,Q1,555999.0,693862.0,-137863.0,-0.24795548193432002,0.0,718682.0,0.0,0.0,882870.0,1576732.0,329763.0,0.0,-856545.0,-1.540551331926856,-1020733.0,-1.8358540213201822,-4341293.0,-5691789.0,-10.237048987498179,0.0,-5691789.0,-10.237048987498179,-18.75,-18.75,336957.0,336957.0,https://www.sec.gov/Archives/edgar/data/8504/000114420416093691/0001144204-16-093691-index.html,https://www.sec.gov/Archives/edgar/data/8504/000114420416093691/v434191_10k.htm,1620599194,18:26:34,20210509
20,2015-12-31,UAVS,USD,2015-12-31,2015-12-31,Q4,766010.0,1193871.0,-427861.0,-0.5585579822717719,0.0,746336.0,0.0,0.0,857261.0,2051132.0,355769.0,0.0,-1173799.0,-1.5323546689990992,-1285122.0,-1.6776830589678986,-10669634.0,-12310127.0,-16.070452082870982,0.0,-12310127.0,-16.070452082870982,-36.53322827541793,-36.53322827541793,336957.0,336957.0,,,1620599194,18:26:34,20210509
21,2015-09-30,UAVS,USD,2015-11-16 00:00:00,2015-11-16 16:13:30,Q3,1029390.0,859688.0,169702.0,0.16485685697354743,0.0,703920.0,0.0,0.0,816208.0,1675896.0,306933.0,0.0,-534218.0,-0.5189656009869923,-646506.0,-0.6280476787223501,-7992381.0,-8945820.0,-8.690408882930667,0.0,-8945820.0,-8.690408882930667,-28.25,-28.25,336965.0,336965.0,https://www.sec.gov/Archives/edgar/data/8504/000114420415066006/0001144204-15-066006-index.html,https://www.sec.gov/Archives/edgar/data/8504/000114420415066006/v423557_10q.htm,1620599194,18:26:34,20210509
22,2015-06-30,UAVS,USD,2015-08-14 00:00:00,2015-08-14 16:02:40,Q2,1585482.0,1181081.0,404401.0,0.2550650212364442,0.0,788861.0,0.0,0.0,1131486.0,2312567.0,321208.0,0.0,-384460.0,-0.24248777343419856,-727085.0,-0.45858924919992783,-12263054.0,-13311347.0,-8.395773020444256,0.0,-13311347.0,-8.395773020444256,-41.25,-41.25,336411.0,336411.0,https://www.sec.gov/Archives/edgar/data/8504/000114420415049798/0001144204-15-049798-index.html,https://www.sec.gov/Archives/edgar/data/8504/000114420415049798/v417038_10q.htm,1620599194,18:26:34,20210509
23,2015-03-31,UAVS,USD,2015-05-15 00:00:00,2015-05-15 16:12:06,Q1,1497841.0,1267301.0,230540.0,0.15391486813353353,0.0,1005756.0,0.0,0.0,1751364.0,3018665.0,309496.0,0.0,-775216.0,-0.5175556016960412,-1520824.0,-1.0153440852533746,-15524241.0,-17354561.0,-11.586384002040269,0.0,-17354561.0,-11.586384002040269,-57.0,-57.0,311832.0,311832.0,https://www.sec.gov/Archives/edgar/data/8504/000114420415031599/0001144204-15-031599-index.html,https://www.sec.gov/Archives/edgar/data/8504/000114420415031599/v409265_10q.htm,1620599194,18:26:34,20210509
24,2014-12-31,UAVS,USD,2014-12-31,2014-12-31,Q4,2678306.0,1798239.0,880067.0,0.3285909078350271,0.0,967095.0,0.0,0.0,2021023.0,3819262.0,299763.0,0.0,-87028.0,-0.0324936732397269,-1140956.0,-0.42599912033949816,5129847.0,3689128.0,1.3774109455753003,0.0,3689128.0,1.3774109455753003,11.830498473537032,11.830498473537032,311832.0,311832.0,,,1620599194,18:26:34,20210509
25,2014-09-30,UAVS,USD,2014-11-14 00:00:00,2014-11-14 16:10:21,Q3,3810688.0,1920968.0,1889720.0,0.495899952974371,0.0,766616.0,0.0,0.0,1665793.0,3586761.0,267764.0,0.0,1123105.0,0.29472499454166806,223927.0,0.05876287956400524,1831504.0,1787667.0,0.4691192246649424,0.0,1787667.0,0.4691192246649424,4.25,4.25,305709.0,305709.0,https://www.sec.gov/Archives/edgar/data/8504/000114420414068772/0001144204-14-068772-index.html,https://www.sec.gov/Archives/edgar/data/8504/000114420414068772/v392167_10q.htm,1620599194,18:26:34,20210509
26,2014-06-30,UAVS,USD,2014-08-13 00:00:00,2014-08-13 16:07:50,Q2,3949396.0,1511133.0,2438263.0,0.617376176002609,0.0,847501.0,0.0,0.0,1679882.0,3191015.0,358739.0,0.0,1590762.0,0.40278614755268904,758381.0,0.19202455261513407,-1406447.0,-1006805.0,-0.254926322911149,0.0,-1006805.0,-0.254926322911149,-3.5,-3.5,293714.0,293714.0,https://www.sec.gov/Archives/edgar/data/8504/000114420414049335/0001144204-14-049335-index.html,https://www.sec.gov/Archives/edgar/data/8504/000114420414049335/v385540_10q.htm,1620599194,18:26:34,20210509
27,2014-03-31,UAVS,USD,2014-05-13 00:00:00,2014-05-13 17:02:52,Q1,3854977.0,1531907.0,2323070.0,0.6026157873315456,0.0,676279.0,0.0,0.0,1440037.0,2971944.0,378928.0,0.0,1646791.0,0.42718568748918606,883033.0,0.22906310465665555,-400471.0,103634.0,0.02688316947156883,0.0,103634.0,0.02688316947156883,0.3552077763610688,0.3552077763610688,291756.0,291756.0,https://www.sec.gov/Archives/edgar/data/8504/000114420414030015/0001144204-14-030015-index.html,https://www.sec.gov/Archives/edgar/data/8504/000114420414030015/v377211_10q.htm,1620599194,18:26:34,20210509
28,2013-12-31,UAVS,USD,2013-12-31,2013-12-31,Q4,3713727.0,1645254.0,2068473.0,0.5569803596225571,0.0,1307545.0,0.0,0.0,1816629.0,3461883.0,379267.0,0.0,-164787.0,-0.044372405402981964,251844.0,0.06781435469004587,1301157.0,0.0,0.0,0.0,1173734.0,0.3160528493343749,4.022998670121608,4.022998670121608,291756.0,291756.0,,,1620599194,18:26:34,20210509
29,2013-09-30,UAVS,USD,2013-11-14 00:00:00,2013-11-14 13:03:14,Q3,2694506.0,916567.0,1777939.0,0.6598385752341988,0.0,623618.0,0.0,0.0,1108096.0,2024663.0,137831.0,0.0,2306235.0,0.8559027146348904,669843.0,0.24859584651138278,-1151914.0,0.0,0.0,0.0,-619902.0,-0.23006146581228618,-3.399778431028431,-3.1655755619784913,182336.0,195826.0,https://www.sec.gov/Archives/edgar/data/8504/000114420413061593/0001144204-13-061593-index.html,https://www.sec.gov/Archives/edgar/data/8504/000114420413061593/v359112_10q.htm,1620599194,18:26:34,20210509
30,2013-06-30,UAVS,USD,2013-08-12 00:00:00,2013-08-12 09:17:42,Q2,2196736.0,751957.0,1444779.0,0.6576935052732782,0.0,629478.0,0.0,0.0,1048039.0,1799996.0,137128.0,0.0,815301.0,0.37114200340869363,396740.0,0.18060431476517888,456973.0,716585.0,0.32620442328982635,0.0,716585.0,0.32620442328982635,3.749981,3.749981,180900.0,180900.0,https://www.sec.gov/Archives/edgar/data/8504/000114420413044573/0001144204-13-044573-index.html,https://www.sec.gov/Archives/edgar/data/8504/000114420413044573/v351451_10q.htm,1620599194,18:26:34,20210509
31,2013-03-31,UAVS,USD,2013-04-10 00:00:00,2013-04-10 16:38:46,Q1,2337301.0,782072.0,1555229.0,0.6653952571791139,0.0,741637.0,0.0,0.0,1186174.0,1968246.0,118245.0,0.0,813592.0,0.348090382881794,369055.0,0.1578979344123842,-230774.0,20036.0,0.008572280592016175,0.0,20036.0,0.008572280592016175,0.11075854901657288,0.11075854901657288,180898.0,180898.0,https://www.sec.gov/Archives/edgar/data/8504/000114420413021084/0001144204-13-021084-index.html,https://www.sec.gov/Archives/edgar/data/8504/000114420413021084/v338348_10k.htm,1620599194,18:26:34,20210509
32,2012-12-31,UAVS,USD,2012-12-31,2012-12-31,Q4,2291781.0,939851.0,1351930.0,0.5899036600792135,0.0,903048.0,0.0,0.0,1246181.0,2186032.0,43828.0,0.0,686221.0,0.299426952226238,105749.0,0.04614271607976504,-4796.0,0.0,0.0,0.0,-65809.0,-0.028715221916928362,-0.3637906444515694,-0.3637906444515694,180898.0,180898.0,,,1620599194,18:26:34,20210509
33,2012-09-30,UAVS,USD,2012-11-14 00:00:00,2012-11-14 16:45:06,Q3,2252681.0,807887.0,1444794.0,0.6413664429184602,0.0,629006.0,0.0,0.0,1088821.0,1896708.0,120922.0,0.0,2346888.0,1.0418199469876117,355973.0,0.15802193031325784,-1531100.0,0.0,0.0,0.0,-1422880.0,-0.6316384787726269,-7.499963,-7.499963,185905.0,185905.0,https://www.sec.gov/Archives/edgar/data/8504/000114420412062663/0001144204-12-062663-index.html,https://www.sec.gov/Archives/edgar/data/8504/000114420412062663/v326222_10q.htm,1620599194,18:26:34,20210509
34,2012-06-30,UAVS,USD,2012-08-10 00:00:00,2012-08-10 16:15:20,Q2,2049165.0,745504.0,1303661.0,0.6361913267111238,0.0,651284.0,0.0,0.0,1059200.0,1804704.0,69947.0,0.0,-2234835.0,-1.0906076377451304,244461.0,0.1192978603479954,2887212.0,0.0,0.0,0.0,2970576.0,1.4496519313964469,15.980461353072817,15.979515758557065,185888.0,185899.0,https://www.sec.gov/Archives/edgar/data/8504/000114420412044443/0001144204-12-044443-index.html,https://www.sec.gov/Archives/edgar/data/8504/000114420412044443/v320903_10q.htm,1620599194,18:26:34,20210509
35,2012-03-31,UAVS,USD,2012-03-31,2012-03-31,Q1,1902892.0,609079.0,1293813.0,0.679919301778556,0.0,710751.0,0.0,0.0,1133354.0,1742433.0,67660.0,0.0,1757543.0,0.9236167896023526,160459.0,0.08432375563090286,-1174481.0,0.0,0.0,0.0,-1135894.0,-0.5969303565310065,-7.499963,-7.499963,185721.0,185721.0,,,1620599194,18:26:34,20210509
36,2011-12-31,UAVS,USD,2011-12-31,2011-12-31,Q4,1557213.0,978250.0,578963.0,0.3717943531167541,0.0,1200483.0,0.0,0.0,1353287.0,2331537.0,129044.0,0.0,923492.0,0.5930415428075672,-774324.0,-0.4972498945230999,-2308069.0,0.0,0.0,0.0,-3232797.0,-2.0760146492483686,-17.40673914096952,-17.40673914096952,185721.0,185721.0,,,1620599194,18:26:34,20210509
37,2011-09-30,UAVS,USD,2011-11-21 00:00:00,2011-11-21 16:31:23,Q3,1673857.0,787994.0,885863.0,0.5292345761913951,0.0,481979.0,0.0,0.0,857154.0,1645148.0,111472.0,0.0,-2798250.0,-1.6717377888314235,28709.0,0.01715140540679401,3202134.0,0.0,0.0,0.0,3119371.0,1.8635827313802793,14.999925,14.999925,185165.0,185165.0,https://www.sec.gov/Archives/edgar/data/8504/000114420411066219/0001144204-11-066219-index.html,https://www.sec.gov/Archives/edgar/data/8504/000114420411066219/v240904_10q.htm,1620599194,18:26:34,20210509
38,2011-06-30,UAVS,USD,2011-08-15 00:00:00,2011-08-15 16:40:55,Q2,1685174.0,826420.0,858754.0,0.5095936680722584,0.0,708621.0,0.0,0.0,1037389.0,1863809.0,108181.0,0.0,155103.0,0.09203975375836561,-178635.0,-0.10600389039944837,1208416.0,921600.0,0.5468871463718287,0.0,921600.0,0.5468871463718287,3.749981,3.749981,186172.0,186172.0,https://www.sec.gov/Archives/edgar/data/8504/000114420411047306/0001144204-11-047306-index.html,https://www.sec.gov/Archives/edgar/data/8504/000114420411047306/v232072_10q.htm,1620599194,18:26:34,20210509
39,2011-03-31,UAVS,USD,2011-05-23 00:00:00,2011-05-23 16:47:10,Q1,1369167.0,847564.0,521603.0,0.3809637538737057,0.0,526081.0,0.0,0.0,798045.0,1645609.0,114324.0,276009.0,-433.0,-0.00031625068380993697,-276442.0,-0.20190524603645865,12086.0,0.0,0.0,0.0,-2846795.0,-2.079216779253371,-14.999925,-14.999925,179949.0,179949.0,https://www.sec.gov/Archives/edgar/data/8504/000119312511147894/0001193125-11-147894-index.html,https://www.sec.gov/Archives/edgar/data/8504/000119312511147894/d10q.htm,1620599194,18:26:34,20210509
40,2010-12-31,UAVS,USD,2010-12-31,2010-12-31,Q4,980000.0,630000.0,360000.0,0.3673469387755102,0.0,790000.0,0.0,0.0,830000.0,1460000.0,-700000.0,20000.00000000002,-460000.0,-0.46938775510204084,-480000.0,-0.4897959183673469,50000.0,-1120000.0,-1.1428571428571428,0.0,-1120000.0,-1.1428571428571428,-56.0,-56.0,20000.0,20000.0,,,1620599194,18:26:34,20210509
41,2010-09-30,UAVS,USD,2010-11-18 00:00:00,2010-11-18 16:18:00,Q3,897219.0,524442.0,372777.0,0.41548050141604226,0.0,267289.0,0.0,0.0,440558.0,965000.0,216314.0,0.0,1661822.0,1.8521921626715439,-67781.0,-0.07554565830638896,-1556334.0,0.0,0.0,0.0,-954105.0,-1.063402580640847,-71.249644,-71.249644,13690.0,13690.0,https://www.sec.gov/Archives/edgar/data/8504/000114420410062062/0001144204-10-062062-index.html,https://www.sec.gov/Archives/edgar/data/8504/000114420410062062/v203308_10q.htm,1620599194,18:26:34,20210509
42,2010-06-30,UAVS,USD,2010-07-15 00:00:00,2010-07-15 08:15:51,Q2,1030479.0,398066.0,632413.0,0.6137077999648707,0.0,271407.0,0.0,0.0,478242.0,876308.0,205895.0,0.0,-731312.0,-0.7096816140843238,154171.0,0.1496110061437448,1100215.0,0.0,0.0,0.0,1048492.0,1.0174802203635396,78.749606,78.749606,13513.0,13513.0,https://www.sec.gov/Archives/edgar/data/8504/000114420410037949/0001144204-10-037949-index.html,https://www.sec.gov/Archives/edgar/data/8504/000114420410037949/v190634_10k.htm,1620599194,18:26:34,20210509
43,2010-03-31,UAVS,USD,2010-07-15,2010-07-15,Q1,1152303.0,519590.0,632713.0,0.549085613766518,0.0,438137.0,0.0,0.0,697385.0,1216975.0,371775.0,0.0,1623144.0,1.4086086732395906,-64672.0,-0.05612412707421572,-1372544.0,0.0,0.0,0.0,-1808991.0,-1.5698917732575546,-133.8704210760009,-133.8704210760009,13513.0,13513.0,https://www.sec.gov/Archives/edgar/data/8504/000114420410037949/0001144204-10-037949-index.htm,https://www.sec.gov/Archives/edgar/data/8504/000114420410037949/v190634_10k.htm,1620599194,18:26:34,20210509
44,2009-12-31,UAVS,USD,2010-02-16 00:00:00,2010-02-16 16:53:41,Q4,914545.0,448684.0,465861.0,0.5093910086436425,0.0,548105.0,0.0,0.0,679499.0,1128183.0,342748.0,0.0,2407753.0,2.632733217064223,-213638.0,-0.2336003149106933,-2482457.0,0.0,0.0,0.0,-3038843.0,-3.3227922081472205,-236.248819,-236.248819,12872.0,12872.0,https://www.sec.gov/Archives/edgar/data/8504/000114420410008309/0001144204-10-008309-index.html,https://www.sec.gov/Archives/edgar/data/8504/000114420410008309/v174653_10q.htm,1620599194,18:26:34,20210509
45,2009-09-30,UAVS,USD,2009-11-23 00:00:00,2009-11-20 18:13:15,Q3,1394117.0,430316.0,963801.0,0.6913343715054044,0.0,974423.0,0.0,0.0,1264027.0,1694343.0,318828.0,0.0,-78373.0,-0.05621694592347701,-300226.0,-0.2153520830748065,75291.0,0.0,0.0,0.0,-543763.0,-0.3900411514958931,-44.999775,-44.999775,12455.0,12455.0,https://www.sec.gov/Archives/edgar/data/8504/000114420409061277/0001144204-09-061277-index.html,https://www.sec.gov/Archives/edgar/data/8504/000114420409061277/v167331_10q.htm,1620599194,18:26:34,20210509
46,2009-06-30,UAVS,USD,2009-07-14 00:00:00,2009-07-14 17:30:03,Q2,1395062.0,428310.0,966752.0,0.6929813872071635,0.0,466541.0,0.0,0.0,622831.0,1051141.0,314227.0,0.0,101251.0,0.07257813631222125,343921.0,0.24652739448139221,406500.0,0.0,0.0,0.0,436194.0,0.31266997452442974,37.499813,36.812727,11849.0,11849.0,https://www.sec.gov/Archives/edgar/data/8504/000114420409037293/0001144204-09-037293-index.html,https://www.sec.gov/Archives/edgar/data/8504/000114420409037293/v154768_10k.htm,1620599194,18:26:34,20210509
47,2009-03-31,UAVS,USD,2009-03-31,2009-03-31,Q1,1784516.0,543339.0,1241177.0,0.695525845663474,0.0,1658348.0,0.0,0.0,1574572.0,2117911.0,266257.0,0.0,-483673.0,-0.27103875784806636,-333395.0,-0.186826568100258,223813.0,0.0,0.0,0.0,-375839.0,-0.21061116851852266,-31.719048020930035,-31.719048020930035,11849.0,11849.0,,,1620599194,18:26:34,20210509
48,2008-12-31,UAVS,USD,2009-02-23 00:00:00,2009-02-23 16:44:23,Q4,1184547.0,562693.0,621854.0,0.5249719935131321,0.0,533729.0,0.0,0.0,810749.0,1373442.0,324839.0,0.0,1014056.0,0.8560707173290718,-188895.0,-0.15946602372046023,-910249.0,0.0,0.0,0.0,-1423983.0,-1.2021329672862284,-119.9994,-119.9994,11849.0,11849.0,https://www.sec.gov/Archives/edgar/data/8504/000114420409010449/0001144204-09-010449-index.html,https://www.sec.gov/Archives/edgar/data/8504/000114420409010449/v141078_10q.htm,1620599194,18:26:34,20210509
49,2008-09-30,UAVS,USD,2008-11-19 00:00:00,2008-11-19 17:30:30,Q3,1777656.0,816767.0,960889.0,0.5405370892906164,0.0,0.0,0.0,0.0,1141869.0,1958636.0,0.0,305693.0,124713.0,0.07015586817697013,-180980.0,-0.10180822386333464,-2436230.0,0.0,0.0,0.0,-2875447.0,-1.6175497396571665,-243.748781,-243.748781,11849.0,11849.0,https://www.sec.gov/Archives/edgar/data/8504/000114420408065724/0001144204-08-065724-index.html,https://www.sec.gov/Archives/edgar/data/8504/000114420408065724/v133008_10q.htm,1620599194,18:26:34,20210509
50,2008-06-30,UAVS,USD,2008-07-10 00:00:00,2008-07-09 18:17:35,Q2,1690086.0,714534.0,975552.0,0.5772203307997344,0.0,0.0,0.0,0.0,950842.0,1665376.0,0.0,435618.0,460328.0,0.27236957172593584,24710.0,0.014620557770432984,-382124.0,0.0,0.0,0.0,-631800.0,-0.3738271306903909,-52.499738,-52.499738,11924.0,11924.0,https://www.sec.gov/Archives/edgar/data/8504/000107704808000134/0001077048-08-000134-index.html,https://www.sec.gov/Archives/edgar/data/8504/000107704808000134/ejxr-10k_33108.htm,1620599194,18:26:34,20210509
51,2008-03-31,UAVS,USD,2008-03-31,2008-03-31,Q1,1620679.0,0.0,1620679.0,1.0,0.0,0.0,0.0,0.0,1876021.0,1876021.0,0.0,402665.0,147323.0,0.09090202316436506,-255342.0,-0.15755248263227944,0.0,0.0,0.0,0.0,-749993.0,-0.4627646807294967,-62.897769204964774,-62.897769204964774,11924.0,11924.0,,,1620599194,18:26:34,20210509
52,2007-12-31,UAVS,USD,2008-07-09,2008-07-09,Q4,1498202.0,0.0,1498202.0,1.0,0.0,0.0,0.0,0.0,1649831.0,1649831.0,0.0,387408.0,235779.0,0.15737463973482882,-151629.0,-0.10120731383351511,-39298.0,0.0,0.0,0.0,-719517.0,-0.48025366405865166,-56.249719,-56.249719,11841.0,11841.0,https://www.sec.gov/Archives/edgar/data/8504/000107704808000133/0001077048-08-000133-index.htm,https://www.sec.gov/Archives/edgar/data/8504/000107704808000133/ejxr-10qsb123107_a1.htm,1620599194,18:26:34,20210509
53,2007-09-30,UAVS,USD,2007-11-14,2007-11-14,Q3,418590.0,0.0,418590.0,1.0,0.0,0.0,0.0,0.0,787367.0,787367.0,0.0,-1679078.0,-2047855.0,-4.89226928498053,-368777.0,-0.8809981127117227,1800256.0,0.0,0.0,0.0,1218031.0,2.909842566712057,102.86555189595474,102.43301656715163,11841.0,11891.0,https://www.sec.gov/Archives/edgar/data/8504/000107704807000544/0001077048-07-000544-index.htm,https://www.sec.gov/Archives/edgar/data/8504/000107704807000544/ejxr-10qsb_093007.htm,1620599194,18:26:34,20210509
54,2007-06-30,UAVS,USD,2007-08-17,2007-08-17,Q2,146203.0,59042.0,87161.0,0.5961642373959495,0.0,0.0,0.0,0.0,2140877.0,2199919.0,0.0,1824335.0,-229381.0,-1.5689212943646846,-2053716.0,-14.04701681908032,-2336597.0,0.0,0.0,0.0,-4460055.0,-30.50590617155599,-431.247844,-431.247844,10220.0,10220.0,https://www.sec.gov/Archives/edgar/data/8504/000107704807000473/0001077048-07-000473-index.htm,https://www.sec.gov/Archives/edgar/data/8504/000107704807000473/ejxr-10qsb_63007.htm,1620599194,18:26:34,20210509
55,2007-03-31,UAVS,USD,2007-06-13,2007-06-13,Q1,14486.0,-165604.0,180090.0,12.432003313544111,0.0,0.0,0.0,0.0,664599.0,498995.0,0.0,162874.0,-321635.0,-22.203161673339775,-484509.0,-33.44670716553914,677000.0,0.0,0.0,0.0,-487997.0,-33.687491370978876,-47.74921722113503,-47.74921722113503,10220.0,10220.0,https://www.sec.gov/Archives/edgar/data/8504/000107704807000330/0001077048-07-000330-index.htm,https://www.sec.gov/Archives/edgar/data/8504/000107704807000330/ejxr-10ksb_33107.htm,1620599194,18:26:34,20210509
56,2006-12-31,UAVS,USD,2007-02-20,2007-02-20,Q4,26491.0,10.0,26481.0,0.999622513306406,0.0,0.0,0.0,0.0,269011.0,269021.0,0.0,22014.0,-220516.0,-8.324185572458571,-242530.0,-9.155184779736514,10000.0,0.0,0.0,0.0,-244668.0,-9.235891434826922,-37.499813,-37.499813,6880.0,6880.0,https://www.sec.gov/Archives/edgar/data/8504/000107704807000102/0001077048-07-000102-index.htm,https://www.sec.gov/Archives/edgar/data/8504/000107704807000102/enerjex-10qsb_123106.htm,1620599194,18:26:34,20210509
57,2006-09-30,UAVS,USD,2006-09-30,2006-09-30,Q3,31292.0,50703.0,-19411.0,-0.6203182922152627,0.0,0.0,0.0,0.0,1041691.0,1092394.0,0.0,20000.0,-1041102.0,-33.27054838297328,-1061102.0,-33.909689377476674,-687804.0,0.0,0.0,0.0,-1061504.0,-33.92253611146619,-168.749156,-168.749156,6565.0,6565.0,,,1620599194,18:26:34,20210509
58,2006-06-30,UAVS,USD,2006-06-30,2006-06-30,Q2,20000.0,140000.0,-120000.0,-6.0,0.0,80000.0,0.0,0.0,90000.0,230000.0,0.0,0.0,-210000.0,-10.5,-210000.0,-10.5,0.0,-210000.0,-10.5,0.0,-210000.0,-10.5,-21.0,-21.0,10000.0,10000.0,,,1620599194,18:26:34,20210509
