,date,symbol,reportedCurrency,fillingDate,acceptedDate,period,revenue,costOfRevenue,grossProfit,grossProfitRatio,researchAndDevelopmentExpenses,generalAndAdministrativeExpenses,sellingAndMarketingExpenses,otherExpenses,operatingExpenses,costAndExpenses,interestExpense,depreciationAndAmortization,ebitda,ebitdaratio,operatingIncome,operatingIncomeRatio,totalOtherIncomeExpensesNet,incomeBeforeTax,incomeBeforeTaxRatio,incomeTaxExpense,netIncome,netIncomeRatio,eps,epsdiluted,weightedAverageShsOut,weightedAverageShsOutDil,link,finalLink,timestamp,est_time,est_date
0,2020-12-31,AG,USD,2020-12-31,2020-12-31,Q4,117894000.0,74226000.0,43668000.0,0.37040052928902234,0.0,8954000.0,0.0,0.0,17071000.0,91297000.0,3021000.0,478000.0,27075000.0,0.22965545320372538,26597000.0,0.22560096357745094,3859000.0,27473000.0,0.23303136716033046,-7072000.0,34545000.0,0.29301745635910226,0.16073492221979185,0.16073492221979185,214919070.0,214919070.0,,,1620586297,14:51:37,20210509
1,2020-09-30,AG,USD,2020-09-30,2020-09-30,Q3,126832000.0,78799000.0,48033000.0,0.3787135738614861,0.0,6748000.0,0.0,0.0,11978000.0,90777000.0,3022000.0,475000.0,36530000.0,0.2880187965182288,36055000.0,0.2842736848744796,11119000.0,44339000.0,0.3495884319414659,13393000.0,30946000.0,0.24399205247886968,0.14398908389097348,0.13236406645372473,214919070.0,233794570.0,,,1620586297,14:51:37,20210509
2,2020-06-30,AG,USD,2020-07-02 00:00:00,2020-07-02 16:35:07,Q2,34855000.0,39054000.0,-4199000.0,-0.12047052072873332,0.0,7324000.0,0.0,0.0,13942000.0,62241999.99999999,12524000.0,7733000.000000001,-19654000.0,-0.5638789269832162,-27387000.0,-0.7857409266963133,-564000.0,-15427000.0,-0.4426050781810357,-5459000.0,-9968000.0,-0.2859847941471812,-0.04755,-0.04755,209645320.0,209645320.0,https://www.sec.gov/Archives/edgar/data/1308648/000162828020010167/0001628280-20-010167-index.htm,https://www.sec.gov/Archives/edgar/data/1308648/000162828020010167/ag-2020x07x02nrx6k.htm,1620586297,14:51:37,20210509
3,2020-03-31,AG,USD,2020-04-03 00:00:00,2020-04-03 17:13:10,Q1,86065000.0,68783000.0,17282000.0,0.20080171963051183,0.0,8206000.0,0.0,0.0,14064000.0,85671000.0,-26237000.0,14625000.0,15019000.0,0.17450763957474003,394000.0,0.004577935281473305,-813000.0,-26656000.0,-0.30971939812932087,5780000.0,-32436000.0,-0.37687794109103584,-0.1549,-0.1549,209396050.0,209396050.0,https://www.sec.gov/Archives/edgar/data/1308648/000162828020004607/0001628280-20-004607-index.html,https://www.sec.gov/Archives/edgar/data/1308648/000162828020004607/ag-2020x04x03nrx6k.htm,1620586297,14:51:37,20210509
4,2019-12-31,AG,USD,2020-01-15 00:00:00,2020-01-15 16:29:26,Q4,96476000.0,58406000.0,38070000.0,0.39460591235125836,0.0,9137000.0,0.0,0.0,14565000.0,143287000.0,-1664000.0,17915999.999999996,-28895000.000000004,-0.29950453998922016,-46811000.0,-0.48520875658194784,-801000.0,-49276000.0,-0.5107591525353455,-9330000.0,-39946000.0,-0.41405116298353994,-0.1941,-0.1941,205799250.0,205799250.0,https://www.sec.gov/Archives/edgar/data/1308648/000162828020000352/0001628280-20-000352-index.html,https://www.sec.gov/Archives/edgar/data/1308648/000162828020000352/ag-2020x01x15nrx6k.htm,1620586297,14:51:37,20210509
5,2019-09-30,AG,USD,2019-10-15 00:00:00,2019-10-15 16:09:52,Q3,96989000.0,55074000.0,41915000.0,0.4321624101702255,0.0,8705000.0,0.0,0.0,11579000.0,81980000.0,1681000.0,14491000.0,29500000.0,0.30415820350761424,15009000.0,0.15474950767612822,-738000.0,15952000.0,0.16447225974079535,7393000.0,8559000.0,0.08824712080751425,0.04156,0.04156,205960010.0,205960010.0,https://www.sec.gov/Archives/edgar/data/1308648/000130864819000029/0001308648-19-000029-index.html,https://www.sec.gov/Archives/edgar/data/1308648/000130864819000029/ag-2019x10x15nrx6k.htm,1620586297,14:51:37,20210509
6,2019-06-30,AG,USD,2019-07-15 00:00:00,2019-07-15 07:10:19,Q2,83669000.0,63166000.0,20503000.0,0.2450489428581673,0.0,7526000.0,0.0,0.0,8589000.0,87092000.0,-3038000.0,17149000.0,13726000.0,0.16405120175931348,-3423000.0,-0.04091120964753971,-791000.0,-7252000.0,-0.08667487360910253,4715000.0,-11967000.0,-0.14302788368451877,-0.05955,-0.05955,200965610.0,200965610.0,https://www.sec.gov/Archives/edgar/data/1308648/000130864819000022/0001308648-19-000022-index.html,https://www.sec.gov/Archives/edgar/data/1308648/000130864819000022/ag-2019x07x15nrx6k.htm,1620586297,14:51:37,20210509
7,2019-03-31,AG,USD,2019-04-16 00:00:00,2019-04-16 12:06:10,Q1,86810000.0,60155000.0,26655000.0,0.30704987904619285,0.0,8121000.0,0.0,0.0,9179000.0,83571000.0,-897000.0,17664000.0,20903000.0,0.24079023154014514,3239000.0,0.03731136965787352,-790000.0,1552000.0,0.01787812464001843,-1328000.0,2880000.0,0.033175901393848635,0.01464,0.01464,196745510.0,196745510.0,https://www.sec.gov/Archives/edgar/data/1308648/000119312519107448/0001193125-19-107448-index.html,https://www.sec.gov/Archives/edgar/data/1308648/000119312519107448/d736306d6k.htm,1620586297,14:51:37,20210509
8,2018-12-31,AG,USD,2019-01-08 00:00:00,2019-01-08 11:42:33,Q4,74128000.0,56230000.0,17898000.0,0.24144722641916685,0.0,6536000.0,0.0,636000.0,7279000.0,260404000.0,-1737000.0,27267000.00000001,-159009000.0,-2.145059896395424,-186276000.0,-2.5128966112669975,-556000.0,-188569000.0,-2.5438295920569827,-24126000.0,-164443000.0,-2.218365529894237,-0.84861,-0.84861,193780070.0,193780070.0,https://www.sec.gov/Archives/edgar/data/1308648/000106299319000054/0001062993-19-000054-index.html,https://www.sec.gov/Archives/edgar/data/1308648/000106299319000054/form6k.htm,1620586297,14:51:37,20210509
9,2018-09-30,AG,USD,2018-10-15 00:00:00,2018-10-15 09:13:33,Q3,88521000.0,63966000.0,24555000.0,0.27739180533432745,0.0,6937000.0,0.0,1473000.0,7500000.0,94835000.0,-4243000.0,24854999.999999996,18540999.999999996,0.20945312411744102,-6314000.0,-0.07132770754962099,-565000.0,-11122000.0,-0.12564250290891427,-17026000.0,5904000.0,0.06669603822821703,0.03034,0.03034,194595220.0,194595220.0,https://www.sec.gov/Archives/edgar/data/1308648/000130864818000050/0001308648-18-000050-index.html,https://www.sec.gov/Archives/edgar/data/1308648/000130864818000050/ag-2018x10x15nrx6k.htm,1620586297,14:51:37,20210509
10,2018-06-30,AG,USD,2018-07-16 00:00:00,2018-07-16 16:40:59,Q2,79690000.0,59290000.0,20400000.0,0.2559919688794077,0.0,7280000.0,0.0,0.0,7806000.0,126260000.0,-2190000.0,22900000.0,-23670000.0,-0.2970259756556657,-46570000.0,-0.5843895093487264,-570000.0,-49340000.0,-0.6191492031622537,-9300000.0,-40030000.0,-0.5023214957962103,-0.221,-0.221,181130000.0,181130000.0,https://www.sec.gov/Archives/edgar/data/1308648/000130864818000044/0001308648-18-000044-index.html,https://www.sec.gov/Archives/edgar/data/1308648/000130864818000044/ag-2018x07x16nrx6k.htm,1620586297,14:51:37,20210509
11,2018-03-31,AG,USD,2018-04-19 00:00:00,2018-04-19 14:44:16,Q1,58590000.0,39680000.0,18910000.0,0.32275132275132273,0.0,7200000.0,0.0,0.0,7384000.0,68700000.0,-3490000.0,19500000.0,9400000.0,0.16043693463048303,-10100000.0,-0.17238436593275303,-430000.0,-14020000.0,-0.2392899812254651,-8430000.0,-5590000.0,-0.09540877282812767,-0.03371,-0.03371,165820000.0,165820000.0,https://www.sec.gov/Archives/edgar/data/1308648/000106299318001728/0001062993-18-001728-index.html,https://www.sec.gov/Archives/edgar/data/1308648/000106299318001728/form6k.htm,1620586297,14:51:37,20210509
12,2017-12-31,AG,USD,2018-01-09 00:00:00,2018-01-09 14:18:57,Q4,61170000.0,39310000.0,21860000.0,0.3573647212685957,0.0,5530000.0,0.0,0.0,6031000.0,130259999.99999999,-430000.0,20699999.999999996,-48390000.0,-0.7910740559097597,-69090000.0,-1.129475232957332,-350000.0,-69880000.0,-1.1423900604871668,-13800000.0,-56080000.0,-0.9167892757887853,-0.33838,-0.33838,165730000.0,165730000.0,https://www.sec.gov/Archives/edgar/data/1308648/000130864818000002/0001308648-18-000002-index.html,https://www.sec.gov/Archives/edgar/data/1308648/000130864818000002/ag-2018x01x09nrx6k.htm,1620586297,14:51:37,20210509
13,2017-09-30,AG,USD,2017-10-03 00:00:00,2017-10-03 13:29:18,Q3,61900000.0,40290000.0,21610000.0,0.34911147011308563,0.0,6240000.0,0.0,0.0,6753000.0,62800000.0,-50000.0,18699999.999999996,17799999.999999996,0.28756058158319864,-900000.0,-0.014539579967689823,-360000.0,-1310000.0,-0.021163166397415185,10000.0,-1320000.0,-0.021324717285945073,-0.00798,-0.00798,165500000.0,165500000.0,https://www.sec.gov/Archives/edgar/data/1308648/000130864817000040/0001308648-17-000040-index.html,https://www.sec.gov/Archives/edgar/data/1308648/000130864817000040/ag-2017x10x03nrx6k.htm,1620586297,14:51:37,20210509
14,2017-06-30,AG,USD,2017-07-11 00:00:00,2017-07-11 16:22:14,Q2,60120000.0,40000000.0,20110000.0,0.33449767132401864,0.0,6400000.0,0.0,0.0,6883000.0,64700000.0,-1830000.0,19000000.000000004,14420000.000000004,0.23985362608117106,-4580000.0,-0.07618097139055223,-290000.0,-6700000.0,-0.11144377910844977,-8110000.0,1410000.0,0.023453093812375248,0.00842,0.00842,167470000.0,167470000.0,https://www.sec.gov/Archives/edgar/data/1308648/000130864817000035/0001308648-17-000035-index.html,https://www.sec.gov/Archives/edgar/data/1308648/000130864817000035/ag-2017x07x11nrx6k.htm,1620586297,14:51:37,20210509
15,2017-03-31,AG,USD,2017-04-19 00:00:00,2017-04-18 21:00:21,Q1,69110000.0,39660000.0,29440000.0,0.4259875560700333,0.0,6590000.0,0.0,0.0,7056000.0,65530000.00000001,-540000.0,19700000.0,23280000.0,0.33685429026190133,3580000.0,0.051801475907972794,-460000.0,2580000.0,0.03733178990015917,-140000.0,2720000.0,0.039357545941253076,0.01624,0.01624,167440000.0,167440000.0,https://www.sec.gov/Archives/edgar/data/1308648/000130864817000020/0001308648-17-000020-index.html,https://www.sec.gov/Archives/edgar/data/1308648/000130864817000020/ag-2017q1agmx6kcoverpage.htm,1620586297,14:51:37,20210509
16,2016-12-31,AG,USD,2017-01-17 00:00:00,2017-01-17 12:10:01,Q4,66170000.0,37350000.0,28820000.0,0.43554480882575186,0.0,5740000.0,0.0,0.0,6133000.0,62960000.0,-1410000.0,19100000.00000001,22310000.00000001,0.33716185582590313,3210000.0,0.048511410004533774,-270000.0,1530000.0,0.023122260843282453,-280000.0,1810000.0,0.027353785703491007,0.01085,0.01085,166880000.0,166880000.0,https://www.sec.gov/Archives/edgar/data/1308648/000130864817000002/0001308648-17-000002-index.html,https://www.sec.gov/Archives/edgar/data/1308648/000130864817000002/ag-2017x01x17nrx6k.htm,1620586297,14:51:37,20210509
17,2016-09-30,AG,USD,2016-10-13 00:00:00,2016-10-13 07:01:18,Q3,79330000.0,38420000.0,40910000.0,0.5156939367200303,0.0,5430000.0,0.0,0.0,5831000.0,65830000.0,180000.0,21199999.999999996,34700000.0,0.43741333669481913,13500000.0,0.1701752174461112,-290000.0,13390000.0,0.16878860456321695,5270000.0,8120000.0,0.1023572419009202,0.04816,0.04816,168590000.0,168590000.0,https://www.sec.gov/Archives/edgar/data/1308648/000106299316011716/0001062993-16-011716-index.html,https://www.sec.gov/Archives/edgar/data/1308648/000106299316011716/form6k.htm,1620586297,14:51:37,20210509
18,2016-06-30,AG,USD,2016-07-12 00:00:00,2016-07-12 07:35:25,Q2,66070000.0,36250000.0,29820000.0,0.4513394884213713,0.0,5400000.0,0.0,0.0,5777000.0,60630000.0,4040000.0,20000000.0,25450000.0,0.38519751778416833,5450000.0,0.082488270016649,-270000.0,9220000.0,0.13954896322082638,3110000.0,6110000.0,0.09247767519297714,0.03736,0.03736,163530000.0,163530000.0,https://www.sec.gov/Archives/edgar/data/1308648/000127956916003858/0001279569-16-003858-index.html,https://www.sec.gov/Archives/edgar/data/1308648/000127956916003858/firstmajestic6k.htm,1620586297,14:51:37,20210509
19,2016-03-31,AG,USD,2016-04-01 00:00:00,2016-04-01 13:51:20,Q1,66510000.0,37260000.0,29250000.0,0.4397834912043302,0.0,4830000.0,0.0,0.0,5239000.0,63920000.00000001,590000.0,20100000.0,22690000.0,0.3411517065102992,2590000.0,0.03894151255450308,-1820000.0,1350000.0,0.02029769959404601,8790000.0,-7430000.0,-0.11171252443241618,-0.04772,-0.04772,155690000.0,155690000.0,https://www.sec.gov/Archives/edgar/data/1308648/000127956916003092/0001279569-16-003092-index.html,https://www.sec.gov/Archives/edgar/data/1308648/000127956916003092/v435553_6k.htm,1620586297,14:51:37,20210509
20,2015-12-31,AG,USD,2016-01-19 00:00:00,2016-01-19 07:49:44,Q4,66010000.0,39480000.0,26530000.0,0.4019088016967126,0.0,5100000.0,0.0,-570000.0,5593000.0,177160000.0,-1480000.0,22900000.0,-88250000.0,-1.3369186486895925,-111150000.0,-1.6838357824572034,-3260000.0,-115890000.0,-1.7556430843811544,-12930000.0,-102960000.0,-1.5597636721708832,-0.66216,-0.66216,155490000.0,155490000.0,https://www.sec.gov/Archives/edgar/data/1308648/000127956916002529/0001279569-16-002529-index.html,https://www.sec.gov/Archives/edgar/data/1308648/000127956916002529/firstmajestic6k.htm,1620586297,14:51:37,20210509
21,2015-09-30,AG,USD,2015-10-02 00:00:00,2015-10-01 19:47:57,Q3,44670000.0,30550000.0,14130000.0,0.31631967763599733,0.0,4700000.0,0.0,0.0,5062000.0,51580000.0,-600000.0,17900000.0,10990000.0,0.246026415939109,-6910000.0,-0.15468994851130513,860000.0,-6650000.0,-0.14886948735169017,-4870000.0,-1780000.0,-0.039847772554286995,-0.01456,-0.01456,122240000.0,122240000.0,https://www.sec.gov/Archives/edgar/data/1308648/000127956915001901/0001279569-15-001901-index.html,https://www.sec.gov/Archives/edgar/data/1308648/000127956915001901/firstmajestic6k.htm,1620586297,14:51:37,20210509
22,2015-06-30,AG,USD,2015-07-09 00:00:00,2015-07-09 11:02:59,Q2,54190000.0,33310000.0,20880000.0,0.3853109429784093,0.0,5590000.0,0.0,0.0,5965000.0,55860000.0,-3600000.0,17600000.0,15930000.0,0.293965676324045,-1670000.0,-0.030817494002583504,820000.0,-4450000.0,-0.08211847204281232,-1870000.0,-2580000.0,-0.047610260195608045,-0.0213,-0.0213,121100000.0,121100000.0,https://www.sec.gov/Archives/edgar/data/1308648/000127956915001390/0001279569-15-001390-index.html,https://www.sec.gov/Archives/edgar/data/1308648/000127956915001390/firstmajestic6k.htm,1620586297,14:51:37,20210509
23,2015-03-31,AG,USD,2015-04-01 00:00:00,2015-04-01 13:54:17,Q1,54570000.0,32340000.0,22230000.0,0.4073666849917537,0.0,5770000.0,0.0,200000.0,6145000.0,54210000.0,-100000.0,17400000.0,17760000.0,0.32545354590434306,360000.0,0.006597031335898846,470000.0,730000.0,0.013377313542239326,1840000.0,-1110000.0,-0.02034084661902144,-0.00944,-0.00944,117590000.0,117590000.0,https://www.sec.gov/Archives/edgar/data/1308648/000127956915000634/0001279569-15-000634-index.html,https://www.sec.gov/Archives/edgar/data/1308648/000127956915000634/v406212_6k.htm,1620586297,14:51:37,20210509
24,2014-12-31,AG,USD,2015-04-01 00:00:00,2015-04-01 13:54:17,Q4,72480000.0,44870000.0,27610000.0,0.3809326710816777,0.0,4780000.0,0.0,-610000.0,5144000.0,167750000.0,-1930000.0,17500000.0,-77770000.0,-1.072985651214128,-95270000.0,-1.3144315673289184,5970000.0,-91230000.0,-1.2586920529801324,-26660000.0,-64570000.0,-0.8908664459161147,-0.5493,-0.5493,117550000.0,117550000.0,https://www.sec.gov/Archives/edgar/data/1308648/000127956915000634/0001279569-15-000634-index.html,https://www.sec.gov/Archives/edgar/data/1308648/000127956915000634/v406212_6k.htm,1620586297,14:51:37,20210509
25,2014-09-30,AG,USD,2014-10-14 00:00:00,2014-10-14 07:16:45,Q3,40770000.0,31970000.0,8800000.0,0.21584498405690458,0.0,6350000.0,0.0,200000.0,6724000.0,47980000.0,-3700000.0,15300000.000000004,8090000.000000004,0.19843021829776805,-7210000.0,-0.1768457198920775,1130000.0,-9780000.0,-0.2398822663723326,670000.0,-10450000.0,-0.2563159185675742,-0.08893,-0.08893,117510000.0,117510000.0,https://www.sec.gov/Archives/edgar/data/1308648/000106299314005930/0001062993-14-005930-index.html,https://www.sec.gov/Archives/edgar/data/1308648/000106299314005930/form6k.htm,1620586297,14:51:37,20210509
26,2014-06-30,AG,USD,2014-07-14 00:00:00,2014-07-14 12:43:03,Q2,66930000.0,42730000.0,24200000.0,0.3615717914238757,0.0,7440000.0,0.0,210000.0,7821000.0,52040000.0,-1440000.0,14799999.999999998,29690000.0,0.44359778873449873,14890000.0,0.22247123860750037,-3780000.0,9680000.0,0.1446287165695503,2090000.0,7590000.0,0.1134020618556701,0.06453,0.06453,117620000.0,117620000.0,https://www.sec.gov/Archives/edgar/data/1308648/000106299314004175/0001062993-14-004175-index.html,https://www.sec.gov/Archives/edgar/data/1308648/000106299314004175/form6k.htm,1620586297,14:51:37,20210509
27,2014-03-31,AG,USD,2014-04-04 00:00:00,2014-04-04 14:13:44,Q1,65300000.0,35270000.0,30030000.0,0.45987748851454824,0.0,7450000.0,0.0,200000.0,7825000.0,56549999.99999999,230000.0,13600000.0,22340000.0,0.34211332312404286,8740000.0,0.133843797856049,1430000.0,10400000.0,0.15926493108728942,4420000.0,5980000.0,0.09157733537519143,0.05091,0.05091,117470000.0,117470000.0,https://www.sec.gov/Archives/edgar/data/1308648/000106299314001966/0001062993-14-001966-index.html,https://www.sec.gov/Archives/edgar/data/1308648/000106299314001966/form6k.htm,1620586297,14:51:37,20210509
28,2013-12-31,AG,USD,2013-12-31,2013-12-31,Q4,58990000.0,31440000.0,27550000.0,0.467028309883031,0.0,9290000.0,0.0,140000.0,9429000.0,83750000.0,-2510000.0,13200000.0,-11560000.0,-0.19596541786743515,-24760000.0,-0.41973215799288016,-2910000.0,-30180000.0,-0.5116121376504492,51050000.0,-81230000.0,-1.3770130530598406,-0.69415,-0.69415,117020000.0,117020000.0,,,1620586297,14:51:37,20210509
29,2013-09-30,AG,USD,2013-10-16 00:00:00,2013-10-16 07:01:08,Q3,76880000.0,36060000.0,40820000.0,0.5309573361082206,0.0,8090000.0,0.0,130000.0,8478000.0,57130000.0,1700000.0,11899999.999999998,31650000.0,0.4116805411030177,19750000.0,0.25689386056191466,500000.0,21950000.0,0.2855098855359001,5630000.0,16320000.0,0.21227887617065558,0.13909,0.13909,117330000.0,117330000.0,https://www.sec.gov/Archives/edgar/data/1308648/000106299313005046/0001062993-13-005046-index.html,https://www.sec.gov/Archives/edgar/data/1308648/000106299313005046/form6k.htm,1620586297,14:51:37,20210509
30,2013-06-30,AG,USD,2013-07-02 00:00:00,2013-07-02 07:01:13,Q2,48370000.0,23890000.0,24480000.0,0.5060988215836262,0.0,9650000.0,0.0,150000.0,10012000.0,43650000.0,-5180000.0,10400000.0,15120000.0,0.3125904486251809,4720000.0,0.09758114533801944,1480000.0,1020000.0,0.02108745089931776,860000.0,160000.0,0.0033078354351870993,0.00136,0.00136,117320000.0,117320000.0,https://www.sec.gov/Archives/edgar/data/1308648/000106299313003268/0001062993-13-003268-index.html,https://www.sec.gov/Archives/edgar/data/1308648/000106299313003268/form6k.htm,1620586297,14:51:37,20210509
31,2013-03-31,AG,USD,2013-04-09 00:00:00,2013-04-09 11:04:53,Q1,67070000.0,24270000.0,42800000.0,0.6381392574921724,0.0,11680000.0,0.0,130000.0,11993000.0,36970000.0,-1550000.0,8400000.0,38500000.0,0.5740271358282392,30100000.0,0.4487848516475324,4850000.0,33400000.0,0.49798717757566724,6880000.0,26520000.0,0.3954077829133741,0.22503,0.22503,117850000.0,117850000.0,https://www.sec.gov/Archives/edgar/data/1308648/000106299313001757/0001062993-13-001757-index.html,https://www.sec.gov/Archives/edgar/data/1308648/000106299313001757/form6k.htm,1620586297,14:51:37,20210509
32,2012-12-31,AG,USD,2013-01-02 00:00:00,2013-01-02 15:05:32,Q4,71010000.0,23690000.0,47320000.0,0.6663850161949021,0.0,9930000.0,0.0,140000.0,-7319000.0,41460000.0,-1550000.0,8500000.0,38050000.0,0.5358400225320378,29550000.0,0.41613857203210813,0.0,27990000.0,0.394169835234474,5640000.0,22350000.0,0.31474440219687366,0.19,0.19,117630000.0,117630000.0,https://www.sec.gov/Archives/edgar/data/1308648/000106299313000016/0001062993-13-000016-index.html,https://www.sec.gov/Archives/edgar/data/1308648/000106299313000016/form6k.htm,1620586297,14:51:37,20210509
33,2012-09-30,AG,USD,2012-10-10 00:00:00,2012-10-10 09:25:10,Q3,63580000.0,20910000.0,42670000.0,0.6711229946524064,0.0,7410000.0,0.0,0.0,14555000.0,37650000.0,4760000.0,6800000.000000001,32730000.0,0.5147845234350424,25930000.0,0.40783265177728845,0.0,30690000.0,0.4826989619377163,5820000.0,24870000.0,0.39116074237181503,0.21247,0.21247,117050000.0,117050000.0,https://www.sec.gov/Archives/edgar/data/1308648/000106299312004008/0001062993-12-004008-index.html,https://www.sec.gov/Archives/edgar/data/1308648/000106299312004008/form6k.htm,1620586297,14:51:37,20210509
34,2012-06-30,AG,USD,2012-07-03 00:00:00,2012-07-03 12:44:03,Q2,54770000.0,18460000.0,36320000.0,0.6631367536972795,0.0,7360000.0,0.0,100000.0,13147000.0,31600000.0,-4100000.0,5199999.999999999,28370000.0,0.5179842979733431,23170000.0,0.4230418112105167,0.0,19080000.0,0.34836589373744753,3760000.0,15320000.0,0.2797151725397115,0.14231,0.14231,107650000.0,107650000.0,https://www.sec.gov/Archives/edgar/data/1308648/000106299312002344/0001062993-12-002344-index.html,https://www.sec.gov/Archives/edgar/data/1308648/000106299312002344/form6k.htm,1620586297,14:51:37,20210509
35,2012-03-31,AG,USD,2012-05-22 00:00:00,2012-05-22 09:49:58,Q1,57820000.0,16690000.0,41120000.0,0.7111726046350744,0.0,7140000.0,0.0,100000.0,12798000.0,29769999.999999996,5180000.0,5500000.0,33550000.0,0.5802490487720512,28050000.0,0.4851262538913871,0.0,33230000.0,0.574714631615358,6870000.0,26360000.0,0.4558976132826012,0.24115,0.24115,109310000.0,109310000.0,https://www.sec.gov/Archives/edgar/data/1308648/000120445912001224/0001204459-12-001224-index.html,https://www.sec.gov/Archives/edgar/data/1308648/000120445912001224/form6k.htm,1620586297,14:51:37,20210509
36,2011-12-31,AG,USD,2012-01-04 00:00:00,2012-01-04 13:05:28,Q4,60800000.0,16380000.0,44420000.0,0.7305921052631579,0.0,6470000.0,0.0,100000.0,12686000.0,28580000.0,-3860000.0,6299999.999999999,38520000.0,0.6335526315789474,32220000.0,0.5299342105263158,0.0,28360000.0,0.4664473684210526,7020000.0,21340000.0,0.35098684210526315,0.2,0.2,106700000.0,106700000.0,https://www.sec.gov/Archives/edgar/data/1308648/000106299312000029/0001062993-12-000029-index.html,https://www.sec.gov/Archives/edgar/data/1308648/000106299312000029/form6k.htm,1620586297,14:51:37,20210509
37,2011-09-30,AG,USD,2011-10-11 00:00:00,2011-10-07 17:38:01,Q3,61410000.0,15470000.0,45930000.0,0.747923790913532,0.0,4570000.0,0.0,0.0,8221000.0,24390000.0,-1890000.0,3500000.0,40520000.0,0.6598273896759486,37020000.0,0.6028334147532975,0.0,35130000.0,0.572056668295066,7360000.0,27770000.0,0.45220648102914834,0.25777,0.25777,107730000.0,107730000.0,https://www.sec.gov/Archives/edgar/data/1308648/000106299311004078/0001062993-11-004078-index.html,https://www.sec.gov/Archives/edgar/data/1308648/000106299311004078/form6k.htm,1620586297,14:51:37,20210509
38,2011-06-30,AG,USD,2011-07-07 00:00:00,2011-07-07 14:19:37,Q2,68040000.0,18110000.0,49930000.0,0.7338330393885949,0.0,5050000.0,0.0,0.0,8648000.0,26650000.0,-120000.0,3100000.0000000005,44490000.0,0.6538800705467372,41390000.0,0.6083186360964139,0.0,41270000.0,0.6065549676660787,10680000.0,30590000.0,0.4495884773662551,0.28514,0.28514,107280000.0,107280000.0,https://www.sec.gov/Archives/edgar/data/1308648/000106299311002838/0001062993-11-002838-index.html,https://www.sec.gov/Archives/edgar/data/1308648/000106299311002838/form6k.htm,1620586297,14:51:37,20210509
39,2011-03-31,AG,USD,2011-04-01 00:00:00,2011-03-31 20:11:41,Q1,55270000.0,16820000.0,38450000.0,0.6956757734756649,0.0,6020000.0,0.0,0.0,44672000.0,25730000.0,3240000.0,2800000.0,32340000.0,0.5851275556359689,29540000.0,0.5344671612086123,0.0,32780000.0,0.5930884747602678,8910000.0,23870000.0,0.43187986249321514,0.22557,0.22557,105820000.0,105820000.0,https://www.sec.gov/Archives/edgar/data/1308648/000106299311001285/0001062993-11-001285-index.html,https://www.sec.gov/Archives/edgar/data/1308648/000106299311001285/form6k.htm,1620586297,14:51:37,20210509
40,2010-12-31,AG,USD,2011-03-02 00:00:00,2011-03-01 18:31:31,Q4,40110000.0,12980000.0,27130000.0,0.6763899276988282,0.0,6330000.0,0.0,-110000.0,228595.902268,22780000.0,970000.0,3099999.9999999995,20430000.0,0.5093492894540015,17330000.0,0.43206182996758913,0.0,18300000.0,0.456245325355273,4640000.0,13660000.0,0.3405634505110945,0.14278,0.14278,95670000.0,95670000.0,https://www.sec.gov/Archives/edgar/data/1308648/000106299311000773/0001062993-11-000773-index.html,https://www.sec.gov/Archives/edgar/data/1308648/000106299311000773/form6k.htm,1620586297,14:51:37,20210509
41,2010-09-30,AG,USD,2010-12-07 00:00:00,2010-12-07 12:39:07,Q3,32620000.0,14200000.0,18420000.0,0.5646842427958307,0.0,2880000.0,0.0,110000.0,5312689.474704,20520000.0,800000.0,2599999.9999999995,14700000.0,0.45064377682403434,12100000.0,0.37093807480073576,0.0,12900000.0,0.39546290619251995,2840000.0,10060000.0,0.3083997547516861,0.10371,0.10371,97000000.0,97000000.0,https://www.sec.gov/Archives/edgar/data/1308648/000106299310004027/0001062993-10-004027-index.html,https://www.sec.gov/Archives/edgar/data/1308648/000106299310004027/form6k.htm,1620586297,14:51:37,20210509
42,2010-06-30,AG,USD,2010-06-30,2010-06-30,Q2,26420000.0,11870000.0,14560000.0,0.5510976532929599,0.0,2870000.0,0.0,710000.0,5241475.192107,16300000.000000002,390000.0,2400000.0000000005,12520000.0,0.4738834216502649,10120000.0,0.38304314912944737,0.0,10510000.0,0.39780469341408026,-10000.0,10530000.0,0.39856169568508704,0.11156,0.11156,94390000.0,94390000.0,,,1620586297,14:51:37,20210509
43,2010-03-31,AG,USD,2010-03-31,2010-03-31,Q1,17810000.0,8650000.0,9160000.0,0.5143177989893318,0.0,2730000.0,0.0,340000.0,4491380.223661,16829999.999999996,-330000.0,2000000.0,2980000.0,0.16732172936552497,980000.0,0.055025266704098824,0.0,650000.0,0.0364963503649635,150000.0,510000.0,0.028635597978663673,0.00544,0.00544,93770000.0,93770000.0,,,1620586297,14:51:37,20210509
44,2009-12-31,AG,USD,2009-12-31,2009-12-31,Q4,17380000.0,8080000.0,9300000.0,0.5350978135788262,0.0,3440000.0,0.0,0.0,1363185.051168,15880000.000000002,50000.0,1500000.0,3000000.0,0.17261219792865362,1500000.0,0.08630609896432681,0.0,1550000.0,0.08918296892980437,-810000.0,2360000.0,0.13578826237054084,0.02609,0.02609,90470000.0,90470000.0,,,1620586297,14:51:37,20210509
45,2009-09-30,AG,USD,2009-09-30,2009-09-30,Q3,12500000.0,7340000.0,5170000.0,0.4136,0.0,2130000.0,0.0,0.0,3509217.887548,10750000.0,-640000.0,1299999.9999999998,3050000.0,0.244,1750000.0,0.14,0.0,1110000.0,0.0888,-570000.0,1680000.0,0.1344,0.01623,0.01623,103500000.0,103500000.0,,,1620586297,14:51:37,20210509
46,2009-06-30,AG,USD,2009-06-30,2009-06-30,Q2,11160000.0,8100000.0,3050000.0,0.2732974910394265,0.0,2600000.0,0.0,0.0,4138640.768336,12220000.000000002,560000.0,1600000.0,540000.0,0.04838709677419355,-1060000.0,-0.09498207885304659,0.0,-500000.0,-0.044802867383512544,-1390000.0,890000.0,0.07974910394265233,0.00895,0.00895,99430000.0,99430000.0,,,1620586297,14:51:37,20210509
47,2009-03-31,AG,USD,2009-03-31,2009-03-31,Q1,11570000.0,6680000.0,4900000.0,0.42350907519446845,0.0,2280000.0,0.0,0.0,3373655.65851,10100000.0,-820000.0,1100000.0,2570000.0,0.22212618841832324,1470000.0,0.12705272255834055,0.0,650000.0,0.056179775280898875,-110000.0,760000.0,0.06568712186689715,0.00823,0.00823,92390000.0,92390000.0,,,1620586297,14:51:37,20210509
48,2008-12-31,AG,USD,2008-12-31,2008-12-31,Q4,7510000.0,6840000.0,670000.0,0.08921438082556592,0.0,2250000.0,0.0,0.0,-2956014.37675,10640000.0,-3520000.0,1500000.0,-1620000.0,-0.21571238348868177,-3120000.0,-0.41544607190412786,0.0,-6640000.0,-0.8841544607190412,-2070000.0,-4570000.0,-0.6085219707057257,-0.06184,-0.06184,73900000.0,73900000.0,,,1620586297,14:51:37,20210509
49,2008-09-30,AG,USD,2008-09-30,2008-09-30,Q3,10390000.0,7670000.0,2730000.0,0.2627526467757459,0.0,2500000.0,0.0,0.0,10971099.565464,11200000.0,170000.0,1000000.0,190000.0,0.01828681424446583,-810000.0,-0.07795957651588066,0.0,-630000.0,-0.06063522617901829,-270000.0,-360000.0,-0.03464870067372473,-0.00488,-0.00488,73840000.0,73840000.0,,,1620586297,14:51:37,20210509
50,2008-06-30,AG,USD,2008-06-30,2008-06-30,Q2,11320000.0,7550000.0,3770000.0,0.3330388692579505,0.0,2790000.0,0.0,0.0,4271012.969149,11910000.0,950000.0,1600000.0,1020000.0,0.09010600706713781,-580000.0,-0.05123674911660778,0.0,370000.0,0.03268551236749117,660000.0,-290000.0,-0.02561837455830389,-0.00393,-0.00393,73780000.0,73780000.0,,,1620586297,14:51:37,20210509
51,2008-03-31,AG,USD,2008-03-31,2008-03-31,Q1,12900000.0,6490000.0,6420000.0,0.49767441860465117,0.0,3270000.0,0.0,0.0,4773765.665987,11420000.0,-210000.0,1700000.0,3180000.0,0.24651162790697675,1480000.0,0.11472868217054263,0.0,1270000.0,0.09844961240310078,210000.0,1060000.0,0.08217054263565891,0.01329,0.01329,79770000.0,79770000.0,,,1620586297,14:51:37,20210509
52,2007-12-31,AG,USD,2007-12-31,2007-12-31,Q4,11870000.0,6460000.0,5410000.0,0.45577085088458297,0.0,3500000.0,0.0,0.0,5734265.787282,12220000.000000002,-180000.0,2099999.9999999995,1749999.9999999995,0.14743049705139002,-350000.0,-0.02948609941027801,0.0,-530000.0,-0.04465037910699242,780000.0,-1320000.0,-0.11120471777590564,-0.02173,-0.02173,60750000.0,60750000.0,,,1620586297,14:51:37,20210509
53,2007-09-30,AG,USD,2007-09-30,2007-09-30,Q3,9840000.0,5880000.0,3960000.0,0.4024390243902439,0.0,2450000.0,0.0,0.0,5139520.547945,12390000.000000002,600000.0,2400000.0,-150000.0,-0.01524390243902439,-2550000.0,-0.25914634146341464,0.0,-1950000.0,-0.19817073170731708,30000.0,-1980000.0,-0.20121951219512196,-0.03365,-0.03365,58840000.0,58840000.0,,,1620586297,14:51:37,20210509
54,2007-06-30,AG,USD,2007-06-30,2007-06-30,Q2,9870000.0,6960000.0,2910000.0,0.2948328267477204,0.0,2420000.0,0.0,0.0,4435283.231564,11260000.0,410000.0,1900000.0,510000.0,0.05167173252279635,-1390000.0,-0.1408308004052685,0.0,-970000.0,-0.09827760891590678,-310000.0,-660000.0,-0.0668693009118541,-0.0123,-0.0123,53650000.0,53650000.0,,,1620586297,14:51:37,20210509
55,2007-03-31,AG,USD,2007-03-31,2007-03-31,Q1,8670000.0,5860000.0,2820000.0,0.32525951557093424,0.0,2460000.0,0.0,0.0,4151106.969487,9939999.999999998,-620000.0,1700000.0,430000.0,0.049596309111880045,-1270000.0,-0.14648212226066898,0.0,-1890000.0,-0.2179930795847751,790000.0,-2680000.0,-0.3091118800461361,-0.04995,-0.04995,53650000.0,53650000.0,,,1620586297,14:51:37,20210509
56,2006-12-31,AG,USD,2006-12-31,2006-12-31,Q4,7140000.0,6910000.0,230000.0,0.03221288515406162,0.0,3020000.0,0.0,0.0,4820000.0,11730000.0,0.0,1100000.0,-3480000.0,-0.48739495798319327,-4580000.0,-0.6414565826330533,0.0,-4590000.0,-0.6428571428571429,-530000.0,-3420000.0,-0.4789915966386555,-0.073,-0.073,46850000.0,46850000.0,,,1620586297,14:51:37,20210509
57,2006-09-30,AG,USD,2006-09-30,2006-09-30,Q3,4120000.0,2850000.0,1270000.0,0.308252427184466,0.0,1200000.0,0.0,0.0,4689063.227655,7539999.999999999,-120000.0,1600000.0,-1820000.0,-0.441747572815534,-3420000.0,-0.8300970873786407,0.0,-3540000.0,-0.8592233009708737,-240000.0,-3300000.0,-0.8009708737864077,-0.08126,-0.08126,40610000.0,40610000.0,,,1620586297,14:51:37,20210509
58,2006-06-30,AG,USD,2006-06-30,2006-06-30,Q2,2430000.0,1920000.0,500000.0,0.205761316872428,0.0,2310000.0,0.0,0.0,3741184.149444,5940000.000000001,10000.0,1200000.0,-2310000.0,-0.9506172839506173,-3510000.0,-1.4444444444444444,0.0,-3500000.0,-1.440329218106996,-180000.0,-2810000.0,-1.1563786008230452,-0.08024,-0.08024,35020000.0,35020000.0,,,1620586297,14:51:37,20210509
59,2006-03-31,AG,USD,2006-03-31,2006-03-31,Q1,580000.0,520000.0,60000.0,0.10344827586206896,10000.0,780000.0,0.0,0.0,920378.281009,1510000.0,60000.0,200000.0,-730000.0,-1.2586206896551724,-930000.0,-1.603448275862069,0.0,-860000.0,-1.4827586206896552,0.0,-860000.0,-1.4827586206896552,-0.02809,-0.02809,30620000.0,30620000.0,,,1620586297,14:51:37,20210509
60,2005-12-31,AG,USD,2005-12-31,2005-12-31,Q4,410000.0,490000.0,-70000.0,-0.17073170731707318,0.0,530000.0,0.0,0.0,692042.362666,1170000.0,50000.0,199999.99999999997,-560000.0,-1.3658536585365855,-760000.0,-1.853658536585366,0.0,-710000.0,-1.7317073170731707,0.0,-710000.0,-1.7317073170731707,-0.02548,-0.02548,27860000.0,27860000.0,,,1620586297,14:51:37,20210509
61,2005-09-30,AG,USD,2005-09-30,2005-09-30,Q3,230000.0,380000.0,-150000.0,-0.6521739130434783,0.0,350000.0,0.0,0.0,470325.549391,850000.0,50000.0,100000.0,-520000.0,-2.260869565217391,-620000.0,-2.6956521739130435,0.0,-570000.0,-2.4782608695652173,0.0,-570000.0,-2.4782608695652173,-0.0243,-0.0243,23460000.0,23460000.0,,,1620586297,14:51:37,20210509
62,2005-06-30,AG,USD,2005-06-30,2005-06-30,Q2,160000.0,320000.0,-160000.0,-1.0,0.0,570000.0,0.0,0.0,673532.755733,1030000.0,60000.0,100000.0,-770000.0,-4.8125,-870000.0,-5.4375,20000.0,-780000.0,-4.875,0.0,-780000.0,-4.875,-0.03351,-0.03351,23280000.0,23280000.0,,,1620586297,14:51:37,20210509
63,2005-03-31,AG,USD,2005-03-31,2005-03-31,Q1,220000.0,340000.0,-120000.0,-0.5454545454545454,0.0,460000.0,0.0,0.0,515357.52666,870000.0,30000.0,100000.0,-540000.0,-2.4545454545454546,-640000.0,-2.909090909090909,0.0,-610000.0,-2.772727272727273,0.0,-610000.0,-2.772727272727273,-0.02722,-0.02722,22410000.0,22410000.0,,,1620586297,14:51:37,20210509
64,2004-12-31,AG,USD,2004-12-31,2004-12-31,Q4,360000.0,340000.0,20000.0,0.05555555555555555,0.0,530000.0,0.0,0.0,575353.952119,1750000.0,60000.0,0.0,-1290000.0,-3.583333,-1390000.0,-3.861111111111111,-20000.0,-1350000.0,-3.75,0.0,-1350000.0,-3.75,-0.06187,-0.06187,21820000.0,21820000.0,,,1620586297,14:51:37,20210509
65,2004-09-30,AG,USD,2004-09-30,2004-09-30,Q3,0.0,0.0,0.0,0.0,0.0,325405.371118,0.0,0.0,326398.877251,326398.877251,0.0,993.506133,-354772.080337,0.0,-326398.877251,0.0,29366.709219,0.0,0.0,0.0,-261273.083358,0.0,-0.015858,-0.015858,21537724.0,21537724.0,,,1620586297,14:51:37,20210509
66,2004-06-30,AG,USD,2004-06-30,2004-06-30,Q2,0.0,0.0,0.0,0.0,0.0,700232.376905,0.0,0.0,700950.02307,700950.02307,0.0,717.646165,-655958.873905,0.0,-700950.02307,0.0,-44273.503001,0.0,0.0,0.0,-722140.074195,0.0,0.0,0.0,0.0,0.0,,,1620586297,14:51:37,20210509
67,2004-03-31,AG,USD,2004-03-31,2004-03-31,Q1,0.0,0.0,0.0,0.0,0.0,434686.78025,0.0,0.0,434835.496713,434835.496713,0.0,0.0,-434261.222373,0.0,-434835.496713,0.0,-425.557877,0.0,0.0,0.0,-434580.009457,0.0,-0.038132,-0.038132,10588485.0,10588485.0,,,1620586297,14:51:37,20210509
68,2003-12-31,AG,USD,2003-12-31,2003-12-31,Q4,0.0,0.0,0.0,0.0,0.0,66912.405438,0.0,0.0,66912.405438,66912.405438,0.0,0.0,-66912.405438,0.0,-66912.405438,0.0,0.0,0.0,0.0,0.0,-66912.405438,0.0,-0.007711,-0.007711,8944236.0,8944236.0,,,1620586297,14:51:37,20210509
69,2003-09-30,AG,USD,2003-09-30,2003-09-30,Q3,0.0,0.0,0.0,0.0,0.0,20294.785419,0.0,0.0,20294.785419,20294.785419,0.0,0.0,-20294.785419,0.0,-20294.785419,0.0,0.0,0.0,0.0,0.0,-20294.785419,0.0,-0.003491,-0.003491,5812846.0,5812846.0,,,1620586297,14:51:37,20210509
70,2003-06-30,AG,USD,2003-06-30,2003-06-30,Q2,0.0,0.0,0.0,0.0,0.0,53373.415536,0.0,0.0,53373.415536,53373.415536,0.0,0.0,-53373.415536,0.0,-53373.415536,0.0,0.0,0.0,0.0,0.0,-358879.807613,0.0,0.0,0.0,0.0,0.0,,,1620586297,14:51:37,20210509
71,2003-03-31,AG,USD,2003-03-31,2003-03-31,Q1,0.0,0.0,0.0,0.0,0.0,9378.108436,0.0,0.0,9378.108436,9378.108436,0.0,0.0,-9378.108436,0.0,-9378.108436,0.0,0.0,0.0,0.0,0.0,-9378.108436,0.0,-0.001622,-0.001622,5781735.0,5781735.0,,,1620586297,14:51:37,20210509
72,2002-12-31,AG,USD,2002-12-31,2002-12-31,Q4,0.0,0.0,0.0,0.0,0.0,14579.72064,0.0,0.0,14579.72064,14579.72064,0.0,0.0,-14579.72064,0.0,-14579.72064,0.0,0.0,0.0,0.0,0.0,-14579.72064,0.0,-0.002522,-0.002522,5781735.0,5781735.0,,,1620586297,14:51:37,20210509
73,2002-03-31,AG,USD,2002-03-31,2002-03-31,Q4,50.159885,0.0,0.0,0.0,0.0,9046.335193,0.0,0.0,9046.335193,9046.335193,0.0,0.0,-8945.388426,-178.3374987004057,-8996.175309,-179.34999868919158,-50.786883,0.0,0.0,0.0,-9046.962192,-180.36249867797744,-0.002984,-0.002984,3031735.0,3031735.0,,,1620586297,14:51:37,20210509
74,2001-12-31,AG,USD,2001-12-31,2001-12-31,Q4,50.251888,0.0,0.0,0.0,0.0,13035.33964,0.0,0.0,13035.33964,13035.33964,0.0,0.0,-13000.163319,-258.69999787868664,-12985.087752,-258.3999978667468,15.075566,0.0,0.0,0.0,-12970.012186,-258.09999787470673,-0.006281,-0.006281,3031735.0,3031735.0,,,1620586297,14:51:37,20210509
