,date,symbol,reportedCurrency,fillingDate,acceptedDate,period,revenue,costOfRevenue,grossProfit,grossProfitRatio,researchAndDevelopmentExpenses,generalAndAdministrativeExpenses,sellingAndMarketingExpenses,otherExpenses,operatingExpenses,costAndExpenses,interestExpense,depreciationAndAmortization,ebitda,ebitdaratio,operatingIncome,operatingIncomeRatio,totalOtherIncomeExpensesNet,incomeBeforeTax,incomeBeforeTaxRatio,incomeTaxExpense,netIncome,netIncomeRatio,eps,epsdiluted,weightedAverageShsOut,weightedAverageShsOutDil,link,finalLink,timestamp,est_time,est_date
0,2020-12-31,SOUTHBANK.NS,INR,2020-12-31,2020-12-31,Q4,8665100000,0.0,0.0,0.0,0.0,0.0,0.0,0.0,4890500000,0.0,12155700000,0.0,0.0,0.0,0.0,-0.140817763211042,0.0,-1220200000,-0.140817763211042,-304000000.0,-916200000,-0.10573449815928264,-0.51,-0.51,1796470588,1796470588,,,1620598174,18:09:34,20210509
1,2020-09-30,SOUTHBANK.NS,INR,2020-09-30,2020-09-30,Q3,9030100000,0.0,0.0,0.0,0.0,0.0,0.0,0.0,4890400000,0.0,12357300000,194253750.0,0.0,0.0,0.0,0.09697567025835815,0.0,875700000,0.09697567025835815,224800000.0,650900000,0.0720811508178204,0.36,0.36,1808055556,1808055556,https://www.nseindia.com/companies-listing/corporate-filings-annual-reports,https://www.nseindia.com/companies-listing/corporate-filings-annual-reports,1620598174,18:09:34,20210509
2,2020-06-30,SOUTHBANK.NS,INR,2020-06-30,2020-06-30,Q2,8718700000,0.0,0.0,0.0,0.0,0.0,0.0,0.0,4681900000,0.0,12999900000,194253750.0,0.0,0.0,0.0,0.12685377407182263,0.0,1106000000,0.12685377407182263,289500000.0,816500000,0.0936492825765309,0.45,0.45,1814444444,1814444444,https://www.nseindia.com/companies-listing/corporate-filings-annual-reports,https://www.nseindia.com/companies-listing/corporate-filings-annual-reports,1620598174,18:09:34,20210509
3,2020-03-31,SOUTHBANK.NS,INR,2020-03-31,2020-03-31,Q1,9710733000,0.0,0.0,0.0,0.0,0.0,0.0,0.0,8066638000,0.0,13519091000,194253750.0,0.0,0.0,0.0,-0.19605574574030613,0.0,-1903845000,-0.19605574574030613,-466900000.0,-1436904000,-0.14797070416826413,-0.7947233674494458,-0.7947233674494458,1808055556,1808055556,https://www.nseindia.com/companies-listing/corporate-filings-annual-reports,https://www.nseindia.com/companies-listing/corporate-filings-annual-reports,1620598174,18:09:34,20210509
4,2019-12-31,SOUTHBANK.NS,INR,2019-12-31,2019-12-31,Q4,8222000000,0.0,0.0,0.0,0.0,0.0,0.0,0.0,4390600000,0.0,13655300000,0.0,0.0,0.0,0.0,0.1486256385307711,0.0,1222000000,0.1486256385307711,316600000.0,905400000,0.11011919241060569,0.5,0.5,1810800000,1810800000,https://www.nseindia.com/companies-listing/corporate-filings-annual-reports,https://www.nseindia.com/companies-listing/corporate-filings-annual-reports,1620598174,18:09:34,20210509
5,2019-09-30,SOUTHBANK.NS,INR,2019-09-30,2019-09-30,Q3,8335100000,0.0,0.0,0.0,0.0,0.0,0.0,0.0,4220600000,0.0,13696700000,0.0,0.0,0.0,0.0,0.12610526568367506,0.0,1051100000,0.12610526568367506,206300000.0,844800000,0.10135451284327722,0.47,0.47,1797446809,1797446809,https://www.nseindia.com/companies-listing/corporate-filings-annual-reports,https://www.nseindia.com/companies-listing/corporate-filings-annual-reports,1620598174,18:09:34,20210509
6,2019-06-30,SOUTHBANK.NS,INR,2019-06-30,2019-06-30,Q2,7175700000,0.0,0.0,0.0,0.0,0.0,0.0,0.0,3999400000,0.0,13591900000,174101000.0,0.0,0.0,0.0,0.15694636063380576,0.0,1126200000,0.15694636063380576,393600000.0,732600000,0.10209456917095196,0.4,0.4,1831500000,1831500000,https://www.nseindia.com/companies-listing/corporate-filings-annual-reports,https://www.nseindia.com/companies-listing/corporate-filings-annual-reports,1620598174,18:09:34,20210509
7,2019-03-31,SOUTHBANK.NS,INR,2019-03-31,2019-03-31,Q1,7350023000,0.0,0.0,0.0,0.0,0.0,0.0,0.0,4074622000,0.0,12915776000,174101000.0,0.0,0.0,0.0,-0.033422344392663804,0.0,-245655000,-0.033422344392663804,0.0,705145000,0.09593779502458699,0.3900018435052999,0.3900018435052999,1808055556,1808055556,https://www.nseindia.com/companies-listing/corporate-filings-annual-reports,https://www.nseindia.com/companies-listing/corporate-filings-annual-reports,1620598174,18:09:34,20210509
8,2018-12-31,SOUTHBANK.NS,INR,2018-12-31,2018-12-31,Q4,7063900000,0.0,0.0,0.0,0.0,0.0,0.0,0.0,3743800000,0.0,12155400000,0.0,0.0,0.0,0.0,0.1824629453984343,0.0,1288900000,0.1824629453984343,450400000.0,838500000,0.11870213338240915,0.46,0.46,1822826087,1822826087,https://www.nseindia.com/companies-listing/corporate-filings-annual-reports,https://www.nseindia.com/companies-listing/corporate-filings-annual-reports,1620598174,18:09:34,20210509
9,2018-09-30,SOUTHBANK.NS,INR,2018-09-30,2018-09-30,Q3,6643600000,0.0,0.0,0.0,0.0,0.0,0.0,0.0,3545800000,0.0,11900400000,0.0,0.0,0.0,0.0,0.1581973628755494,0.0,1051000000,0.1581973628755494,349700000.0,701300000,0.10556023842495033,0.39,0.39,1798205128,1798205128,https://www.nseindia.com/companies-listing/corporate-filings-annual-reports,https://www.nseindia.com/companies-listing/corporate-filings-annual-reports,1620598174,18:09:34,20210509
10,2018-06-30,SOUTHBANK.NS,INR,2018-06-30,2018-06-30,Q2,6401500000,0.0,0.0,0.0,0.0,0.0,0.0,0.0,3705100000,0.0,11596600000,159325250.0,0.0,0.0,0.0,0.05953292197141295,0.0,381100000,0.05953292197141295,150700000.0,230400000,0.03599156447707569,0.13,0.13,1772307692,1772307692,https://www.nseindia.com/companies-listing/corporate-filings-annual-reports,https://www.nseindia.com/companies-listing/corporate-filings-annual-reports,1620598174,18:09:34,20210509
11,2018-03-31,SOUTHBANK.NS,INR,2018-03-31,2018-03-31,Q1,6708700000,0.0,0.0,0.0,0.0,0.0,0.0,0.0,3599900000,0.0,10967800000,159325250.0,0.0,0.0,0.0,0.24185013489945892,0.0,1622500000,0.24185013489945892,481500000.0,1141000000,0.1700776603514839,0.63,0.63,1811111111,1811111111,https://www.nseindia.com/companies-listing/corporate-filings-annual-reports,https://www.nseindia.com/companies-listing/corporate-filings-annual-reports,1620598174,18:09:34,20210509
12,2017-12-31,SOUTHBANK.NS,INR,2017-12-31,2017-12-31,Q4,6682000000,0.0,0.0,0.0,0.0,0.0,0.0,0.0,3380500000,0.0,10675700000,0.0,0.0,0.0,0.0,0.2631996408261,0.0,1758700000,0.2631996408261,608700000.0,1150000000,0.17210416043100868,0.64,0.64,1796875000,1796875000,https://www.nseindia.com/companies-listing/corporate-filings-annual-reports,https://www.nseindia.com/companies-listing/corporate-filings-annual-reports,1620598174,18:09:34,20210509
13,2017-09-30,SOUTHBANK.NS,INR,2017-09-30,2017-09-30,Q3,7836900000,0.0,0.0,0.0,0.0,0.0,0.0,0.0,3234200000,0.0,10329800000,0.0,0.0,0.0,0.0,0.008408937207314117,0.0,65900000,0.008408937207314117,22700000.0,43200000,0.00551238372315584,0.02,0.02,2160000000,2160000000,https://www.nseindia.com/companies-listing/corporate-filings-annual-reports,https://www.nseindia.com/companies-listing/corporate-filings-annual-reports,1620598174,18:09:34,20210509
14,2017-06-30,SOUTHBANK.NS,INR,2017-06-30,2017-06-30,Q2,6800100000,0.0,0.0,0.0,0.0,0.0,0.0,0.0,3005200000,0.0,10299600000,163439250.0,0.0,0.0,0.0,0.2282025264334348,0.0,1551800000,0.2282025264334348,537100000.0,1014700000,0.1492183938471493,0.56,0.56,1811964286,1811964286,https://www.nseindia.com/companies-listing/corporate-filings-annual-reports,https://www.nseindia.com/companies-listing/corporate-filings-annual-reports,1620598174,18:09:34,20210509
15,2017-03-31,SOUTHBANK.NS,INR,2017-03-31,2017-03-31,Q1,5768100000,0.0,0.0,0.0,0.0,0.0,0.0,0.0,2960100000,0.0,10316100000,163439250.0,0.0,0.0,0.0,0.20023924689239092,0.0,1155000000,0.20023924689239092,399600000.0,755400000,0.13096166848702345,0.5,0.5,1510800000,1510800000,https://www.nseindia.com/companies-listing/corporate-filings-annual-reports,https://www.nseindia.com/companies-listing/corporate-filings-annual-reports,1620598174,18:09:34,20210509
16,2016-12-31,SOUTHBANK.NS,INR,2016-12-31,2016-12-31,Q4,6760300000,0.0,0.0,0.0,0.0,0.0,0.0,0.0,2990600000,0.0,10614400000,0.0,0.0,0.0,0.0,0.2519710663727941,0.0,1703400000,0.2519710663727941,589600000.0,1113800000,0.16475600195257606,0.741991,0.732943,1501095426,1519627468,https://www.nseindia.com/companies-listing/corporate-filings-annual-reports,https://www.nseindia.com/companies-listing/corporate-filings-annual-reports,1620598174,18:09:34,20210509
17,2016-09-30,SOUTHBANK.NS,INR,2016-09-30,2016-09-30,Q3,5910800000,0.0,0.0,0.0,0.0,0.0,0.0,0.0,2937400000,0.0,10050000000,0.0,0.0,0.0,0.0,0.28593422210191516,0.0,1690100000,0.28593422210191516,584900000.0,1105200000,0.18697976585233808,0.74,0.74,1493513514,1493513514,https://www.nseindia.com/companies-listing/corporate-filings-annual-reports,https://www.nseindia.com/companies-listing/corporate-filings-annual-reports,1620598174,18:09:34,20210509
18,2016-06-30,SOUTHBANK.NS,INR,2016-06-30,2016-06-30,Q2,5470700000,0.0,0.0,0.0,0.0,0.0,0.0,0.0,2875900000,0.0,10736000000,167572000.0,0.0,0.0,0.0,0.26572467874312244,0.0,1453700000,0.26572467874312244,503100000.0,950600000,0.17376204142065915,0.633407,0.633407,1500771972,1500771972,https://www.nseindia.com/companies-listing/corporate-filings-annual-reports,https://www.nseindia.com/companies-listing/corporate-filings-annual-reports,1620598174,18:09:34,20210509
19,2016-03-31,SOUTHBANK.NS,INR,2016-03-31,2016-03-31,Q1,5133500000,0.0,0.0,0.0,0.0,0.0,0.0,0.0,2910600000,0.0,9935900000,167572000.0,0.0,0.0,0.0,0.20656472192461284,0.0,1060400000,0.20656472192461284,330700000.0,729700000,0.14214473556053375,0.49,0.49,1489183673,1489183673,https://www.nseindia.com/companies-listing/corporate-filings-annual-reports,https://www.nseindia.com/companies-listing/corporate-filings-annual-reports,1620598174,18:09:34,20210509
20,2015-12-31,SOUTHBANK.NS,INR,2015-12-31,2015-12-31,Q4,5600400000,0.0,0.0,0.0,0.0,0.0,0.0,0.0,2969700000,0.0,10009400000,0.0,0.0,0.0,0.0,0.2797657310192129,0.0,1566800000,0.2797657310192129,550500000.0,1016300000,0.18146918077280194,0.678651,0.678651,1497530246,1497530246,https://www.nseindia.com/companies-listing/corporate-filings-annual-reports,https://www.nseindia.com/companies-listing/corporate-filings-annual-reports,1620598174,18:09:34,20210509
21,2015-09-30,SOUTHBANK.NS,INR,2015-09-30,2015-09-30,Q3,5095600000,0.0,0.0,0.0,0.0,0.0,0.0,0.0,2965300000,0.0,10166300000,-2772250.0,0.0,0.0,0.0,0.2856582149305283,0.0,1455600000,0.2856582149305283,521800000.0,933800000,0.18325614255436062,0.624359,0.624359,1495614680,1495614680,https://www.nseindia.com/companies-listing/corporate-filings-annual-reports,https://www.nseindia.com/companies-listing/corporate-filings-annual-reports,1620598174,18:09:34,20210509
22,2015-06-30,SOUTHBANK.NS,INR,2015-06-30,2015-06-30,Q2,4441700000,0.0,0.0,0.0,0.0,0.0,0.0,0.0,2632800000,0.0,10363400000,-2772250.0,0.0,0.0,0.0,0.22824594186910419,0.0,1013800000,0.22824594186910419,360900000.0,652900000,0.14699326834320192,0.434336,0.434336,1503212476,1503212476,https://www.nseindia.com/companies-listing/corporate-filings-annual-reports,https://www.nseindia.com/companies-listing/corporate-filings-annual-reports,1620598174,18:09:34,20210509
23,2015-03-31,SOUTHBANK.NS,INR,2015-03-31,2015-03-31,Q1,4694506000,0.0,0.0,0.0,0.0,0.0,0.0,0.0,2780306000,0.0,9753429000,-2772250.0,0.0,0.0,0.0,0.10563688703348126,0.0,495913000,0.10563688703348126,332600000.0,163239000,0.0347723487838763,0.090284283277853,0.090284283277853,1808055556,1808055556,https://www.nseindia.com/companies-listing/corporate-filings-annual-reports,https://www.nseindia.com/companies-listing/corporate-filings-annual-reports,1620598174,18:09:34,20210509
24,2014-12-31,SOUTHBANK.NS,INR,2014-12-31,2014-12-31,Q4,4802500000,0.0,0.0,0.0,0.0,0.0,0.0,0.0,2608300000,0.0,9868800000,0.0,0.0,0.0,0.0,0.2778761061946903,0.0,1334500000,0.2778761061946903,455200000.0,879300000,0.18309213951067152,0.588164,0.588164,1494991271,1494991271,https://www.nseindia.com/companies-listing/corporate-filings-annual-reports,https://www.nseindia.com/companies-listing/corporate-filings-annual-reports,1620598174,18:09:34,20210509
25,2014-09-30,SOUTHBANK.NS,INR,2014-09-30,2014-09-30,Q3,4519800000,0.0,0.0,0.0,0.0,0.0,0.0,0.0,2410600000,0.0,9539700000,111516500.0,0.0,0.0,0.0,0.2549006593212089,0.0,1152100000,0.2549006593212089,389100000.0,763000000,0.16881277932651886,0.515775,0.506726,1479328495,1505745075,https://www.nseindia.com/companies-listing/corporate-filings-annual-reports,https://www.nseindia.com/companies-listing/corporate-filings-annual-reports,1620598174,18:09:34,20210509
26,2014-06-30,SOUTHBANK.NS,INR,2014-06-30,2014-06-30,Q2,4620400000,0.0,0.0,0.0,0.0,0.0,0.0,0.0,2411000000,0.0,10038000000,111516500.0,0.0,0.0,0.0,0.3672842178166392,0.0,1697000000,0.3672842178166392,430500000.0,1266500000,0.27411046662626615,0.850576,0.841527,1488991714,1505002377,https://www.nseindia.com/companies-listing/corporate-filings-annual-reports,https://www.nseindia.com/companies-listing/corporate-filings-annual-reports,1620598174,18:09:34,20210509
27,2014-03-31,SOUTHBANK.NS,INR,2014-03-31,2014-03-31,Q1,4604188000,0.0,0.0,0.0,0.0,0.0,0.0,0.0,2340313000,0.0,9379248000,111516500.0,0.0,0.0,0.0,0.3836528829839268,0.0,1766410000,0.3836528829839268,520400000.0,1245970000,0.2706166646540063,0.6891215238742365,0.6891215238742365,1808055556,1808055556,https://www.nseindia.com/companies-listing/corporate-filings-annual-reports,https://www.nseindia.com/companies-listing/corporate-filings-annual-reports,1620598174,18:09:34,20210509
28,2013-12-31,SOUTHBANK.NS,INR,2013-12-31,2013-12-31,Q4,4350800000,0.0,0.0,0.0,0.0,0.0,0.0,0.0,2192000000,0.0,8996600000,0.0,0.0,0.0,0.0,0.4915417854187736,0.0,2138600000,0.4915417854187736,725500000.0,1413100000,0.32479084306334466,0.950111,0.913916,1487299862,1546202827,https://www.nseindia.com/companies-listing/corporate-filings-annual-reports,https://www.nseindia.com/companies-listing/corporate-filings-annual-reports,1620598174,18:09:34,20210509
29,2013-09-30,SOUTHBANK.NS,INR,2013-09-30,2013-09-30,Q3,4255900000,0.0,0.0,0.0,0.0,0.0,0.0,0.0,2136000000,0.0,8731300000,99734250.0,0.0,0.0,0.0,0.4516788458375432,0.0,1922300000,0.4516788458375432,654800000.0,1267500000,0.2978218473178411,0.850576,0.850576,1490167388,1490167388,https://www.nseindia.com/companies-listing/corporate-filings-annual-reports,https://www.nseindia.com/companies-listing/corporate-filings-annual-reports,1620598174,18:09:34,20210509
30,2013-06-30,SOUTHBANK.NS,INR,2013-06-30,2013-06-30,Q2,4453100000,0.0,0.0,0.0,0.0,0.0,0.0,0.0,1937500000,0.0,8975700000,99734250.0,0.0,0.0,0.0,0.32833307134355844,0.0,1462100000,0.32833307134355844,313700000.0,1148400000,0.25788776358042714,0.778186,0.769137,1475739402,1493101042,https://www.nseindia.com/companies-listing/corporate-filings-annual-reports,https://www.nseindia.com/companies-listing/corporate-filings-annual-reports,1620598174,18:09:34,20210509
31,2013-03-31,SOUTHBANK.NS,INR,2013-03-31,2013-03-31,Q1,4541729000,0.0,0.0,0.0,0.0,0.0,0.0,0.0,2582586000,0.0,8317144000,99734250.0,0.0,0.0,0.0,0.30872779947900897,0.0,1402158000,0.30872779947900897,-136200000.0,1538324000,0.3387088925825385,0.850816776561483,0.850816776561483,1808055556,1808055556,https://www.nseindia.com/companies-listing/corporate-filings-annual-reports,https://www.nseindia.com/companies-listing/corporate-filings-annual-reports,1620598174,18:09:34,20210509
32,2012-12-31,SOUTHBANK.NS,INR,2012-12-31,2012-12-31,Q4,4187800000,0.0,0.0,0.0,0.0,0.0,0.0,0.0,1834200000,0.0,7751300000,0.0,0.0,0.0,0.0,0.4533884139643727,0.0,1898700000,0.4533884139643727,616200000.0,1282500000,0.3062467166531353,0.868673,0.859624,1476680050,1491930900,https://www.nseindia.com/companies-listing/corporate-filings-annual-reports,https://www.nseindia.com/companies-listing/corporate-filings-annual-reports,1620598174,18:09:34,20210509
33,2012-09-30,SOUTHBANK.NS,INR,2012-09-30,2012-09-30,Q3,3705600000,0.0,0.0,0.0,0.0,0.0,0.0,0.0,1709200000,0.0,7739700000,78005750.0,0.0,0.0,0.0,0.38773747841105355,0.0,1436800000,0.38773747841105355,465300000.0,971500000,0.26217076856649396,0.741991,0.732943,1309314245,1325478619,https://www.nseindia.com/companies-listing/corporate-filings-annual-reports,https://www.nseindia.com/companies-listing/corporate-filings-annual-reports,1620598174,18:09:34,20210509
34,2012-06-30,SOUTHBANK.NS,INR,2012-06-30,2012-06-30,Q2,3717600000,0.0,0.0,0.0,0.0,0.0,0.0,0.0,1642700000,0.0,7726500000,78005750.0,0.0,0.0,0.0,0.48983214977404776,0.0,1821000000,0.48983214977404776,590600000.0,1230400000,0.33096621476221216,0.977257,0.968208,1259034142,1270800816,https://www.nseindia.com/companies-listing/corporate-filings-annual-reports,https://www.nseindia.com/companies-listing/corporate-filings-annual-reports,1620598174,18:09:34,20210509
35,2012-03-31,SOUTHBANK.NS,INR,2012-03-31,2012-03-31,Q1,3662339000,0.0,0.0,0.0,0.0,0.0,0.0,0.0,2040321000,0.0,7092957000,78005750.0,0.0,0.0,0.0,-0.054566221204536226,0.0,-199840000,-0.054566221204536226,0.0,1219560000,0.3330003039041443,0.6745146718268208,0.6745146718268208,1808055556,1808055556,https://www.nseindia.com/companies-listing/corporate-filings-annual-reports,https://www.nseindia.com/companies-listing/corporate-filings-annual-reports,1620598174,18:09:34,20210509
36,2011-12-31,SOUTHBANK.NS,INR,2011-12-31,2011-12-31,Q4,3333000000,0.0,0.0,0.0,0.0,0.0,0.0,0.0,1543000000,0.0,6701700000,0.0,0.0,0.0,0.0,0.4704770477047705,0.0,1568100000,0.4704770477047705,545700000.0,1022400000,0.30675067506750675,0.814381,0.814381,1248911933,1248911933,https://www.nseindia.com/companies-listing/corporate-filings-annual-reports,https://www.nseindia.com/companies-listing/corporate-filings-annual-reports,1620598174,18:09:34,20210509
