,date,symbol,reportedCurrency,fillingDate,acceptedDate,period,revenue,costOfRevenue,grossProfit,grossProfitRatio,researchAndDevelopmentExpenses,generalAndAdministrativeExpenses,sellingAndMarketingExpenses,otherExpenses,operatingExpenses,costAndExpenses,interestExpense,depreciationAndAmortization,ebitda,ebitdaratio,operatingIncome,operatingIncomeRatio,totalOtherIncomeExpensesNet,incomeBeforeTax,incomeBeforeTaxRatio,incomeTaxExpense,netIncome,netIncomeRatio,eps,epsdiluted,weightedAverageShsOut,weightedAverageShsOutDil,link,finalLink,timestamp,est_time,est_date
0,2020-06-30,SBNY,USD,2020-06-30,2020-06-30,Q2,399797000,0.0,0.0,0.0,0.0,135802000.0,0.0,0.0,340000000.0,0.0,94649000.0,5312000.0,0.0,0.0,0.0,0.38748664947460837,0.0,154916000.0,0.38748664947460837,37702000.0,117214000.0,0.29318379077381773,2.22,2.21,52672000,52785000,,,1620597620,18:00:20,20210509
1,2020-03-31,SBNY,USD,2020-03-31,2020-03-31,Q1,362443000,0.0,0.0,0.0,0.0,128685000.0,0.0,0.0,342000000.0,0.0,131551000.0,5262000.0,0.0,0.0,0.0,0.41842165526717306,0.0,151654000.0,0.41842165526717306,52067000.0,99587000.0,0.27476596319973073,1.89,1.88,52546000,52686000,,,1620597620,18:00:20,20210509
2,2019-12-31,SBNY,USD,2019-12-31,2019-12-31,Q4,345582000,0.0,0.0,0.0,0.0,123669000.0,0.0,0.0,291000000.0,0.0,143102000.0,7815000.0,0.0,0.0,0.0,0.5723822421306666,0.0,197805000.0,0.5723822421306666,49583000.0,148222000.0,0.42890544067688713,2.8208046283256576,2.8208046283256576,52546000,52546000,,,1620597620,18:00:20,20210509
3,2019-09-30,SBNY,USD,2019-09-30,2019-09-30,Q3,333996000,0.0,0.0,0.0,0.0,119366000.0,0.0,0.0,291000000.0,0.0,156036000.0,4530000.0,0.0,0.0,0.0,0.594429274602091,0.0,198537000.0,0.594429274602091,49809000.0,148728000.0,0.4452987460927676,2.76,2.75,53722000,53830000,,,1620597620,18:00:20,20210509
4,2019-06-30,SBNY,USD,2019-06-30,2019-06-30,Q2,334883000,0.0,0.0,0.0,0.0,117633000.0,0.0,0.0,292000000.0,0.0,154373000.0,4355000.0,0.0,0.0,0.0,0.5900180062887636,0.0,197587000.0,0.5900180062887636,49676000.0,147911000.0,0.4416796313936509,2.7283308431557005,2.7264700460829494,54213000,54250000,,,1620597620,18:00:20,20210509
5,2019-03-31,SBNY,USD,2019-03-31,2019-03-31,Q1,325080000,0.0,0.0,0.0,0.0,111078000.0,0.0,0.0,278000000.0,0.0,146573000.0,3447000.0,0.0,0.0,0.0,0.595874861572536,0.0,193707000.0,0.595874861572536,49642000.0,144065000.0,0.4431678356096961,2.6597433767192835,2.6546462989920583,54165000,54269000,,,1620597620,18:00:20,20210509
6,2018-12-31,SBNY,USD,2018-12-31,2018-12-31,Q4,340951000,0.0,0.0,0.0,0.0,106392000.0,0.0,0.0,251000000.0,0.0,125784000.0,3350000.0,0.0,0.0,0.0,0.6316655472487249,0.0,215367000.0,0.6316655472487249,54527000.0,160840000.0,0.47173934084369895,2.969445213698883,2.969445213698883,54165000,54165000,,,1620597620,18:00:20,20210509
7,2018-09-30,SBNY,USD,2018-09-30,2018-09-30,Q3,329339000,0.0,0.0,0.0,0.0,105263000.0,0.0,0.0,234000000.0,0.0,109432000.0,3825000.0,0.0,0.0,0.0,0.6217909206015686,0.0,204780000.0,0.6217909206015686,49334000.0,155446000.0,0.471993902938917,2.8499193311821647,2.846475004577916,54544000,54610000,,,1620597620,18:00:20,20210509
8,2018-06-30,SBNY,USD,2018-06-30,2018-06-30,Q2,326627000,0.0,0.0,0.0,0.0,100755000.0,0.0,0.0,216000000.0,0.0,95792000.0,3549000.0,0.0,0.0,0.0,0.6308847707017485,0.0,206064000.0,0.6308847707017485,51479000.0,154585000.0,0.4732768570877484,2.84,2.83,54527000,54599000,,,1620597620,18:00:20,20210509
9,2018-03-31,SBNY,USD,2018-03-31,2018-03-31,Q1,325348000,0.0,0.0,0.0,0.0,125857000.0,0.0,0.0,357000000.0,0.0,78926000.0,3283000.0,0.0,0.0,0.0,0.14524140305150177,0.0,47254000.0,0.14524140305150177,12782000.0,34472000.0,0.10595423976787932,0.64,0.63,54143000,54395000,,,1620597620,18:00:20,20210509
10,2017-12-31,SBNY,USD,2017-12-31,2017-12-31,Q4,328270000,0.0,0.0,0.0,0.0,99307000.0,0.0,0.0,219000000.0,0.0,67185000.0,3374000.0,0.0,0.0,0.0,0.5378682182349895,0.0,176566000.0,0.5378682182349895,61701000.0,114865000.0,0.3499101349498888,2.121511552739966,2.121511552739966,54143000,54143000,,,1620597620,18:00:20,20210509
11,2017-09-30,SBNY,USD,2017-09-30,2017-09-30,Q3,316937000,0.0,0.0,0.0,0.0,94237000.0,0.0,0.0,182000000.0,0.0,61851000.0,3063000.0,200032000.0,0.6311412047189189,196969000.0,0.6214768234696485,0.0,196969000.0,0.6214768234696485,72498000.0,124471000.0,0.3927310474952435,2.3,2.29,54098000,54300000,,,1620597620,18:00:20,20210509
12,2017-06-30,SBNY,USD,2017-06-30,2017-06-30,Q2,316790000,0.0,0.0,0.0,0.0,105621000.0,0.0,0.0,359000000.0,0.0,54697000.0,2920000.0,0.0,0.0,0.0,0.040806212317307994,0.0,12927000.0,0.040806212317307994,-1030000.0,13957000.0,0.04405757757504972,0.25806630549340825,0.2570823356050838,54083000,54290000,,,1620597620,18:00:20,20210509
13,2017-03-31,SBNY,USD,2017-03-31,2017-03-31,Q1,311631000,0.0,0.0,0.0,0.0,91740000.0,0.0,0.0,172000000.0,0.0,48850000.0,2836000.0,0.0,0.0,0.0,0.6058511508803681,0.0,188802000.0,0.6058511508803681,54886000.0,133916000.0,0.42972618256848644,2.49,2.48,53718000,54099000,,,1620597620,18:00:20,20210509
14,2016-12-31,SBNY,USD,2016-12-31,2016-12-31,Q4,306891000,0.0,0.0,0.0,0.0,84911000.0,0.0,0.0,164000000.0,0.0,45474000.0,2631000.0,0.0,0.0,0.0,0.6150033725329188,0.0,188739000.0,0.6150033725329188,74802000.0,113937000.0,0.37126210934827025,2.1210208868535685,2.1210208868535685,53718000,53718000,,,1620597620,18:00:20,20210509
15,2016-09-30,SBNY,USD,2016-09-30,2016-09-30,Q3,301535000,0.0,0.0,0.0,0.0,86313000.0,0.0,0.0,221000000.0,0.0,44659000.0,2596000.0,0.0,0.0,0.0,0.4140746513671713,0.0,124858000.0,0.4140746513671713,48748000.0,76110000.0,0.2524085097915665,1.42,1.41,53683000,53918000,,,1620597620,18:00:20,20210509
16,2016-06-30,SBNY,USD,2016-06-30,2016-06-30,Q2,294791000,0.0,0.0,0.0,0.0,82936000.0,0.0,0.0,168000000.0,0.0,42313000.0,2373000.0,0.0,0.0,0.0,0.5740100613655098,0.0,169213000.0,0.5740100613655098,66971000.0,102242000.0,0.34682877021347325,1.91,1.9,53668000,53886000,,,1620597620,18:00:20,20210509
17,2016-03-31,SBNY,USD,2016-03-31,2016-03-31,Q1,286774000,0.0,0.0,0.0,0.0,83799000.0,0.0,0.0,150000000.0,0.0,37464000.0,2486000.0,0.0,0.0,0.0,0.6089708272019081,0.0,174637000.0,0.6089708272019081,70602000.0,104035000.0,0.36277696025441636,1.98,1.97,52589000,52919000,,,1620597620,18:00:20,20210509
18,2015-12-31,SBNY,USD,2015-12-31,2015-12-31,Q4,277683000,0.0,0.0,0.0,0.0,79240000.0,0.0,0.0,139000000.0,0.0,34059000.0,2331000.0,0.0,0.0,0.0,0.6214532398454352,0.0,172567000.0,0.6214532398454352,69579000.0,102988000.0,0.3708833453974496,1.9583563102549963,1.9583563102549963,52589000,52589000,,,1620597620,18:00:20,20210509
19,2015-09-30,SBNY,USD,2015-09-30,2015-09-30,Q3,257822000,0.0,0.0,0.0,0.0,77587000.0,0.0,0.0,131000000.0,0.0,33027000.0,2267000.0,0.0,0.0,0.0,0.6216032766792593,0.0,160263000.0,0.6216032766792593,64038000.0,96225000.0,0.373222610948639,1.89,1.88,50888000,51264000,,,1620597620,18:00:20,20210509
20,2015-06-30,SBNY,USD,2015-06-30,2015-06-30,Q2,246055000,0.0,0.0,0.0,0.0,76067000.0,0.0,0.0,125000000.0,0.0,31295000.0,2238000.0,0.0,0.0,0.0,0.6184999288776899,0.0,152185000.0,0.6184999288776899,61723000.0,90462000.0,0.36764950925606066,1.78,1.77,50809000,51217000,,,1620597620,18:00:20,20210509
21,2015-03-31,SBNY,USD,2015-03-31,2015-03-31,Q1,232646000,0.0,0.0,0.0,0.0,72838000.0,0.0,0.0,121000000.0,0.0,31465000.0,2208000.0,0.0,0.0,0.0,0.6149299794537624,0.0,143061000.0,0.6149299794537624,59671000.0,83390000.0,0.3584415807707848,1.66,1.64,50352000,50892000,,,1620597620,18:00:20,20210509
22,2014-12-31,SBNY,USD,2014-12-31,2014-12-31,Q4,223077000,0.0,0.0,0.0,0.0,70207000.0,0.0,0.0,116000000.0,0.0,32223000.0,2170000.0,0.0,0.0,0.0,0.6253401291930589,0.0,139499000.0,0.6253401291930589,58089000.0,81410000.0,0.3649412534685333,1.62,1.6,50316000,50936000,,,1620597620,18:00:20,20210509
23,2014-09-30,SBNY,USD,2014-09-30,2014-09-30,Q3,213321000,0.0,0.0,0.0,0.0,68643000.0,0.0,0.0,113000000.0,0.0,31247000.0,2427000.0,0.0,0.0,0.0,0.615865292212206,0.0,131377000.0,0.615865292212206,54572000.0,76805000.0,0.36004425255835104,1.54,1.52,50000000,50529000,,,1620597620,18:00:20,20210509
24,2014-06-30,SBNY,USD,2014-06-30,2014-06-30,Q2,206098000,0.0,0.0,0.0,0.0,67108000.0,0.0,0.0,111000000.0,0.0,30353000.0,2162000.0,0.0,0.0,0.0,0.6088802414385389,0.0,125489000.0,0.6088802414385389,53007000.0,72482000.0,0.35168706149501694,1.5,1.48,48270000,48897000,,,1620597620,18:00:20,20210509
25,2014-03-31,SBNY,USD,2014-03-31,2014-03-31,Q1,193638000,0.0,0.0,0.0,0.0,64797000.0,0.0,0.0,108000000.0,0.0,29300000.0,2145000.0,0.0,0.0,0.0,0.5960297049132918,0.0,115414000.0,0.5960297049132918,49407000.0,66007000.0,0.34087833999524886,1.39,1.37,47318000,48170000,,,1620597620,18:00:20,20210509
26,2013-12-31,SBNY,USD,2013-12-31,2013-12-31,Q4,184343000,0.0,0.0,0.0,0.0,59302000.0,0.0,0.0,75000000.0,0.0,28285000.0,2276000.0,111114000.0,0.6027568174544192,108838000.0,0.5904102678159735,0.0,108838000.0,0.5904102678159735,44498000.0,64340000.0,0.34902328810966515,1.36,1.34,47287000,48174000,,,1620597620,18:00:20,20210509
27,2013-09-30,SBNY,USD,2013-09-30,2013-09-30,Q3,175250000,0.0,0.0,0.0,0.0,57317000.0,0.0,0.0,101000000.0,0.0,27244000.0,2159000.0,0.0,0.0,0.0,0.5814893009985734,0.0,101906000.0,0.5814893009985734,41738000.0,60168000.0,0.34332667617689017,1.27,1.25,47271000,48048000,,,1620597620,18:00:20,20210509
28,2013-06-30,SBNY,USD,2013-06-30,2013-06-30,Q2,163819000,0.0,0.0,0.0,0.0,56699000.0,0.0,0.0,97000000.0,0.0,25755000.0,1898000.0,0.0,0.0,0.0,0.5658867408542355,0.0,92703000.0,0.5658867408542355,39101000.0,53602000.0,0.32720258333892893,1.13,1.12,47260000,47929000,,,1620597620,18:00:20,20210509
29,2013-03-31,SBNY,USD,2013-03-31,2013-03-31,Q1,156944000,0.0,0.0,0.0,0.0,54179000.0,0.0,0.0,94000000.0,0.0,25523000.0,1887000.0,0.0,0.0,0.0,0.5612638903048222,0.0,88087000.0,0.5612638903048222,37454000.0,50633000.0,0.32261825874197164,1.07,1.06,47249000,47877000,,,1620597620,18:00:20,20210509
30,2012-12-31,SBNY,USD,2012-12-31,2012-12-31,Q4,156042000,0.0,0.0,0.0,0.0,53514000.0,0.0,0.0,95000000.0,0.0,26340000.0,1820000.0,0.0,0.0,0.0,0.5610668922469592,0.0,87550000.0,0.5610668922469592,37416000.0,50134000.0,0.3212852949846836,1.06105949332261,1.06105949332261,47249000,47249000,,,1620597620,18:00:20,20210509
31,2012-09-30,SBNY,USD,2012-09-30,2012-09-30,Q3,150011000,0.0,0.0,0.0,0.0,50895000.0,0.0,0.0,92000000.0,0.0,27431000.0,1763000.0,0.0,0.0,0.0,0.5666184479804814,0.0,84999000.0,0.5666184479804814,37301000.0,47698000.0,0.3179633493543807,1.02,1.0,46792000,47529000,,,1620597620,18:00:20,20210509
32,2012-06-30,SBNY,USD,2012-06-30,2012-06-30,Q2,144077000,0.0,0.0,0.0,0.0,50579000.0,0.0,0.0,93000000.0,0.0,28081000.0,1714000.0,0.0,0.0,0.0,0.5477834768908292,0.0,78923000.0,0.5477834768908292,33641000.0,45282000.0,0.3142902753388813,0.97,0.96,47307000,47307000,,,1620597620,18:00:20,20210509
33,2012-03-31,SBNY,USD,2012-03-31,2012-03-31,Q1,135917000,0.0,0.0,0.0,0.0,45965000.0,0.0,0.0,90000000.0,0.0,28897000.0,1634000.0,0.0,0.0,0.0,0.551086324742306,0.0,74902000.0,0.551086324742306,32533000.0,42369000.0,0.31172700986631546,0.92,0.9,46205000,47051000,,,1620597620,18:00:20,20210509
34,2011-12-31,SBNY,USD,2011-12-31,2011-12-31,Q4,133168000,0.0,0.0,0.0,0.0,42848000.0,0.0,0.0,91000000.0,0.0,29528000.0,1581000.0,0.0,0.0,0.0,0.5366003844767512,0.0,71458000.0,0.5366003844767512,31482000.0,39976000.0,0.30019223837558573,0.8651877502434802,0.8651877502434802,46205000,46205000,,,1620597620,18:00:20,20210509
35,2011-09-30,SBNY,USD,2011-09-30,2011-09-30,Q3,126681000,0.0,0.0,0.0,0.0,41467000.0,0.0,0.0,89000000.0,0.0,30959000.0,1471000.0,0.0,0.0,0.0,0.543530600484682,0.0,68855000.0,0.543530600484682,30505000.0,38350000.0,0.30272890172954114,0.84,0.83,45532000,46338000,,,1620597620,18:00:20,20210509
36,2011-06-30,SBNY,USD,2011-06-30,2011-06-30,Q2,123235000,0.0,0.0,0.0,0.0,41224000.0,0.0,0.0,89000000.0,0.0,30846000.0,1600000.0,0.0,0.0,0.0,0.5287783503063254,0.0,65164000.0,0.5287783503063254,28548000.0,36616000.0,0.29712338215604334,0.89,0.87,41353000,42152000,,,1620597620,18:00:20,20210509
37,2011-03-31,SBNY,USD,2011-03-31,2011-03-31,Q1,118740000,0.0,0.0,0.0,0.0,40881000.0,0.0,0.0,86000000.0,0.0,29395000.0,1500000.0,0.0,0.0,0.0,0.5200269496378642,0.0,61748000.0,0.5200269496378642,27164000.0,34584000.0,0.2912582112177868,0.84,0.82,41349000,42070000,,,1620597620,18:00:20,20210509
38,2010-12-31,SBNY,USD,2010-12-31,2010-12-31,Q4,92396000,0.0,0.0,0.0,0.0,37115000.0,0.0,0.0,84000000.0,0.0,29236000.0,1400000.0,0.0,0.0,0.0,0.5558573964240876,0.0,51359000.0,0.5558573964240876,21032000.0,30327000.0,0.328228494740032,0.7334397446129289,0.7334397446129289,41349000,41349000,,,1620597620,18:00:20,20210509
39,2010-09-30,SBNY,USD,2010-09-30,2010-09-30,Q3,102455000,0.0,0.0,0.0,0.0,38758000.0,0.0,2093000.0,84000000.0,0.0,31026000.0,1600000.0,0.0,0.0,0.0,0.4632863208237763,0.0,47466000.0,0.4632863208237763,20104000.0,27362000.0,0.2670635888926846,0.67,0.66,41005000,41623000,,,1620597620,18:00:20,20210509
40,2010-06-30,SBNY,USD,2010-06-30,2010-06-30,Q2,93268000,0.0,0.0,0.0,0.0,38106000.0,0.0,1919000.0,84000000.0,0.0,31387000.0,1419000.0,0.0,0.0,0.0,0.4128532830123944,0.0,38506000.0,0.4128532830123944,16237000.0,22269000.0,0.23876356306557447,0.54,0.54,40913000,40913000,,,1620597620,18:00:20,20210509
41,2010-03-31,SBNY,USD,2010-03-31,2010-03-31,Q1,99389000,0.0,0.0,0.0,0.0,36058000.0,0.0,9505000.0,81000000.0,0.0,30023000.0,1405000.0,0.0,0.0,0.0,0.39146183179225064,0.0,38907000.0,0.39146183179225064,16813000.0,22094000.0,0.2222982422602099,0.5436783306265072,0.5358069601067055,40638000,41235000,,,1620597620,18:00:20,20210509
42,2009-09-30,SBNY,USD,2009-09-30,2009-09-30,Q4,76541000,0.0,0.0,0.0,0.0,34850000.0,0.0,623000.0,82000000.0,0.0,31624000.0,1300000.0,26774000.0,0.34979945388745903,25474000.0,0.3328150925647692,0.0,25474000.0,0.3328150925647692,10307000.0,15167000.0,0.1981552370624894,0.37,0.31,40604000,41013000,,,1620597620,18:00:20,20210509
43,2009-06-30,SBNY,USD,2009-06-30,2009-06-30,Q3,68040000,0.0,0.0,0.0,0.0,35594000.0,0.0,177000.0,79000000.0,0.0,30360000.0,1344000.0,0.0,0.0,0.0,0.28721340388007055,0.0,19542000.0,0.28721340388007055,7565000.0,11977000.0,0.17602880658436215,0.33,0.32,36655000,36972000,,,1620597620,18:00:20,20210509
44,2009-03-31,SBNY,USD,2009-03-31,2009-03-31,Q2,67897000,0.0,0.0,0.0,0.0,30629000.0,0.0,0.0,74000000.0,0.0,30713000.0,1346000.0,0.0,0.0,0.0,0.35805705701282825,0.0,24311000.0,0.35805705701282825,9699000.0,14612000.0,0.21520833026496017,0.4143485041826173,0.4110614116521788,35265000,35547000,,,1620597620,18:00:20,20210509
45,2008-12-31,SBNY,USD,2008-12-31,2008-12-31,Q1,70144000,0.0,0.0,0.0,0.0,28365000.0,0.0,6929000.0,73000000.0,0.0,32745000.0,1200000.0,0.0,0.0,0.0,0.3245038777372263,0.0,22762000.0,0.3245038777372263,9300000.0,13462000.0,0.1919194799270073,0.38173826740394157,0.38173826740394157,35265000,35265000,,,1620597620,18:00:20,20210509
46,2008-09-30,SBNY,USD,2008-09-30,2008-09-30,Q4,61779000,0.0,0.0,0.0,0.0,29258000.0,0.0,7973000.0,70000000.0,0.0,31755000.0,1200000.0,16465000.0,0.26651451140355137,15265000.0,0.24709043526117289,0.0,15265000.0,0.24709043526117289,6070000.0,9195000.0,0.1488369834409751,0.3,0.29,30650000,31706897,,,1620597620,18:00:20,20210509
47,2008-06-30,SBNY,USD,2008-06-30,2008-06-30,Q3,55758000,0.0,0.0,0.0,0.0,27599000.0,0.0,937000.0,67000000.0,0.0,29775000.0,1100000.0,0.0,0.0,0.0,0.32409699056637614,0.0,18071000.0,0.32409699056637614,7219000.0,10852000.0,0.19462678001363032,0.36,0.36,30144444,30144444,,,1620597620,18:00:20,20210509
48,2008-03-31,SBNY,USD,2008-03-31,2008-03-31,Q2,51779000,0.0,0.0,0.0,0.0,25294000.0,0.0,703000.0,69000000.0,0.0,33919000.0,1081000.0,0.0,0.0,0.0,0.31112999478553083,0.0,16110000.0,0.31112999478553083,6260000.0,9850000.0,0.1902315610575716,0.33,0.33,29848485,29848485,,,1620597620,18:00:20,20210509
49,2007-12-31,SBNY,USD,2007-12-31,2007-12-31,Q1,-109385000,0.0,0.0,0.0,0.0,14892000.0,0.0,0.0,74000000.0,0.0,42168000.0,1000000.0,0.0,0.0,0.0,0.06383873474425196,0.0,-6983000.0,0.06383873474425196,-3954000.0,-3029000.0,0.027691182520455274,-0.1014791873021361,-0.1014791873021361,29848485,29848485,,,1620597620,18:00:20,20210509
50,2007-09-30,SBNY,USD,2007-09-30,2007-09-30,Q4,45734000,0.0,0.0,0.0,0.0,15564000.0,0.0,0.0,67000000.0,0.0,39648000.0,1000000.0,0.0,0.0,0.0,0.3938863864958237,0.0,18014000.0,0.3938863864958237,7271000.0,10743000.0,0.23490182358857742,0.36,0.36,29841667,29841667,,,1620597620,18:00:20,20210509
51,2007-06-30,SBNY,USD,2007-06-30,2007-06-30,Q3,44153000,0.0,0.0,0.0,0.0,14941000.0,0.0,0.0,64000000.0,0.0,36939000.0,0.0,0.0,0.0,17225000.0,0.3901207165990986,0.0,17225000.0,0.3901207165990986,6980000.0,10245000.0,0.2320340633705524,0.35,0.34,29271429,30132353,,,1620597620,18:00:20,20210509
52,2007-03-31,SBNY,USD,2007-03-31,2007-03-31,Q2,40558000,0.0,0.0,0.0,0.0,14067000.0,0.0,0.0,61000000.0,0.0,36062000.0,900000.0,0.0,0.0,0.0,0.39208047734109175,0.0,15902000.0,0.39208047734109175,6583000.0,9319000.0,0.2297697125104788,0.31,0.31,30061290,30061290,,,1620597620,18:00:20,20210509
53,2006-12-31,SBNY,USD,2006-12-31,2006-12-31,Q1,38970000,0.0,0.0,0.0,0.0,12537000.0,0.0,0.0,57000000.0,0.0,33932000.0,3432000.0,19009000.0,0.487785476007185,15577000.0,0.39971773158840135,0.0,15577000.0,0.39971773158840135,6692000.0,8885000.0,0.22799589427764946,0.2955628318012966,0.2955628318012966,30061290,30061290,,,1620597620,18:00:20,20210509
54,2006-09-30,SBNY,USD,2006-09-30,2006-09-30,Q4,35778000,0.0,0.0,0.0,0.0,12865000.0,0.0,0.0,53000000.0,0.0,31434000.0,3525000.0,0.0,0.0,0.0,0.40396332942031415,0.0,14453000.0,0.40396332942031415,6174000.0,8279000.0,0.2313991838560009,0.28,0.28,29567857,29567857,,,1620597620,18:00:20,20210509
55,2006-06-30,SBNY,USD,2006-06-30,2006-06-30,Q3,34668000,0.0,0.0,0.0,0.0,12150000.0,0.0,0.0,48000000.0,0.0,27297000.0,3600000.0,0.0,0.0,0.0,0.4145898234683281,0.0,14373000.0,0.4145898234683281,6134000.0,8239000.0,0.23765432098765432,0.28,0.28,29425000,29425000,,,1620597620,18:00:20,20210509
56,2006-03-31,SBNY,USD,2006-03-31,2006-03-31,Q2,33961000,0.0,0.0,0.0,0.0,11679000.0,0.0,0.0,45000000.0,0.0,24945000.0,3757000.0,0.0,0.0,0.0,0.40004711286475664,0.0,13586000.0,0.40004711286475664,5628000.0,7958000.0,0.23432761108330144,0.27,0.27,29474074,29474074,,,1620597620,18:00:20,20210509
57,2005-12-31,SBNY,USD,2005-12-31,2005-12-31,Q1,33899000,0.0,0.0,0.0,0.0,11235000.0,0.0,0.0,40000000.0,0.0,18969000.0,4347000.0,17232000.0,0.5083335791616271,12885000.0,0.3800997079559869,0.0,12885000.0,0.3800997079559869,5477000.0,7408000.0,0.21853152010383786,0.2513395331775309,0.2513395331775309,29474074,29474074,,,1620597620,18:00:20,20210509
58,2005-09-30,SBNY,USD,2005-09-30,2005-09-30,Q4,29944000,0.0,0.0,0.0,0.0,10218000.0,0.0,0.0,34000000.0,0.0,15615000.0,4658000.0,0.0,0.0,0.0,0.38578680203045684,0.0,11552000.0,0.38578680203045684,5143000.0,6409000.0,0.2140328613411702,0.22,0.22,29131818,29131818,,,1620597620,18:00:20,20210509
59,2005-06-30,SBNY,USD,2005-06-30,2005-06-30,Q3,27639000,0.0,0.0,0.0,0.0,21492000.0,402000.0,0.0,42000000.0,0.0,13191000.0,4728000.0,3071000.0,0.1111111111111111,-1657000.0,-0.059951517782843085,0.0,-1657000.0,-0.059951517782843085,2018000.0,-3675000.0,-0.13296428959079562,-0.1299999989387755,-0.12,28269231,30625000,,,1620597620,18:00:20,20210509
60,2005-03-31,SBNY,USD,2005-03-31,2005-03-31,Q2,26338000,0.0,0.0,0.0,0.0,9183000.0,230000.0,0.0,27000000.0,0.0,10619000.0,4833000.0,0.0,0.0,0.0,0.3786544156731718,0.0,9973000.0,0.3786544156731718,4246000.0,5727000.0,0.2174424785481054,0.2,0.19,28635000,30142105,,,1620597620,18:00:20,20210509
61,2004-12-31,SBNY,USD,2004-12-31,2004-12-31,Q1,25079000,0.0,0.0,0.0,0.0,8762000.0,430000.0,0.0,0.0,0.0,7362000.0,4659000.0,0.0,0.0,0.0,0.3388891104111009,0.0,8499000.0,0.3388891104111009,3581000.0,4918000.0,0.19610032297938515,0.1717478610092544,0.1717478610092544,28635000,28635000,,,1620597620,18:00:20,20210509
62,2004-09-30,SBNY,USD,2004-09-30,2004-09-30,Q4,22533000,0.0,0.0,0.0,0.0,8807000.0,197000.0,0.0,0.0,0.0,5356000.0,4973000.0,0.0,0.0,0.0,0.31598100563617804,0.0,7120000.0,0.31598100563617804,3155000.0,3965000.0,0.17596414148138287,0.15,0.15,26433333,26433333,,,1620597620,18:00:20,20210509
63,2004-06-30,SBNY,USD,2004-06-30,2004-06-30,Q3,25340000,0.0,0.0,0.0,0.0,9477000.0,234000.0,0.0,0.0,0.0,4024000.0,5851000.0,0.0,0.0,0.0,0.37320441988950276,0.0,9457000.0,0.37320441988950276,-8816000.0,18273000.0,0.721112865035517,0.7,0.69,26104286,26482609,,,1620597620,18:00:20,20210509
