,date,symbol,reportedCurrency,fillingDate,acceptedDate,period,revenue,costOfRevenue,grossProfit,grossProfitRatio,researchAndDevelopmentExpenses,generalAndAdministrativeExpenses,sellingAndMarketingExpenses,otherExpenses,operatingExpenses,costAndExpenses,interestExpense,depreciationAndAmortization,ebitda,ebitdaratio,operatingIncome,operatingIncomeRatio,totalOtherIncomeExpensesNet,incomeBeforeTax,incomeBeforeTaxRatio,incomeTaxExpense,netIncome,netIncomeRatio,eps,epsdiluted,weightedAverageShsOut,weightedAverageShsOutDil,link,finalLink,timestamp,est_time,est_date
0,2020-12-31,EOX.TO,CAD,2020-12-31,2020-12-31,Q4,0.0,20000.0,-20000.0,0.0,0.0,2598000.0,0.0,-27000.0,2614000.0,2634000.0,618000.0,20000.0,-2641000.0,0.0,-2634000.0,0.0,1006000.0,-2246000.0,0.0,42000.0,-2288000.0,0.0,-0.006893029538963395,-0.006893029538963395,331929522.0,331929522.0,https://www.sedar.com/ModifyCompanyDocumentSearchForm.do?lang=EN&company_search=Euromax Resources Ltd&document_selection=0&industry_group=A&FromDate=13&FromMonth=05&FromYear=2000&ToDate=13&ToMonth=11&ToYear=2020&Variable=Issuer,https://www.sedar.com/ModifyCompanyDocumentSearchForm.do?lang=EN&company_search=Euromax Resources Ltd&document_selection=0&industry_group=A&FromDate=13&FromMonth=05&FromYear=2000&ToDate=13&ToMonth=11&ToYear=2020&Variable=Issuer,1620591695,16:21:35,20210509
1,2020-09-30,EOX.TO,CAD,2020-09-30,2020-09-30,Q3,0.0,23000.0,-23000.0,0.0,0.0,1303000.0,0.0,-2000.0,1312000.0,1335000.0,625000.0,23000.0,-1312000.0,0.0,-1335000.0,0.0,744000.0,-1215000.0,0.0,-31000.0,-1184000.0,0.0,-0.01,-0.01,331929522.0,331929522.0,https://www.sedar.com/search/search_form_pc_en.htm,https://www.sedar.com/search/search_form_pc_en.htm,1620591695,16:21:35,20210509
2,2020-06-30,EOX.TO,CAD,2020-06-30,2020-06-30,Q2,0.0,24000.0,-24000.0,0.0,0.0,1276000.0,0.0,1000.0,1293000.0,1317000.0,627000.0,24000.0,-1293000.0,0.0,-1317000.0,0.0,828000.0,-1103000.0,0.0,11000.0,-1114000.0,0.0,-0.003356,-0.003356,331929522.0,331929522.0,https://www.sedar.com/search/search_form_pc_en.htm,https://www.sedar.com/search/search_form_pc_en.htm,1620591695,16:21:35,20210509
3,2020-03-31,EOX.TO,CAD,2020-03-31,2020-03-31,Q1,0.0,28000.0,-28000.0,0.0,0.0,895000.0,0.0,7000.0,974000.0,1002000.0,621000.0,28000.0,-974000.0,0.0,-1002000.0,0.0,-1202000.0,-2818000.0,0.0,21000.0,-2839000.0,0.0,-0.01,-0.01,331929522.0,331929522.0,https://www.sedar.com/search/search_form_pc_en.htm,https://www.sedar.com/search/search_form_pc_en.htm,1620591695,16:21:35,20210509
4,2019-12-31,EOX.TO,CAD,2019-12-31,2019-12-31,Q4,0.0,30000.0,-30000.0,0.0,0.0,1055000.0,0.0,-18000.0,1080000.0,1110000.0,544000.0,30000.0,-1080000.0,0.0,-1110000.0,0.0,485000.0,-1107000.0,0.0,0.0,-1107000.0,0.0,-0.003335045323265943,-0.003335045323265943,331929522.0,331929522.0,https://www.sedar.com/search/search_form_pc_en.htm,https://www.sedar.com/search/search_form_pc_en.htm,1620591695,16:21:35,20210509
5,2019-09-30,EOX.TO,CAD,2019-09-30,2019-09-30,Q3,0.0,31000.0,-31000.0,0.0,0.0,397000.0,0.0,25000.0,444000.0,475000.0,545000.0,31000.0,-444000.0,0.0,-475000.0,0.0,-675000.0,-1695000.0,0.0,0.0,-1695000.0,0.0,-0.01,-0.01,331929522.0,331929522.0,https://www.sedar.com/search/search_form_pc_en.htm,https://www.sedar.com/search/search_form_pc_en.htm,1620591695,16:21:35,20210509
6,2019-06-30,EOX.TO,CAD,2019-06-30,2019-06-30,Q2,0.0,34000.0,-34000.0,0.0,0.0,706000.0,0.0,54000.0,706000.0,740000.0,543000.0,34000.0,-706000.0,0.0,-740000.0,0.0,274000.0,-1009000.0,0.0,0.0,-1009000.0,0.0,-0.003975,-0.003975,253826641.0,253826641.0,https://www.sedar.com/search/search_form_pc_en.htm,https://www.sedar.com/search/search_form_pc_en.htm,1620591695,16:21:35,20210509
7,2019-03-31,EOX.TO,CAD,2019-03-31,2019-03-31,Q1,0.0,40000.0,-40000.0,0.0,0.0,734000.0,0.0,-56000.0,734000.0,774000.0,934000.0,40000.0,-734000.0,0.0,-774000.0,0.0,-300000.0,-2008000.0,0.0,0.0,-2008000.0,0.0,-0.01,-0.01,166742080.0,166742080.0,https://www.sedar.com/search/search_form_pc_en.htm,https://www.sedar.com/search/search_form_pc_en.htm,1620591695,16:21:35,20210509
8,2018-12-31,EOX.TO,CAD,2018-12-31,2018-12-31,Q4,0.0,0.0,0.0,0.0,0.0,27000.0,0.0,-1950000.0,242000.0,374000.0,-695000.0,27000.0,-347000.0,0.0,-374000.0,0.0,-2638000.0,-1960000.0,0.0,1000.0,-1961000.0,0.0,-0.005907880649434973,-0.005907880649434973,331929522.0,331929522.0,https://www.sedar.com/search/search_form_pc_en.htm,https://www.sedar.com/search/search_form_pc_en.htm,1620591695,16:21:35,20210509
9,2018-09-30,EOX.TO,CAD,2018-09-30,2018-09-30,Q3,0.0,0.0,0.0,0.0,0.0,719000.0,0.0,22000.0,568000.0,568000.0,848000.0,26000.0,-542000.0,0.0,-568000.0,0.0,172000.0,-1002000.0,0.0,5000.0,-1007000.0,0.0,-0.01,-0.01,166742080.0,166742080.0,https://www.sedar.com/search/search_form_pc_en.htm,https://www.sedar.com/search/search_form_pc_en.htm,1620591695,16:21:35,20210509
10,2018-06-30,EOX.TO,CAD,2018-06-30,2018-06-30,Q2,0.0,0.0,0.0,0.0,0.0,840000.0,0.0,680000.0,807000.0,807000.0,2065000.0,34000.0,-773000.0,0.0,-807000.0,0.0,-400000.0,-3272000.0,0.0,1000.0,-3273000.0,0.0,-0.02,-0.02,162415795.0,162415795.0,https://www.sedar.com/search/search_form_pc_en.htm,https://www.sedar.com/search/search_form_pc_en.htm,1620591695,16:21:35,20210509
11,2018-03-31,EOX.TO,CAD,2018-03-31,2018-03-31,Q1,0.0,0.0,0.0,0.0,0.0,1145000.0,0.0,-1272000.0,1116000.0,1116000.0,715000.0,42000.0,-1074000.0,0.0,-1116000.0,0.0,-1179000.0,-3010000.0,0.0,0.0,-3010000.0,0.0,-0.02,-0.02,135931302.0,135931302.0,https://www.sedar.com/search/search_form_pc_en.htm,https://www.sedar.com/search/search_form_pc_en.htm,1620591695,16:21:35,20210509
12,2017-12-31,EOX.TO,CAD,2017-12-31,2017-12-31,Q4,0.0,0.0,0.0,0.0,0.0,1957000.0,0.0,0.0,1994000.0,1994000.0,693000.0,41000.0,-1953000.0,0.0,-1994000.0,0.0,4176000.0,-1203000.0,0.0,9000.0,-1212000.0,0.0,-0.00365137753549984,-0.00365137753549984,331929522.0,331929522.0,https://www.sedar.com/search/search_form_pc_en.htm,https://www.sedar.com/search/search_form_pc_en.htm,1620591695,16:21:35,20210509
13,2017-09-30,EOX.TO,CAD,2017-09-30,2017-09-30,Q3,0.0,0.0,0.0,0.0,0.0,-714000.0,0.0,0.0,-629000.0,-629000.0,671000.0,53000.0,682000.0,0.0,629000.0,0.0,1086000.0,1557000.0,0.0,3000.0,1554000.0,0.0,0.01,0.004709,121747641.0,162033601.0,https://www.sedar.com/search/search_form_pc_en.htm,https://www.sedar.com/search/search_form_pc_en.htm,1620591695,16:21:35,20210509
14,2017-06-30,EOX.TO,CAD,2017-06-30,2017-06-30,Q2,0.0,0.0,0.0,0.0,0.0,1120000.0,0.0,0.0,1213000.0,1213000.0,783000.0,29000.0,-1184000.0,0.0,-1213000.0,0.0,1215000.0,-781000.0,0.0,3000.0,-1107000.0,0.0,-0.009199349301021474,-0.00678176217639209,120334598.0,163231911.0,https://www.sedar.com/search/search_form_pc_en.htm,https://www.sedar.com/search/search_form_pc_en.htm,1620591695,16:21:35,20210509
15,2017-03-31,EOX.TO,CAD,2017-03-31,2017-03-31,Q1,213000.0,147000.0,66000.0,0.30985915492957744,0.0,-1084000.0,0.0,0.0,-1030000.0,-883000.0,662000.0,49000.0,1145000.0,5.375586854460094,1096000.0,5.145539906103286,3185000.0,3619000.0,16.990610328638496,2000.0,3617000.0,16.981220657276996,0.03,0.01,117657505.0,160868732.0,https://www.sedar.com/search/search_form_pc_en.htm,https://www.sedar.com/search/search_form_pc_en.htm,1620591695,16:21:35,20210509
16,2016-12-31,EOX.TO,CAD,2016-12-31,2016-12-31,Q4,1720000.0,1406000.0,314000.0,0.18255813953488373,0.0,4173000.0,0.0,0.0,4232000.0,5638000.0,726000.0,50000.0,-3868000.0,-2.2488372093023257,-3918000.0,-2.277906976744186,-1090000.0,-7043000.0,-4.094767441860465,26000.0,-7069000.0,-4.109883720930233,-0.021296689602680174,-0.021296689602680174,331929522.0,331929522.0,https://www.sedar.com/search/search_form_pc_en.htm,https://www.sedar.com/search/search_form_pc_en.htm,1620591695,16:21:35,20210509
17,2016-09-30,EOX.TO,CAD,2016-09-30,2016-09-30,Q3,2336000.0,1885000.0,451000.0,0.1930650684931507,0.0,3366000.0,0.0,0.0,3449000.0,5334000.0,510000.0,51000.0,-2947000.0,-1.261558219178082,-2998000.0,-1.283390410958904,-441000.0,-6250000.0,-2.675513698630137,0.0,-6259000.0,-2.679366438356164,-0.05,-0.05,116842737.0,116842737.0,https://www.sedar.com/search/search_form_pc_en.htm,https://www.sedar.com/search/search_form_pc_en.htm,1620591695,16:21:35,20210509
18,2016-06-30,EOX.TO,CAD,2016-06-30,2016-06-30,Q2,1321000.0,1048000.0,273000.0,0.20666161998485996,0.0,1823000.0,0.0,0.0,1902000.0,2950000.0,333000.0,48000.0,-1581000.0,-1.1968205904617715,-1629000.0,-1.2331566994700984,-317000.0,-2275000.0,-1.7221801665404997,7000.0,-2282000.0,-1.7274791824375473,-0.02,-0.02,116842737.0,116842737.0,https://www.sedar.com/search/search_form_pc_en.htm,https://www.sedar.com/search/search_form_pc_en.htm,1620591695,16:21:35,20210509
19,2016-03-31,EOX.TO,CAD,2016-03-31,2016-03-31,Q1,96000.0,80000.0,16000.0,0.16666666666666666,0.0,3504000.0,0.0,0.0,3564000.0,3644000.0,5000.0,52000.0,-3496000.0,-36.416666666666664,-3548000.0,-36.958333333333336,627000.0,-2913000.0,-30.34375,13000.0,-2923000.0,-30.447916666666668,-0.03,-0.03,116842737.0,116842737.0,https://www.sedar.com/search/search_form_pc_en.htm,https://www.sedar.com/search/search_form_pc_en.htm,1620591695,16:21:35,20210509
20,2015-12-31,EOX.TO,CAD,2015-12-31,2015-12-31,Q4,1066000.0,987000.0,79000.0,0.07410881801125703,0.0,1610000.0,0.0,0.0,1673000.0,2660000.0,42000.0,47000.0,-1547000.0,-1.451219512195122,-1594000.0,-1.4953095684803002,-240000.0,-1876000.0,-1.7598499061913695,20000.0,-1816000.0,-1.703564727954972,-0.005471040927778639,-0.005471040927778639,331929522.0,331929522.0,https://www.sedar.com/search/search_form_pc_en.htm,https://www.sedar.com/search/search_form_pc_en.htm,1620591695,16:21:35,20210509
21,2015-09-30,EOX.TO,CAD,2015-09-30,2015-09-30,Q3,2360000.0,1958000.0,402000.0,0.17033898305084746,0.0,397000.0,0.0,0.0,459000.0,2417000.0,114000.0,45000.0,-12000.0,-0.005084745762711864,-57000.0,-0.024152542372881357,-2093000.0,-2264000.0,-0.9593220338983051,6000.0,-2269000.0,-0.9614406779661017,-0.02,-0.02,116842737.0,116842737.0,https://www.sedar.com/search/search_form_pc_en.htm,https://www.sedar.com/search/search_form_pc_en.htm,1620591695,16:21:35,20210509
22,2015-06-30,EOX.TO,CAD,2015-06-30,2015-06-30,Q2,1285000.0,1033000.0,252000.0,0.1961089494163424,0.0,2533000.0,0.0,0.0,2599000.0,3632000.0,108000.0,43000.0,-2304000.0,-1.7929961089494164,-2347000.0,-1.8264591439688715,-207000.0,-2662000.0,-2.0715953307393,18000.0,-2678000.0,-2.084046692607004,-0.02,-0.02,116842737.0,116842737.0,https://www.sedar.com/search/search_form_pc_en.htm,https://www.sedar.com/search/search_form_pc_en.htm,1620591695,16:21:35,20210509
23,2015-03-31,EOX.TO,CAD,2015-03-31,2015-03-31,Q1,18000.0,27000.0,-9000.0,-0.5,0.0,2992000.0,0.0,0.0,3044000.0,3071000.0,171000.0,33000.0,-3020000.0,-167.77777777777777,-3053000.0,-169.61111111111111,-300000.0,-3523000.0,-195.72222222222223,3000.0,-3526000.0,-195.88888888888889,-0.03,-0.03,112643351.0,112643351.0,https://www.sedar.com/search/search_form_pc_en.htm,https://www.sedar.com/search/search_form_pc_en.htm,1620591695,16:21:35,20210509
24,2014-12-31,EOX.TO,CAD,2014-12-31,2014-12-31,Q4,94000.0,141000.0,-47000.0,-0.5,0.0,1278000.0,0.0,0.0,1331000.0,1472000.0,112000.0,42000.0,-1336000.0,-14.212765957446809,-1378000.0,-14.659574468085106,-3196000.0,-4686000.0,-49.851063829787236,-8000.0,-4678000.0,-49.765957446808514,-0.014093353226954004,-0.014093353226954004,331929522.0,331929522.0,https://www.sedar.com/search/search_form_pc_en.htm,https://www.sedar.com/search/search_form_pc_en.htm,1620591695,16:21:35,20210509
25,2014-09-30,EOX.TO,CAD,2014-09-30,2014-09-30,Q3,1335000.0,1116000.0,219000.0,0.16404494382022472,0.0,2512000.0,0.0,0.0,2547000.0,3663000.0,4000.0,26000.0,-2302000.0,-1.7243445692883894,-2328000.0,-1.743820224719101,64000.0,-2268000.0,-1.698876404494382,11000.0,-2279000.0,-1.7071161048689139,-0.03,-0.03,85347340.0,85347340.0,https://www.sedar.com/search/search_form_pc_en.htm,https://www.sedar.com/search/search_form_pc_en.htm,1620591695,16:21:35,20210509
26,2014-06-30,EOX.TO,CAD,2014-06-30,2014-06-30,Q2,1266000.0,993000.0,273000.0,0.2156398104265403,0.0,1921000.0,0.0,0.0,1958000.0,2951000.0,6000.0,28000.0,-1657000.0,-1.3088467614533965,-1685000.0,-1.330963665086888,-980000.0,-2671000.0,-2.109794628751975,6000.0,-2677000.0,-2.1145339652448656,-0.03,-0.03,85347340.0,85347340.0,https://www.sedar.com/search/search_form_pc_en.htm,https://www.sedar.com/search/search_form_pc_en.htm,1620591695,16:21:35,20210509
27,2014-03-31,EOX.TO,CAD,2014-03-31,2014-03-31,Q1,0.0,0.0,0.0,0.0,0.0,1112000.0,0.0,0.0,1154000.0,1154000.0,6000.0,31000.0,-1123000.0,0.0,-1154000.0,0.0,-33000.0,-1193000.0,0.0,16000.0,-1209000.0,0.0,-0.01,-0.01,85347340.0,85347340.0,https://www.sedar.com/search/search_form_pc_en.htm,https://www.sedar.com/search/search_form_pc_en.htm,1620591695,16:21:35,20210509
28,2013-12-31,EOX.TO,CAD,2013-12-31,2013-12-31,Q4,0.0,0.0,0.0,0.0,0.0,1502861.0,0.0,0.0,1610070.0,1610070.0,5889.0,20509.0,-1589561.0,0.0,-1610070.0,0.0,-3084370.0,-4700152.0,0.0,4587.0,-4704739.0,0.0,-0.014173909484315168,-0.014173909484315168,331929522.0,331929522.0,https://www.sedar.com/search/search_form_pc_en.htm,https://www.sedar.com/search/search_form_pc_en.htm,1620591695,16:21:35,20210509
29,2013-09-30,EOX.TO,CAD,2013-09-30,2013-09-30,Q3,0.0,0.0,0.0,0.0,0.0,1441723.0,0.0,0.0,1470728.0,1470728.0,6504.0,29005.0,-1441723.0,0.0,-1470728.0,0.0,1103863.0,-371550.0,0.0,2253.0,-373803.0,0.0,-0.004379785005601815,-0.004379785005601815,85347340.0,85347340.0,https://www.sedar.com/search/search_form_pc_en.htm,https://www.sedar.com/search/search_form_pc_en.htm,1620591695,16:21:35,20210509
30,2013-06-30,EOX.TO,CAD,2013-06-30,2013-06-30,Q2,0.0,0.0,0.0,0.0,0.0,1633343.0,0.0,0.0,1667865.0,1667865.0,6830.0,34522.0,-1633343.0,0.0,-1667865.0,0.0,264510.0,-1409179.0,0.0,4262.0,-1413441.0,0.0,-0.02,-0.02,85347340.0,85347340.0,https://www.sedar.com/search/search_form_pc_en.htm,https://www.sedar.com/search/search_form_pc_en.htm,1620591695,16:21:35,20210509
31,2013-03-31,EOX.TO,CAD,2013-03-31,2013-03-31,Q1,0.0,0.0,0.0,0.0,0.0,1460747.0,0.0,0.0,1479408.0,1479408.0,4067.0,18661.0,-1460747.0,0.0,-1479408.0,0.0,-36679.0,-1517156.0,0.0,18959.0,-1536115.0,0.0,-0.02,-0.02,74404161.0,74404161.0,https://www.sedar.com/search/search_form_pc_en.htm,https://www.sedar.com/search/search_form_pc_en.htm,1620591695,16:21:35,20210509
32,2012-12-31,EOX.TO,CAD,2012-12-31,2012-12-31,Q4,0.0,0.0,0.0,0.0,0.0,1835136.0,0.0,0.0,1858868.0,1858868.0,0.0,23732.0,-1835136.0,0.0,-1858868.0,0.0,-54052.0,-1782840.0,0.0,0.0,-1815532.0,0.0,-0.005469630989918396,-0.005469630989918396,331929522.0,331929522.0,https://www.sedar.com/search/search_form_pc_en.htm,https://www.sedar.com/search/search_form_pc_en.htm,1620591695,16:21:35,20210509
33,2012-09-30,EOX.TO,CAD,2012-09-30,2012-09-30,Q3,0.0,0.0,0.0,0.0,0.0,1351465.0,0.0,0.0,1374240.0,1374240.0,0.0,22775.0,-1351465.0,0.0,-1374240.0,0.0,74715.0,-1299525.0,0.0,0.0,-1299525.0,0.0,-0.03,-0.03,69986958.0,69986958.0,https://www.sedar.com/search/search_form_pc_en.htm,https://www.sedar.com/search/search_form_pc_en.htm,1620591695,16:21:35,20210509
34,2012-06-30,EOX.TO,CAD,2012-06-30,2012-06-30,Q2,0.0,0.0,0.0,0.0,0.0,1536968.0,0.0,0.0,1535073.0,1535073.0,0.0,16700.0,-1518373.0,0.0,-1535073.0,0.0,5397.0,-1529676.0,0.0,0.0,-1529676.0,0.0,-0.03,-0.03,58247628.0,58247628.0,https://www.sedar.com/search/search_form_pc_en.htm,https://www.sedar.com/search/search_form_pc_en.htm,1620591695,16:21:35,20210509
35,2012-03-31,EOX.TO,CAD,2012-03-31,2012-03-31,Q1,0.0,0.0,0.0,0.0,0.0,818683.0,0.0,0.0,822172.0,822172.0,0.0,20292.0,-801880.0,0.0,-822172.0,0.0,9335.0,0.0,0.0,0.0,-812837.0,0.0,-0.014868272063311079,-0.014868272063311079,54669231.0,54669231.0,https://www.sedar.com/search/search_form_pc_en.htm,https://www.sedar.com/search/search_form_pc_en.htm,1620591695,16:21:35,20210509
36,2011-12-31,EOX.TO,CAD,2011-12-31,2011-12-31,Q4,0.0,0.0,0.0,0.0,0.0,898569.0,0.0,0.0,971628.0,971628.0,0.0,33323.0,-938305.0,0.0,-971628.0,0.0,50695.0,0.0,0.0,0.0,-1008534.0,0.0,-0.003038398012696201,-0.003038398012696201,331929522.0,331929522.0,https://www.sedar.com/search/search_form_pc_en.htm,https://www.sedar.com/search/search_form_pc_en.htm,1620591695,16:21:35,20210509
37,2011-09-30,EOX.TO,CAD,2011-09-30,2011-09-30,Q3,0.0,0.0,0.0,0.0,108034.0,1517415.0,0.0,0.0,1683354.0,1683354.0,0.0,57905.0,-1625449.0,0.0,-1683354.0,0.0,-5530671.0,-7214025.0,0.0,3171.0,-7217196.0,0.0,-0.18,-0.18,40020639.0,40020639.0,https://www.sedar.com/search/search_form_pc_en.htm,https://www.sedar.com/search/search_form_pc_en.htm,1620591695,16:21:35,20210509
38,2011-06-30,EOX.TO,CAD,2011-06-30,2011-06-30,Q2,0.0,0.0,0.0,0.0,0.0,879419.0,0.0,0.0,899106.0,899106.0,0.0,19687.0,-879419.0,0.0,-899106.0,0.0,63211.0,-835895.0,0.0,0.0,-835895.0,0.0,-0.03,-0.03,49300098.0,49300098.0,https://www.sedar.com/search/search_form_pc_en.htm,https://www.sedar.com/search/search_form_pc_en.htm,1620591695,16:21:35,20210509
39,2011-03-31,EOX.TO,CAD,2011-03-31,2011-03-31,Q1,0.0,0.0,0.0,0.0,0.0,772735.0,0.0,0.0,782615.0,782615.0,0.0,19533.0,-763082.0,0.0,-782615.0,0.0,1360.0,0.0,0.0,0.0,-781255.0,0.0,-0.017483654426284686,-0.017483654426284686,44684880.0,44684880.0,https://www.sedar.com/search/search_form_pc_en.htm,https://www.sedar.com/search/search_form_pc_en.htm,1620591695,16:21:35,20210509
40,2010-12-31,EOX.TO,CAD,2010-12-31,2010-12-31,Q4,0.0,97343.0,-97343.0,0.0,0.0,749606.0,0.0,0.0,831068.0,928411.0,0.0,22517.0,-905894.0,0.0,-928411.0,0.0,-146471.0,0.0,0.0,0.0,-1072800.0,0.0,-0.0032320114027097595,-0.0032320114027097595,331929522.0,331929522.0,https://www.sedar.com/search/search_form_pc_en.htm,https://www.sedar.com/search/search_form_pc_en.htm,1620591695,16:21:35,20210509
41,2010-09-30,EOX.TO,CAD,2010-09-30,2010-09-30,Q3,0.0,0.0,0.0,0.0,0.0,2216108.0,0.0,0.0,2261671.0,2261671.0,0.0,19025.0,-2242646.0,0.0,-2261671.0,0.0,-3521055.0,0.0,0.0,0.0,-5781500.0,0.0,-0.15,-0.15,40020639.0,40020639.0,https://www.sedar.com/search/search_form_pc_en.htm,https://www.sedar.com/search/search_form_pc_en.htm,1620591695,16:21:35,20210509
42,2010-06-30,EOX.TO,CAD,2010-06-30,2010-06-30,Q2,0.0,0.0,0.0,0.0,0.0,443755.0,0.0,20111.0,462481.0,462481.0,0.0,18048.0,-444433.0,0.0,-462481.0,0.0,20111.0,0.0,0.0,0.0,-442339.0,0.0,-0.011052772045943595,-0.011052772045943595,40020639.0,40020639.0,https://www.sedar.com/search/search_form_pc_en.htm,https://www.sedar.com/search/search_form_pc_en.htm,1620591695,16:21:35,20210509
43,2010-03-31,EOX.TO,CAD,2010-03-31,2010-03-31,Q1,0.0,0.0,0.0,0.0,0.0,909365.0,0.0,0.0,1207147.0,1207147.0,12.0,20832.0,-1186315.0,0.0,-1207147.0,0.0,-4440.0,0.0,0.0,0.0,-1211575.0,0.0,-0.03,-0.03,40020639.0,40020639.0,https://www.sedar.com/search/search_form_pc_en.htm,https://www.sedar.com/search/search_form_pc_en.htm,1620591695,16:21:35,20210509
44,2009-12-31,EOX.TO,CAD,2009-12-31,2009-12-31,Q4,0.0,119367.0,-119367.0,0.0,0.0,374481.0,0.0,681087.0,1366189.0,1485556.0,0.0,0.0,-8800157.0,0.0,-1485556.0,0.0,8023215.0,0.0,0.0,0.0,-1872710.0,0.0,-0.0056418904492622985,-0.0056418904492622985,331929522.0,331929522.0,https://www.sedar.com/search/search_form_pc_en.htm,https://www.sedar.com/search/search_form_pc_en.htm,1620591695,16:21:35,20210509
45,2009-09-30,EOX.TO,CAD,2009-09-30,2009-09-30,Q3,0.0,340794.0,-340794.0,0.0,0.0,524084.0,0.0,-80404.0,857502.0,1198296.0,0.0,0.0,2502019.0,0.0,-1198296.0,0.0,-3764952.0,0.0,0.0,0.0,2547376.0,0.0,0.06,0.06,39687306.0,39687306.0,https://www.sedar.com/search/search_form_pc_en.htm,https://www.sedar.com/search/search_form_pc_en.htm,1620591695,16:21:35,20210509
46,2009-06-30,EOX.TO,CAD,2009-06-30,2009-06-30,Q2,0.0,0.0,0.0,0.0,0.0,306053.0,0.0,-447137.0,399599.0,399599.0,0.0,0.0,-389073.0,0.0,-399599.0,0.0,-447137.0,0.0,0.0,0.0,40038.0,0.0,0.001788634811234653,0.001788634811234653,22384670.0,22384670.0,https://www.sedar.com/search/search_form_pc_en.htm,https://www.sedar.com/search/search_form_pc_en.htm,1620591695,16:21:35,20210509
47,2009-03-31,EOX.TO,CAD,2009-03-31,2009-03-31,Q1,0.0,0.0,0.0,0.0,0.0,311887.0,0.0,-23475.0,328414.0,328414.0,0.0,0.0,-316652.0,0.0,-328414.0,0.0,-23475.0,0.0,0.0,0.0,-313746.0,0.0,-0.016579139145164987,-0.016579139145164987,18924143.0,18924143.0,https://www.sedar.com/search/search_form_pc_en.htm,https://www.sedar.com/search/search_form_pc_en.htm,1620591695,16:21:35,20210509
48,2008-12-31,EOX.TO,CAD,2008-12-31,2008-12-31,Q4,-166135.0,-100.0,-166035.0,0.9993980798748006,0.0,0.0,0.0,0.0,534359.0,534259.0,0.0,0.0,-699014.0,4.207505943961237,-700394.0,4.215812441688988,-1173537.0,0.0,0.0,0.0,-3299479.0,19.86022812772745,-0.009940299917040823,-0.009940299917040823,331929522.0,331929522.0,https://www.sedar.com/search/search_form_pc_en.htm,https://www.sedar.com/search/search_form_pc_en.htm,1620591695,16:21:35,20210509
49,2008-09-30,EOX.TO,CAD,2008-09-30,2008-09-30,Q3,26780.0,13284.0,13496.0,0.5039581777445855,0.0,0.0,0.0,0.0,251681.0,264965.0,0.0,310.0,-237875.0,-8.882561613144137,-238185.0,-8.894137415982076,-119035.0,0.0,0.0,0.0,-357050.0,-13.332710978342046,-0.03,-0.03,17057478.0,17057478.0,https://www.sedar.com/search/search_form_pc_en.htm,https://www.sedar.com/search/search_form_pc_en.htm,1620591695,16:21:35,20210509
50,2008-06-30,EOX.TO,CAD,2008-06-30,2008-06-30,Q2,88337.0,11241.0,77096.0,0.8727486783567474,0.0,0.0,0.0,0.0,227044.0,238285.0,0.0,21032.0,-128916.0,-1.4593658376444751,-149948.0,-1.6974540679443495,139439.0,0.0,0.0,0.0,-97717.0,-1.1061842715962733,-0.006080191804456223,-0.006080191804456223,16071368.0,16071368.0,https://www.sedar.com/search/search_form_pc_en.htm,https://www.sedar.com/search/search_form_pc_en.htm,1620591695,16:21:35,20210509
51,2008-03-31,EOX.TO,CAD,2008-03-31,2008-03-31,Q1,67095.0,13835.0,53260.0,0.7937998360533571,0.0,0.0,0.0,0.0,310698.0,324533.0,0.0,18770.0,-238668.0,-3.5571652135032417,-257438.0,-3.836917803114986,-153998.0,0.0,0.0,0.0,-399814.0,-5.958923913853491,-0.03,-0.03,15815813.0,15815813.0,https://www.sedar.com/search/search_form_pc_en.htm,https://www.sedar.com/search/search_form_pc_en.htm,1620591695,16:21:35,20210509
52,2007-12-31,EOX.TO,CAD,2007-12-31,2007-12-31,Q4,76498.0,-44928.0,121426.0,1.5873094721430625,0.0,0.0,0.0,205740.0,437696.0,392768.0,0.0,69030.0,-247240.0,-3.2319799210436875,-316270.0,-4.134356453763497,-270169.0,0.0,0.0,0.0,-706021.0,-9.229273967946874,-0.002127020807748459,-0.002127020807748459,331929522.0,331929522.0,https://www.sedar.com/search/search_form_pc_en.htm,https://www.sedar.com/search/search_form_pc_en.htm,1620591695,16:21:35,20210509
53,2007-09-30,EOX.TO,CAD,2007-09-30,2007-09-30,Q3,132273.0,37535.0,94738.0,0.7162308256409093,0.0,0.0,0.0,42234.0,313927.0,351462.0,0.0,19735.0,-199454.0,-1.5078965472923425,-219189.0,-1.6570955523803044,26280.0,0.0,0.0,0.0,-169561.0,-1.281901824257407,-0.010772,-0.010772,15740813.0,15740813.0,https://www.sedar.com/search/search_form_pc_en.htm,https://www.sedar.com/search/search_form_pc_en.htm,1620591695,16:21:35,20210509
54,2007-06-30,EOX.TO,CAD,2007-06-30,2007-06-30,Q2,105055.0,35981.0,69074.0,0.6575032126029223,0.0,0.0,0.0,0.0,450619.0,486600.0,0.0,13712.0,-367833.0,-3.5013373946980155,-381545.0,-3.631859502165532,-108778.0,0.0,0.0,0.0,-459098.0,-4.370072818999572,-0.03,-0.03,14816370.0,14816370.0,https://www.sedar.com/search/search_form_pc_en.htm,https://www.sedar.com/search/search_form_pc_en.htm,1620591695,16:21:35,20210509
55,2007-03-31,EOX.TO,CAD,2007-03-31,2007-03-31,Q1,124616.0,49733.0,74883.0,0.6009099955061951,0.0,0.0,0.0,0.0,110677.0,160410.0,0.0,12705.0,-23089.0,-0.18528118379662323,-35794.0,-0.2872343840277332,5572.0,0.0,0.0,0.0,-4354.0,-0.03493933363292033,-0.000302,-0.000302,14399703.0,14399703.0,https://www.sedar.com/search/search_form_pc_en.htm,https://www.sedar.com/search/search_form_pc_en.htm,1620591695,16:21:35,20210509
56,2006-12-31,EOX.TO,CAD,2006-12-31,2006-12-31,Q4,127927.0,28674.0,99253.0,0.775856543184785,0.0,0.0,0.0,0.0,82935.0,111609.0,0.0,33732.0,50050.0,0.3912387533515208,16318.0,0.12755712242138095,-401461.0,0.0,0.0,0.0,-351561.0,-2.7481376097305494,-0.001059143513001534,-0.001059143513001534,331929522.0,331929522.0,https://www.sedar.com/search/search_form_pc_en.htm,https://www.sedar.com/search/search_form_pc_en.htm,1620591695,16:21:35,20210509
57,2006-09-30,EOX.TO,CAD,2006-09-30,2006-09-30,Q3,198022.0,51170.0,146852.0,0.7415943683025118,0.0,0.0,0.0,0.0,334878.0,386048.0,0.0,36595.0,-151431.0,-0.7647180616295159,-188026.0,-0.9495207603195605,9571.0,0.0,0.0,0.0,-175621.0,-0.8868762056741171,-0.013911,-0.013911,12624711.0,12624711.0,https://www.sedar.com/search/search_form_pc_en.htm,https://www.sedar.com/search/search_form_pc_en.htm,1620591695,16:21:35,20210509
58,2006-06-30,EOX.TO,CAD,2006-06-30,2006-06-30,Q2,242067.0,89181.0,152886.0,0.6315854701384328,0.0,0.0,0.0,0.0,333121.0,422302.0,0.0,54768.0,-125467.0,-0.5183151772030058,-180235.0,-0.7445665869366745,-13832.0,0.0,0.0,0.0,-192304.0,-0.7944246840750702,-0.03,-0.03,11558045.0,11558045.0,https://www.sedar.com/search/search_form_pc_en.htm,https://www.sedar.com/search/search_form_pc_en.htm,1620591695,16:21:35,20210509
59,2006-03-31,EOX.TO,CAD,2006-03-31,2006-03-31,Q1,278487.0,103081.0,175406.0,0.6298534581506497,0.0,0.0,0.0,0.0,264230.0,367311.0,0.0,47344.0,-41480.0,-0.1489477067152147,-88824.0,-0.31895205162179924,-1661.0,0.0,0.0,0.0,-85394.0,-0.3066354982458786,-0.03,-0.03,11091379.0,11091379.0,https://www.sedar.com/search/search_form_pc_en.htm,https://www.sedar.com/search/search_form_pc_en.htm,1620591695,16:21:35,20210509
60,2005-12-31,EOX.TO,CAD,2005-12-31,2005-12-31,Q4,122622.0,64323.0,58299.0,0.4754367079316925,0.0,0.0,0.0,0.0,229235.0,293558.0,0.0,21487.0,-149449.0,-1.2187780333056057,-170936.0,-1.3940076005936946,46865.0,0.0,0.0,0.0,-112317.0,-0.9159612467583305,-0.00033837604839499633,-0.00033837604839499633,331929522.0,331929522.0,https://www.sedar.com/search/search_form_pc_en.htm,https://www.sedar.com/search/search_form_pc_en.htm,1620591695,16:21:35,20210509
61,2005-09-30,EOX.TO,CAD,2005-09-30,2005-09-30,Q3,94973.0,14278.0,80695.0,0.849662535668032,0.0,0.0,0.0,0.0,142628.0,156906.0,0.0,23708.0,-38225.0,-0.4024828109041517,-61933.0,-0.6521116527855285,-87019.0,0.0,0.0,0.0,-141418.0,-1.4890337253745802,-0.014014,-0.014014,10091380.0,10091380.0,https://www.sedar.com/search/search_form_pc_en.htm,https://www.sedar.com/search/search_form_pc_en.htm,1620591695,16:21:35,20210509
62,2005-06-30,EOX.TO,CAD,2005-06-30,2005-06-30,Q2,74710.0,9548.0,65162.0,0.8721991701244813,0.0,0.0,0.0,0.0,274775.0,284323.0,0.0,22963.0,-186650.0,-2.4983268638736447,-209613.0,-2.8056886628296076,-680575.0,0.0,0.0,0.0,-885481.0,-11.852242002409316,-0.09,-0.09,10091380.0,10091380.0,https://www.sedar.com/search/search_form_pc_en.htm,https://www.sedar.com/search/search_form_pc_en.htm,1620591695,16:21:35,20210509
63,2005-03-31,EOX.TO,CAD,2005-03-31,2005-03-31,Q1,121345.0,17107.0,104238.0,0.85902179735465,0.0,0.0,0.0,0.0,312842.0,329949.0,0.0,26312.0,-182292.0,-1.5022621451234084,-208604.0,-1.7190984383369732,-23186.0,0.0,0.0,0.0,-230351.0,-1.8983147224854753,-0.03,-0.03,10091380.0,10091380.0,https://www.sedar.com/search/search_form_pc_en.htm,https://www.sedar.com/search/search_form_pc_en.htm,1620591695,16:21:35,20210509
64,2004-12-31,EOX.TO,CAD,2004-12-31,2004-12-31,Q4,157888.0,30459.0,127429.0,0.8070847689501419,0.0,0.0,0.0,0.0,386844.0,417303.0,0.0,69077.0,-190338.0,-1.2055254357519254,-259415.0,-1.6430317693554926,111158.0,0.0,0.0,0.0,-220069.0,-1.3938298034049452,-0.0006629991772771571,-0.0006629991772771571,331929522.0,331929522.0,https://www.sedar.com/search/search_form_pc_en.htm,https://www.sedar.com/search/search_form_pc_en.htm,1620591695,16:21:35,20210509
65,2004-09-30,EOX.TO,CAD,2004-09-30,2004-09-30,Q3,128656.0,1830.0,126826.0,0.985776022882726,0.0,0.0,0.0,0.0,154012.0,155842.0,0.0,334.0,-26852.0,-0.20871160303444844,-27186.0,-0.21130767317497823,70805.0,0.0,0.0,0.0,43940.0,0.3415309041164034,0.005647,0.005647,7781367.0,7781367.0,https://www.sedar.com/search/search_form_pc_en.htm,https://www.sedar.com/search/search_form_pc_en.htm,1620591695,16:21:35,20210509
66,2004-06-30,EOX.TO,CAD,2004-06-30,2004-06-30,Q2,158336.0,23376.0,134960.0,0.8523645917542442,0.0,0.0,0.0,0.0,209369.0,232745.0,0.0,42449.0,-31960.0,-0.20184923201293453,-74409.0,-0.4699436641067098,-20610.0,0.0,0.0,0.0,-20472.0,-0.1292946645109135,-0.002518,-0.002518,8131367.0,8131367.0,https://www.sedar.com/search/search_form_pc_en.htm,https://www.sedar.com/search/search_form_pc_en.htm,1620591695,16:21:35,20210509
67,2004-03-31,EOX.TO,CAD,2004-03-31,2004-03-31,Q1,133562.0,18266.0,115296.0,0.8632395441817283,0.0,0.0,0.0,0.0,233581.0,251847.0,0.0,16956.0,-101329.0,-0.7586663871460445,-118285.0,-0.885618663991255,-32173.0,0.0,0.0,0.0,-149892.0,-1.122265314984801,-0.03,-0.03,7664701.0,7664701.0,https://www.sedar.com/search/search_form_pc_en.htm,https://www.sedar.com/search/search_form_pc_en.htm,1620591695,16:21:35,20210509
68,2003-12-31,EOX.TO,CAD,2003-12-31,2003-12-31,Q4,172430.0,16245.0,156185.0,0.9057878559415415,0.0,0.0,0.0,0.0,267003.0,283248.0,0.0,115371.0,4553.0,0.026404917937713854,-110818.0,-0.6426839877051557,-44586.0,0.0,0.0,0.0,-154576.0,-0.8964565330858899,-0.0004656892194120654,-0.0004656892194120654,331929522.0,331929522.0,https://www.sedar.com/search/search_form_pc_en.htm,https://www.sedar.com/search/search_form_pc_en.htm,1620591695,16:21:35,20210509
69,2003-09-30,EOX.TO,CAD,2003-09-30,2003-09-30,Q3,579290.0,13541.0,565749.0,0.9766248338483315,0.0,0.0,0.0,0.0,199489.0,213030.0,0.0,49444.0,415704.0,0.7176094874760482,366260.0,0.6322567280636642,-14817.0,0.0,0.0,0.0,351992.0,0.607626577361943,0.06,0.06,7664701.0,7664701.0,https://www.sedar.com/search/search_form_pc_en.htm,https://www.sedar.com/search/search_form_pc_en.htm,1620591695,16:21:35,20210509
70,2003-06-30,EOX.TO,CAD,2003-06-30,2003-06-30,Q2,557659.0,24606.0,533053.0,0.9558762612994679,0.0,0.0,0.0,0.0,217766.0,242372.0,0.0,28587.0,343874.0,0.6166384833742484,315287.0,0.5653759734891752,-23810.0,0.0,0.0,0.0,293966.0,0.5271429314330084,0.03,0.03,7664701.0,7664701.0,https://www.sedar.com/search/search_form_pc_en.htm,https://www.sedar.com/search/search_form_pc_en.htm,1620591695,16:21:35,20210509
71,2003-03-31,EOX.TO,CAD,2003-03-31,2003-03-31,Q1,718854.0,22892.0,695962.0,0.9681548687216041,0.0,0.0,0.0,0.0,255335.0,278227.0,0.0,45316.0,485943.0,0.6759967948985468,440627.0,0.6129575685744254,-24481.0,0.0,0.0,0.0,416597.0,0.5795293620123141,0.06,0.06,7590317.0,7590317.0,https://www.sedar.com/search/search_form_pc_en.htm,https://www.sedar.com/search/search_form_pc_en.htm,1620591695,16:21:35,20210509
72,2002-12-31,EOX.TO,CAD,2002-12-31,2002-12-31,Q4,349663.0,24599.0,325064.0,0.9296494052845168,0.0,0.0,0.0,0.0,235497.0,260096.0,0.0,33648.0,123215.0,0.35238215081378355,89567.0,0.25615235240788986,101945.0,0.0,0.0,0.0,195695.0,0.5596674512316144,0.0005895679264105951,0.0005895679264105951,331929522.0,331929522.0,https://www.sedar.com/search/search_form_pc_en.htm,https://www.sedar.com/search/search_form_pc_en.htm,1620591695,16:21:35,20210509
73,2002-09-30,EOX.TO,CAD,2002-09-30,2002-09-30,Q3,88414.0,24092.0,64322.0,0.7275092179971497,0.0,85378.0,0.0,0.0,42248.0,66340.0,0.0,-44749.0,-22675.0,-0.2564639084307915,22074.0,0.24966634243445607,-21428.0,0.0,0.0,0.0,2038.0,0.02305064808740697,0.000266,0.000266,7648034.0,7648034.0,https://www.sedar.com/search/search_form_pc_en.htm,https://www.sedar.com/search/search_form_pc_en.htm,1620591695,16:21:35,20210509
74,2002-06-30,EOX.TO,CAD,2002-06-30,2002-06-30,Q2,90386.0,9924.0,80462.0,0.8902042351691634,0.0,152991.0,0.0,0.0,196016.0,205940.0,0.0,42063.0,-73491.0,-0.8130794592082845,-115554.0,-1.2784502024649835,-149682.0,0.0,0.0,0.0,-264673.0,-2.928252162945589,-0.03,-0.03,7648034.0,7648034.0,https://www.sedar.com/search/search_form_pc_en.htm,https://www.sedar.com/search/search_form_pc_en.htm,1620591695,16:21:35,20210509
75,2002-03-31,EOX.TO,CAD,2002-03-31,2002-03-31,Q1,94373.0,46361.0,48012.0,0.5087472052387865,0.0,112174.0,0.0,0.0,169677.0,216038.0,0.0,56541.0,-65124.0,-0.6900702531444375,-121665.0,-1.2891928835577973,15111.0,0.0,0.0,0.0,-105086.0,-1.1135176374598668,-0.014237,-0.014237,7381367.0,7381367.0,https://www.sedar.com/search/search_form_pc_en.htm,https://www.sedar.com/search/search_form_pc_en.htm,1620591695,16:21:35,20210509
76,2001-12-31,EOX.TO,CAD,2001-12-31,2001-12-31,Q4,89644.0,57671.0,31973.0,0.35666636919369954,0.0,156358.0,0.0,0.0,2086389.0,2144060.0,0.0,1929366.0,-125050.0,-1.3949622953014145,-2054416.0,-22.91749587256258,0.0,0.0,0.0,0.0,-2023297.0,-22.57035607514167,-0.006095562057297212,-0.006095562057297212,331929522.0,331929522.0,https://www.sedar.com/search/search_form_pc_en.htm,https://www.sedar.com/search/search_form_pc_en.htm,1620591695,16:21:35,20210509
77,2001-09-30,EOX.TO,CAD,2001-09-30,2001-09-30,Q3,96492.0,9968.0,86524.0,0.8966960991584795,0.0,131930.0,0.0,0.0,161336.0,171304.0,0.0,27634.0,-47178.0,-0.4889317249098371,-74812.0,-0.7753181610910749,0.0,0.0,0.0,0.0,-69321.0,-0.7184118890685238,-0.003,-0.003,7381367.0,7381367.0,https://www.sedar.com/search/search_form_pc_en.htm,https://www.sedar.com/search/search_form_pc_en.htm,1620591695,16:21:35,20210509
78,2001-06-30,EOX.TO,CAD,2001-06-30,2001-06-30,Q2,144163.0,83398.0,60765.0,0.42150204976311534,0.0,129466.0,0.0,0.0,169666.0,253064.0,0.0,38428.0,-70473.0,-0.4888424907916733,-108901.0,-0.7554018714926853,0.0,0.0,0.0,0.0,-99264.0,-0.6885539285392229,-0.013448,-0.013448,7381367.0,7381367.0,https://www.sedar.com/search/search_form_pc_en.htm,https://www.sedar.com/search/search_form_pc_en.htm,1620591695,16:21:35,20210509
79,2001-03-31,EOX.TO,CAD,2001-03-31,2001-03-31,Q1,243500.0,157038.0,86462.0,0.3550800821355236,0.0,116923.0,0.0,0.0,159934.0,316972.0,0.0,41239.0,-32233.0,-0.13237371663244354,-73472.0,-0.30173305954825463,0.0,0.0,0.0,0.0,-60276.0,-0.2475400410677618,-0.008166,-0.008166,7381367.0,7381367.0,https://www.sedar.com/search/search_form_pc_en.htm,https://www.sedar.com/search/search_form_pc_en.htm,1620591695,16:21:35,20210509
80,2000-12-31,EOX.TO,CAD,2000-12-31,2000-12-31,Q4,234383.0,211301.0,23082.0,0.09847983855484399,0.0,84104.0,0.0,0.0,185321.0,396622.0,0.0,99639.0,-62600.0,-0.26708421685873124,-162239.0,-0.6921961063729025,0.0,0.0,0.0,0.0,-150213.0,-0.6408869243929807,-0.0004525448628218131,-0.0004525448628218131,331929522.0,331929522.0,https://www.sedar.com/search/search_form_pc_en.htm,https://www.sedar.com/search/search_form_pc_en.htm,1620591695,16:21:35,20210509
81,2000-09-30,EOX.TO,CAD,2000-09-30,2000-09-30,Q3,165268.0,74353.0,90915.0,0.5501064936950892,0.0,80628.0,0.0,0.0,106325.0,180678.0,0.0,24118.0,8708.0,0.052690175956628026,-15410.0,-0.09324249098434059,0.0,0.0,0.0,0.0,-7476.0,-0.04523561730038483,-0.001172,-0.001172,6381368.0,6381368.0,https://www.sedar.com/search/search_form_pc_en.htm,https://www.sedar.com/search/search_form_pc_en.htm,1620591695,16:21:35,20210509
82,2000-06-30,EOX.TO,CAD,2000-06-30,2000-06-30,Q2,211111.0,87744.0,123367.0,0.5843703075633198,0.0,126941.0,0.0,0.0,164424.0,252168.0,0.0,35905.0,-5152.0,-0.02440422337064388,-41057.0,-0.19448062867401508,0.0,0.0,0.0,0.0,-32370.0,-0.1533316596482419,-0.005073,-0.005073,6381368.0,6381368.0,https://www.sedar.com/search/search_form_pc_en.htm,https://www.sedar.com/search/search_form_pc_en.htm,1620591695,16:21:35,20210509
83,2000-03-31,EOX.TO,CAD,2000-03-31,2000-03-31,Q1,171422.0,39592.0,131830.0,0.7690378131161695,0.0,77507.0,0.0,0.0,115877.0,155469.0,0.0,36791.0,52744.0,0.307685127929904,15953.0,0.09306273407147274,0.0,0.0,0.0,0.0,27716.0,0.1616828645098062,0.003,0.003,6381368.0,6381368.0,https://www.sedar.com/search/search_form_pc_en.htm,https://www.sedar.com/search/search_form_pc_en.htm,1620591695,16:21:35,20210509
84,1999-12-31,EOX.TO,CAD,1999-12-31,1999-12-31,Q4,23876.0,0.0,0.0,0.0,0.0,58839.0,0.0,0.0,59914.0,59914.0,0.0,1075.0,-34963.0,-1.4643575138214107,-36038.0,-1.5093818059976545,0.0,0.0,0.0,0.0,-1968496.0,-82.44664097838834,-0.005930463756700737,-0.005930463756700737,331929522.0,331929522.0,https://www.sedar.com/search/search_form_pc_en.htm,https://www.sedar.com/search/search_form_pc_en.htm,1620591695,16:21:35,20210509
85,1999-09-30,EOX.TO,CAD,1999-09-30,1999-09-30,Q3,21289.0,0.0,21289.0,1.0,0.0,60133.0,0.0,0.0,61208.0,61208.0,0.0,1075.0,-38844.0,-1.824604255718916,-39919.0,-1.8750998168068016,0.0,0.0,0.0,0.0,-41143.0,-1.9325942975245431,-0.006,-0.006,6381368.0,6381368.0,https://www.sedar.com/search/search_form_pc_en.htm,https://www.sedar.com/search/search_form_pc_en.htm,1620591695,16:21:35,20210509
86,1999-06-30,EOX.TO,CAD,1999-06-30,1999-06-30,Q2,23738.0,0.0,0.0,0.0,0.0,125388.0,0.0,0.0,126037.0,126037.0,0.0,649.0,-101650.0,-4.2821636195130175,-102299.0,-4.3095037492627855,0.0,0.0,0.0,0.0,-102365.0,-4.312284101440728,-0.015,-0.015,6381368.0,6381368.0,https://www.sedar.com/search/search_form_pc_en.htm,https://www.sedar.com/search/search_form_pc_en.htm,1620591695,16:21:35,20210509
87,1999-03-31,EOX.TO,CAD,1999-03-31,1999-03-31,Q1,25834.0,0.0,25834.0,1.0,0.0,115739.0,0.0,0.0,116388.0,116388.0,0.0,649.0,-89905.0,-3.480103739258342,-90554.0,-3.505225671595572,0.0,0.0,0.0,0.0,-90819.0,-3.5154834713942864,-0.015,-0.015,6381368.0,6381368.0,https://www.sedar.com/search/search_form_pc_en.htm,https://www.sedar.com/search/search_form_pc_en.htm,1620591695,16:21:35,20210509
