,date,symbol,reportedCurrency,fillingDate,acceptedDate,period,revenue,costOfRevenue,grossProfit,grossProfitRatio,researchAndDevelopmentExpenses,generalAndAdministrativeExpenses,sellingAndMarketingExpenses,otherExpenses,operatingExpenses,costAndExpenses,interestExpense,depreciationAndAmortization,ebitda,ebitdaratio,operatingIncome,operatingIncomeRatio,totalOtherIncomeExpensesNet,incomeBeforeTax,incomeBeforeTaxRatio,incomeTaxExpense,netIncome,netIncomeRatio,eps,epsdiluted,weightedAverageShsOut,weightedAverageShsOutDil,link,finalLink,timestamp,est_time,est_date
0,2020-12-31,DIGISPICE.NS,INR,2020-12-31,2020-12-31,Q4,1845576000,1684060000,161516000,0.0875152255989458,0.0,0.0,0.0,48806000.0,178675000,1862735000,3032000.0,37693000.0,20534000,0.011126065791926206,-17159000.0,-0.009297368409645552,0.0,27852000,0.01509122355297208,7815000.0,17509000.0,0.009487011101141325,0.08,0.08,218862500,218862500,https://www.nseindia.com/companies-listing/corporate-filings-annual-reports,https://www.nseindia.com/companies-listing/corporate-filings-annual-reports,1620591128,16:12:08,20210509
1,2020-09-30,DIGISPICE.NS,INR,2020-09-30,2020-09-30,Q3,1745627000,1553580000,192047000,0.11001605726767517,0.0,0.0,0.0,92984000.0,182111000,1735691000,3305000.0,54032000.0,63968000,0.036644712759369556,9936000.0,0.005691937624704476,0.0,84087000,0.048170084445302463,19349000.0,129058000.0,0.07393217451379934,0.57,0.57,226417544,226417544,https://www.nseindia.com/companies-listing/corporate-filings-annual-reports,https://www.nseindia.com/companies-listing/corporate-filings-annual-reports,1620591128,16:12:08,20210509
2,2020-06-30,DIGISPICE.NS,INR,2020-06-30,2020-06-30,Q2,1671167000,1500146000,171021000,0.10233627159942722,0.0,0.0,0.0,32506000.0,145686000,1645832000,4503000.0,50877000.0,76212000,0.045604059917411004,25335000.0,0.015160064793045817,0.0,47987000,0.028714664662478375,29382000.0,19347000.0,0.01157693994675577,0.08,0.08,241837500,241837500,https://www.nseindia.com/companies-listing/corporate-filings-annual-reports,https://www.nseindia.com/companies-listing/corporate-filings-annual-reports,1620591128,16:12:08,20210509
3,2020-03-31,DIGISPICE.NS,INR,2020-03-31,2020-03-31,Q1,1039724000,928559000,111165000,0.10691779741546795,0.0,0.0,0.0,-59264000.0,773653000,1702212000,-12046000.0,10481000.0,-652007000,-0.6270962293839519,-662488000.0,-0.6371767892248328,0.0,-516269000,-0.4965442752114984,3585000.0,-451457000.0,-0.4342085014869331,-1.9952665912385532,-1.9952665912385532,226264000,226264000,,,1620591128,16:12:08,20210509
4,2019-12-31,DIGISPICE.NS,INR,2019-12-31,2019-12-31,Q4,940963000,800839000,140124000,0.1489155259027188,0.0,0.0,0.0,18582000.0,179791000,980630000,11834000.0,51002000.0,11335000,0.012046169721870042,-39667000.0,-0.042155748950808904,0.0,-49835000,-0.05296169987555303,6566000.0,-56566000.0,-0.06011500983566835,-0.25,-0.25,226264000,226264000,https://www.nseindia.com/companies-listing/corporate-filings-annual-reports,https://www.nseindia.com/companies-listing/corporate-filings-annual-reports,1620591128,16:12:08,20210509
5,2019-09-30,DIGISPICE.NS,INR,2019-09-30,2019-09-30,Q3,1047062000,868112000,178950000,0.17090678488952898,0.0,0.0,0.0,35571000.0,185071000,1053183000,10523000.0,45186000.0,39065000,0.037309156477839896,-6121000.0,-0.005845881141708896,0.0,14571000,0.013916081378180088,547000.0,7477000.0,0.007140933392673977,0.03,0.03,249233333,249233333,https://www.nseindia.com/companies-listing/corporate-filings-annual-reports,https://www.nseindia.com/companies-listing/corporate-filings-annual-reports,1620591128,16:12:08,20210509
6,2019-06-30,DIGISPICE.NS,INR,2019-06-30,2019-06-30,Q2,1044071000,883395000,160676000,0.15389374860521937,0.0,0.0,0.0,37791000.0,168300000,1051695000,10780000.0,44422000.0,36798000,0.03524472952509935,-7624000.0,-0.007302185387775353,0.0,18138000,0.0173723817633092,9075000.0,7697000.0,0.007372104004421155,0.03,0.03,256566667,256566667,https://www.nseindia.com/companies-listing/corporate-filings-annual-reports,https://www.nseindia.com/companies-listing/corporate-filings-annual-reports,1620591128,16:12:08,20210509
7,2019-03-31,DIGISPICE.NS,INR,2019-03-31,2019-03-31,Q1,1125108000,905324000,219784000,0.19534480245451993,0.0,0.0,0.0,-21816000.0,146109000,1051433000,-9675000.0,-910000.0,72765000,0.06467379131603367,73675000.0,0.06548260255904322,0.0,53761000,0.04778296839059006,-27188000.0,75363000.0,0.06698290297464776,0.3328496487886999,0.3328496487886999,226417544,226417544,https://www.nseindia.com/companies-listing/corporate-filings-annual-reports,https://www.nseindia.com/companies-listing/corporate-filings-annual-reports,1620591128,16:12:08,20210509
8,2018-12-31,DIGISPICE.NS,INR,2018-12-31,2018-12-31,Q4,950593000,783963000,166630000,0.17529058177369283,0.0,0.0,0.0,49592000.0,226198000,1010161000,6217000.0,45027000.0,-14541000,-0.015296767386252581,-59568000.0,-0.06266404233988679,0.0,-16693000,-0.017560617425123055,-270000.0,-27459000.0,-0.028886179469026177,-0.12,-0.12,228825000,228825000,https://www.nseindia.com/companies-listing/corporate-filings-annual-reports,https://www.nseindia.com/companies-listing/corporate-filings-annual-reports,1620591128,16:12:08,20210509
9,2018-09-30,DIGISPICE.NS,INR,2018-09-30,2018-09-30,Q3,836377000,606270000,230107000,0.2751235387869346,0.0,0.0,0.0,23351000.0,228813000,835083000,6018000.0,44751000.0,46045000,0.055052924697833634,1294000.0,0.0015471491922900797,0.0,16432000,0.019646642602558415,30058000.0,-21374000.0,-0.025555461233391162,-0.09,-0.09,237488889,237488889,https://www.nseindia.com/companies-listing/corporate-filings-annual-reports,https://www.nseindia.com/companies-listing/corporate-filings-annual-reports,1620591128,16:12:08,20210509
10,2018-06-30,DIGISPICE.NS,INR,2018-06-30,2018-06-30,Q2,854763000,604219000,250544000,0.2931151675961641,0.0,0.0,0.0,32600000.0,208727000,812946000,5804000.0,45797000.0,87614000,0.10250092715758637,41817000.0,0.04892233285717795,0.0,66903000,0.07827081892875569,26076000.0,34027000.0,0.039808695509749484,0.15,0.15,226846667,226846667,https://www.nseindia.com/companies-listing/corporate-filings-annual-reports,https://www.nseindia.com/companies-listing/corporate-filings-annual-reports,1620591128,16:12:08,20210509
11,2018-03-31,DIGISPICE.NS,INR,2018-03-31,2018-03-31,Q1,770076000,508157000,261919000,0.34012097507259026,0.0,0.0,0.0,61039000.0,757525000,1265682000,4877000.0,42397000.0,-453209000,-0.5885250286984661,-495606000.0,-0.6435806335998006,0.0,-456313000,-0.5925557996873035,36580000.0,43816000.0,0.05689828016974948,0.19,0.19,230610526,230610526,https://www.nseindia.com/companies-listing/corporate-filings-annual-reports,https://www.nseindia.com/companies-listing/corporate-filings-annual-reports,1620591128,16:12:08,20210509
12,2017-12-31,DIGISPICE.NS,INR,2017-12-31,2017-12-31,Q4,1453134000,816363000,636771000,0.438205285954358,0.0,0.0,0.0,0.0,814395000,1630758000,0.0,54527000.0,-123097000,-0.08471138931440597,-177624000.0,-0.1222351138986494,0.0,-288014000,-0.19820195522229883,-5314000.0,-245152000.0,-0.1687057078012076,-1.08,-1.08,226992593,226992593,https://www.nseindia.com/companies-listing/corporate-filings-annual-reports,https://www.nseindia.com/companies-listing/corporate-filings-annual-reports,1620591128,16:12:08,20210509
13,2017-09-30,DIGISPICE.NS,INR,2017-09-30,2017-09-30,Q3,1758327000,1509663000,248664000,0.14142079374314334,0.0,0.0,0.0,16031000.0,348847000,1858510000,0.0,50185000.0,-49998000,-0.02843498393643503,-100183000.0,-0.05697631896683609,0.0,-84215000,-0.047894959242507223,10450000.0,-72629000.0,-0.04130574119603464,-0.32,-0.32,226965625,226965625,https://www.nseindia.com/companies-listing/corporate-filings-annual-reports,https://www.nseindia.com/companies-listing/corporate-filings-annual-reports,1620591128,16:12:08,20210509
14,2017-06-30,DIGISPICE.NS,INR,2017-06-30,2017-06-30,Q2,1937354000,1229498000,707856000,0.36537256484875763,0.0,0.0,0.0,0.0,712804000,1942302000,3849000.0,50741000.0,45793000,0.023636877927317362,-4948000.0,-0.002553998907788664,0.0,-38331000,-0.019785232848514005,36112000.0,-100158000.0,-0.0516983473335281,-0.28,-0.28,227863982,227863982,https://www.nseindia.com/companies-listing/corporate-filings-annual-reports,https://www.nseindia.com/companies-listing/corporate-filings-annual-reports,1620591128,16:12:08,20210509
15,2017-03-31,DIGISPICE.NS,INR,2017-03-31,2017-03-31,Q1,1959157000,1222304000,736853000,0.3761071726257773,0.0,0.0,0.0,0.0,681320000,1903624000,5413000.0,59639000.0,115172000,0.05878650868715473,55533000.0,0.028345354660193132,0.0,46980000,0.023979701473644022,31406000.0,-19118000.0,-0.009758278688231724,-0.08,-0.08,238975000,238975000,https://www.nseindia.com/companies-listing/corporate-filings-annual-reports,https://www.nseindia.com/companies-listing/corporate-filings-annual-reports,1620591128,16:12:08,20210509
16,2016-12-31,DIGISPICE.NS,INR,2016-12-31,2016-12-31,Q4,2567900000,1793800000,774100000,0.30145254877526384,0.0,0.0,0.0,0.0,794600000,2588400000,0.0,68800000.0,48300000,0.018809143658242142,-20500000.0,-0.007983176914988902,0.0,-45200000,-0.017601931539390162,24400000.0,-63600000.0,-0.024767319599672884,-0.35,-0.35,181714286,181714286,https://www.nseindia.com/companies-listing/corporate-filings-annual-reports,https://www.nseindia.com/companies-listing/corporate-filings-annual-reports,1620591128,16:12:08,20210509
17,2016-09-30,DIGISPICE.NS,INR,2016-09-30,2016-09-30,Q3,2995500000,2490500000,505000000,0.1685862126523118,0.0,0.0,0.0,0.0,521100000,3011600000,0.0,60100000.0,44000000,0.014688699716241028,-16100000.0,-0.005374728759806376,0.0,-22300000,-0.007444500083458521,23600000.0,-36500000.0,-0.012184944082790854,-0.2,-0.2,182500000,182500000,https://www.nseindia.com/companies-listing/corporate-filings-annual-reports,https://www.nseindia.com/companies-listing/corporate-filings-annual-reports,1620591128,16:12:08,20210509
18,2016-06-30,DIGISPICE.NS,INR,2016-06-30,2016-06-30,Q2,3155500000,2406500000,749000000,0.23736333386151165,0.0,0.0,21900000.0,0.0,869800000,3276300000,0.0,59600000.0,-61200000,-0.019394707653303755,-120800000.0,-0.03828236412612898,0.0,-186700000,-0.059166534622088415,19200000.0,-212500000.0,-0.0673427349073047,-1.18,-1.18,180084746,180084746,https://www.nseindia.com/companies-listing/corporate-filings-annual-reports,https://www.nseindia.com/companies-listing/corporate-filings-annual-reports,1620591128,16:12:08,20210509
19,2016-03-31,DIGISPICE.NS,INR,2016-03-31,2016-03-31,Q1,2150284000,1551360000,598924000,0.27853251012424407,0.0,0.0,0.0,0.0,641931000,2193291000,4562000.0,68029000.0,25022000,0.01163660242088952,-43007000.0,-0.02000061387240011,0.0,-50122000,-0.02330947911996741,8027000.0,-256596000.0,-0.11933121392337012,-1.13,-1.13,227076106,227076106,https://www.nseindia.com/companies-listing/corporate-filings-annual-reports,https://www.nseindia.com/companies-listing/corporate-filings-annual-reports,1620591128,16:12:08,20210509
20,2015-12-31,DIGISPICE.NS,INR,2015-12-31,2015-12-31,Q4,4264400000,3397700000,866700000,0.2032407841665885,0.0,0.0,73500000.0,0.0,1089800000,4487500000,0.0,81800000.0,-141300000,-0.033134790357377354,-223100000.0,-0.0523168558296595,0.0,-236000000,-0.055341900384579305,34900000.0,-263900000.0,-0.0618844386080105,-1.16,-1.16,227500000,227500000,https://www.nseindia.com/companies-listing/corporate-filings-annual-reports,https://www.nseindia.com/companies-listing/corporate-filings-annual-reports,1620591128,16:12:08,20210509
21,2015-09-30,DIGISPICE.NS,INR,2015-09-30,2015-09-30,Q3,4960900000,3993600000,967300000,0.19498478098732086,0.0,0.0,65200000.0,0.0,989900000,4983500000,0.0,68300000.0,45700000,0.009212038138241044,-22600000.0,-0.0045556249874014795,0.0,-28800000,-0.005805398214033744,32400000.0,-62300000.0,-0.012558205164385494,-0.27,-0.27,230740741,230740741,https://www.nseindia.com/companies-listing/corporate-filings-annual-reports,https://www.nseindia.com/companies-listing/corporate-filings-annual-reports,1620591128,16:12:08,20210509
22,2015-06-30,DIGISPICE.NS,INR,2015-06-30,2015-06-30,Q2,4889600000,3945200000,944400000,0.1931446335078534,0.0,0.0,70500000.0,0.0,1091200000,5036400000,0.0,72300000.0,-74500000,-0.015236420157068062,-146800000.0,-0.030022905759162305,0.0,-154100000,-0.031515870418848166,22500000.0,-176000000.0,-0.03599476439790576,-0.77,-0.77,228571429,228571429,https://www.nseindia.com/companies-listing/corporate-filings-annual-reports,https://www.nseindia.com/companies-listing/corporate-filings-annual-reports,1620591128,16:12:08,20210509
23,2014-12-31,DIGISPICE.NS,INR,2014-12-31,2014-12-31,Q4,5699600000,4719600000,980000000,0.17194189065899362,0.0,150700000.0,228500000.0,0.0,1234400000,5954000000,3100000.0,73600000.0,-180800000,-0.03172152431749597,-254400000.0,-0.04463471120780406,0.0,-2211900000,-0.388079865253702,12900000.0,-2234300000.0,-0.3920099656116219,-9.81,-9.81,227757390,227757390,https://www.nseindia.com/companies-listing/corporate-filings-annual-reports,https://www.nseindia.com/companies-listing/corporate-filings-annual-reports,1620591128,16:12:08,20210509
24,2014-09-30,DIGISPICE.NS,INR,2014-09-30,2014-09-30,Q3,5442900000,4266900000,1176000000,0.2160612908559775,0.0,157000000.0,237000000.0,0.0,1264800000,5531700000,0.0,67800000.0,-21000000,-0.0038582373367138842,-88800000.0,-0.01631483216667585,0.0,-108000000,-0.019842363445957117,28500000.0,-133200000.0,-0.02447224825001378,-0.58,-0.58,229655172,229655172,https://www.nseindia.com/companies-listing/corporate-filings-annual-reports,https://www.nseindia.com/companies-listing/corporate-filings-annual-reports,1620591128,16:12:08,20210509
25,2014-06-30,DIGISPICE.NS,INR,2014-06-30,2014-06-30,Q2,5411668000,4225647000,1186021000,0.2191599706412145,0.0,0.0,0.0,0.0,1356889000,5582536000,0.0,67123000.0,-103745000,-0.0191706143096731,-170868000.0,-0.031573998996242934,0.0,-168450000,-0.031127186664074737,17438000.0,-186298000.0,-0.03442524559895396,-0.8228072644406036,-0.8228072644406036,226417544,226417544,https://www.nseindia.com/companies-listing/corporate-filings-annual-reports,https://www.nseindia.com/companies-listing/corporate-filings-annual-reports,1620591128,16:12:08,20210509
26,2014-03-31,DIGISPICE.NS,INR,2014-03-31,2014-03-31,Q1,4684100000,3683900000,1000200000,0.213530881065733,0.0,150400000.0,217100000.0,0.0,1174100000,4858000000,0.0,97000000.0,-76900000,-0.01641724130569373,-173900000.0,-0.03712559509831131,0.0,-176900000,-0.03776605964859845,5200000.0,-188700000.0,-0.040285220213061204,-0.81,-0.81,232962963,232962963,https://www.nseindia.com/companies-listing/corporate-filings-annual-reports,https://www.nseindia.com/companies-listing/corporate-filings-annual-reports,1620591128,16:12:08,20210509
27,2013-12-31,DIGISPICE.NS,INR,2013-12-31,2013-12-31,Q4,5670400000,4511400000,1159000000,0.20439475169300225,0.0,166600000.0,151800000.0,0.0,1108100000,5619500000,0.0,99300000.0,150200000,0.026488431151241536,50900000.0,0.008976439051918736,0.0,21200000,0.0037387133182844243,10400000.0,10200000.0,0.0017988148984198645,0.04,0.04,227866082,227866082,https://www.nseindia.com/companies-listing/corporate-filings-annual-reports,https://www.nseindia.com/companies-listing/corporate-filings-annual-reports,1620591128,16:12:08,20210509
28,2013-09-30,DIGISPICE.NS,INR,2013-09-30,2013-09-30,Q3,5347800000,4045600000,1302200000,0.24350200082276824,0.0,182600000.0,169900000.0,0.0,1180100000,5225700000,0.0,87900000.0,210000000,0.03926848423650847,122100000.0,0.022831818691798497,0.0,91200000,0.017053741725569393,10100000.0,81300000.0,0.015202513182991137,0.34,0.34,234219701,234219701,https://www.nseindia.com/companies-listing/corporate-filings-annual-reports,https://www.nseindia.com/companies-listing/corporate-filings-annual-reports,1620591128,16:12:08,20210509
29,2013-06-30,DIGISPICE.NS,INR,2013-06-30,2013-06-30,Q2,4444556000,3240583000,1203973000,0.2708871257331441,0.0,0.0,0.0,9336000.0,997760000,4238343000,0.0,86548000.0,292761000,0.06586957167375099,206213000.0,0.046396760441312926,0.0,231733000,0.05213861632073035,123024000.0,98530000.0,0.0221686935657915,0.4351694584232395,0.4351694584232395,226417544,226417544,https://www.nseindia.com/companies-listing/corporate-filings-annual-reports,https://www.nseindia.com/companies-listing/corporate-filings-annual-reports,1620591128,16:12:08,20210509
30,2013-03-31,DIGISPICE.NS,INR,2013-03-31,2013-03-31,Q1,3939000000,2847000000,1092000000,0.27722772277227725,0.0,0.0,92000000.0,31000000.0,1082000000,3929000000,0.0,101000000.0,111000000,0.02817974105102818,10000000.0,0.002538715410002539,0.0,36000000,0.00913937547600914,5000000.0,22000000.0,0.005585173902005585,0.09,0.09,244444444,244444444,https://www.nseindia.com/companies-listing/corporate-filings-annual-reports,https://www.nseindia.com/companies-listing/corporate-filings-annual-reports,1620591128,16:12:08,20210509
31,2012-12-31,DIGISPICE.NS,INR,2012-12-31,2012-12-31,Q4,4903700000,3673300000,1230400000,0.2509125762179579,0.0,247400000.0,108000000.0,0.0,1221800000,4895100000,0.0,87700000.0,96300000,0.01963823235516039,8600000.0,0.0017537777596508758,0.0,-127200000,-0.02593959663111528,10500000.0,-106200000.0,-0.021657116055223607,-0.44,-0.44,238086285,238086285,https://www.nseindia.com/companies-listing/corporate-filings-annual-reports,https://www.nseindia.com/companies-listing/corporate-filings-annual-reports,1620591128,16:12:08,20210509
32,2012-09-30,DIGISPICE.NS,INR,2012-09-30,2012-09-30,Q3,5434000000,4435000000,999000000,0.18384247331615752,0.0,0.0,98000000.0,-23000000.0,927000000,5362000000,0.0,87000000.0,159000000,0.029260213470739788,72000000.0,0.013249907986750091,0.0,48000000,0.008833271991166729,3000000.0,40000000.0,0.00736105999263894,0.17,0.17,235294118,235294118,https://www.nseindia.com/companies-listing/corporate-filings-annual-reports,https://www.nseindia.com/companies-listing/corporate-filings-annual-reports,1620591128,16:12:08,20210509
33,2012-03-31,DIGISPICE.NS,INR,2012-03-31,2012-03-31,Q1,5533000000,4451000000,1082000000,0.19555394903307427,0.0,0.0,114000000.0,29000000.0,1289000000,5740000000,0.0,90000000.0,-117000000,-0.02114585215976866,-207000000.0,-0.03741189228266763,0.0,-181000000,-0.032712814024941264,16000000.0,-200000000.0,-0.036146755828664376,-0.84,-0.84,238095238,238095238,https://www.nseindia.com/companies-listing/corporate-filings-annual-reports,https://www.nseindia.com/companies-listing/corporate-filings-annual-reports,1620591128,16:12:08,20210509
34,2011-09-30,DIGISPICE.NS,INR,2011-09-30,2011-09-30,Q3,5352000000,4079000000,1273000000,0.23785500747384156,0.0,0.0,256000000.0,0.0,1108000000,5187000000,0.0,79000000.0,244000000,0.045590433482810166,165000000.0,0.030829596412556053,0.0,165000000,0.030829596412556053,45000000.0,102000000.0,0.01905829596412556,0.43,0.43,237209302,237209302,https://www.nseindia.com/companies-listing/corporate-filings-annual-reports,https://www.nseindia.com/companies-listing/corporate-filings-annual-reports,1620591128,16:12:08,20210509
