,date,symbol,reportedCurrency,fillingDate,acceptedDate,period,revenue,costOfRevenue,grossProfit,grossProfitRatio,researchAndDevelopmentExpenses,generalAndAdministrativeExpenses,sellingAndMarketingExpenses,otherExpenses,operatingExpenses,costAndExpenses,interestExpense,depreciationAndAmortization,ebitda,ebitdaratio,operatingIncome,operatingIncomeRatio,totalOtherIncomeExpensesNet,incomeBeforeTax,incomeBeforeTaxRatio,incomeTaxExpense,netIncome,netIncomeRatio,eps,epsdiluted,weightedAverageShsOut,weightedAverageShsOutDil,link,finalLink,timestamp,est_time,est_date
0,2019-06-30,RLF.SW,CHF,2019-06-30,2019-06-30,Q2,0.0,17000.0,-17000.0,0.0,0.0,137000.0,0.0,-12750.0,-21750.0,202750.0,33500.0,250.0,-202500.0,0.0,-202750.0,0.0,0.0,-3040500.0,0.0,-1175500.0,-1865000.0,0.0,-0.001,-0.001,2103851262,2103851262,https://www.six-group.com/en/products-services/the-swiss-stock-exchange.html,https://www.six-group.com/en/products-services/the-swiss-stock-exchange.html,1620597302,17:55:02,20210509
1,2019-03-31,RLF.SW,CHF,2019-03-31,2019-03-31,Q1,0.0,17000.0,-17000.0,0.0,0.0,137000.0,0.0,-12750.0,-21750.0,202750.0,33500.0,250.0,-202500.0,0.0,-202750.0,0.0,0.0,-3040500.0,0.0,-1175500.0,-1865000.0,0.0,-0.001,-0.001,2103851262,2103851262,https://www.six-group.com/en/products-services/the-swiss-stock-exchange.html,https://www.six-group.com/en/products-services/the-swiss-stock-exchange.html,1620597302,17:55:02,20210509
2,2019-01-31,RLF.SW,CHF,2019-01-31,2019-01-31,Q1,0.0,17000.0,-17000.0,0.0,0.0,137000.0,0.0,-12750.0,-21750.0,202750.0,33500.0,250.0,-202500.0,0.0,-202750.0,0.0,0.0,-3040500.0,0.0,-1175500.0,-1865000.0,0.0,-0.001,-0.001,2103851262,2103851262,https://www.six-group.com/en/products-services/the-swiss-stock-exchange.html,https://www.six-group.com/en/products-services/the-swiss-stock-exchange.html,1620597302,17:55:02,20210509
3,2018-06-30,RLF.SW,CHF,2018-06-30,2018-06-30,Q2,141250.0,13750.0,127500.0,0.9026548672566371,0.0,128500.0,0.0,500.0,33750.0,266750.0,35000.0,4250.0,-121250.0,-0.8584070796460177,-125500.0,-0.8884955752212389,0.0,-104000.0,-0.736283185840708,5000.0,-109000.0,-0.7716814159292036,-5.325e-05,-5.325e-05,2050141259,2050141259,https://www.six-group.com/en/products-services/the-swiss-stock-exchange.html,https://www.six-group.com/en/products-services/the-swiss-stock-exchange.html,1620597302,17:55:02,20210509
4,2018-03-31,RLF.SW,CHF,2018-03-31,2018-03-31,Q1,141250.0,13750.0,127500.0,0.9026548672566371,0.0,128500.0,0.0,500.0,33750.0,266750.0,35000.0,4250.0,-121250.0,-0.8584070796460177,-125500.0,-0.8884955752212389,0.0,-104000.0,-0.736283185840708,5000.0,-109000.0,-0.7716814159292036,-5.325e-05,-5.325e-05,2050141259,2050141259,https://www.six-group.com/en/products-services/the-swiss-stock-exchange.html,https://www.six-group.com/en/products-services/the-swiss-stock-exchange.html,1620597302,17:55:02,20210509
5,2018-01-31,RLF.SW,CHF,2018-01-31,2018-01-31,Q1,141250.0,13750.0,127500.0,0.9026548672566371,0.0,128500.0,0.0,500.0,33750.0,266750.0,35000.0,4250.0,-121250.0,-0.8584070796460177,-125500.0,-0.8884955752212389,0.0,-104000.0,-0.736283185840708,5000.0,-109000.0,-0.7716814159292036,-5.325e-05,-5.325e-05,2050141259,2050141259,https://www.six-group.com/en/products-services/the-swiss-stock-exchange.html,https://www.six-group.com/en/products-services/the-swiss-stock-exchange.html,1620597302,17:55:02,20210509
6,2017-06-30,RLF.SW,CHF,2017-06-30,2017-06-30,Q2,0.0,17750.0,-17750.0,0.0,0.0,166250.0,0.0,7750.0,9750.0,441750.0,22000.0,750.0,-441000.0,0.0,-441750.0,0.0,0.0,-475250.0,0.0,246500.0,-721750.0,0.0,-0.00025,-0.00025,1988024635,1988024635,https://www.six-group.com/en/products-services/the-swiss-stock-exchange.html,https://www.six-group.com/en/products-services/the-swiss-stock-exchange.html,1620597302,17:55:02,20210509
7,2017-03-31,RLF.SW,CHF,2017-03-31,2017-03-31,Q1,0.0,17750.0,-17750.0,0.0,0.0,166250.0,0.0,7750.0,9750.0,441750.0,22000.0,750.0,-441000.0,0.0,-441750.0,0.0,0.0,-475250.0,0.0,246500.0,-721750.0,0.0,-0.00025,-0.00025,1988024635,1988024635,https://www.six-group.com/en/products-services/the-swiss-stock-exchange.html,https://www.six-group.com/en/products-services/the-swiss-stock-exchange.html,1620597302,17:55:02,20210509
8,2017-01-31,RLF.SW,CHF,2017-01-31,2017-01-31,Q1,0.0,17750.0,-17750.0,0.0,0.0,166250.0,0.0,7750.0,9750.0,441750.0,22000.0,750.0,-441000.0,0.0,-441750.0,0.0,0.0,-475250.0,0.0,246500.0,-721750.0,0.0,-0.00025,-0.00025,1988024635,1988024635,https://www.six-group.com/en/products-services/the-swiss-stock-exchange.html,https://www.six-group.com/en/products-services/the-swiss-stock-exchange.html,1620597302,17:55:02,20210509
9,2016-06-30,RLF.SW,CHF,2016-06-30,2016-06-30,Q2,3750.0,52750.0,-49000.0,-13.066666666666666,0.0,250750.0,0.0,0.0,0.0,487000.0,750.0,2500.0,-480750.0,-128.2,-483250.0,-128.86666666666667,0.0,-4203500.0,-1120.9333333333334,5000.0,-4208500.0,-1122.2666666666667,-0.00325,-0.00325,1265770669,1265770669,https://www.six-group.com/en/products-services/the-swiss-stock-exchange.html,https://www.six-group.com/en/products-services/the-swiss-stock-exchange.html,1620597302,17:55:02,20210509
10,2016-03-31,RLF.SW,CHF,2016-03-31,2016-03-31,Q1,3750.0,52750.0,-49000.0,-13.066666666666666,0.0,250750.0,0.0,0.0,0.0,487000.0,750.0,2500.0,-480750.0,-128.2,-483250.0,-128.86666666666667,0.0,-4203500.0,-1120.9333333333334,5000.0,-4208500.0,-1122.2666666666667,-0.00325,-0.00325,1265770669,1265770669,https://www.six-group.com/en/products-services/the-swiss-stock-exchange.html,https://www.six-group.com/en/products-services/the-swiss-stock-exchange.html,1620597302,17:55:02,20210509
11,2016-01-31,RLF.SW,CHF,2016-01-31,2016-01-31,Q1,3750.0,52750.0,-49000.0,-13.066666666666666,0.0,250750.0,0.0,0.0,0.0,487000.0,750.0,2500.0,-480750.0,-128.2,-483250.0,-128.86666666666667,0.0,-4203500.0,-1120.9333333333334,5000.0,-4208500.0,-1122.2666666666667,-0.00325,-0.00325,1265770669,1265770669,https://www.six-group.com/en/products-services/the-swiss-stock-exchange.html,https://www.six-group.com/en/products-services/the-swiss-stock-exchange.html,1620597302,17:55:02,20210509
12,2015-09-30,RLF.SW,CHF,2015-09-30,2015-09-30,Q3,64029.33330425,540331.9266175,-476302.59331325,-7.438818565390794,0.0,7024.315046,0.0,0.0,0.0,1018795.84763725,30258.5878905,90235.43174525,-864531.082588,-13.502109704625271,-954766.51433325,-14.911392405047526,0.0,-1091740.65773075,-17.050632911373526,-21883.443028,-2288575.8751885,-35.742616033713944,-0.00351225,-0.00351225,651617213,651617213,https://www.six-group.com/en/products-services/the-swiss-stock-exchange.html,https://www.six-group.com/en/products-services/the-swiss-stock-exchange.html,1620597302,17:55:02,20210509
13,2015-06-30,RLF.SW,CHF,2015-06-30,2015-06-30,Q2,64029.33330425,540331.9266175,-476302.59331325,-7.438818565390794,0.0,7024.315046,0.0,0.0,0.0,1018795.84763725,30258.5878905,90235.43174525,-864531.082588,-13.502109704625271,-954766.51433325,-14.911392405047526,0.0,-1091740.65773075,-17.050632911373526,-21883.443028,-2288575.8751885,-35.742616033713944,-0.00351225,-0.00351225,651617213,651617213,https://www.six-group.com/en/products-services/the-swiss-stock-exchange.html,https://www.six-group.com/en/products-services/the-swiss-stock-exchange.html,1620597302,17:55:02,20210509
14,2015-03-31,RLF.SW,CHF,2015-03-31,2015-03-31,Q1,64029.33330425,540331.9266175,-476302.59331325,-7.438818565390794,0.0,7024.315046,0.0,0.0,0.0,1018795.84763725,30258.5878905,90235.43174525,-864531.082588,-13.502109704625271,-954766.51433325,-14.911392405047526,0.0,-1091740.65773075,-17.050632911373526,-21883.443028,-2288575.8751885,-35.742616033713944,-0.00351225,-0.00351225,651617213,651617213,https://www.six-group.com/en/products-services/the-swiss-stock-exchange.html,https://www.six-group.com/en/products-services/the-swiss-stock-exchange.html,1620597302,17:55:02,20210509
15,2015-01-31,RLF.SW,CHF,2015-01-31,2015-01-31,Q1,64029.33330425,540331.9266175,-476302.59331325,-7.438818565390794,0.0,7024.315046,0.0,0.0,0.0,1018795.84763725,30258.5878905,90235.43174525,-864531.082588,-13.502109704625271,-954766.51433325,-14.911392405047526,0.0,-1091740.65773075,-17.050632911373526,-21883.443028,-2288575.8751885,-35.742616033713944,-0.00351225,-0.00351225,651617213,651617213,https://www.six-group.com/en/products-services/the-swiss-stock-exchange.html,https://www.six-group.com/en/products-services/the-swiss-stock-exchange.html,1620597302,17:55:02,20210509
16,2014-09-30,RLF.SW,CHF,2014-09-30,2014-09-30,Q3,4872545.317744,3401973.925653,1470571.392091,0.30180763773211616,0.0,453917.17131175,0.0,0.0,0.0,7898459.38822425,0.0,1548729.31562825,-1477184.7548517503,-0.30316490838420573,-3025914.07048,-0.6210130174594263,0.0,-3113390.823362,-0.6389660065395774,-42686.25054725,-3070103.3580185,-0.6300820531803623,-0.00631275,-0.00631275,475151811,475151811,https://www.six-group.com/en/products-services/the-swiss-stock-exchange.html,https://www.six-group.com/en/products-services/the-swiss-stock-exchange.html,1620597302,17:55:02,20210509
17,2014-06-30,RLF.SW,CHF,2014-06-30,2014-06-30,Q2,4872545.317744,3401973.925653,1470571.392091,0.30180763773211616,0.0,453917.17131175,0.0,0.0,0.0,7898459.38822425,0.0,1548729.31562825,-1477184.7548517503,-0.30316490838420573,-3025914.07048,-0.6210130174594263,0.0,-3113390.823362,-0.6389660065395774,-42686.25054725,-3070103.3580185,-0.6300820531803623,-0.00631275,-0.00631275,475151811,475151811,https://www.six-group.com/en/products-services/the-swiss-stock-exchange.html,https://www.six-group.com/en/products-services/the-swiss-stock-exchange.html,1620597302,17:55:02,20210509
18,2014-03-31,RLF.SW,CHF,2014-03-31,2014-03-31,Q1,4872545.317744,3401973.925653,1470571.392091,0.30180763773211616,0.0,453917.17131175,0.0,0.0,0.0,7898459.38822425,0.0,1548729.31562825,-1477184.7548517503,-0.30316490838420573,-3025914.07048,-0.6210130174594263,0.0,-3113390.823362,-0.6389660065395774,-42686.25054725,-3070103.3580185,-0.6300820531803623,-0.00631275,-0.00631275,475151811,475151811,https://www.six-group.com/en/products-services/the-swiss-stock-exchange.html,https://www.six-group.com/en/products-services/the-swiss-stock-exchange.html,1620597302,17:55:02,20210509
19,2014-01-31,RLF.SW,CHF,2014-01-31,2014-01-31,Q1,4872545.317744,3401973.925653,1470571.392091,0.30180763773211616,0.0,453917.17131175,0.0,0.0,0.0,7898459.38822425,0.0,1548729.31562825,-1477184.7548517503,-0.30316490838420573,-3025914.07048,-0.6210130174594263,0.0,-3113390.823362,-0.6389660065395774,-42686.25054725,-3070103.3580185,-0.6300820531803623,-0.00631275,-0.00631275,475151811,475151811,https://www.six-group.com/en/products-services/the-swiss-stock-exchange.html,https://www.six-group.com/en/products-services/the-swiss-stock-exchange.html,1620597302,17:55:02,20210509
20,2013-09-30,RLF.SW,CHF,2013-09-30,2013-09-30,Q3,5178583.1595735,3658984.7171975,1519598.44237625,0.2934390344909324,0.0,0.0,0.0,0.0,837617.36722925,8046825.21955875,0.0,493869.49377225,-2374372.56621275,-0.45849849139205473,-2868242.059985,-0.5538661776016017,0.0,-3109049.393797,-0.6003667987931001,-54227.60570575,-3042873.33259675,-0.5875880021297865,-0.0177695,-0.0177695,171382381,171382381,https://www.six-group.com/en/products-services/the-swiss-stock-exchange.html,https://www.six-group.com/en/products-services/the-swiss-stock-exchange.html,1620597302,17:55:02,20210509
21,2013-06-30,RLF.SW,CHF,2013-06-30,2013-06-30,Q2,5178583.1595735,3658984.7171975,1519598.44237625,0.2934390344909324,0.0,0.0,0.0,0.0,837617.36722925,8046825.21955875,0.0,493869.49377225,-2374372.56621275,-0.45849849139205473,-2868242.059985,-0.5538661776016017,0.0,-3109049.393797,-0.6003667987931001,-54227.60570575,-3042873.33259675,-0.5875880021297865,-0.0177695,-0.0177695,171382381,171382381,https://www.six-group.com/en/products-services/the-swiss-stock-exchange.html,https://www.six-group.com/en/products-services/the-swiss-stock-exchange.html,1620597302,17:55:02,20210509
22,2013-03-31,RLF.SW,CHF,2013-03-31,2013-03-31,Q1,5178583.1595735,3658984.7171975,1519598.44237625,0.2934390344909324,0.0,0.0,0.0,0.0,837617.36722925,8046825.21955875,0.0,493869.49377225,-2374372.56621275,-0.45849849139205473,-2868242.059985,-0.5538661776016017,0.0,-3109049.393797,-0.6003667987931001,-54227.60570575,-3042873.33259675,-0.5875880021297865,-0.0177695,-0.0177695,171382381,171382381,https://www.six-group.com/en/products-services/the-swiss-stock-exchange.html,https://www.six-group.com/en/products-services/the-swiss-stock-exchange.html,1620597302,17:55:02,20210509
23,2013-01-31,RLF.SW,CHF,2013-01-31,2013-01-31,Q1,5178583.1595735,3658984.7171975,1519598.44237625,0.2934390344909324,0.0,0.0,0.0,0.0,837617.36722925,8046825.21955875,0.0,493869.49377225,-2374372.56621275,-0.45849849139205473,-2868242.059985,-0.5538661776016017,0.0,-3109049.393797,-0.6003667987931001,-54227.60570575,-3042873.33259675,-0.5875880021297865,-0.0177695,-0.0177695,171382381,171382381,https://www.six-group.com/en/products-services/the-swiss-stock-exchange.html,https://www.six-group.com/en/products-services/the-swiss-stock-exchange.html,1620597302,17:55:02,20210509
24,2012-09-30,RLF.SW,CHF,2012-09-30,2012-09-30,Q3,0.0,0.0,0.0,0.0,475944.0,929903.25,139067.5,0.0,0.0,1544914.75,0.0,79438.5,-1465476.25,0.0,-1544914.75,0.0,0.0,-1621247.0,0.0,0.0,-1621247.0,0.0,-0.0235,-0.0235,69159569,69159569,https://www.six-group.com/en/products-services/the-swiss-stock-exchange.html,https://www.six-group.com/en/products-services/the-swiss-stock-exchange.html,1620597302,17:55:02,20210509
25,2012-06-30,RLF.SW,CHF,2012-06-30,2012-06-30,Q2,0.0,0.0,0.0,0.0,475944.0,929903.25,139067.5,0.0,0.0,1544914.75,0.0,79438.5,-1465476.25,0.0,-1544914.75,0.0,0.0,-1621247.0,0.0,0.0,-1621247.0,0.0,-0.0235,-0.0235,69159569,69159569,https://www.six-group.com/en/products-services/the-swiss-stock-exchange.html,https://www.six-group.com/en/products-services/the-swiss-stock-exchange.html,1620597302,17:55:02,20210509
26,2012-03-31,RLF.SW,CHF,2012-03-31,2012-03-31,Q1,0.0,0.0,0.0,0.0,475944.0,929903.25,139067.5,0.0,0.0,1544914.75,0.0,79438.5,-1465476.25,0.0,-1544914.75,0.0,0.0,-1621247.0,0.0,0.0,-1621247.0,0.0,-0.0235,-0.0235,69159569,69159569,https://www.six-group.com/en/products-services/the-swiss-stock-exchange.html,https://www.six-group.com/en/products-services/the-swiss-stock-exchange.html,1620597302,17:55:02,20210509
27,2012-01-31,RLF.SW,CHF,2012-01-31,2012-01-31,Q1,0.0,0.0,0.0,0.0,475944.0,929903.25,139067.5,0.0,0.0,1544914.75,0.0,79438.5,-1465476.25,0.0,-1544914.75,0.0,0.0,-1621247.0,0.0,0.0,-1621247.0,0.0,-0.0235,-0.0235,69159569,69159569,https://www.six-group.com/en/products-services/the-swiss-stock-exchange.html,https://www.six-group.com/en/products-services/the-swiss-stock-exchange.html,1620597302,17:55:02,20210509
28,2011-09-30,RLF.SW,CHF,2011-09-30,2011-09-30,Q3,0.0,0.0,0.0,0.0,13675011.75,667916.75,448900.5,0.0,0.0,14791829.0,82625.0,488966.75,-14302862.25,0.0,-14791829.0,0.0,0.0,-14791500.0,0.0,0.0,-14791500.0,0.0,-0.216,-0.216,68455100,68455100,https://www.six-group.com/en/products-services/the-swiss-stock-exchange.html,https://www.six-group.com/en/products-services/the-swiss-stock-exchange.html,1620597302,17:55:02,20210509
29,2011-06-30,RLF.SW,CHF,2011-06-30,2011-06-30,Q2,0.0,0.0,0.0,0.0,13675011.75,667916.75,448900.5,0.0,0.0,14791829.0,82625.0,488966.75,-14302862.25,0.0,-14791829.0,0.0,0.0,-14791500.0,0.0,0.0,-14791500.0,0.0,-0.216,-0.216,68455100,68455100,https://www.six-group.com/en/products-services/the-swiss-stock-exchange.html,https://www.six-group.com/en/products-services/the-swiss-stock-exchange.html,1620597302,17:55:02,20210509
30,2011-03-31,RLF.SW,CHF,2011-03-31,2011-03-31,Q1,0.0,0.0,0.0,0.0,13675011.75,667916.75,448900.5,0.0,0.0,14791829.0,82625.0,488966.75,-14302862.25,0.0,-14791829.0,0.0,0.0,-14791500.0,0.0,0.0,-14791500.0,0.0,-0.216,-0.216,68455100,68455100,https://www.six-group.com/en/products-services/the-swiss-stock-exchange.html,https://www.six-group.com/en/products-services/the-swiss-stock-exchange.html,1620597302,17:55:02,20210509
31,2011-01-31,RLF.SW,CHF,2011-01-31,2011-01-31,Q1,0.0,0.0,0.0,0.0,13675011.75,667916.75,448900.5,0.0,0.0,14791829.0,82625.0,488966.75,-14302862.25,0.0,-14791829.0,0.0,0.0,-14791500.0,0.0,0.0,-14791500.0,0.0,-0.216,-0.216,68455100,68455100,https://www.six-group.com/en/products-services/the-swiss-stock-exchange.html,https://www.six-group.com/en/products-services/the-swiss-stock-exchange.html,1620597302,17:55:02,20210509
32,2010-09-30,RLF.SW,CHF,2010-09-30,2010-09-30,Q3,96595.5,0.0,0.0,0.0,3636945.75,420844.0,850828.75,0.0,0.0,4908618.5,100252.25,903760.75,-3908262.25,-40.460086132376766,-4812023.0,-49.816223323032645,0.0,-4849243.25,-50.201544067787836,0.0,-4849243.25,-50.201544067787836,-0.00893675,-0.00893675,542615730,542615730,https://www.six-group.com/en/products-services/the-swiss-stock-exchange.html,https://www.six-group.com/en/products-services/the-swiss-stock-exchange.html,1620597302,17:55:02,20210509
33,2010-06-30,RLF.SW,CHF,2010-06-30,2010-06-30,Q2,96595.5,0.0,0.0,0.0,3636945.75,420844.0,850828.75,0.0,0.0,4908618.5,100252.25,903760.75,-3908262.25,-40.460086132376766,-4812023.0,-49.816223323032645,0.0,-4849243.25,-50.201544067787836,0.0,-4849243.25,-50.201544067787836,-0.00893675,-0.00893675,542615730,542615730,https://www.six-group.com/en/products-services/the-swiss-stock-exchange.html,https://www.six-group.com/en/products-services/the-swiss-stock-exchange.html,1620597302,17:55:02,20210509
34,2010-03-31,RLF.SW,CHF,2010-03-31,2010-03-31,Q1,96595.5,0.0,0.0,0.0,3636945.75,420844.0,850828.75,0.0,0.0,4908618.5,100252.25,903760.75,-3908262.25,-40.460086132376766,-4812023.0,-49.816223323032645,0.0,-4849243.25,-50.201544067787836,0.0,-4849243.25,-50.201544067787836,-0.00893675,-0.00893675,542615730,542615730,https://www.six-group.com/en/products-services/the-swiss-stock-exchange.html,https://www.six-group.com/en/products-services/the-swiss-stock-exchange.html,1620597302,17:55:02,20210509
35,2010-01-31,RLF.SW,CHF,2010-01-31,2010-01-31,Q1,96595.5,0.0,0.0,0.0,3636945.75,420844.0,850828.75,0.0,0.0,4908618.5,100252.25,903760.75,-3908262.25,-40.460086132376766,-4812023.0,-49.816223323032645,0.0,-4849243.25,-50.201544067787836,0.0,-4849243.25,-50.201544067787836,-0.00893675,-0.00893675,542615730,542615730,https://www.six-group.com/en/products-services/the-swiss-stock-exchange.html,https://www.six-group.com/en/products-services/the-swiss-stock-exchange.html,1620597302,17:55:02,20210509
36,2009-09-30,RLF.SW,CHF,2009-09-30,2009-09-30,Q3,3435085.0,0.0,0.0,0.0,5036430.75,517707.25,907921.5,0.0,0.0,6462059.5,81379.75,926877.5,-2100097.0,-0.6113668220728162,-3026974.5,-0.8811934784728762,0.0,-3055472.0,-0.8894894886152744,-2061.25,-3053410.75,-0.8888894306836658,-0.04673825,-0.04673825,529147853,529147853,https://www.six-group.com/en/products-services/the-swiss-stock-exchange.html,https://www.six-group.com/en/products-services/the-swiss-stock-exchange.html,1620597302,17:55:02,20210509
37,2009-06-30,RLF.SW,CHF,2009-06-30,2009-06-30,Q2,3435085.0,0.0,0.0,0.0,5036430.75,517707.25,907921.5,0.0,0.0,6462059.5,81379.75,926877.5,-2100097.0,-0.6113668220728162,-3026974.5,-0.8811934784728762,0.0,-3055472.0,-0.8894894886152744,-2061.25,-3053410.75,-0.8888894306836658,-0.04673825,-0.04673825,529147853,529147853,https://www.six-group.com/en/products-services/the-swiss-stock-exchange.html,https://www.six-group.com/en/products-services/the-swiss-stock-exchange.html,1620597302,17:55:02,20210509
38,2009-03-31,RLF.SW,CHF,2009-03-31,2009-03-31,Q1,3435085.0,0.0,0.0,0.0,5036430.75,517707.25,907921.5,0.0,0.0,6462059.5,81379.75,926877.5,-2100097.0,-0.6113668220728162,-3026974.5,-0.8811934784728762,0.0,-3055472.0,-0.8894894886152744,-2061.25,-3053410.75,-0.8888894306836658,-0.04673825,-0.04673825,529147853,529147853,https://www.six-group.com/en/products-services/the-swiss-stock-exchange.html,https://www.six-group.com/en/products-services/the-swiss-stock-exchange.html,1620597302,17:55:02,20210509
39,2009-01-31,RLF.SW,CHF,2009-01-31,2009-01-31,Q1,3435085.0,0.0,0.0,0.0,5036430.75,517707.25,907921.5,0.0,0.0,6462059.5,81379.75,926877.5,-2100097.0,-0.6113668220728162,-3026974.5,-0.8811934784728762,0.0,-3055472.0,-0.8894894886152744,-2061.25,-3053410.75,-0.8888894306836658,-0.04673825,-0.04673825,529147853,529147853,https://www.six-group.com/en/products-services/the-swiss-stock-exchange.html,https://www.six-group.com/en/products-services/the-swiss-stock-exchange.html,1620597302,17:55:02,20210509
40,2008-09-30,RLF.SW,CHF,2008-09-30,2008-09-30,Q3,3636300.0,0.0,0.0,0.0,5043235.0,297694.5,587650.0,0.0,0.0,5928579.5,194978.25,911081.75,-1381197.75,-0.3798360283804967,-2292279.5,-0.63038789428815,0.0,-2350208.75,-0.6463187168275445,0.0,-2350208.75,-0.6463187168275445,-0.0182455,-0.0182455,128952680,128952680,https://www.six-group.com/en/products-services/the-swiss-stock-exchange.html,https://www.six-group.com/en/products-services/the-swiss-stock-exchange.html,1620597302,17:55:02,20210509
41,2008-06-30,RLF.SW,CHF,2008-06-30,2008-06-30,Q2,3636300.0,0.0,0.0,0.0,5043235.0,297694.5,587650.0,0.0,0.0,5928579.5,194978.25,911081.75,-1381197.75,-0.3798360283804967,-2292279.5,-0.63038789428815,0.0,-2350208.75,-0.6463187168275445,0.0,-2350208.75,-0.6463187168275445,-0.0182455,-0.0182455,128952680,128952680,https://www.six-group.com/en/products-services/the-swiss-stock-exchange.html,https://www.six-group.com/en/products-services/the-swiss-stock-exchange.html,1620597302,17:55:02,20210509
42,2008-03-31,RLF.SW,CHF,2008-03-31,2008-03-31,Q1,3636300.0,0.0,0.0,0.0,5043235.0,297694.5,587650.0,0.0,0.0,5928579.5,194978.25,911081.75,-1381197.75,-0.3798360283804967,-2292279.5,-0.63038789428815,0.0,-2350208.75,-0.6463187168275445,0.0,-2350208.75,-0.6463187168275445,-0.0182455,-0.0182455,128952680,128952680,https://www.six-group.com/en/products-services/the-swiss-stock-exchange.html,https://www.six-group.com/en/products-services/the-swiss-stock-exchange.html,1620597302,17:55:02,20210509
43,2008-01-31,RLF.SW,CHF,2008-01-31,2008-01-31,Q1,3636300.0,0.0,0.0,0.0,5043235.0,297694.5,587650.0,0.0,0.0,5928579.5,194978.25,911081.75,-1381197.75,-0.3798360283804967,-2292279.5,-0.63038789428815,0.0,-2350208.75,-0.6463187168275445,0.0,-2350208.75,-0.6463187168275445,-0.0182455,-0.0182455,128952680,128952680,https://www.six-group.com/en/products-services/the-swiss-stock-exchange.html,https://www.six-group.com/en/products-services/the-swiss-stock-exchange.html,1620597302,17:55:02,20210509
44,2007-09-30,RLF.SW,CHF,2007-09-30,2007-09-30,Q3,3706796.0,0.0,0.0,0.0,2822795.25,377176.0,940408.75,0.0,0.0,4140380.0,163620.5,845353.0,411769.0,0.11108488300947773,-433584.0,-0.11697001939140972,0.0,-441350.0,-0.11906509017491117,58722.0,-500072.0,-0.13490680361152865,-0.003749,-0.003749,104318193,104318193,https://www.six-group.com/en/products-services/the-swiss-stock-exchange.html,https://www.six-group.com/en/products-services/the-swiss-stock-exchange.html,1620597302,17:55:02,20210509
45,2007-06-30,RLF.SW,CHF,2007-06-30,2007-06-30,Q2,3706796.0,0.0,0.0,0.0,2822795.25,377176.0,940408.75,0.0,0.0,4140380.0,163620.5,845353.0,411769.0,0.11108488300947773,-433584.0,-0.11697001939140972,0.0,-441350.0,-0.11906509017491117,58722.0,-500072.0,-0.13490680361152865,-0.003749,-0.003749,104318193,104318193,https://www.six-group.com/en/products-services/the-swiss-stock-exchange.html,https://www.six-group.com/en/products-services/the-swiss-stock-exchange.html,1620597302,17:55:02,20210509
46,2007-03-31,RLF.SW,CHF,2007-03-31,2007-03-31,Q1,3706796.0,0.0,0.0,0.0,2822795.25,377176.0,940408.75,0.0,0.0,4140380.0,163620.5,845353.0,411769.0,0.11108488300947773,-433584.0,-0.11697001939140972,0.0,-441350.0,-0.11906509017491117,58722.0,-500072.0,-0.13490680361152865,-0.003749,-0.003749,104318193,104318193,https://www.six-group.com/en/products-services/the-swiss-stock-exchange.html,https://www.six-group.com/en/products-services/the-swiss-stock-exchange.html,1620597302,17:55:02,20210509
47,2007-01-31,RLF.SW,CHF,2007-01-31,2007-01-31,Q1,3706796.0,0.0,0.0,0.0,2822795.25,377176.0,940408.75,0.0,0.0,4140380.0,163620.5,845353.0,411769.0,0.11108488300947773,-433584.0,-0.11697001939140972,0.0,-441350.0,-0.11906509017491117,58722.0,-500072.0,-0.13490680361152865,-0.003749,-0.003749,104318193,104318193,https://www.six-group.com/en/products-services/the-swiss-stock-exchange.html,https://www.six-group.com/en/products-services/the-swiss-stock-exchange.html,1620597302,17:55:02,20210509
