,date,symbol,reportedCurrency,fillingDate,acceptedDate,period,revenue,costOfRevenue,grossProfit,grossProfitRatio,researchAndDevelopmentExpenses,generalAndAdministrativeExpenses,sellingAndMarketingExpenses,otherExpenses,operatingExpenses,costAndExpenses,interestExpense,depreciationAndAmortization,ebitda,ebitdaratio,operatingIncome,operatingIncomeRatio,totalOtherIncomeExpensesNet,incomeBeforeTax,incomeBeforeTaxRatio,incomeTaxExpense,netIncome,netIncomeRatio,eps,epsdiluted,weightedAverageShsOut,weightedAverageShsOutDil,link,finalLink,timestamp,est_time,est_date
0,2020-09-30,RBR.AX,AUD,2020-09-30,2020-09-30,Q3,66546.25,8820.75,57725.5,0.86744933035295,0.0,205720.75,0.0,-6553.25,267724.0,0.0,39729.25,9792.25,-415719.25,-6.247072524747826,-425511.5,-6.394222063602382,-6553.25,-472418.75,-7.099104006611943,0.0,-472538.0,-7.1008959933880575,-0.0006684559947872264,-0.0006684559947872264,706909660,706909660,,,1620597093,17:51:33,20210509
1,2020-06-30,RBR.AX,AUD,2020-06-30,2020-06-30,Q2,66546.25,8820.75,57725.5,0.86744933035295,0.0,205720.75,0.0,-6553.25,267724.0,0.0,39729.25,9792.25,-415719.25,-6.247072524747826,-425511.5,-6.394222063602382,-6553.25,-472418.75,-7.099104006611943,0.0,-472538.0,-7.1008959933880575,-0.0006684559947872264,-0.0006684559947872264,706909660,706909660,,,1620597093,17:51:33,20210509
2,2020-03-31,RBR.AX,AUD,2020-03-31,2020-03-31,Q1,66546.25,8820.75,57725.5,0.86744933035295,0.0,205720.75,0.0,-6553.25,267724.0,0.0,39729.25,9792.25,-415719.25,-6.247072524747826,-425511.5,-6.394222063602382,-6553.25,-472418.75,-7.099104006611943,0.0,-472538.0,-7.1008959933880575,-0.0006684559947872264,-0.0006684559947872264,706909660,706909660,,,1620597093,17:51:33,20210509
3,2020-01-31,RBR.AX,AUD,2020-01-31,2020-01-31,Q1,66546.25,8820.75,57725.5,0.86744933035295,0.0,205720.75,0.0,-6553.25,267724.0,0.0,39729.25,9792.25,-415719.25,-6.247072524747826,-425511.5,-6.394222063602382,-6553.25,-472418.75,-7.099104006611943,0.0,-472538.0,-7.1008959933880575,-0.0006684559947872264,-0.0006684559947872264,706909660,706909660,,,1620597093,17:51:33,20210509
4,2019-06-30,RBR.AX,AUD,2019-06-30,2019-06-30,Q2,132435.5,17836.75,114598.75,0.8653174564221828,0.0,253358.25,0.0,-4134.25,209808.75,0.0,21828.0,4380.75,-348568.25,-2.6319850040208252,-352949.0,-2.6650633704709086,-4134.25,-378449.75,-2.857615594006139,-57.0,-374574.5,-2.828354179959301,-0.000525,-0.000525,706909660,706909660,,,1620597093,17:51:33,20210509
5,2019-03-31,RBR.AX,AUD,2019-03-31,2019-03-31,Q1,132435.5,17836.75,114598.75,0.8653174564221828,0.0,253358.25,0.0,-4134.25,209808.75,0.0,21828.0,4380.75,-348568.25,-2.6319850040208252,-352949.0,-2.6650633704709086,-4134.25,-378449.75,-2.857615594006139,-57.0,-374574.5,-2.828354179959301,-0.000525,-0.000525,706909660,706909660,,,1620597093,17:51:33,20210509
6,2019-01-31,RBR.AX,AUD,2019-01-31,2019-01-31,Q1,132435.5,17836.75,114598.75,0.8653174564221828,0.0,253358.25,0.0,-4134.25,209808.75,0.0,21828.0,4380.75,-348568.25,-2.6319850040208252,-352949.0,-2.6650633704709086,-4134.25,-378449.75,-2.857615594006139,-57.0,-374574.5,-2.828354179959301,-0.000525,-0.000525,706909660,706909660,,,1620597093,17:51:33,20210509
7,2018-06-30,RBR.AX,AUD,2018-06-30,2018-06-30,Q2,120902.75,38925.75,81977.0,0.6780408220656685,0.0,232057.5,0.0,873.25,164650.75,0.0,0.0,4756.0,-314731.25,-2.603176933527153,-319487.25,-2.6425143348683138,-36626.75,-355721.75,-2.9422138867809045,144.25,-353455.0,-2.923465347148845,-0.0006,-0.0006,593960476,593960476,,,1620597093,17:51:33,20210509
8,2018-03-31,RBR.AX,AUD,2018-03-31,2018-03-31,Q1,120902.75,38925.75,81977.0,0.6780408220656685,0.0,232057.5,0.0,873.25,164650.75,0.0,0.0,4756.0,-314731.25,-2.603176933527153,-319487.25,-2.6425143348683138,-36626.75,-355721.75,-2.9422138867809045,144.25,-353455.0,-2.923465347148845,-0.0006,-0.0006,593960476,593960476,,,1620597093,17:51:33,20210509
9,2018-01-31,RBR.AX,AUD,2018-01-31,2018-01-31,Q1,120902.75,38925.75,81977.0,0.6780408220656685,0.0,232057.5,0.0,873.25,164650.75,0.0,0.0,4756.0,-314731.25,-2.603176933527153,-319487.25,-2.6425143348683138,-36626.75,-355721.75,-2.9422138867809045,144.25,-353455.0,-2.923465347148845,-0.0006,-0.0006,593960476,593960476,,,1620597093,17:51:33,20210509
10,2017-06-30,RBR.AX,AUD,2017-06-30,2017-06-30,Q2,326672.75,72913.25,253759.5,0.7768003299938547,0.0,263782.25,0.0,-54774.75,212345.0,0.0,0.0,7436.5,-222367.75,-0.6807049256480683,-229804.25,-0.7034692976380797,-31154.5,-260360.25,-0.7970063312596475,9147.5,-266515.5,-0.8158485824116031,-0.00065,-0.00065,414571619,414571619,,,1620597093,17:51:33,20210509
11,2017-03-31,RBR.AX,AUD,2017-03-31,2017-03-31,Q1,326672.75,72913.25,253759.5,0.7768003299938547,0.0,263782.25,0.0,-54774.75,212345.0,0.0,0.0,7436.5,-222367.75,-0.6807049256480683,-229804.25,-0.7034692976380797,-31154.5,-260360.25,-0.7970063312596475,9147.5,-266515.5,-0.8158485824116031,-0.00065,-0.00065,414571619,414571619,,,1620597093,17:51:33,20210509
12,2017-01-31,RBR.AX,AUD,2017-01-31,2017-01-31,Q1,326672.75,72913.25,253759.5,0.7768003299938547,0.0,263782.25,0.0,-54774.75,212345.0,0.0,0.0,7436.5,-222367.75,-0.6807049256480683,-229804.25,-0.7034692976380797,-31154.5,-260360.25,-0.7970063312596475,9147.5,-266515.5,-0.8158485824116031,-0.00065,-0.00065,414571619,414571619,,,1620597093,17:51:33,20210509
13,2016-06-30,RBR.AX,AUD,2016-06-30,2016-06-30,Q2,0.0,0.0,0.0,0.0,0.0,281166.5,0.0,166171.25,215225.25,0.0,0.0,8452.0,-496391.75,0.0,-504843.75,0.0,166171.25,-337925.25,0.0,710.5,-338635.75,0.0,-0.00115,-0.00115,307911682,307911682,,,1620597093,17:51:33,20210509
14,2016-03-31,RBR.AX,AUD,2016-03-31,2016-03-31,Q1,0.0,0.0,0.0,0.0,0.0,281166.5,0.0,166171.25,215225.25,0.0,0.0,8452.0,-496391.75,0.0,-504843.75,0.0,166171.25,-337925.25,0.0,710.5,-338635.75,0.0,-0.00115,-0.00115,307911682,307911682,,,1620597093,17:51:33,20210509
15,2016-01-31,RBR.AX,AUD,2016-01-31,2016-01-31,Q1,0.0,0.0,0.0,0.0,0.0,281166.5,0.0,166171.25,215225.25,0.0,0.0,8452.0,-496391.75,0.0,-504843.75,0.0,166171.25,-337925.25,0.0,710.5,-338635.75,0.0,-0.00115,-0.00115,307911682,307911682,,,1620597093,17:51:33,20210509
16,2015-09-30,RBR.AX,AUD,2015-09-30,2015-09-30,Q3,0.0,0.0,0.0,0.0,0.0,77768.0,0.0,46699.5,201539.0,0.0,0.0,2110.0,-279307.0,0.0,-281417.0,0.0,46699.5,-234024.0,0.0,4061.25,-238085.25,0.0,-0.00101175,-0.00101175,231661799,231661799,,,1620597093,17:51:33,20210509
17,2015-06-30,RBR.AX,AUD,2015-06-30,2015-06-30,Q2,0.0,0.0,0.0,0.0,0.0,77768.0,0.0,46699.5,201539.0,0.0,0.0,2110.0,-279307.0,0.0,-281417.0,0.0,46699.5,-234024.0,0.0,4061.25,-238085.25,0.0,-0.00101175,-0.00101175,231661799,231661799,,,1620597093,17:51:33,20210509
18,2015-03-31,RBR.AX,AUD,2015-03-31,2015-03-31,Q1,0.0,0.0,0.0,0.0,0.0,77768.0,0.0,46699.5,201539.0,0.0,0.0,2110.0,-279307.0,0.0,-281417.0,0.0,46699.5,-234024.0,0.0,4061.25,-238085.25,0.0,-0.00101175,-0.00101175,231661799,231661799,,,1620597093,17:51:33,20210509
19,2015-01-31,RBR.AX,AUD,2015-01-31,2015-01-31,Q1,0.0,0.0,0.0,0.0,0.0,77768.0,0.0,46699.5,201539.0,0.0,0.0,2110.0,-279307.0,0.0,-281417.0,0.0,46699.5,-234024.0,0.0,4061.25,-238085.25,0.0,-0.00101175,-0.00101175,231661799,231661799,,,1620597093,17:51:33,20210509
20,2014-09-30,RBR.AX,AUD,2014-09-30,2014-09-30,Q3,0.0,0.0,0.0,0.0,0.0,106696.25,0.0,0.0,396128.25,0.0,0.0,1308.75,-502824.5,0.0,-504133.25,0.0,0.0,-501087.25,0.0,0.0,-501087.25,0.0,-0.00291775,-0.00291775,171386029,171386029,,,1620597093,17:51:33,20210509
21,2014-06-30,RBR.AX,AUD,2014-06-30,2014-06-30,Q2,0.0,0.0,0.0,0.0,0.0,106696.25,0.0,0.0,396128.25,0.0,0.0,1308.75,-502824.5,0.0,-504133.25,0.0,0.0,-501087.25,0.0,0.0,-501087.25,0.0,-0.00291775,-0.00291775,171386029,171386029,,,1620597093,17:51:33,20210509
22,2014-03-31,RBR.AX,AUD,2014-03-31,2014-03-31,Q1,0.0,0.0,0.0,0.0,0.0,106696.25,0.0,0.0,396128.25,0.0,0.0,1308.75,-502824.5,0.0,-504133.25,0.0,0.0,-501087.25,0.0,0.0,-501087.25,0.0,-0.00291775,-0.00291775,171386029,171386029,,,1620597093,17:51:33,20210509
23,2014-01-31,RBR.AX,AUD,2014-01-31,2014-01-31,Q1,0.0,0.0,0.0,0.0,0.0,106696.25,0.0,0.0,396128.25,0.0,0.0,1308.75,-502824.5,0.0,-504133.25,0.0,0.0,-501087.25,0.0,0.0,-501087.25,0.0,-0.00291775,-0.00291775,171386029,171386029,,,1620597093,17:51:33,20210509
24,2013-09-30,RBR.AX,AUD,2013-09-30,2013-09-30,Q3,0.0,0.0,0.0,0.0,0.0,98004.25,0.0,0.0,375157.0,0.0,0.0,1570.25,-473161.25,0.0,-474731.5,0.0,0.0,-456069.5,0.0,0.0,-456069.5,0.0,-0.00296475,-0.00296475,154386029,154386029,,,1620597093,17:51:33,20210509
25,2013-06-30,RBR.AX,AUD,2013-06-30,2013-06-30,Q2,0.0,0.0,0.0,0.0,0.0,98004.25,0.0,0.0,375157.0,0.0,0.0,1570.25,-473161.25,0.0,-474731.5,0.0,0.0,-456069.5,0.0,0.0,-456069.5,0.0,-0.00296475,-0.00296475,154386029,154386029,,,1620597093,17:51:33,20210509
26,2013-03-31,RBR.AX,AUD,2013-03-31,2013-03-31,Q1,0.0,0.0,0.0,0.0,0.0,98004.25,0.0,0.0,375157.0,0.0,0.0,1570.25,-473161.25,0.0,-474731.5,0.0,0.0,-456069.5,0.0,0.0,-456069.5,0.0,-0.00296475,-0.00296475,154386029,154386029,,,1620597093,17:51:33,20210509
27,2013-01-31,RBR.AX,AUD,2013-01-31,2013-01-31,Q1,0.0,0.0,0.0,0.0,0.0,98004.25,0.0,0.0,375157.0,0.0,0.0,1570.25,-473161.25,0.0,-474731.5,0.0,0.0,-456069.5,0.0,0.0,-456069.5,0.0,-0.00296475,-0.00296475,154386029,154386029,,,1620597093,17:51:33,20210509
28,2012-09-30,RBR.AX,AUD,2012-09-30,2012-09-30,Q3,0.0,0.0,0.0,0.0,0.0,102548.25,0.0,14250.0,362626.5,0.0,0.0,4771.75,-465174.75,0.0,-469946.5,0.0,14250.0,-422152.25,0.0,0.0,-422152.25,0.0,-0.0027765,-0.0027765,152443918,152443918,,,1620597093,17:51:33,20210509
29,2012-06-30,RBR.AX,AUD,2012-06-30,2012-06-30,Q2,0.0,0.0,0.0,0.0,0.0,102548.25,0.0,14250.0,362626.5,0.0,0.0,4771.75,-465174.75,0.0,-469946.5,0.0,14250.0,-422152.25,0.0,0.0,-422152.25,0.0,-0.0027765,-0.0027765,152443918,152443918,,,1620597093,17:51:33,20210509
30,2012-03-31,RBR.AX,AUD,2012-03-31,2012-03-31,Q1,0.0,0.0,0.0,0.0,0.0,102548.25,0.0,14250.0,362626.5,0.0,0.0,4771.75,-465174.75,0.0,-469946.5,0.0,14250.0,-422152.25,0.0,0.0,-422152.25,0.0,-0.0027765,-0.0027765,152443918,152443918,,,1620597093,17:51:33,20210509
31,2012-01-31,RBR.AX,AUD,2012-01-31,2012-01-31,Q1,0.0,0.0,0.0,0.0,0.0,102548.25,0.0,14250.0,362626.5,0.0,0.0,4771.75,-465174.75,0.0,-469946.5,0.0,14250.0,-422152.25,0.0,0.0,-422152.25,0.0,-0.0027765,-0.0027765,152443918,152443918,,,1620597093,17:51:33,20210509
32,2011-09-30,RBR.AX,AUD,2011-09-30,2011-09-30,Q3,0.0,0.0,0.0,0.0,0.0,130163.5,0.0,10437.5,326345.5,0.0,0.0,5779.5,-456509.0,0.0,-462288.5,0.0,10437.5,-416778.75,0.0,0.0,-416778.75,0.0,-0.0032,-0.0032,129810258,129810258,,,1620597093,17:51:33,20210509
33,2011-06-30,RBR.AX,AUD,2011-06-30,2011-06-30,Q2,0.0,0.0,0.0,0.0,0.0,130163.5,0.0,10437.5,326345.5,0.0,0.0,5779.5,-456509.0,0.0,-462288.5,0.0,10437.5,-416778.75,0.0,0.0,-416778.75,0.0,-0.0032,-0.0032,129810258,129810258,,,1620597093,17:51:33,20210509
34,2011-03-31,RBR.AX,AUD,2011-03-31,2011-03-31,Q1,0.0,0.0,0.0,0.0,0.0,130163.5,0.0,10437.5,326345.5,0.0,0.0,5779.5,-456509.0,0.0,-462288.5,0.0,10437.5,-416778.75,0.0,0.0,-416778.75,0.0,-0.0032,-0.0032,129810258,129810258,,,1620597093,17:51:33,20210509
35,2011-01-31,RBR.AX,AUD,2011-01-31,2011-01-31,Q1,0.0,0.0,0.0,0.0,0.0,130163.5,0.0,10437.5,326345.5,0.0,0.0,5779.5,-456509.0,0.0,-462288.5,0.0,10437.5,-416778.75,0.0,0.0,-416778.75,0.0,-0.0032,-0.0032,129810258,129810258,,,1620597093,17:51:33,20210509
36,2010-09-30,RBR.AX,AUD,2010-09-30,2010-09-30,Q3,0.0,0.0,0.0,0.0,0.0,118569.5,0.0,0.0,556097.0,0.0,0.0,14130.75,-674666.5,0.0,-688797.25,0.0,0.0,-655574.25,0.0,0.0,-655574.25,0.0,-0.00691775,-0.00691775,94761207,94761207,,,1620597093,17:51:33,20210509
37,2010-06-30,RBR.AX,AUD,2010-06-30,2010-06-30,Q2,0.0,0.0,0.0,0.0,0.0,118569.5,0.0,0.0,556097.0,0.0,0.0,14130.75,-674666.5,0.0,-688797.25,0.0,0.0,-655574.25,0.0,0.0,-655574.25,0.0,-0.00691775,-0.00691775,94761207,94761207,,,1620597093,17:51:33,20210509
38,2010-03-31,RBR.AX,AUD,2010-03-31,2010-03-31,Q1,0.0,0.0,0.0,0.0,0.0,118569.5,0.0,0.0,556097.0,0.0,0.0,14130.75,-674666.5,0.0,-688797.25,0.0,0.0,-655574.25,0.0,0.0,-655574.25,0.0,-0.00691775,-0.00691775,94761207,94761207,,,1620597093,17:51:33,20210509
39,2010-01-31,RBR.AX,AUD,2010-01-31,2010-01-31,Q1,0.0,0.0,0.0,0.0,0.0,118569.5,0.0,0.0,556097.0,0.0,0.0,14130.75,-674666.5,0.0,-688797.25,0.0,0.0,-655574.25,0.0,0.0,-655574.25,0.0,-0.00691775,-0.00691775,94761207,94761207,,,1620597093,17:51:33,20210509
40,2009-09-30,RBR.AX,AUD,2009-09-30,2009-09-30,Q3,0.0,0.0,0.0,0.0,0.0,97216.0,0.0,12500.0,747009.5,0.0,0.0,15037.25,-844225.5,0.0,-859262.75,0.0,12500.0,-784907.5,0.0,0.0,-784907.5,0.0,-0.0092235,-0.0092235,85000000,85000000,,,1620597093,17:51:33,20210509
41,2009-06-30,RBR.AX,AUD,2009-06-30,2009-06-30,Q2,0.0,0.0,0.0,0.0,0.0,97216.0,0.0,12500.0,747009.5,0.0,0.0,15037.25,-844225.5,0.0,-859262.75,0.0,12500.0,-784907.5,0.0,0.0,-784907.5,0.0,-0.0092235,-0.0092235,85000000,85000000,,,1620597093,17:51:33,20210509
42,2009-03-31,RBR.AX,AUD,2009-03-31,2009-03-31,Q1,0.0,0.0,0.0,0.0,0.0,97216.0,0.0,12500.0,747009.5,0.0,0.0,15037.25,-844225.5,0.0,-859262.75,0.0,12500.0,-784907.5,0.0,0.0,-784907.5,0.0,-0.0092235,-0.0092235,85000000,85000000,,,1620597093,17:51:33,20210509
43,2009-01-31,RBR.AX,AUD,2009-01-31,2009-01-31,Q1,0.0,0.0,0.0,0.0,0.0,97216.0,0.0,12500.0,747009.5,0.0,0.0,15037.25,-844225.5,0.0,-859262.75,0.0,12500.0,-784907.5,0.0,0.0,-784907.5,0.0,-0.0092235,-0.0092235,85000000,85000000,,,1620597093,17:51:33,20210509
44,2008-09-30,RBR.AX,AUD,2008-09-30,2008-09-30,Q3,0.0,0.0,0.0,0.0,0.0,127500.75,0.0,425.5,254352.75,0.0,0.0,14570.75,-381853.5,0.0,-396424.25,0.0,425.5,-280747.25,0.0,0.0,-280747.25,0.0,-0.00341175,-0.00341175,82415068,82415068,,,1620597093,17:51:33,20210509
45,2008-06-30,RBR.AX,AUD,2008-06-30,2008-06-30,Q2,0.0,0.0,0.0,0.0,0.0,127500.75,0.0,425.5,254352.75,0.0,0.0,14570.75,-381853.5,0.0,-396424.25,0.0,425.5,-280747.25,0.0,0.0,-280747.25,0.0,-0.00341175,-0.00341175,82415068,82415068,,,1620597093,17:51:33,20210509
46,2008-03-31,RBR.AX,AUD,2008-03-31,2008-03-31,Q1,0.0,0.0,0.0,0.0,0.0,127500.75,0.0,425.5,254352.75,0.0,0.0,14570.75,-381853.5,0.0,-396424.25,0.0,425.5,-280747.25,0.0,0.0,-280747.25,0.0,-0.00341175,-0.00341175,82415068,82415068,,,1620597093,17:51:33,20210509
47,2008-01-31,RBR.AX,AUD,2008-01-31,2008-01-31,Q1,0.0,0.0,0.0,0.0,0.0,127500.75,0.0,425.5,254352.75,0.0,0.0,14570.75,-381853.5,0.0,-396424.25,0.0,425.5,-280747.25,0.0,0.0,-280747.25,0.0,-0.00341175,-0.00341175,82415068,82415068,,,1620597093,17:51:33,20210509
48,2007-09-30,RBR.AX,AUD,2007-09-30,2007-09-30,Q3,0.0,0.0,0.0,0.0,0.0,190008.0,0.0,0.0,3668.5,0.0,0.0,1742.25,-193676.5,0.0,-195418.75,0.0,0.0,-140170.25,0.0,0.0,-140170.25,0.0,-0.0032235,-0.0032235,43582876,43582876,,,1620597093,17:51:33,20210509
49,2007-06-30,RBR.AX,AUD,2007-06-30,2007-06-30,Q2,0.0,0.0,0.0,0.0,0.0,190008.0,0.0,0.0,3668.5,0.0,0.0,1742.25,-193676.5,0.0,-195418.75,0.0,0.0,-140170.25,0.0,0.0,-140170.25,0.0,-0.0032235,-0.0032235,43582876,43582876,,,1620597093,17:51:33,20210509
50,2007-03-31,RBR.AX,AUD,2007-03-31,2007-03-31,Q1,0.0,0.0,0.0,0.0,0.0,190008.0,0.0,0.0,3668.5,0.0,0.0,1742.25,-193676.5,0.0,-195418.75,0.0,0.0,-140170.25,0.0,0.0,-140170.25,0.0,-0.0032235,-0.0032235,43582876,43582876,,,1620597093,17:51:33,20210509
51,2007-01-31,RBR.AX,AUD,2007-01-31,2007-01-31,Q1,0.0,0.0,0.0,0.0,0.0,190008.0,0.0,0.0,3668.5,0.0,0.0,1742.25,-193676.5,0.0,-195418.75,0.0,0.0,-140170.25,0.0,0.0,-140170.25,0.0,-0.0032235,-0.0032235,43582876,43582876,,,1620597093,17:51:33,20210509
