,date,symbol,reportedCurrency,fillingDate,acceptedDate,period,revenue,costOfRevenue,grossProfit,grossProfitRatio,researchAndDevelopmentExpenses,generalAndAdministrativeExpenses,sellingAndMarketingExpenses,otherExpenses,operatingExpenses,costAndExpenses,interestExpense,depreciationAndAmortization,ebitda,ebitdaratio,operatingIncome,operatingIncomeRatio,totalOtherIncomeExpensesNet,incomeBeforeTax,incomeBeforeTaxRatio,incomeTaxExpense,netIncome,netIncomeRatio,eps,epsdiluted,weightedAverageShsOut,weightedAverageShsOutDil,link,finalLink,timestamp,est_time,est_date
0,2020-12-31,ZYNE,USD,2021-03-10,2021-03-10 07:16:09,Q4,0.0,0.0,0.0,0.0,5616412.0,4573114.0,0.0,0.0,10189526.0,10189526.0,0.0,59782.0,-10129744.0,0.0,-10189526.0,0.0,566890.0,-9617710.0,0.0,0.0,-9617710.0,0.0,-0.328885089357846,-0.328885089357846,29243375.0,29243375.0,https://www.sec.gov/Archives/edgar/data/1621443/000155837021002669/0001558370-21-002669-index.htm,https://www.sec.gov/Archives/edgar/data/1621443/000155837021002669/zyne-20201231x10k.htm,1620600190,18:43:10,20210509
1,2020-09-30,ZYNE,USD,2020-11-09,2020-11-09 07:31:28,Q3,0.0,0.0,0.0,0.0,5805948.0,3425831.0,0.0,0.0,9231779.0,9231779.0,0.0,57790.0,-9173989.0,0.0,-9231779.0,0.0,172467.0,-9048531.0,0.0,0.0,-9048531.0,0.0,-0.31,-0.31,29243375.0,29243375.0,https://www.sec.gov/Archives/edgar/data/1621443/000155837020013247/0001558370-20-013247-index.htm,https://www.sec.gov/Archives/edgar/data/1621443/000155837020013247/zyne-20200930x10q.htm,1620600190,18:43:10,20210509
2,2020-06-30,ZYNE,USD,2020-08-10,2020-08-10 09:27:31,Q2,0.0,0.0,0.0,0.0,17349841.0,4492034.0,0.0,0.0,21841875.0,21841875.0,0.0,48247.0,-21793628.0,0.0,-21841875.0,0.0,1482513.0,-20332761.0,0.0,0.0,-20332761.0,0.0,-0.78,-0.78,26100264.0,26100264.0,https://www.sec.gov/Archives/edgar/data/1621443/000155837020010072/0001558370-20-010072-index.htm,https://www.sec.gov/Archives/edgar/data/1621443/000155837020010072/zyne-20200630x10q.htm,1620600190,18:43:10,20210509
3,2020-03-31,ZYNE,USD,2020-05-11,2020-05-11 08:01:13,Q1,0.0,0.0,0.0,0.0,6882793.0,3916569.0,0.0,0.0,10799362.0,10799362.0,0.0,41216.0,-10758146.0,0.0,-10799362.0,0.0,-1740151.0,-12337829.0,0.0,0.0,-12337829.0,0.0,-0.53,-0.53,23399438.0,23399438.0,https://www.sec.gov/Archives/edgar/data/1621443/000155837020006117/0001558370-20-006117-index.htm,https://www.sec.gov/Archives/edgar/data/1621443/000155837020002280/zyne-20191231x10k.htm,1620600190,18:43:10,20210509
4,2019-12-31,ZYNE,USD,2020-03-10,2020-03-10 07:12:54,Q4,0.0,0.0,0.0,0.0,7457953.0,3958211.0,0.0,0.0,11416164.0,11416164.0,0.0,35672.0,-11380492.0,0.0,-11416164.0,0.0,406033.0,-10714991.0,0.0,0.0,-10714991.0,0.0,-0.46,-0.46,23191428.0,23191428.0,https://www.sec.gov/Archives/edgar/data/1621443/000155837020002280/0001558370-20-002280-index.htm,https://www.sec.gov/Archives/edgar/data/1621443/000155837020002280/zyne-20191231x10k.htm,1620600190,18:43:10,20210509
5,2019-09-30,ZYNE,USD,2019-11-06,2019-11-06 08:16:31,Q3,0.0,0.0,0.0,0.0,-1604399.0,3530617.0,0.0,0.0,1926218.0,1926218.0,0.0,36027.0,-1890191.0,0.0,-1926218.0,0.0,-457018.0,-1946390.0,0.0,0.0,-1946390.0,0.0,-0.08,-0.08,23186410.0,23186410.0,https://www.sec.gov/Archives/edgar/data/1621443/000155837019010074/0001558370-19-010074-index.htm,https://www.sec.gov/Archives/edgar/data/1621443/000155837019010074/zyne-20190930x10q.htm,1620600190,18:43:10,20210509
6,2019-06-30,ZYNE,USD,2019-08-06,2019-08-06 07:04:47,Q2,0.0,0.0,0.0,0.0,8223783.0,3287276.0,0.0,0.0,11511059.0,11511059.0,0.0,32924.0,-11478135.0,0.0,-11511059.0,0.0,-63327.0,-11135185.0,0.0,0.0,-11135185.0,0.0,-0.5,-0.5,22116758.0,22116758.0,https://www.sec.gov/Archives/edgar/data/1621443/000155837019007148/0001558370-19-007148-index.htm,https://www.sec.gov/Archives/edgar/data/1621443/000155837019007148/zyne-20190630x10q.htm,1620600190,18:43:10,20210509
7,2019-03-31,ZYNE,USD,2019-05-08,2019-05-08 09:01:20,Q1,0.0,0.0,0.0,0.0,6306712.0,3159657.0,0.0,0.0,9466369.0,9466369.0,0.0,29256.0,-9437113.0,0.0,-9466369.0,0.0,-31599.0,-9147017.0,0.0,0.0,-9147017.0,0.0,-0.47,-0.47,19452088.0,19452088.0,https://www.sec.gov/Archives/edgar/data/1621443/000155837019004373/0001558370-19-004373-index.htm,https://www.sec.gov/Archives/edgar/data/1621443/000155837019001742/zyne-20181231x10k.htm,1620600190,18:43:10,20210509
8,2018-12-31,ZYNE,USD,2019-03-11,2019-03-11 09:01:37,Q4,86000.0,0.0,0.0,0.0,4876162.0,3256044.0,0.0,0.0,8132206.0,8132206.0,0.0,26377.0,-8019829.0,-93.25382558139535,-8046206.0,-93.56053488372093,-65658.0,-7790243.0,-90.58422093023256,0.0,-7790243.0,-90.58422093023256,-0.44,-0.44,17616373.0,17616373.0,https://www.sec.gov/Archives/edgar/data/1621443/000155837019001742/0001558370-19-001742-index.htm,https://www.sec.gov/Archives/edgar/data/1621443/000155837019001742/zyne-20181231x10k.htm,1620600190,18:43:10,20210509
9,2018-09-30,ZYNE,USD,2018-11-08,2018-11-08 08:40:30,Q3,0.0,0.0,0.0,0.0,4859902.0,3125780.0,0.0,0.0,7985682.0,7985682.0,0.0,25043.0,-7960639.0,0.0,-7985682.0,0.0,-99897.0,-7807365.0,0.0,0.0,-7807365.0,0.0,-0.47,-0.47,16587353.0,16587353.0,https://www.sec.gov/Archives/edgar/data/1621443/000155837018008905/0001558370-18-008905-index.htm,https://www.sec.gov/Archives/edgar/data/1621443/000155837018008905/zyne-20180930x10q.htm,1620600190,18:43:10,20210509
10,2018-06-30,ZYNE,USD,2018-08-02,2018-08-02 08:01:23,Q2,0.0,0.0,0.0,0.0,8533466.0,3436340.0,0.0,0.0,11969806.0,11969806.0,0.0,21586.0,-11948220.0,0.0,-11969806.0,0.0,-223731.0,-12007233.0,0.0,0.0,-12007233.0,0.0,-0.89,-0.89,13504485.0,13504485.0,https://www.sec.gov/Archives/edgar/data/1621443/000155837018006158/0001558370-18-006158-index.htm,https://www.sec.gov/Archives/edgar/data/1621443/000155837018006158/zyne-20180630x10q.htm,1620600190,18:43:10,20210509
11,2018-03-31,ZYNE,USD,2018-05-08,2018-05-08 16:16:58,Q1,0.0,0.0,0.0,0.0,8975513.0,3420623.0,0.0,0.0,12396136.0,12396136.0,0.0,26566.0,-12369570.0,0.0,-12396136.0,0.0,-85382.0,-12306334.0,0.0,0.0,-12306334.0,0.0,-0.91,-0.91,13467694.0,13467694.0,https://www.sec.gov/Archives/edgar/data/1621443/000155837018004308/0001558370-18-004308-index.htm,https://www.sec.gov/Archives/edgar/data/1621443/000155837018001906/zyne-20171231x10k.htm,1620600190,18:43:10,20210509
12,2017-12-31,ZYNE,USD,2018-03-12,2018-03-12 16:16:12,Q4,0.0,0.0,0.0,0.0,5828091.0,2376413.0,0.0,0.0,8204504.0,8204504.0,0.0,25843.0,-8178661.0,0.0,-8204504.0,0.0,-70299.0,-8118599.0,0.0,0.0,-8118599.0,0.0,-0.6,-0.6,13423669.0,13423669.0,https://www.sec.gov/Archives/edgar/data/1621443/000155837018001906/0001558370-18-001906-index.htm,https://www.sec.gov/Archives/edgar/data/1621443/000155837018001906/zyne-20171231x10k.htm,1620600190,18:43:10,20210509
13,2017-09-30,ZYNE,USD,2017-11-14,2017-11-14 08:01:02,Q3,0.0,0.0,0.0,0.0,5753764.0,2795839.0,0.0,0.0,8549603.0,8549603.0,0.0,24773.0,-8524830.0,0.0,-8549603.0,0.0,76468.0,-8311205.0,0.0,0.0,-8311205.0,0.0,-0.63,-0.63,13098914.0,13098914.0,https://www.sec.gov/Archives/edgar/data/1621443/000155837017008885/0001558370-17-008885-index.htm,https://www.sec.gov/Archives/edgar/data/1621443/000155837017008885/zyne-20170930x10q.htm,1620600190,18:43:10,20210509
14,2017-06-30,ZYNE,USD,2017-08-01,2017-08-01 16:16:07,Q2,0.0,0.0,0.0,0.0,5732797.0,2632857.0,0.0,0.0,8365654.0,8365654.0,0.0,23176.0,-8342478.0,0.0,-8365654.0,0.0,-82360.0,-8323479.0,0.0,0.0,-8323479.0,0.0,-0.64,-0.64,13052294.0,13052294.0,https://www.sec.gov/Archives/edgar/data/1621443/000155837017005598/0001558370-17-005598-index.htm,https://www.sec.gov/Archives/edgar/data/1621443/000155837017005598/zyne-20170630x10q.htm,1620600190,18:43:10,20210509
15,2017-03-31,ZYNE,USD,2017-05-09,2017-05-09 16:17:08,Q1,0.0,0.0,0.0,0.0,5491455.0,2211793.0,0.0,0.0,7703248.0,7703248.0,0.0,20419.0,-7682829.0,0.0,-7703248.0,0.0,367342.0,-7259021.0,0.0,0.0,-7259021.0,0.0,-0.6,-0.6,12067453.0,12067453.0,https://www.sec.gov/Archives/edgar/data/1621443/000155837017003983/0001558370-17-003983-index.htm,https://www.sec.gov/Archives/edgar/data/1621443/000155837017002155/zyne-20161231x10k.htm,1620600190,18:43:10,20210509
16,2016-12-31,ZYNE,USD,2017-03-27,2017-03-27 17:10:08,Q4,0.0,0.0,0.0,0.0,4904362.0,1780304.0,0.0,0.0,6684666.0,6684666.0,0.0,22007.0,-6662659.0,0.0,-6684666.0,0.0,-238976.0,-6896663.0,0.0,0.0,-6896663.0,0.0,-0.71,-0.71,9678924.0,9678924.0,https://www.sec.gov/Archives/edgar/data/1621443/000155837017002155/0001558370-17-002155-index.htm,https://www.sec.gov/Archives/edgar/data/1621443/000155837017002155/zyne-20161231x10k.htm,1620600190,18:43:10,20210509
17,2016-09-30,ZYNE,USD,2016-11-14,2016-11-14 14:40:26,Q3,0.0,0.0,0.0,0.0,4504097.0,1493461.0,0.0,0.0,5997558.0,5997558.0,0.0,25844.0,-5971714.0,0.0,-5997558.0,0.0,-6270.0,-5981081.0,0.0,0.0,-5981081.0,0.0,-0.67,-0.67,8912508.0,8912508.0,https://www.sec.gov/Archives/edgar/data/1621443/000155837016010026/0001558370-16-010026-index.htm,https://www.sec.gov/Archives/edgar/data/1621443/000155837016010026/zyne-20160930x10q.htm,1620600190,18:43:10,20210509
18,2016-06-30,ZYNE,USD,2016-08-11,2016-08-11 16:35:58,Q2,0.0,0.0,0.0,0.0,4807177.0,1476357.0,0.0,0.0,6283534.0,6283534.0,0.0,13892.0,-6269642.0,0.0,-6283534.0,0.0,-20250.0,-6285666.0,0.0,-56277.0,-6229389.0,0.0,-0.7,-0.7,8860592.0,8860592.0,https://www.sec.gov/Archives/edgar/data/1621443/000155837016007921/0001558370-16-007921-index.htm,https://www.sec.gov/Archives/edgar/data/1621443/000155837016007921/zyne-20160630x10q.htm,1620600190,18:43:10,20210509
19,2016-03-31,ZYNE,USD,2016-05-12,2016-05-12 16:27:52,Q1,7250.0,0.0,0.0,0.0,2568989.0,1680130.0,0.0,0.0,4249119.0,4249119.0,0.0,13558.0,-4228311.0,-583.2153103448276,-4241869.0,-585.0853793103448,-23148.0,-4252640.0,-586.5710344827586,28734.0,-4281374.0,-590.5343448275862,-0.49,-0.49,8823951.0,8823951.0,https://www.sec.gov/Archives/edgar/data/1621443/000155837016005929/0001558370-16-005929-index.htm,https://www.sec.gov/Archives/edgar/data/1621443/000155837016004082/zync-20151231x10k.htm,1620600190,18:43:10,20210509
20,2015-12-31,ZYNE,USD,2016-03-14,2016-03-14 08:18:58,Q4,49275.0,0.0,49275.0,1.0,3309010.0,2156387.0,0.0,0.0,5465397.0,5465397.0,0.0,13255.0,-5402867.0,-109.64722475900558,-5416122.0,-109.91622526636225,0.0,-5411718.0,-109.82684931506849,0.0,-5439261.0,-110.38581430745815,-0.6164201274463106,-0.6164201274463106,8823951.0,8823951.0,https://www.sec.gov/Archives/edgar/data/1621443/000155837016004082/0001558370-16-004082-index.htm,https://www.sec.gov/Archives/edgar/data/1621443/000155837016004082/zync-20151231x10k.htm,1620600190,18:43:10,20210509
21,2015-09-30,ZYNE,USD,2015-11-12,2015-11-12 17:15:16,Q3,199407.0,0.0,199407.0,1.0,2271968.0,1922755.0,0.0,0.0,4194723.0,4194723.0,0.0,8230.0,-3987086.0,-19.994714327982468,-3995316.0,-20.035986700567182,0.0,-3993744.0,-20.028103326362665,0.0,-3993744.0,-20.028103326362665,-0.66,-0.66,6045211.0,6045211.0,https://www.sec.gov/Archives/edgar/data/1621443/000155837015002642/0001558370-15-002642-index.htm,https://www.sec.gov/Archives/edgar/data/1621443/000155837015002642/zyne-20150930x10q.htm,1620600190,18:43:10,20210509
22,2015-06-30,ZYNE,USD,2015-06-30,2015-06-30,Q2,15390.0,0.0,15390.0,1.0,1010989.0,631474.0,0.0,0.0,1642463.0,1642463.0,0.0,3095.0,-1623978.0,-105.52163742690058,-1627073.0,-105.7227420402859,0.0,-1626376.0,-105.67745289148797,0.0,-1626376.0,-105.67745289148797,-0.186213,-0.186213,8733963.0,8733963.0,,,1620600190,18:43:10,20210509
23,2015-03-31,ZYNE,USD,2015-03-31,2015-03-31,Q1,14828.0,0.0,14828.0,1.0,853704.0,653773.0,0.0,0.0,1507477.0,1507477.0,0.0,1447.0,-1491202.0,-100.56663069867818,-1492649.0,-100.66421634745078,0.0,-1491969.0,-100.6183571621257,0.0,-1491969.0,-100.6183571621257,-0.26,-0.26,5733963.0,5733963.0,,,1620600190,18:43:10,20210509
24,2014-12-31,ZYNE,USD,2014-12-31,2014-12-31,Q4,74157.0,0.0,74157.0,1.0,815695.0,662779.0,0.0,0.0,1478474.0,1478474.0,0.0,1451.0,-1402866.0,-18.917512844370727,-1404317.0,-18.937079439567405,0.0,-1404317.0,-18.937079439567405,0.0,-1404317.0,-18.937079439567405,-0.24491211401259477,-0.24491211401259477,5733963.0,5733963.0,,,1620600190,18:43:10,20210509
25,2014-09-30,ZYNE,USD,2014-09-30,2014-09-30,Q3,525471.0,0.0,0.0,0.0,932838.0,2107520.0,0.0,0.0,3040358.0,3040358.0,0.0,6850.0,-2508037.0,-4.772931332081123,-2514887.0,-4.7859672560426745,0.0,-2515246.0,-4.786650452641535,0.0,-2515246.0,-4.786650452641535,-0.438658,-0.438658,5733963.0,5733963.0,,,1620600190,18:43:10,20210509
26,2014-06-30,ZYNE,USD,2014-06-30,2014-06-30,Q2,64097.0,0.0,64097.0,1.0,367296.0,1206188.0,0.0,0.0,1573484.0,1573484.0,0.0,9127.0,-1500260.0,-23.406087648407883,-1509387.0,-23.54848120816887,0.0,-1509655.0,-23.55266237109381,0.0,-1509655.0,-23.55266237109381,-0.263283,-0.263283,5733963.0,5733963.0,,,1620600190,18:43:10,20210509
27,2014-03-31,ZYNE,USD,2014-03-31,2014-03-31,Q1,146287.0,0.0,146287.0,1.0,285725.0,99704.0,0.0,0.0,385429.0,385429.0,0.0,9635.0,-229507.0,-1.5688817188130182,-239142.0,-1.6347453977455275,0.0,-240359.0,-1.6430646605645067,0.0,-240359.0,-1.6430646605645067,-0.057258,-0.057258,5733963.0,5733963.0,,,1620600190,18:43:10,20210509
