,date,symbol,reportedCurrency,fillingDate,acceptedDate,period,revenue,costOfRevenue,grossProfit,grossProfitRatio,researchAndDevelopmentExpenses,generalAndAdministrativeExpenses,sellingAndMarketingExpenses,otherExpenses,operatingExpenses,costAndExpenses,interestExpense,depreciationAndAmortization,ebitda,ebitdaratio,operatingIncome,operatingIncomeRatio,totalOtherIncomeExpensesNet,incomeBeforeTax,incomeBeforeTaxRatio,incomeTaxExpense,netIncome,netIncomeRatio,eps,epsdiluted,weightedAverageShsOut,weightedAverageShsOutDil,link,finalLink,timestamp,est_time,est_date
0,2020-12-31,TPCS,USD,2021-02-11,2021-02-11 16:20:51,Q3,3569718.0,2864274.0,705444.0,0.19761897158262923,0.0,0.0,0.0,-219.0,716361.0,3580635.0,50.405,521422.0,510505.0,0.14300989601979763,-10917.0,-0.0030582247673345627,-219.0,-61541.0,-0.01723973714450273,-13369.0,-48172.0,-0.013494623384816391,-0.0016407401096208672,-0.0016407401096208672,29359921,29359921,https://www.sec.gov/Archives/edgar/data/1328792/000110465921020716/0001104659-21-020716-index.htm,https://www.sec.gov/Archives/edgar/data/1328792/000110465921020716/tm214827d1_10q.htm,1620598966,18:22:46,20210509
1,2020-09-30,TPCS,USD,2020-11-12,2020-11-12 16:21:49,Q2,1431408.0,999562.0,431846.0,0.30169315806534547,0.0,0.0,0.0,6468.0,696016.0,902216.0,-6316.0,169995.0,699187.0,0.4884610118149402,529192.0,0.3697003230385746,152.0,535660.0,0.3742189508511899,148662.0,386998.0,0.27036176967014297,0.013181166257225284,0.013181166257225284,29359921,29359921,https://www.sec.gov/Archives/edgar/data/1328792/000110465920124428/0001104659-20-124428-index.htm,https://www.sec.gov/Archives/edgar/data/1328792/000110465920124428/tm2029666-1_10q.htm,1620598966,18:22:46,20210509
2,2020-06-30,TPCS,USD,2020-08-13,2020-08-13 16:21:40,Q1,3282525.0,2585511.0,697014.0,0.21234080471588182,0.0,0.0,0.0,-57246.0,793362.0,3378873.0,57898.0,184378.0,88030.0,0.026817769857046023,-96348.0,-0.029351794731190164,-57246.0,-153594.0,-0.046791418191788337,-37360.0,-116234.0,-0.035409935948698026,-0.00396,-0.00396,29359921,29359921,https://www.sec.gov/Archives/edgar/data/1328792/000110465920094702/0001104659-20-094702-index.htm,https://www.sec.gov/Archives/edgar/data/1328792/000110465920094702/tm2024714d1_10q.htm,1620598966,18:22:46,20210509
3,2020-03-31,TPCS,USD,2020-06-11,2020-06-11 16:22:27,Q4,4931668.0,3629799.0,1301869.0,0.2639814764497529,0.0,0.0,0.0,-75942.0,1135431.0,4270230.0,77629.0,197763.0,364201.0,0.07384945620832546,166438.0,0.03374882494117609,-75942.0,90496.0,0.01834997814126985,42051.0,48445.0,0.009823248442514783,0.00166,0.00166,29258692,29258692,https://www.sec.gov/Archives/edgar/data/1328792/000110465920072425/0001104659-20-072425-index.htm,https://www.sec.gov/Archives/edgar/data/1328792/000110465920072425/tm2021499d1_10k.htm,1620598966,18:22:46,20210509
4,2019-12-31,TPCS,USD,2020-02-13,2020-02-13 16:17:16,Q3,3667276.0,3352962.0,314314.0,0.08570775692912123,0.0,0.0,0.0,-197384.0,662675.0,4015637.0,69328.0,178518.0,-169843.0,-0.0463131217830346,-348361.0,-0.09499175955123094,-69143.0,-417504.0,-0.11384580816933332,-97734.0,-319770.0,-0.08719550969166215,-0.01093,-0.01093,29254230,29254230,https://www.sec.gov/Archives/edgar/data/1328792/000110465920020190/0001104659-20-020190-index.htm,https://www.sec.gov/Archives/edgar/data/1328792/000114420408036527/v118072_10ksb.htm,1620598966,18:22:46,20210509
5,2019-09-30,TPCS,USD,2019-11-13 00:00:00,2019-11-13 16:17:43,Q2,3074076.0,2660558.0,413518.0,0.13451781933823367,0.0,0.0,0.0,0.0,740967.0,3401525.0,72596.0,200054.0,-127395.0,-0.04144172102446394,-327449.0,-0.10651948748176687,-71148.0,-398597.0,-0.12966400310207035,-107576.0,-291021.0,-0.09466942261674728,-0.00995,-0.00995,29254048,29254048,https://www.sec.gov/Archives/edgar/data/1328792/000110465919063329/0001104659-19-063329-index.html,https://www.sec.gov/Archives/edgar/data/1328792/000110465919063329/tm1919618d1_10q.htm,1620598966,18:22:46,20210509
6,2019-06-30,TPCS,USD,2019-08-13,2019-08-13,Q1,4334268.0,3224767.0,1109501.0,0.25598347864045323,0.0,0.0,0.0,0.0,741413.0,3966180.0,76523.0,200746.0,568834.0,0.1312410769246387,368088.0,0.08492506693171718,-57093.0,310995.0,0.0717526004391053,90218.0,220777.0,0.0509375516234806,0.007547029850621267,0.007188855774087772,29253495,30711007,https://www.sec.gov/Archives/edgar/data/1328792/000114420419039544/0001144204-19-039544-index.htm,https://www.sec.gov/Archives/edgar/data/1328792/000114420419039544/tv526939_10q.htm,1620598966,18:22:46,20210509
7,2019-03-31,TPCS,USD,2019-06-27 00:00:00,2019-06-27 16:19:11,Q4,4712154.0,3246640.0,1465514.0,0.31100723787889784,0.0,0.0,0.0,0.0,633258.0,3879898.0,80877.0,202793.0,1035049.0,0.21965517256014977,832256.0,0.17661901542267083,-48449.0,783807.0,0.16633730561437507,246253.0,537554.0,0.11407819014404029,0.018614151982874624,0.017744763179898638,28878780,30293670,https://www.sec.gov/Archives/edgar/data/1328792/000114420419032723/0001144204-19-032723-index.html,https://www.sec.gov/Archives/edgar/data/1328792/000114420419032723/tv523763_10k.htm,1620598966,18:22:46,20210509
8,2018-12-31,TPCS,USD,2019-02-13 00:00:00,2019-02-13 16:17:24,Q3,4270396.0,3299166.0,971230.0,0.22743324038332743,0.0,0.0,0.0,0.0,631783.0,3930949.0,88314.0,200303.0,539750.0,0.12639343049216045,339447.0,0.07948841278420081,-86724.0,252723.0,0.059180225908791594,34701.0,218022.0,0.051054281616974166,0.007560768661154544,0.0072292035392067956,28835957,30158509,https://www.sec.gov/Archives/edgar/data/1328792/000114420419007163/0001144204-19-007163-index.html,https://www.sec.gov/Archives/edgar/data/1328792/000114420419007163/tv512332_10q.htm,1620598966,18:22:46,20210509
9,2018-09-30,TPCS,USD,2018-11-13 00:00:00,2018-11-13 16:18:33,Q2,3621185.0,2526085.0,1095100.0,0.30241481724904967,0.0,0.0,0.0,0.0,751037.0,3277122.0,90249.0,201090.0,545153.0,0.1505454706125205,344063.0,0.09501392499968933,-85974.0,258089.0,0.07127197312481964,77374.0,180715.0,0.049904934434446185,0.006269472738088618,0.006012998911461365,28824593,30054055,https://www.sec.gov/Archives/edgar/data/1328792/000114420418059372/0001144204-18-059372-index.html,https://www.sec.gov/Archives/edgar/data/1328792/000114420418059372/tv506197_10q.htm,1620598966,18:22:46,20210509
10,2018-06-30,TPCS,USD,2018-08-13 00:00:00,2018-08-13 16:17:18,Q1,4098823.0,3046299.0,1052524.0,0.2567868873576634,0.0,0.0,0.0,0.0,730465.0,3776764.0,95385.0,200816.0,522875.0,0.12756710889931086,322059.0,0.07857353196271222,-92645.0,229414.0,0.0559707018331848,65029.0,164385.0,0.04010541562785219,0.005702942622641714,0.00564960450706363,28824593,29096727,https://www.sec.gov/Archives/edgar/data/1328792/000114420418044014/0001144204-18-044014-index.html,https://www.sec.gov/Archives/edgar/data/1328792/000114420418044014/tv499931_10q.htm,1620598966,18:22:46,20210509
11,2018-03-31,TPCS,USD,2018-06-28 00:00:00,2018-06-28 16:19:12,Q4,4668420.0,4288458.0,379962.0,0.08138984924235608,0.0,0.0,0.0,0.0,772631.0,5061089.0,98931.0,196721.0,-195948.0,-0.04197308725436015,-392669.0,-0.08411175515484896,-96297.0,-488966.0,-0.1047390766040759,-121761.0,-367205.0,-0.07865723306814726,-0.01274,-0.01274,28824593,28824593,https://www.sec.gov/Archives/edgar/data/1328792/000114420418036365/0001144204-18-036365-index.html,https://www.sec.gov/Archives/edgar/data/1328792/000114420418036365/tv496696_10k.htm,1620598966,18:22:46,20210509
12,2017-12-31,TPCS,USD,2018-02-13 00:00:00,2018-02-13 16:40:17,Q3,3642294.0,3219543.0,422751.0,0.11606723674695124,0.0,0.0,0.0,0.0,596271.0,3815814.0,104861.0,189144.0,15624.0,0.0042896042988292546,-173520.0,-0.04764030580727421,-104775.0,-278295.0,-0.07640651743104758,413096.0,-691391.0,-0.1898229522383421,-0.023986149604957128,-0.023385581542616787,28824593,29564841,https://www.sec.gov/Archives/edgar/data/1328792/000114420418007986/0001144204-18-007986-index.html,https://www.sec.gov/Archives/edgar/data/1328792/000114420418007986/tv484899_10q.htm,1620598966,18:22:46,20210509
13,2017-09-30,TPCS,USD,2017-11-13 00:00:00,2017-11-13 16:45:10,Q2,4588894.0,3155893.0,1433001.0,0.31227589916001547,0.0,0.0,0.0,0.0,720341.0,3876234.0,100414.0,197303.0,909963.0,0.1982968009285026,712660.0,0.15530103767923165,-98958.0,613702.0,0.13373636436143438,245516.0,368186.0,0.08023414792322507,0.012773328664172292,0.012375492916777628,28824593,29751219,https://www.sec.gov/Archives/edgar/data/1328792/000114420417058408/0001144204-17-058408-index.html,https://www.sec.gov/Archives/edgar/data/1328792/000114420417058408/tv478410_10q.htm,1620598966,18:22:46,20210509
14,2017-06-30,TPCS,USD,2017-08-14 00:00:00,2017-08-14 16:30:53,Q1,5830386.0,4089799.0,1740587.0,0.2985371809002011,0.0,0.0,0.0,0.0,919759.0,5009558.0,108782.0,191157.0,1011985.0,0.1735708407642307,820828.0,0.14078450380472235,-108691.0,712137.0,0.1221423418620997,287635.0,424502.0,0.07280855847280095,0.01472707697902274,0.014260985761724205,28824593,29766666,https://www.sec.gov/Archives/edgar/data/1328792/000114420417043199/0001144204-17-043199-index.html,https://www.sec.gov/Archives/edgar/data/1328792/000114420417043199/v472550_10q.htm,1620598966,18:22:46,20210509
15,2017-03-31,TPCS,USD,2017-06-29 00:00:00,2017-06-29 17:05:03,Q4,4931096.0,3895862.0,1035234.0,0.20993994032969546,0.0,0.0,0.0,0.0,754131.0,4649993.0,60022.0,142076.0,423179.0,0.08581844685238332,281103.0,0.057006190915772074,-60288.0,220815.0,0.0447801056803599,-2875875.0,3096690.0,0.6279922353975668,0.11096004017463712,0.10823396563162921,27908155,28611074,https://www.sec.gov/Archives/edgar/data/1328792/000114420417034937/0001144204-17-034937-index.html,https://www.sec.gov/Archives/edgar/data/1328792/000114420417034937/v469151_10k.htm,1620598966,18:22:46,20210509
16,2016-12-31,TPCS,USD,2017-02-14 00:00:00,2017-02-14 16:31:21,Q3,5318610.0,3266721.0,2051889.0,0.38579422067043834,0.0,0.0,0.0,0.0,1955093.0,5221814.0,207521.0,204960.0,1424043.0,0.2677472121475348,1219083.0,0.2292108276410566,-206391.0,1012692.0,0.19040538787389938,20598.0,992094.0,0.18653257148014238,0.0359418210669036,0.03510456595653886,27602775,28261110,https://www.sec.gov/Archives/edgar/data/1328792/000095015917000056/0000950159-17-000056-index.html,https://www.sec.gov/Archives/edgar/data/1328792/000095015917000056/tpcs10q.htm,1620598966,18:22:46,20210509
17,2016-09-30,TPCS,USD,2016-11-14 00:00:00,2016-11-14 17:17:22,Q2,3656163.0,2182547.0,1473616.0,0.4030498640241149,0.0,0.0,0.0,0.0,739585.0,2922132.0,183268.0,218569.0,952600.0,0.2605463706076562,734031.0,0.20076539257139248,-176444.0,557587.0,0.15250605621248287,11505.0,546082.0,0.1493593146695046,0.019985000325530924,0.01954754024703092,27324593,27936098,https://www.sec.gov/Archives/edgar/data/1328792/000095015916000808/0000950159-16-000808-index.html,https://www.sec.gov/Archives/edgar/data/1328792/000095015916000808/tpcs10q.htm,1620598966,18:22:46,20210509
18,2016-06-30,TPCS,USD,2016-06-30,2016-06-30,Q1,4644805.0,3109412.0,1535393.0,0.33056134757002714,0.0,0.0,0.0,0.0,888178.0,3997590.0,193210.0,224968.0,872183.0,0.1877760207371461,647215.0,0.13934169464595392,-192459.0,454756.0,0.09790637066572225,9453.0,445303.0,0.09587119373149142,0.01629678436564453,0.01606900626405555,27324593,27711919,,,1620598966,18:22:46,20210509
19,2016-03-31,TPCS,USD,2016-06-28 00:00:00,2016-06-28 16:46:35,Q4,4868530.0,3136857.0,1731673.0,0.35568703489554343,0.0,0.0,0.0,0.0,902544.0,4039401.0,-55929.0,185130.0,1014259.0,0.20832961900203964,829129.0,0.17030376725623544,55597.0,884726.0,0.18172343602689106,-768.0,885494.0,0.181881183848102,0.033550953122540736,0.03332340210193628,26392514,26572737,https://www.sec.gov/Archives/edgar/data/1328792/000095015916000639/0000950159-16-000639-index.html,https://www.sec.gov/Archives/edgar/data/1328792/000095015916000639/tpcs10k.htm,1620598966,18:22:46,20210509
20,2015-12-31,TPCS,USD,2016-02-16 00:00:00,2016-02-16 17:13:42,Q3,3506560.0,2434900.0,1071660.0,0.30561576017521447,0.0,0.0,0.0,0.0,768220.0,3203120.0,291908.0,255796.0,559236.0,0.15948279795583137,303440.0,0.08653495163350977,-291437.0,12003.0,0.0034230128673115533,0.0,12003.0,0.0034230128673115533,0.0004601657409423679,0.00045795137970300575,26084080,26210206,https://www.sec.gov/Archives/edgar/data/1328792/000095015916000464/0000950159-16-000464-index.html,https://www.sec.gov/Archives/edgar/data/1328792/000095015916000464/tpcs10q.htm,1620598966,18:22:46,20210509
21,2015-09-30,TPCS,USD,2015-11-16 00:00:00,2015-11-16 16:19:14,Q2,4103887.0,2696333.0,1407554.0,0.34298069123248276,0.0,0.0,0.0,0.0,910038.0,3606371.0,244179.0,269791.0,767307.0,0.18697079134976183,497516.0,0.12123043348903126,-242910.0,254606.0,0.06204020724742177,0.0,254606.0,0.06204020724742177,0.010000064806433983,0.009983162338784157,25460435,25503542,https://www.sec.gov/Archives/edgar/data/1328792/000095015915000356/0000950159-15-000356-index.html,https://www.sec.gov/Archives/edgar/data/1328792/000095015915000356/tpcs10q.htm,1620598966,18:22:46,20210509
22,2015-06-30,TPCS,USD,2015-08-14 00:00:00,2015-08-14 16:10:49,Q1,4374975.0,3092116.0,1282859.0,0.2932265898662278,0.0,0.0,0.0,0.0,804207.0,3896323.0,272122.0,276917.0,755569.0,0.17270247258555763,478652.0,0.10940679661026634,-272301.0,206351.0,0.04716621237835645,0.0,206351.0,0.04716621237835645,0.0083,0.0083,24867019,24867019,https://www.sec.gov/Archives/edgar/data/1328792/000095015915000262/0000950159-15-000262-index.html,https://www.sec.gov/Archives/edgar/data/1328792/000095015915000262/tpcs10q.htm,1620598966,18:22:46,20210509
23,2015-03-31,TPCS,USD,2015-06-29 00:00:00,2015-06-29 17:10:33,Q4,3921319.0,3041189.0,880130.0,0.22444743720161506,0.0,0.0,0.0,0.0,1289213.0,4330402.0,313669.0,297836.0,-111247.0,-0.028369790879038403,-409083.0,-0.10432280566819481,-317254.0,-726337.0,-0.18522772567087759,-7713.0,-718624.0,-0.18326078546529878,-0.02979,-0.02979,24120402,24120402,https://www.sec.gov/Archives/edgar/data/1328792/000095015915000177/0000950159-15-000177-index.html,https://www.sec.gov/Archives/edgar/data/1328792/000095015915000177/tpcs10k.htm,1620598966,18:22:46,20210509
24,2014-12-31,TPCS,USD,2014-12-31,2014-12-31,Q3,3510843.0,3169456.0,341387.0,0.09723789984342791,0.0,0.0,0.0,0.0,705059.0,3874515.0,582202.0,257925.0,-105747.0,-0.030120116450664414,-363672.0,-0.10358537821258314,-582046.0,-945718.0,-0.2693706326372327,0.0,-945718.0,-0.2693706326372327,-0.03868,-0.03868,24447736,24447736,,,1620598966,18:22:46,20210509
25,2014-09-30,TPCS,USD,2014-11-14 00:00:00,2014-11-14 16:34:00,Q2,4570711.0,3702996.0,867715.0,0.1898424555829498,0.0,0.0,0.0,0.0,1210136.0,4913132.0,458005.0,297942.0,-44479.0,-0.009731308761372136,-342421.0,-0.07491635327632834,-459141.0,-801562.0,-0.1753692149864649,-152792.0,-648770.0,-0.14194071775704042,-0.02666,-0.02666,24336018,24336018,https://www.sec.gov/Archives/edgar/data/1328792/000095015914000501/0000950159-14-000501-index.html,https://www.sec.gov/Archives/edgar/data/1328792/000095015914000501/tpcs10q.htm,1620598966,18:22:46,20210509
26,2014-06-30,TPCS,USD,2014-07-15 00:00:00,2014-07-15 16:06:40,Q1,6230341.0,6012101.0,218240.0,0.03502858029761132,0.0,0.0,0.0,0.0,1328773.0,7340874.0,160589.0,255645.0,-854888.0,-0.13721367738940773,-1110533.0,-0.1782459419155388,-160536.0,-1271069.0,-0.204012749863932,0.0,-1271069.0,-0.204012749863932,-0.05294,-0.05294,24010264,24010264,https://www.sec.gov/Archives/edgar/data/1328792/000095015914000365/0000950159-14-000365-index.html,https://www.sec.gov/Archives/edgar/data/1328792/000095015914000365/form10k.htm,1620598966,18:22:46,20210509
27,2014-03-31,TPCS,USD,2014-03-31,2014-03-31,Q4,3608202.0,6260181.0,-2651979.0,-0.7349862895702625,0.0,0.0,0.0,0.0,1424189.0,7684370.0,222059.0,230903.0,-3845265.0,-1.0657011442264042,-4076168.0,-1.1296950669613286,-204441.0,-4280609.0,-1.186355143087887,-185473.0,-4095136.0,-1.1349519788526252,-0.1972,-0.1972,20766914,20766914,,,1620598966,18:22:46,20210509
28,2013-12-31,TPCS,USD,2013-12-31,2013-12-31,Q3,5167374.0,4394703.0,772671.0,0.14952875483756353,0.0,0.0,0.0,0.0,1434151.0,5828854.0,80802.0,243623.0,-417857.0,-0.08086447777923564,-661480.0,-0.12801086199682857,-96200.0,-757680.0,-0.14662766813472375,0.0,-757680.0,-0.14662766813472375,-0.03777,-0.03777,20061558,20061558,,,1620598966,18:22:46,20210509
29,2013-09-30,TPCS,USD,2013-11-14 00:00:00,2013-11-14 16:20:13,Q2,5195795.0,4468523.0,727272.0,0.13997318985833737,0.0,0.0,0.0,0.0,1484487.0,5953010.0,67646.0,225069.0,-532146.0,-0.10241859041782826,-757215.0,-0.14573611930416808,-61455.0,-818670.0,-0.1575639531582751,0.0,-818670.0,-0.1575639531582751,-0.04102,-0.04102,19956871,19956871,https://www.sec.gov/Archives/edgar/data/1328792/000095015913000620/0000950159-13-000620-index.html,https://www.sec.gov/Archives/edgar/data/1328792/000095015913000620/tpcs10q.htm,1620598966,18:22:46,20210509
30,2013-06-30,TPCS,USD,2013-08-16 00:00:00,2013-08-16 17:15:56,Q1,7096692.0,6676449.0,420243.0,0.059216744928482175,0.0,0.0,0.0,0.0,1770082.0,8446531.0,70127.0,253833.0,-1096006.0,-0.1544389977753015,-1349839.0,-0.19020678930408702,-74066.0,-1423905.0,-0.20064348290724748,0.0,-1423905.0,-0.20064348290724748,-0.07135,-0.07135,19956871,19956871,https://www.sec.gov/Archives/edgar/data/1328792/000095015913000526/0000950159-13-000526-index.html,https://www.sec.gov/Archives/edgar/data/1328792/000095015913000526/tpcs10k.htm,1620598966,18:22:46,20210509
31,2013-03-31,TPCS,USD,2013-03-31,2013-03-31,Q4,9954751.0,8324088.0,1630663.0,0.1638075126138263,0.0,0.0,0.0,0.0,1942575.0,10266663.0,90396.0,221249.0,-90663.0,-0.009107510574599003,-311912.0,-0.03133297859484381,-95543.0,-407455.0,-0.04093070735772296,707706.0,-1115161.0,-0.11202299284030309,-0.05868,-0.05868,19004897,19004897,,,1620598966,18:22:46,20210509
32,2012-12-31,TPCS,USD,2013-02-19 00:00:00,2013-02-19 16:08:03,Q3,7293877.0,5409770.0,1884107.0,0.2583135141982789,0.0,0.0,0.0,0.0,2293810.0,7703580.0,64918.0,209334.0,-200369.0,-0.027470849864893527,-409703.0,-0.05617081286125335,-92560.0,-502263.0,-0.06886090895143968,43224.0,-545487.0,-0.0747869754315846,-0.02906,-0.02906,18773080,18773080,https://www.sec.gov/Archives/edgar/data/1328792/000095015913000133/0000950159-13-000133-index.html,https://www.sec.gov/Archives/edgar/data/1328792/000095015913000133/tpcs10q.htm,1620598966,18:22:46,20210509
33,2012-09-30,TPCS,USD,2012-11-21 00:00:00,2012-11-21 14:25:23,Q2,8078552.0,6140186.0,1938366.0,0.23993978128753768,0.0,0.0,0.0,0.0,1924079.0,8064373.0,74394.0,209377.0,223556.0,0.02767278096371726,14179.0,0.0017551412678905823,-70649.0,-56470.0,-0.006990114069947188,-11342.0,-45128.0,-0.005586149597106016,-0.00242,-0.00242,18614112,18614112,https://www.sec.gov/Archives/edgar/data/1328792/000095015912000637/0000950159-12-000637-index.html,https://www.sec.gov/Archives/edgar/data/1328792/000095015912000637/tpcs10q9-30.htm,1620598966,18:22:46,20210509
34,2012-06-30,TPCS,USD,2012-07-16 00:00:00,2012-07-16 17:21:42,Q1,7145739.0,6040301.0,1105438.0,0.15469890517971618,0.0,0.0,0.0,0.0,2000412.0,8040713.0,80091.0,206052.0,-688922.0,-0.09641018234782994,-894974.0,-0.12524582831810677,-78444.0,-973418.0,-0.1362235592427879,-267257.0,-706161.0,-0.09882266900596286,-0.03839,-0.03839,18394577,18394577,https://www.sec.gov/Archives/edgar/data/1328792/000095015912000412/0000950159-12-000412-index.html,https://www.sec.gov/Archives/edgar/data/1328792/000095015912000412/techprecision10k.htm,1620598966,18:22:46,20210509
35,2012-03-31,TPCS,USD,2012-03-31,2012-03-31,Q4,6079160.0,6077276.0,1884.0,0.0003099112377367926,0.0,0.0,0.0,0.0,2837050.0,8952292.0,52808.0,311145.0,-2561987.0,-0.42143766573013375,-2873132.0,-0.4726199014337507,-45051.0,-2918184.0,-0.48003079372808083,-1612089.0,-1268128.0,-0.2086025042933563,-0.07576,-0.07576,16738213,16738213,,,1620598966,18:22:46,20210509
36,2011-12-31,TPCS,USD,2012-02-14 00:00:00,2012-02-14 16:25:13,Q3,10864011.0,10124081.0,739930.0,0.06810836255596575,0.0,0.0,0.0,0.0,1924095.0,12048176.0,77548.0,133052.0,-1051113.0,-0.09675183502667661,-1184165.0,-0.10899887711822089,-56858.0,-1241023.0,-0.11423248743028702,-92682.0,-1148341.0,-0.10570138413887836,-0.07017,-0.07017,16364844,16364844,https://www.sec.gov/Archives/edgar/data/1328792/000095015912000103/0000950159-12-000103-index.html,https://www.sec.gov/Archives/edgar/data/1328792/000095015912000103/form10-q.htm,1620598966,18:22:46,20210509
37,2011-09-30,TPCS,USD,2011-11-14 00:00:00,2011-11-14 16:16:15,Q2,7147167.0,5231710.0,1915457.0,0.2680022727886448,0.0,0.0,0.0,0.0,1953978.0,7185687.0,78531.0,133079.0,94559.0,0.013230277115394113,-38520.0,-0.005389548054494879,-70071.0,-108591.0,-0.015193572502223609,-20493.0,-88098.0,-0.012326282567624346,-0.005489264723402071,-0.0036488635085319076,16049144,24143956,https://www.sec.gov/Archives/edgar/data/1328792/000095015911000746/0000950159-11-000746-index.html,https://www.sec.gov/Archives/edgar/data/1328792/000095015911000746/tpcs10q9-30.htm,1620598966,18:22:46,20210509
38,2011-06-30,TPCS,USD,2011-08-15 00:00:00,2011-08-15 17:21:10,Q1,9176440.0,6749517.0,2426923.0,0.26447325978266084,0.0,0.0,0.0,0.0,1732672.0,8482189.0,58690.0,104158.0,798409.0,0.08700639899568896,694251.0,0.07565580987834063,-56744.0,637507.0,0.06947214824049414,256046.0,381461.0,0.041569606514072995,0.02465286477804046,0.015792879899822747,15473293,24153986,https://www.sec.gov/Archives/edgar/data/1328792/000095015911000551/0000950159-11-000551-index.html,https://www.sec.gov/Archives/edgar/data/1328792/000095015911000551/tpcs10q.htm,1620598966,18:22:46,20210509
39,2008-03-31,TPCS,USD,2008-06-24,2008-06-24,Q4,9271274.0,6693693.0,2577581.0,0.2780179940750322,0.0,0.0,0.0,331032.0,456317.0,7150010.0,121598.0,130107.0,2251371.0,0.24283296988094624,2121264.0,0.22879962343902252,-125852.0,1995412.0,0.21522522147441656,-1142580.0,852832.0,0.09198649505990224,0.07826,0.07826,10896976,10896976,https://www.sec.gov/Archives/edgar/data/1328792/000114420408036527/0001144204-08-036527-index.htm,https://www.sec.gov/Archives/edgar/data/1328792/000114420408036527/v118072_10ksb.htm,1620598966,18:22:46,20210509
