,date,symbol,reportedCurrency,fillingDate,acceptedDate,period,revenue,costOfRevenue,grossProfit,grossProfitRatio,researchAndDevelopmentExpenses,generalAndAdministrativeExpenses,sellingAndMarketingExpenses,otherExpenses,operatingExpenses,costAndExpenses,interestExpense,depreciationAndAmortization,ebitda,ebitdaratio,operatingIncome,operatingIncomeRatio,totalOtherIncomeExpensesNet,incomeBeforeTax,incomeBeforeTaxRatio,incomeTaxExpense,netIncome,netIncomeRatio,eps,epsdiluted,weightedAverageShsOut,weightedAverageShsOutDil,link,finalLink,timestamp,est_time,est_date
0,2021-01-31,IDT,USD,2021-03-15,2021-03-12 17:48:57,Q2,339766000.0,269145000.0,70621000.0,0.20785187452540865,0.0,54604000.0,0.0,-30000.0,59555000.0,328700000.0,0.0,4463000.0,15529000.0,0.04570498519569351,11066000.0,0.03256947428524337,5027000.0,16232000.0,0.04777405626225108,3027000.0,13108000.0,0.0385794929451446,0.52,0.51,25362000.0,25713000.0,https://www.sec.gov/Archives/edgar/data/1005731/000121390021015206/0001213900-21-015206-index.htm,https://www.sec.gov/Archives/edgar/data/1005731/000121390021015206/f10q0121_idtcorp.htm,1620593442,16:50:42,20210509
1,2020-10-31,IDT,USD,2020-12-10,2020-12-10 11:51:08,Q1,343425000.0,273174000.0,70251000.0,0.20455994758680934,0.0,51838000.0,0.0,-32000.0,56885000.0,330059000.0,0.0,4493000.0,17859000.0,0.05200262065953265,13366000.0,0.038919705903763556,-1493000.0,11832000.0,0.03445293732255951,3417000.0,8288000.0,0.024133362451772587,0.32458682540925826,0.3204825799466378,25534000.0,25861000.0,https://www.sec.gov/Archives/edgar/data/1005731/000121390020041969/0001213900-20-041969-index.htm,https://www.sec.gov/Archives/edgar/data/1005731/000121390020041969/f10q1020_idtcorporation.htm,1620593442,16:50:42,20210509
2,2020-07-31,IDT,USD,2020-10-14,2020-10-14 16:56:24,Q4,360344000.0,282993000.0,77351000.0,0.21465877050818108,0.0,55755000.0,0.0,763000.0,60767000.0,343760000.0,0.0,4688000.0,21272000.0,0.059032480074595384,16584000.0,0.04602268943010013,-2271000.0,14831000.0,0.041157893568368006,-6720000.0,21493000.0,0.0596457829185445,0.8417404245319966,0.8417404245319966,25534000.0,25534000.0,https://www.sec.gov/Archives/edgar/data/1005731/000121390020031279/0001213900-20-031279-index.htm,https://www.sec.gov/Archives/edgar/data/1005731/000121390020031279/f10k2020_idtcorporation.htm,1620593442,16:50:42,20210509
3,2020-04-30,IDT,USD,2020-06-09,2020-06-09 13:55:06,Q3,321336000.0,258839000.0,62497000.0,0.19449112455498294,0.0,52478000.0,0.0,-144000.0,58103000.0,316942000.0,0.0,5239000.0,9633000.0,0.029977966987825826,4394000.0,0.013674160380411781,-2746000.0,1704000.0,0.0053028605571738,1319000.0,518000.0,0.0016120198172629274,0.019642789427780517,0.019542745038859125,26371000.0,26506000.0,https://www.sec.gov/Archives/edgar/data/1005731/000121390020014476/0001213900-20-014476-index.htm,https://www.sec.gov/Archives/edgar/data/1005731/000121390020014476/f10q0420_idtcorporation.htm,1620593442,16:50:42,20210509
4,2020-01-31,IDT,USD,2020-03-11,2020-03-11 12:45:25,Q2,323890000.0,262716000.0,61174000.0,0.18887276544505852,0.0,53949000.0,0.0,-111000.0,59365000.0,322081000.0,0.0,5184000.0,6993000.0,0.02159066349686622,1809000.0,0.005585229553243385,64000.0,2068000.0,0.006384883756831023,1164000.0,932000.0,0.002877520145728488,0.035410334346504556,0.03523496276133228,26320000.0,26451000.0,https://www.sec.gov/Archives/edgar/data/1005731/000121390020005978/0001213900-20-005978-index.htm,https://www.sec.gov/Archives/edgar/data/1005731/000121390020005978/f10q0120_idtcorporation.htm,1620593442,16:50:42,20210509
5,2019-10-31,IDT,USD,2019-12-10,2019-12-10 16:57:20,Q1,340245000.0,279461000.0,60784000.0,0.17864773912915693,0.0,53740000.0,0.0,-463000.0,61550000.0,341011000.0,0.0,5295000.0,4529000.0,0.013310996487824949,-766000.0,-0.0022513189025555116,-392000.0,-886000.0,-0.0026040059368984112,536000.0,-1513000.0,-0.004446795691340064,-0.06,-0.06,26279000.0,26279000.0,https://www.sec.gov/Archives/edgar/data/1005731/000121390019025764/0001213900-19-025764-index.htm,https://www.sec.gov/Archives/edgar/data/1005731/000121390019020184/f10k2019_idtcorporation.htm,1620593442,16:50:42,20210509
6,2019-07-31,IDT,USD,2019-10-11,2019-10-11 13:09:40,Q4,356128000.0,295354000.0,60774000.0,0.17065212507862343,0.0,0.0,0.0,-41000.0,66468000.0,361822000.0,0.0,5751000.0,57000.0,0.00016005481175307754,-5694000.0,-0.015988633300386378,291000.0,-5099000.0,-0.014317885704016533,-1931000.0,-2476000.0,-0.006952556384221403,-0.09421971916739602,-0.09421971916739602,26279000.0,26279000.0,https://www.sec.gov/Archives/edgar/data/1005731/000121390019020184/0001213900-19-020184-index.htm,https://www.sec.gov/Archives/edgar/data/1005731/000121390019020184/f10k2019_idtcorporation.htm,1620593442,16:50:42,20210509
7,2019-04-30,IDT,USD,2019-06-07,2019-06-07 13:03:19,Q3,341255000.0,282791000.0,58464000.0,0.171320566731623,0.0,0.0,0.0,-260000.0,55162000.0,337953000.0,0.0,5524000.0,8826000.0,0.025863357313445957,3302000.0,0.009676048702583113,-193000.0,3286000.0,0.009629162942667507,-871000.0,3870000.0,0.011340493179587113,0.15,0.15,26263000.0,26263000.0,https://www.sec.gov/Archives/edgar/data/1005731/000121390019010280/0001213900-19-010280-index.htm,https://www.sec.gov/Archives/edgar/data/1005731/000121390019010280/f10q0419_idtcorporation.htm,1620593442,16:50:42,20210509
8,2019-01-31,IDT,USD,2019-03-12,2019-03-12 14:51:31,Q2,349473000.0,291178000.0,58295000.0,0.16680830851024256,0.0,0.0,0.0,-2000.0,56752000.0,347930000.0,0.0,5763000.0,7306000.0,0.020905763821525553,1543000.0,0.0044152194876285146,496000.0,2225000.0,0.006366729332452007,1736000.0,189000.0,0.0005408143118352491,0.00761605415860735,0.0076145199629346115,24816000.0,24821000.0,https://www.sec.gov/Archives/edgar/data/1005731/000121390019003948/0001213900-19-003948-index.htm,https://www.sec.gov/Archives/edgar/data/1005731/000121390019003948/f10q0119_idtcorp.htm,1620593442,16:50:42,20210509
9,2018-10-31,IDT,USD,2018-12-10,2018-12-10 15:41:48,Q1,362316000.0,304693000.0,57623000.0,0.15904072687929874,0.0,0.0,0.0,-98000.0,56341000.0,361034000.0,0.0,5594000.0,6876000.0,0.01897790878680489,1282000.0,0.0035383477406462868,-1349000.0,41000.0,0.0001131608871813555,1189000.0,-1449000.0,-0.0039992713542874175,-0.06,-0.06,23831000.0,23831000.0,https://www.sec.gov/Archives/edgar/data/1005731/000121390018017135/0001213900-18-017135-index.htm,https://www.sec.gov/Archives/edgar/data/1005731/000121390018013916/f10k2018_idtcorporation.htm,1620593442,16:50:42,20210509
10,2018-07-31,IDT,USD,2018-10-15,2018-10-15 16:22:13,Q4,392647000.0,325134000.0,67513000.0,0.17194324673307068,0.0,0.0,0.0,715000.0,56708000.0,381842000.0,0.0,5594000.0,16399000.0,0.04176524970265913,10805000.0,0.02751835618252527,-517000.0,10506000.0,0.026756857941102313,1971000.0,8242000.0,0.020990864567919786,0.3458520414586043,0.3458520414586043,23831000.0,23831000.0,https://www.sec.gov/Archives/edgar/data/1005731/000121390018013916/0001213900-18-013916-index.htm,https://www.sec.gov/Archives/edgar/data/1005731/000121390018013916/f10k2018_idtcorporation.htm,1620593442,16:50:42,20210509
11,2018-04-30,IDT,USD,2018-06-11,2018-06-11 16:35:35,Q3,365410000.0,307165000.0,58245000.0,0.15939629457321913,0.0,0.0,0.0,14000.0,56280000.0,363445000.0,0.0,5799000.0,7764000.0,0.02124736597246928,1965000.0,0.0053775211406365455,-4370000.0,-2201000.0,-0.006023371007908924,1029000.0,-3458000.0,-0.009463342546728332,-0.14,-0.14,24675000.0,24675000.0,https://www.sec.gov/Archives/edgar/data/1005731/000121390018007510/0001213900-18-007510-index.htm,https://www.sec.gov/Archives/edgar/data/1005731/000121390018007510/f10q0418_idtcorporation.htm,1620593442,16:50:42,20210509
12,2018-01-31,IDT,USD,2018-03-12,2018-03-12 16:09:38,Q2,395883000.0,337229000.0,58654000.0,0.14815993614274925,0.0,0.0,0.0,38000.0,58939000.0,396168000.0,0.0,5735000.0,5450000.0,0.013766693694854287,-285000.0,-0.000719909670281371,175000.0,176000.0,0.00044457579638428524,-1514000.0,1516000.0,0.0038294142461282755,0.06151848395081767,0.06131693900663323,24643000.0,24724000.0,https://www.sec.gov/Archives/edgar/data/1005731/000121390018002826/0001213900-18-002826-index.htm,https://www.sec.gov/Archives/edgar/data/1005731/000121390018002826/f10q0118_idtcorporation.htm,1620593442,16:50:42,20210509
13,2017-10-31,IDT,USD,2017-12-11,2017-12-11 14:49:41,Q1,393555000.0,336510000.0,57045000.0,0.14494797423485917,0.0,0.0,0.0,14000.0,56523000.0,393033000.0,0.0,5673000.0,6195000.0,0.0157411289400465,522000.0,0.001326371155238785,-1265000.0,-381000.0,-0.0009680984868696878,1416000.0,-2092000.0,-0.005315648384596816,-0.08,-0.08,24628000.0,24628000.0,https://www.sec.gov/Archives/edgar/data/1005731/000121390017013080/0001213900-17-013080-index.htm,https://www.sec.gov/Archives/edgar/data/1005731/000121390017010610/f10k2017_idtcorporation.htm,1620593442,16:50:42,20210509
14,2017-07-31,IDT,USD,2017-10-16,2017-10-16 16:56:39,Q4,394987000.0,337062000.0,57925000.0,0.1466503960889852,0.0,0.0,0.0,-53000.0,54125000.0,391187000.0,0.0,5629000.0,9429000.0,0.023871671725904903,3800000.0,0.009620569790904511,-811000.0,3338000.0,0.00845091104264191,12796000.0,-9841000.0,-0.02491474402955034,-0.3995858372584051,-0.3995858372584051,24628000.0,24628000.0,https://www.sec.gov/Archives/edgar/data/1005731/000121390017010610/0001213900-17-010610-index.htm,https://www.sec.gov/Archives/edgar/data/1005731/000121390017010610/f10k2017_idtcorporation.htm,1620593442,16:50:42,20210509
15,2017-04-30,IDT,USD,2017-06-09,2017-06-09 15:42:09,Q3,370035000.0,314704000.0,55331000.0,0.1495290985987812,0.0,0.0,0.0,-137000.0,61833000.0,376537000.0,0.0,5474000.0,-1028000.0,-0.002778115583661005,-6502000.0,-0.017571310821949276,-407000.0,-6614000.0,-0.017873984893320902,-2162000.0,-4775000.0,-0.01290418473928142,-0.21,-0.21,23054000.0,23054000.0,https://www.sec.gov/Archives/edgar/data/1005731/000121390017006292/0001213900-17-006292-index.htm,https://www.sec.gov/Archives/edgar/data/1005731/000121390017006292/f10q0417_idtcorporation.htm,1620593442,16:50:42,20210509
16,2017-01-31,IDT,USD,2017-03-13,2017-03-13 17:15:15,Q2,367556000.0,310913000.0,56643000.0,0.15410712925377357,0.0,0.0,0.0,-27000.0,53515000.0,364428000.0,0.0,5302000.0,8430000.0,0.022935280610301558,3128000.0,0.008510267823134434,-419000.0,3018000.0,0.008210993698919348,1761000.0,875000.0,0.0023805896244381806,0.038431131412508784,0.038104777250359274,22768000.0,22963000.0,https://www.sec.gov/Archives/edgar/data/1005731/000121390017002245/0001213900-17-002245-index.htm,https://www.sec.gov/Archives/edgar/data/1005731/000121390017002245/f10q0117_idtcorporation.htm,1620593442,16:50:42,20210509
17,2016-10-31,IDT,USD,2016-12-12,2016-12-12 15:13:57,Q1,369151000.0,313029000.0,56122000.0,0.15202992813239027,0.0,0.0,0.0,70000.0,50936000.0,363965000.0,0.0,5299000.0,10485000.0,0.02840301123388532,5186000.0,0.014048451717589821,2392000.0,7879000.0,0.021343569433646393,-14415000.0,21918000.0,0.0593740772746112,0.97,0.96,22712000.0,22899000.0,https://www.sec.gov/Archives/edgar/data/1005731/000121390016019309/0001213900-16-019309-index.htm,https://www.sec.gov/Archives/edgar/data/1005731/000121390016017511/f10k2016_idtcorporation.htm,1620593442,16:50:42,20210509
18,2016-07-31,IDT,USD,2016-10-14,2016-10-14 12:41:33,Q4,368075000.0,309139000.0,58936000.0,0.16011954085444544,0.0,0.0,0.0,133000.0,53909000.0,363048000.0,0.0,4992000.0,10019000.0,0.027219995924743598,5027000.0,0.013657542620389866,3970000.0,9277000.0,0.02520410242477756,-2140000.0,11018000.0,0.029934116688174965,0.48511799929552657,0.48511799929552657,22712000.0,22712000.0,https://www.sec.gov/Archives/edgar/data/1005731/000121390016017511/0001213900-16-017511-index.htm,https://www.sec.gov/Archives/edgar/data/1005731/000121390016017511/f10k2016_idtcorporation.htm,1620593442,16:50:42,20210509
19,2016-04-30,IDT,USD,2016-06-09,2016-06-09 12:37:23,Q3,355154000.0,293220000.0,61934000.0,0.17438632255303332,0.0,0.0,0.0,6000.0,57112000.0,350332000.0,0.0,5518000.0,10340000.0,0.029114130771439994,4822000.0,0.013577208760143487,974000.0,6040000.0,0.017006706949661273,1339000.0,4237000.0,0.01193003598438987,0.18718798321184008,0.18681657848324515,22635000.0,22680000.0,https://www.sec.gov/Archives/edgar/data/1005731/000121390016014116/0001213900-16-014116-index.htm,https://www.sec.gov/Archives/edgar/data/1005731/000121390016014116/f10q0416_idtcorporation.htm,1620593442,16:50:42,20210509
20,2016-01-31,IDT,USD,2016-03-11,2016-03-11 10:45:37,Q2,382454000.0,319724000.0,62730000.0,0.16401972524800368,0.0,0.0,0.0,626000.0,56027000.0,375751000.0,0.0,4973000.0,11676000.0,0.030529161676959845,6703000.0,0.01752629074346196,-560000.0,6677000.0,0.01745830871163591,2014000.0,4065000.0,0.010628729206649689,0.18,0.18,22799000.0,22799000.0,https://www.sec.gov/Archives/edgar/data/1005731/000121390016011518/0001213900-16-011518-index.htm,https://www.sec.gov/Archives/edgar/data/1005731/000121390016011518/f10q0116_idtcorporation.htm,1620593442,16:50:42,20210509
21,2015-10-31,IDT,USD,2015-12-10,2015-12-10 15:28:05,Q1,390578000.0,324511000.0,66067000.0,0.16915187235328155,0.0,0.0,0.0,165000.0,58142000.0,382653000.0,0.0,5052000.0,12977000.0,0.03322511764615518,7925000.0,0.02029044134590274,-610000.0,7473000.0,0.01913318210447081,2898000.0,4193000.0,0.010735371679920528,0.18282101591454109,0.1825503940093169,22935000.0,22969000.0,https://www.sec.gov/Archives/edgar/data/1005731/000121390015009398/0001213900-15-009398-index.htm,https://www.sec.gov/Archives/edgar/data/1005731/000121390015007660/f10k2015_idtcorporation.htm,1620593442,16:50:42,20210509
22,2015-07-31,IDT,USD,2015-10-14,2015-10-14 17:19:25,Q4,405796000.0,339311000.0,66485000.0,0.16383848041873256,0.0,0.0,0.0,-543000.0,59011000.0,398322000.0,0.0,4956000.0,12430000.0,0.03063115457027669,7474000.0,0.018418121420615285,-1862000.0,5637000.0,0.013891216276158464,3756000.0,1259000.0,0.003102544135476939,0.05489426640505777,0.05489426640505777,22935000.0,22935000.0,https://www.sec.gov/Archives/edgar/data/1005731/000121390015007660/0001213900-15-007660-index.htm,https://www.sec.gov/Archives/edgar/data/1005731/000121390015007660/f10k2015_idtcorporation.htm,1620593442,16:50:42,20210509
23,2015-04-30,IDT,USD,2015-06-09,2015-06-09 15:09:07,Q3,383930000.0,316508000.0,67422000.0,0.17561013726460553,0.0,0.0,0.0,313000.0,59961000.0,376469000.0,0.0,4617000.0,12078000.0,0.03145885968796395,7461000.0,0.019433230015888314,-6343000.0,1064000.0,0.002771338525251999,-59000.0,565000.0,0.001471622431172349,0.02452895719371364,0.024075336628600646,23034000.0,23468000.0,https://www.sec.gov/Archives/edgar/data/1005731/000121390015004342/0001213900-15-004342-index.htm,https://www.sec.gov/Archives/edgar/data/1005731/000121390015004342/f10q0415_idtcorp.htm,1620593442,16:50:42,20210509
24,2015-01-31,IDT,USD,2015-03-12,2015-03-12 15:20:48,Q2,394173000.0,328737000.0,65436000.0,0.16600832629327733,0.0,0.0,0.0,1100000.0,61834000.0,390571000.0,0.0,4440000.0,8042000.0,0.020402209182262612,3602000.0,0.009138119556641374,1100000.0,4662000.0,0.0118272941069023,1905000.0,2510000.0,0.006367762378448042,0.11000087650100798,0.10807319698600645,22818000.0,23225000.0,https://www.sec.gov/Archives/edgar/data/1005731/000121390015001706/0001213900-15-001706-index.htm,https://www.sec.gov/Archives/edgar/data/1005731/000121390015001706/f10q0115_idtcorporation.htm,1620593442,16:50:42,20210509
25,2014-10-31,IDT,USD,2014-12-10,2014-12-10 14:45:51,Q1,412878000.0,343807000.0,69071000.0,0.16729154859304685,1656000.0,0.0,0.0,-1302000.0,63060000.0,406867000.0,90000.0,4405000.0,10416000.0,0.025227791260372313,6011000.0,0.014558780075470236,74919000.0,80840000.0,0.19579633693245946,486000.0,80155000.0,0.19413725119769035,3.52,3.47,22755000.0,23091000.0,https://www.sec.gov/Archives/edgar/data/1005731/000121390014008841/0001213900-14-008841-index.htm,https://www.sec.gov/Archives/edgar/data/1005731/000121390014007233/f10k2014_idtcorp.htm,1620593442,16:50:42,20210509
26,2014-07-31,IDT,USD,2014-10-14,2014-10-14 15:54:52,Q4,420686000.0,349312000.0,71374000.0,0.16966098230033802,2631000.0,0.0,0.0,14000.0,65561000.0,414873000.0,0.0,4210000.0,10023000.0,0.023825370941747526,5813000.0,0.013817906942470155,-1245000.0,4475000.0,0.010637387505170126,-3913000.0,7710000.0,0.018327208416728868,0.33882663150955833,0.33882663150955833,22755000.0,22755000.0,https://www.sec.gov/Archives/edgar/data/1005731/000121390014007233/0001213900-14-007233-index.htm,https://www.sec.gov/Archives/edgar/data/1005731/000121390014007233/f10k2014_idtcorp.htm,1620593442,16:50:42,20210509
27,2014-04-30,IDT,USD,2014-06-09,2014-06-09 16:42:45,Q3,403761000.0,332376000.0,71385000.0,0.17680013671454153,2514000.0,0.0,0.0,56000.0,62215000.0,394591000.0,0.0,4153000.0,13323000.0,0.03299724341875516,9170000.0,0.022711455539291808,159000.0,9194000.0,0.02277089664430195,3595000.0,5017000.0,0.012425667659828462,0.22120811287477954,0.21791252226034835,22680000.0,23023000.0,https://www.sec.gov/Archives/edgar/data/1005731/000121390014004075/0001213900-14-004075-index.htm,https://www.sec.gov/Archives/edgar/data/1005731/000121390014004075/f10q0414_idtcorp.htm,1620593442,16:50:42,20210509
28,2014-01-31,IDT,USD,2014-03-12,2014-03-12 15:11:49,Q2,406423000.0,335258000.0,71165000.0,0.17510081860524626,2597000.0,0.0,0.0,-25000.0,63591000.0,398849000.0,0.0,4059000.0,11633000.0,0.028622887976320236,7574000.0,0.018635756342529827,-3065000.0,4614000.0,0.01135270395622295,1641000.0,2535000.0,0.006237343851110789,0.12,0.11,21572000.0,22743000.0,https://www.sec.gov/Archives/edgar/data/1005731/000121390014001377/0001213900-14-001377-index.htm,https://www.sec.gov/Archives/edgar/data/1005731/000121390014001377/f10q0114_idtcorp.htm,1620593442,16:50:42,20210509
29,2013-10-31,IDT,USD,2013-12-10,2013-12-10 11:03:25,Q1,420670000.0,350319000.0,70351000.0,0.16723560035181972,2276000.0,0.0,0.0,-549000.0,63068000.0,413387000.0,0.0,3896000.0,11179000.0,0.026574274371835405,7283000.0,0.017312858059761807,-549000.0,6709000.0,0.01594836807949224,2659000.0,3523000.0,0.008374735540922813,0.17,0.15,21038000.0,22912000.0,https://www.sec.gov/Archives/edgar/data/1005731/000121390013007087/0001213900-13-007087-index.htm,https://www.sec.gov/Archives/edgar/data/1005731/000119312513399818/d580693d10k.htm,1620593442,16:50:42,20210509
30,2013-07-31,IDT,USD,2013-10-15,2013-10-15 15:41:39,Q4,411126000.0,344632000.0,66494000.0,0.16173630468518166,2248000.0,0.0,0.0,168000.0,57951000.0,402583000.0,0.0,3938000.0,12481000.0,0.03035808973404747,8543000.0,0.020779517714763843,-4109000.0,4400000.0,0.010702315105344834,3109000.0,-3651000.0,-0.008880489193094088,-0.1735431124631619,-0.1735431124631619,21038000.0,21038000.0,https://www.sec.gov/Archives/edgar/data/1005731/000119312513399818/0001193125-13-399818-index.htm,https://www.sec.gov/Archives/edgar/data/1005731/000119312513399818/d580693d10k.htm,1620593442,16:50:42,20210509
31,2013-04-30,IDT,USD,2013-06-10,2013-06-10 14:11:08,Q3,397221000.0,331178000.0,66043000.0,0.16626260947935784,1717000.0,0.0,0.0,-48000.0,51317000.0,382495000.0,0.0,3972000.0,18698000.0,0.04707203294891257,14726000.0,0.03707256162186793,2433000.0,16716000.0,0.04208236724644467,7592000.0,8691000.0,0.02187950788100327,0.42,0.39,20905000.0,22360000.0,https://www.sec.gov/Archives/edgar/data/1005731/000121390013003050/0001213900-13-003050-index.htm,https://www.sec.gov/Archives/edgar/data/1005731/000121390013003050/f10q0413_idtcorporation.htm,1620593442,16:50:42,20210509
32,2013-01-31,IDT,USD,2013-03-12,2013-03-12 13:15:29,Q2,411685000.0,344499000.0,67186000.0,0.16319759039071136,1819000.0,0.0,0.0,21000.0,61934000.0,406433000.0,0.0,3865000.0,9117000.0,0.022145572464384176,5252000.0,0.012757326596791236,1815000.0,6612000.0,0.01606082320220557,3117000.0,2953000.0,0.007172959908668035,0.14,0.13,20829000.0,22089000.0,https://www.sec.gov/Archives/edgar/data/1005731/000121390013001040/0001213900-13-001040-index.htm,https://www.sec.gov/Archives/edgar/data/1005731/000121390013001040/f10q0113_idtcorp.htm,1620593442,16:50:42,20210509
33,2012-10-31,IDT,USD,2012-12-10,2012-12-10 17:20:06,Q1,400585000.0,335264000.0,65321000.0,0.1630640188723991,1382000.0,0.0,55226000.0,0.0,59743000.0,395007000.0,0.0,3135000.0,8713000.0,0.02175068961643596,5578000.0,0.013924635220989303,885000.0,6222000.0,0.015532284034599398,2054000.0,3614000.0,0.009021805609296404,0.17,0.16,20807000.0,22084000.0,https://www.sec.gov/Archives/edgar/data/1005731/000121390012006703/0001213900-12-006703-index.htm,https://www.sec.gov/Archives/edgar/data/1005731/000119312512423374/d400668d10k.htm,1620593442,16:50:42,20210509
34,2012-07-31,IDT,USD,2012-10-15,2012-10-15 16:15:28,Q4,384891000.0,323951000.0,60940000.0,0.15833054033479607,1249000.0,0.0,53254000.0,0.0,58315000.0,382266000.0,0.0,3812000.0,6437000.0,0.01672421542722485,2625000.0,0.006820112707233996,-963000.0,948000.0,0.0024630349891267916,-36532000.0,37329000.0,0.0969858999041287,1.7940596914499929,1.7940596914499929,20807000.0,20807000.0,https://www.sec.gov/Archives/edgar/data/1005731/000119312512423374/0001193125-12-423374-index.htm,https://www.sec.gov/Archives/edgar/data/1005731/000119312512423374/d400668d10k.htm,1620593442,16:50:42,20210509
35,2012-04-30,IDT,USD,2012-06-11,2012-06-11 15:26:43,Q3,379719000.0,319811000.0,59908000.0,0.15776929782286375,1191000.0,0.0,51254000.0,0.0,56608000.0,376419000.0,434000.0,4163000.0,7463000.0,0.019654007305402153,3300000.0,0.008690637023693836,-1702000.0,1164000.0,0.0030654246956301895,-2285000.0,2989000.0,0.007871610322369963,0.14205598593222757,0.1353468574533599,21041000.0,22084000.0,https://www.sec.gov/Archives/edgar/data/1005731/000121390012003250/0001213900-12-003250-index.htm,https://www.sec.gov/Archives/edgar/data/1005731/000121390012003250/f10q0412_idtcorp.htm,1620593442,16:50:42,20210509
36,2012-01-31,IDT,USD,2012-03-12,2012-03-12 17:12:36,Q2,365449000.0,306365000.0,59084000.0,0.1616750900946507,1119000.0,0.0,51552000.0,0.0,56902000.0,363267000.0,0.0,4231000.0,6413000.0,0.017548276230062197,2182000.0,0.005970737366910294,-429000.0,2253000.0,0.006165018921928915,-676000.0,2656000.0,0.0072677719736543266,0.13,0.12,20492000.0,21811000.0,https://www.sec.gov/Archives/edgar/data/1005731/000121390012001053/0001213900-12-001053-index.htm,https://www.sec.gov/Archives/edgar/data/1005731/000121390012001053/f10q0112_idt.htm,1620593442,16:50:42,20210509
37,2011-10-31,IDT,USD,2011-12-12,2011-12-12 17:19:02,Q1,376777000.0,319352000.0,57425000.0,0.15241110789671344,1010000.0,0.0,51783000.0,0.0,57235000.0,376587000.0,478000.0,4442000.0,4632000.0,0.012293744044885967,190000.0,0.000504277065744459,189000.0,-11351000.0,-0.03012657354350186,-3263000.0,-4326000.0,-0.011481592560055418,-0.21,-0.21,20365000.0,20365000.0,https://www.sec.gov/Archives/edgar/data/1005731/000121390011006584/0001213900-11-006584-index.htm,https://www.sec.gov/Archives/edgar/data/1005731/000119312511268519/d239371d10k.htm,1620593442,16:50:42,20210509
38,2011-07-31,IDT,USD,2011-10-11,2011-10-11 17:25:29,Q4,399629000.0,337315000.0,62314000.0,0.15592962472693422,2941000.0,0.0,57238000.0,0.0,63663000.0,400978000.0,0.0,0.0,4607000.0,0.011528192398449561,-1349000.0,-0.0033756308976575773,1995000.0,-7808000.0,-0.019538121607791226,-2828000.0,227000.0,0.0005680268448986435,0.011146575006137981,0.011146575006137981,20365000.0,20365000.0,https://www.sec.gov/Archives/edgar/data/1005731/000119312511268519/0001193125-11-268519-index.htm,https://www.sec.gov/Archives/edgar/data/1005731/000119312511268519/d239371d10k.htm,1620593442,16:50:42,20210509
39,2011-04-30,IDT,USD,2011-06-14,2011-06-14 16:20:09,Q3,396964000.0,319602000.0,77362000.0,0.19488417085680312,3192000.0,0.0,62696000.0,0.0,71131000.0,390733000.0,1395000.0,0.0,13045000.0,0.03286192198788807,6231000.0,0.015696637478461523,-1571000.0,3265000.0,0.008224927197428481,-2557000.0,7001000.0,0.017636359972188913,0.34,0.31,20627000.0,22585000.0,https://www.sec.gov/Archives/edgar/data/1005731/000121390011003241/0001213900-11-003241-index.htm,https://www.sec.gov/Archives/edgar/data/1005731/000121390011003241/f10q0411_idt.htm,1620593442,16:50:42,20210509
40,2011-01-31,IDT,USD,2011-03-17,2011-03-17 11:31:24,Q2,401512000.0,329286000.0,72226000.0,0.17988503456932795,2102000.0,1053000.0,60325000.0,0.0,64121000.0,393407000.0,1541000.0,0.0,16002000.0,0.03985435055490247,8105000.0,0.020186196178445477,-2387000.0,4177000.0,0.010403175994739883,987000.0,3936000.0,0.009802944868397457,0.19,0.18,20565000.0,22460000.0,https://www.sec.gov/Archives/edgar/data/1005731/000121390011001335/0001213900-11-001335-index.htm,https://www.sec.gov/Archives/edgar/data/1005731/000121390011001335/f10q0111_idt.htm,1620593442,16:50:42,20210509
41,2010-10-31,IDT,USD,2010-12-15,2010-12-15 16:30:56,Q1,357372000.0,283177000.0,74195000.0,0.2076127956303236,2441000.0,0.0,57588000.0,0.0,63195000.0,346372000.0,0.0,0.0,11309000.0,0.03164489663431942,11000000.0,0.03078025139070772,5377000.0,14699000.0,0.041130810472001164,-1140000.0,15648000.0,0.04378630670561767,0.76,0.7,20544000.0,22378000.0,https://www.sec.gov/Archives/edgar/data/1005731/000121390010005247/0001213900-10-005247-index.htm,https://www.sec.gov/Archives/edgar/data/1005731/000119312510239862/d10k.htm,1620593442,16:50:42,20210509
42,2010-07-31,IDT,USD,2010-10-28,2010-10-28 16:51:33,Q4,356025000.0,282822000.0,73203000.0,0.20561196545186433,2247000.0,0.0,54204000.0,0.0,65011000.0,347833000.0,0.0,0.0,16438000.0,0.04617091496383681,8192000.0,0.023009620110947263,-260000.0,6518000.0,0.018307703110736605,-982000.0,7455000.0,0.020939540762586896,0.36287967289719625,0.36287967289719625,20544000.0,20544000.0,https://www.sec.gov/Archives/edgar/data/1005731/000119312510239862/0001193125-10-239862-index.htm,https://www.sec.gov/Archives/edgar/data/1005731/000119312510239862/d10k.htm,1620593442,16:50:42,20210509
43,2010-04-30,IDT,USD,2010-06-14,2010-06-14 15:23:13,Q3,355423000.0,281242000.0,74181000.0,0.2087118728951137,2269000.0,0.0,52625000.0,0.0,54717000.0,335959000.0,1559000.0,0.0,28988000.0,0.081559156272948,19464000.0,0.054762916299733,-1910000.0,15995000.0,0.04500271507471379,3465000.0,12607000.0,0.035470411312717526,0.61,0.58,20523000.0,21878000.0,https://www.sec.gov/Archives/edgar/data/1005731/000121390010002443/0001213900-10-002443-index.htm,https://www.sec.gov/Archives/edgar/data/1005731/000121390010002443/f10q0410_idt.htm,1620593442,16:50:42,20210509
44,2010-01-31,IDT,USD,2010-03-17,2010-03-17 16:29:46,Q2,362672000.0,288483000.0,74189000.0,0.2045622490845723,1383000.0,0.0,54667000.0,0.0,64927000.0,353410000.0,1957000.0,0.0,17705000.0,0.04881821590858958,9262000.0,0.025538227379009133,-1525000.0,5780000.0,0.01593726562844664,1640000.0,3709000.0,0.010226871663652005,0.18,0.17,20563000.0,21453000.0,https://www.sec.gov/Archives/edgar/data/1005731/000121390010000956/0001213900-10-000956-index.htm,https://www.sec.gov/Archives/edgar/data/1005731/000121390010000956/f10q0110_idt.htm,1620593442,16:50:42,20210509
45,2009-10-31,IDT,USD,2009-12-15,2009-12-15 14:47:27,Q1,327329000.0,258176000.0,69153000.0,0.21126450757494752,2109000.0,0.0,57099000.0,0.0,69039000.0,327215000.0,0.0,0.0,10244000.0,0.031295729984205496,114000.0,0.0003482734496485188,-1147000.0,-2365000.0,-0.007225146565076727,1152000.0,-3481000.0,-0.010634560335320122,-0.17,-0.17,20190000.0,20190000.0,https://www.sec.gov/Archives/edgar/data/1005731/000121390009003629/0001213900-09-003629-index.htm,https://www.sec.gov/Archives/edgar/data/1005731/000119312509217321/d10k.htm,1620593442,16:50:42,20210509
46,2009-07-31,IDT,USD,2009-10-29,2009-10-29 14:48:45,Q4,279829000.0,209689000.0,70140000.0,0.25065307741513565,1103000.0,0.0,0.0,0.0,63363000.0,273052000.0,0.0,0.0,19819000.0,0.07082539693884479,6777000.0,0.024218361928177567,-2626000.0,3685000.0,0.013168756633515468,-15032000.0,7231000.0,0.025840781334314885,0.3581475978207033,0.3581475978207033,20190000.0,20190000.0,https://www.sec.gov/Archives/edgar/data/1005731/000119312509217321/0001193125-09-217321-index.htm,https://www.sec.gov/Archives/edgar/data/1005731/000119312509217321/d10k.htm,1620593442,16:50:42,20210509
47,2009-04-30,IDT,USD,2009-06-09,2009-06-09 16:19:49,Q3,388989000.0,295706000.0,93283000.0,0.23980883778204526,1548000.0,0.0,0.0,0.0,90431000.0,386137000.0,0.0,0.0,76334000.0,0.19623691158361806,2852000.0,0.007331826863998725,-61588000.0,-58222000.0,-0.14967518361701745,1353000.0,-63436000.0,-0.16307916162153685,-2.88,-2.88,22052000.0,22052000.0,https://www.sec.gov/Archives/edgar/data/1005731/000121390009001433/0001213900-09-001433-index.htm,https://www.sec.gov/Archives/edgar/data/1005731/000121390009001433/f10q0409_idt.htm,1620593442,16:50:42,20210509
48,2009-01-31,IDT,USD,2009-03-17,2009-03-17 16:44:36,Q2,437291000.0,335802000.0,101489000.0,0.23208572781054262,4741000.0,0.0,0.0,0.0,93397000.0,429199000.0,0.0,0.0,48608000.0,0.11115710133526645,8092000.0,0.018504840026435487,-27418000.0,-21099000.0,-0.04824933511094443,6190000.0,-61986000.0,-0.14175000171510505,-8.130008,-8.130008,7623992.0,7623992.0,https://www.sec.gov/Archives/edgar/data/1005731/000119312509056709/0001193125-09-056709-index.htm,https://www.sec.gov/Archives/edgar/data/1005731/000119312509056709/d10q.htm,1620593442,16:50:42,20210509
49,2008-10-31,IDT,USD,2008-12-10,2008-12-10 15:13:59,Q1,441354000.0,339340000.0,102014000.0,0.2311387231111534,1644000.0,0.0,0.0,0.0,112517000.0,451857000.0,0.0,0.0,26745000.0,0.060597615519514945,-10503000.0,-0.02379722399706358,-23219000.0,-34654000.0,-0.0785174712362412,2968000.0,-37258000.0,-0.08441749706584736,-1.530002,-1.530002,24319975.0,24319975.0,https://www.sec.gov/Archives/edgar/data/1005731/000119312508251230/0001193125-08-251230-index.htm,https://www.sec.gov/Archives/edgar/data/1005731/000119312508210022/d10k.htm,1620593442,16:50:42,20210509
50,2008-07-31,IDT,USD,2008-10-14,2008-10-14 14:29:03,Q4,479951000.0,369396000.0,110555000.0,0.23034643119818482,1759000.0,0.0,0.0,0.0,-2160727000.0,-1791331000.0,0.0,0.0,2350715000.0,4.8978229027546565,2271282000.0,4.732320591060337,-62713000.0,-87510000.0,-0.18233111296778212,911000.0,-86430000.0,-0.18008088325683247,-3.5538687848157737,-3.5538687848157737,24319975.0,24319975.0,https://www.sec.gov/Archives/edgar/data/1005731/000119312508210022/0001193125-08-210022-index.htm,https://www.sec.gov/Archives/edgar/data/1005731/000119312508210022/d10k.htm,1620593442,16:50:42,20210509
51,2008-04-30,IDT,USD,2008-06-06,2008-06-06 13:41:18,Q3,453248000.0,359276000.0,93972000.0,0.207330203332392,8885000.0,0.0,0.0,0.0,147974000.0,507250000.0,0.0,0.0,-11657000.0,-0.02571881177633437,-54002000.0,-0.11914448602089805,-24885000.0,-79188000.0,-0.17471229878565378,2193000.0,-82211000.0,-0.18138193659983057,-3.300003,-3.300003,25004641.0,25004641.0,https://www.sec.gov/Archives/edgar/data/1005731/000119312508129471/0001193125-08-129471-index.htm,https://www.sec.gov/Archives/edgar/data/1005731/000119312508129471/d10q.htm,1620593442,16:50:42,20210509
52,2008-01-31,IDT,USD,2008-03-11,2008-03-11 17:07:48,Q2,476737000.0,373648000.0,103089000.0,0.216238722817822,0.0,0.0,0.0,0.0,153500000.0,527148000.0,0.0,0.0,-23606000.0,-0.04951577074991033,-50411000.0,-0.105741740204767,-10057000.0,-57244000.0,-0.1200745903926064,2984000.0,-60237000.0,-0.12635268502339864,-2.490002,-2.490002,25007308.0,25007308.0,https://www.sec.gov/Archives/edgar/data/1005731/000119312508053004/0001193125-08-053004-index.htm,https://www.sec.gov/Archives/edgar/data/1005731/000119312508053004/d10q.htm,1620593442,16:50:42,20210509
53,2007-10-31,IDT,USD,2007-12-10,2007-12-10 17:22:00,Q1,468054000.0,366464000.0,101590000.0,0.21704760561815517,0.0,0.0,0.0,0.0,95505000.0,461969000.0,0.0,0.0,-18874000.0,-0.040324407012866034,6085000.0,0.013000636678673828,42778000.0,11241000.0,0.024016459639272392,3835000.0,6780000.0,0.014485508082400749,0.27,0.24,26541306.0,26742639.0,https://www.sec.gov/Archives/edgar/data/1005731/000119312507262406/0001193125-07-262406-index.htm,https://www.sec.gov/Archives/edgar/data/1005731/000119312507218515/d10k.htm,1620593442,16:50:42,20210509
54,2007-07-31,IDT,USD,2007-10-15,2007-10-15 16:28:22,Q4,492557000.0,409154000.0,83403000.0,0.16932659570364444,0.0,0.0,0.0,0.0,181735000.0,590889000.0,0.0,0.0,-53233000.0,-0.1080748014950554,-98332000.0,-0.19963577819419884,-25564000.0,-119345000.0,-0.24229683062061852,-1059000.0,-112407000.0,-0.22821115119671428,-4.235172150157193,-4.235172150157193,26541306.0,26541306.0,https://www.sec.gov/Archives/edgar/data/1005731/000119312507218515/0001193125-07-218515-index.htm,https://www.sec.gov/Archives/edgar/data/1005731/000119312507218515/d10k.htm,1620593442,16:50:42,20210509
55,2007-04-30,IDT,USD,2007-06-11,2007-06-11 14:55:15,Q3,485356000.0,395654000.0,89702000.0,0.1848169178911974,0.0,0.0,0.0,0.0,135938000.0,531592000.0,0.0,0.0,-54623000.0,-0.1125421340212133,-46236000.0,-0.09526203446542332,28887000.0,-12587000.0,-0.025933541565366452,638000.0,-15924000.0,-0.03280890727630852,-0.600001,-0.600001,27118972.0,27118972.0,https://www.sec.gov/Archives/edgar/data/1005731/000119312507133263/0001193125-07-133263-index.htm,https://www.sec.gov/Archives/edgar/data/1005731/000119312507133263/d10q.htm,1620593442,16:50:42,20210509
56,2007-01-31,IDT,USD,2007-03-12,2007-03-12 15:52:20,Q2,512500000.0,411369000.0,101131000.0,0.1973287804878049,0.0,0.0,0.0,0.0,133070000.0,544439000.0,0.0,0.0,-14033000.0,-0.027381463414634145,-31939000.0,-0.06232,2037000.0,-21831000.0,-0.042597073170731706,2492000.0,-26965000.0,-0.05261463414634146,-0.990001,-0.990001,26909306.0,26909306.0,https://www.sec.gov/Archives/edgar/data/1005731/000119312507052141/0001193125-07-052141-index.htm,https://www.sec.gov/Archives/edgar/data/1005731/000119312507052141/d10q.htm,1620593442,16:50:42,20210509
57,2006-10-31,IDT,USD,2006-12-11,2006-12-11 17:10:06,Q1,522326000.0,398870000.0,123456000.0,0.2363581364894721,0.0,0.0,0.0,0.0,175597000.0,574467000.0,0.0,0.0,-66995000.0,-0.1282628090502866,-52141000.0,-0.09982463059468608,34887000.0,28102000.0,0.05380164877873206,1534000.0,213920000.0,0.4095526548553968,7.530008,7.290007,28377304.0,29353970.0,https://www.sec.gov/Archives/edgar/data/1005731/000119312506250699/0001193125-06-250699-index.htm,https://www.sec.gov/Archives/edgar/data/1005731/000119312506208487/d10k.htm,1620593442,16:50:42,20210509
58,2006-07-31,IDT,USD,2006-10-16,2006-10-16 17:23:20,Q4,417073000.0,344557000.0,72516000.0,0.17386884310420478,0.0,0.0,0.0,0.0,97033000.0,441590000.0,0.0,0.0,4629000.0,0.011098776473183351,-24517000.0,-0.05878347435580822,-18143000.0,-40241000.0,-0.09648430850234851,-576000.0,-86475000.0,-0.20733780417337014,-3.0473296547127946,-3.0473296547127946,28377304.0,28377304.0,https://www.sec.gov/Archives/edgar/data/1005731/000119312506208487/0001193125-06-208487-index.htm,https://www.sec.gov/Archives/edgar/data/1005731/000119312506208487/d10k.htm,1620593442,16:50:42,20210509
59,2006-04-30,IDT,USD,2006-06-09,2006-06-09 17:09:06,Q3,589058000.0,496368000.0,92690000.0,0.15735292619742028,0.0,0.0,0.0,0.0,177327000.0,673695000.0,0.0,0.0,-59758000.0,-0.10144671662213228,-84637000.0,-0.1436819464297234,-520000.0,-83438000.0,-0.14164649321459008,1295000.0,-8619000.0,-0.014631835914290273,-0.27,-0.27,31689968.0,31689968.0,https://www.sec.gov/Archives/edgar/data/1005731/000119312506127643/0001193125-06-127643-index.htm,https://www.sec.gov/Archives/edgar/data/1005731/000119312506127643/d10q.htm,1620593442,16:50:42,20210509
60,2006-01-31,IDT,USD,2006-03-13,2006-03-13 15:25:36,Q2,615702000.0,479252000.0,136450000.0,0.2216169510574921,0.0,0.0,0.0,0.0,192851000.0,672103000.0,0.0,0.0,-32561000.0,-0.05288434989654086,-56401000.0,-0.09160438004099386,2160000.0,-52142000.0,-0.08468707264228474,-402000.0,-55636000.0,-0.09036189585221423,-1.740002,-1.741202,31952634.0,31952634.0,https://www.sec.gov/Archives/edgar/data/1005731/000119312506052199/0001193125-06-052199-index.htm,https://www.sec.gov/Archives/edgar/data/1005731/000119312506052199/d10q.htm,1620593442,16:50:42,20210509
61,2005-10-31,IDT,USD,2005-12-12,2005-12-12 17:04:15,Q1,623099000.0,467757000.0,155342000.0,0.24930548757099594,0.0,0.0,0.0,0.0,182371000.0,650128000.0,0.0,0.0,656000.0,0.0010528022031811959,-27029000.0,-0.04337833955759839,282000.0,-23666000.0,-0.037981123384887475,2862000.0,-27924000.0,-0.04481470841712152,-0.840001,-0.840001,32720300.0,32720300.0,https://www.sec.gov/Archives/edgar/data/1005731/000119312505240866/0001193125-05-240866-index.htm,https://www.sec.gov/Archives/edgar/data/1005731/000119312505201852/d10k.htm,1620593442,16:50:42,20210509
62,2005-07-31,IDT,USD,2005-10-14,2005-10-14 17:03:31,Q4,623253000.0,472089000.0,151164000.0,0.24254034878291802,0.0,0.0,0.0,0.0,187532000.0,659621000.0,0.0,0.0,-39863000.0,-0.0639595798175059,-36368000.0,-0.05835190524554234,32494000.0,198000.0,0.0003176880015017978,767000.0,-23000.0,-3.6903151689602775e-05,-0.000702927540395412,-0.000702927540395412,32720300.0,32720300.0,https://www.sec.gov/Archives/edgar/data/1005731/000119312505201852/0001193125-05-201852-index.htm,https://www.sec.gov/Archives/edgar/data/1005731/000119312505201852/d10k.htm,1620593442,16:50:42,20210509
63,2005-04-30,IDT,USD,2005-06-09,2005-06-09 17:28:28,Q3,606704000.0,453547000.0,153157000.0,0.2524410585722197,0.0,0.0,0.0,0.0,173331000.0,626878000.0,0.0,0.0,6282000.0,0.010354307866768638,-20174000.0,-0.033251799889237585,3764000.0,-11078000.0,-0.0182593159102297,3614000.0,-14333000.0,-0.02362437036841689,-0.45,-0.45,32585300.0,32585300.0,https://www.sec.gov/Archives/edgar/data/1005731/000119312505123078/0001193125-05-123078-index.htm,https://www.sec.gov/Archives/edgar/data/1005731/000119312505123078/d10q.htm,1620593442,16:50:42,20210509
64,2005-01-31,IDT,USD,2005-03-14,2005-03-14 16:28:59,Q2,608846000.0,447515000.0,161331000.0,0.2649783360652776,0.0,0.0,0.0,0.0,177132000.0,624647000.0,0.0,0.0,15478000.0,0.025421863656819622,-15801000.0,-0.025952375477542762,-2983000.0,-13369000.0,-0.021957933533274424,3551000.0,-17725000.0,-0.02911245208147873,-0.570001,-0.570001,31878301.0,31878301.0,https://www.sec.gov/Archives/edgar/data/1005731/000119312505049505/0001193125-05-049505-index.htm,https://www.sec.gov/Archives/edgar/data/1005731/000119312505049505/d10q.htm,1620593442,16:50:42,20210509
65,2004-10-31,IDT,USD,2004-12-10,2004-12-10 12:31:16,Q1,629719000.0,469937000.0,159782000.0,0.25373539626404795,0.0,0.0,0.0,0.0,169063000.0,639000000.0,0.0,0.0,16389000.0,0.02602589408926839,-9281000.0,-0.014738319790255654,-1291000.0,-5084000.0,-0.008073442281398528,3966000.0,-11733000.0,-0.018632120040843615,-0.36,-0.36,31735968.0,31735968.0,https://www.sec.gov/Archives/edgar/data/1005731/000119312504210867/0001193125-04-210867-index.htm,https://www.sec.gov/Archives/edgar/data/1005731/000119312504171641/d10k.htm,1620593442,16:50:42,20210509
66,2004-07-31,IDT,USD,2004-10-14,2004-10-14 17:45:55,Q4,611213000.0,460159000.0,151054000.0,0.24713806807119612,0.0,0.0,0.0,0.0,166884000.0,627043000.0,0.0,0.0,15568000.0,0.02547066243682644,-15830000.0,-0.025899318240940557,-4114000.0,-21490000.0,-0.03515959248248974,-1836000.0,-23312000.0,-0.03814055002102377,-0.7345608616696362,-0.7345608616696362,31735968.0,31735968.0,https://www.sec.gov/Archives/edgar/data/1005731/000119312504171641/0001193125-04-171641-index.htm,https://www.sec.gov/Archives/edgar/data/1005731/000119312504171641/d10k.htm,1620593442,16:50:42,20210509
67,2004-04-30,IDT,USD,2004-06-14,2004-06-14 17:28:44,Q3,565664000.0,428732000.0,136932000.0,0.24207303275442665,0.0,0.0,0.0,0.0,155419000.0,584151000.0,0.0,0.0,46555000.0,0.08230150760875714,-18487000.0,-0.03268194546585959,-40411000.0,-55064000.0,-0.09734400633591672,3759000.0,-76849000.0,-0.13585626803190587,-2.520003,-2.520003,30354969.0,30354969.0,https://www.sec.gov/Archives/edgar/data/1005731/000119312504102755/0001193125-04-102755-index.htm,https://www.sec.gov/Archives/edgar/data/1005731/000119312504102755/d10q.htm,1620593442,16:50:42,20210509
68,2004-01-31,IDT,USD,2004-03-16,2004-03-16 17:26:57,Q2,526973000.0,396054000.0,130919000.0,0.24843587811899281,0.0,0.0,0.0,0.0,146243000.0,542297000.0,0.0,0.0,-21593000.0,-0.0409755338508804,-15324000.0,-0.029079288692210038,31499000.0,20941000.0,0.0397382788112484,2927000.0,18416000.0,0.03494676197831768,0.660001,0.600001,28539304.0,30670635.0,https://www.sec.gov/Archives/edgar/data/1005731/000119312504043368/0001193125-04-043368-index.htm,https://www.sec.gov/Archives/edgar/data/1005731/000119312504043368/d10q.htm,1620593442,16:50:42,20210509
69,2003-10-31,IDT,USD,2003-12-15,2003-12-15 16:56:53,Q1,513055000.0,394208000.0,118847000.0,0.23164572998996208,0.0,0.0,0.0,0.0,132917000.0,527125000.0,0.0,0.0,-2559000.0,-0.004987769342468157,-14070000.0,-0.027423960394109794,11212000.0,-9235000.0,-0.0180000194910877,4731000.0,-13966000.0,-0.027221253082028243,-0.510001,-0.510001,27542305.0,27542305.0,https://www.sec.gov/Archives/edgar/data/1005731/000119312503094368/0001193125-03-094368-index.htm,https://www.sec.gov/Archives/edgar/data/1005731/000119312503069431/d10k.htm,1620593442,16:50:42,20210509
70,2003-07-31,IDT,USD,2003-10-29,2003-10-29 17:19:48,Q4,485739000.0,373293000.0,112446000.0,0.23149469159363362,0.0,0.0,0.0,0.0,137520000.0,510813000.0,0.0,0.0,3197000.0,0.006581723929929448,-25074000.0,-0.051620314613403495,-4855000.0,-21261000.0,-0.04377041991686893,-29597000.0,8336000.0,0.017161479724708124,0.30266166902152886,0.30266166902152886,27542305.0,27542305.0,https://www.sec.gov/Archives/edgar/data/1005731/000119312503069431/0001193125-03-069431-index.htm,https://www.sec.gov/Archives/edgar/data/1005731/000119312503069431/d10k.htm,1620593442,16:50:42,20210509
71,2003-04-30,IDT,USD,2003-06-16,2003-06-16 17:28:42,Q3,454870000.0,347117000.0,107753000.0,0.23688746235188077,0.0,0.0,0.0,0.0,143945000.0,491062000.0,0.0,0.0,-24196000.0,-0.053193220040890804,-36192000.0,-0.07956559016861961,10353000.0,-20121000.0,-0.04423461648383054,-10818000.0,-9303000.0,-0.020451997273946403,-0.36,-0.36,26753973.0,26753973.0,https://www.sec.gov/Archives/edgar/data/1005731/000119312503010293/0001193125-03-010293-index.htm,https://www.sec.gov/Archives/edgar/data/1005731/000119312503010293/d10q.htm,1620593442,16:50:42,20210509
72,2003-01-31,IDT,USD,2003-03-14,2003-03-14 16:50:53,Q2,450767000.0,348988000.0,101779000.0,0.22579070783797395,0.0,0.0,0.0,0.0,131830000.0,480818000.0,0.0,0.0,-3525000.0,-0.007820004569988487,-30051000.0,-0.06666637087453163,-6497000.0,-28771000.0,-0.06382676637819538,-16312000.0,-12459000.0,-0.027639556578010368,-0.48,-0.48,26574973.0,26574973.0,https://www.sec.gov/Archives/edgar/data/1005731/000095013003002072/0000950130-03-002072-index.htm,https://www.sec.gov/Archives/edgar/data/1005731/000095013003002072/d10q.htm,1620593442,16:50:42,20210509
73,2002-10-31,IDT,USD,2002-12-16,2002-12-16 17:25:32,Q1,443171000.0,340067000.0,103104000.0,0.23265060213777525,0.0,0.0,0.0,0.0,72095000.0,412162000.0,0.0,0.0,1708000.0,0.0038540427961215873,31009000.0,0.06997073364457512,48391000.0,-17737000.0,-0.040022925687827046,-13646000.0,-4091000.0,-0.009231199694925887,-0.15,-0.15,26478640.0,26478640.0,https://www.sec.gov/Archives/edgar/data/1005731/000095013002008510/0000950130-02-008510-index.htm,https://www.sec.gov/Archives/edgar/data/1005731/000095013002008510/d10q.htm,1620593442,16:50:42,20210509
74,2002-07-31,IDT,USD,2002-10-29 00:00:00,2002-10-29 17:24:48,Q4,416727000.0,325396000.0,91331000.0,0.21916266524607236,0.0,101750000.0,0.0,0.0,232455000.0,557851000.0,0.0,0.0,-6617000.0,-0.01587850079308516,-141124000.0,-0.33864856368797797,-117526000.0,-147401000.0,-0.3537111826207565,-69172000.0,-78229000.0,-0.18772241779390345,-2.9544191091385357,-2.9544191091385357,26478640.0,26478640.0,https://www.sec.gov/Archives/edgar/data/1005731/000095013002007323/0000950130-02-007323-index.html,https://www.sec.gov/Archives/edgar/data/1005731/000095013002007323/d10k.htm,1620593442,16:50:42,20210509
75,2002-04-30,IDT,USD,2002-06-14 00:00:00,2002-06-14 17:26:31,Q3,401653000.0,319002000.0,82651000.0,0.20577712602669468,0.0,108735000.0,0.0,0.0,125480000.0,444482000.0,0.0,0.0,-23581000.0,-0.0587098814150523,-42829000.0,-0.10663184390506233,-27628000.0,-70826000.0,-0.17633629028041617,-21233000.0,-49593000.0,-0.12347225092306045,-1.920002,-1.920002,25645974.0,25645974.0,https://www.sec.gov/Archives/edgar/data/1005731/000112528202002025/0001125282-02-002025-index.html,https://www.sec.gov/Archives/edgar/data/1005731/000112528202002025/b318960_10q.txt,1620593442,16:50:42,20210509
76,2002-01-31,IDT,USD,2002-03-18 00:00:00,2002-03-18 00:00:00,Q2,374025000.0,293998000.0,80027000.0,0.21396163358064302,0.0,92951000.0,0.0,0.0,107801000.0,401799000.0,0.0,0.0,-10193000.0,-0.02725218902479781,-27774000.0,-0.07425706837778223,-2731000.0,-27769000.0,-0.07424370028741395,-15718000.0,-17212000.0,-0.04601831428380456,-0.690001,-0.690001,24460642.0,24460642.0,https://www.sec.gov/Archives/edgar/data/1005731/000112528202000868/0001125282-02-000868-index.html,https://www.sec.gov/Archives/edgar/data/1005731/000112528202000868/b317224_10q.txt,1620593442,16:50:42,20210509
77,2001-10-31,IDT,USD,2001-12-17 00:00:00,2001-12-17 00:00:00,Q1,339209000.0,266607000.0,72602000.0,0.2140332361464466,0.0,67141000.0,0.0,0.0,85167000.0,351774000.0,0.0,0.0,25211000.0,0.07432291006429664,-12565000.0,-0.03704205961516351,-22531000.0,-29554000.0,-0.08712622601405033,-18222000.0,-158315000.0,-0.46671815901111113,-6.660007,-6.660007,23802976.0,23802976.0,https://www.sec.gov/Archives/edgar/data/1005731/000112528201503004/0001125282-01-503004-index.html,https://www.sec.gov/Archives/edgar/data/1005731/000112528201503004/b315354_10q.txt,1620593442,16:50:42,20210509
78,2001-07-31,IDT,USD,2001-10-29 00:00:00,2001-10-29 00:00:00,Q4,331034000.0,277787000.0,53247000.0,0.1608505470737145,0.0,110199000.0,0.0,0.0,321861000.0,599648000.0,0.0,17461000.0,-251153000.0,-0.7586924605931717,-268614000.0,-0.8114393083489914,-214907000.0,-278527000.0,-0.8413848728529396,-106699000.0,-171828000.0,-0.5190645069690727,-7.218761217084788,-7.218761217084788,23802976.0,23802976.0,https://www.sec.gov/Archives/edgar/data/1005731/000112528201502352/0001125282-01-502352-index.html,https://www.sec.gov/Archives/edgar/data/1005731/000112528201502352/b314383_10k.txt,1620593442,16:50:42,20210509
79,2001-04-30,IDT,USD,2001-06-14 00:00:00,2001-06-14 00:00:00,Q3,335722000.0,298286000.0,37436000.0,0.11150892702891083,0.0,74238000.0,0.0,0.0,93007000.0,391293000.0,0.0,13613000.0,-41958000.0,-0.12497840475155039,-55571000.0,-0.16552683470252172,-48055000.0,-50938000.0,-0.15172672627948125,-39953000.0,-48277000.0,-0.1438005254347347,-2.190002,-2.190002,22156949.0,22156949.0,https://www.sec.gov/Archives/edgar/data/1005731/000112528201500907/0001125282-01-500907-index.html,https://www.sec.gov/Archives/edgar/data/1005731/000112528201500907/b312144_10q.txt,1620593442,16:50:42,20210509
80,2001-01-31,IDT,USD,2001-03-19 00:00:00,2001-03-19 00:00:00,Q2,287597000.0,252153000.0,35444000.0,0.12324189751631623,0.0,69288000.0,0.0,0.0,83899000.0,336052000.0,0.0,14611000.0,-33844000.0,-0.11767855714767539,-48455000.0,-0.16848228597655748,-122577000.0,-157515000.0,-0.5476934738540388,-40411000.0,-117104000.0,-0.40718088158082316,-10.620011,-10.620011,11031683.0,11031683.0,https://www.sec.gov/Archives/edgar/data/1005731/000112528201000981/0001125282-01-000981-index.html,https://www.sec.gov/Archives/edgar/data/1005731/000112528201000981/0001125282-01-000981-0001.txt,1620593442,16:50:42,20210509
81,2000-10-31,IDT,USD,2000-12-15 00:00:00,2000-12-15 00:00:00,Q1,276597000.0,238619000.0,37978000.0,0.1373044537720944,0.0,83382000.0,0.0,0.0,98048000.0,336667000.0,0.0,14666000.0,-45404000.0,-0.1641521780785764,-60070000.0,-0.21717516820500585,1313604000.0,1266026000.0,4.577150149857013,396458000.0,869568000.0,3.143808501176802,74.610075,67.590068,11655127.0,12864211.0,https://www.sec.gov/Archives/edgar/data/1005731/000112528200000999/0001125282-00-000999-index.html,https://www.sec.gov/Archives/edgar/data/1005731/000112528200000999/0001125282-00-000999-0001.txt,1620593442,16:50:42,20210509
82,2000-07-31,IDT,USD,2000-10-31 00:00:00,2000-10-31 00:00:00,Q4,271861855.0,213722231.0,58139624.0,0.21385723274786012,0.0,167018929.0,0.0,0.0,234080406.0,447802637.0,0.0,67061477.0,-108879305.0,-0.4004949682992489,-175940782.0,-0.6471697987935822,0.0,13294264.0,0.04890080662474697,34558383.0,-21263964.0,-0.07821606308100855,-1.8244300555455122,-1.8244300555455122,11655127.0,11655127.0,https://www.sec.gov/Archives/edgar/data/1005731/000095013000005710/0000950130-00-005710-index.html,https://www.sec.gov/Archives/edgar/data/1005731/000095013000005710/0000950130-00-005710-0001.txt,1620593442,16:50:42,20210509
83,2000-04-30,IDT,USD,2000-06-14 00:00:00,2000-06-14 00:00:00,Q3,263110000.0,210634000.0,52476000.0,0.19944509900801946,0.0,71345000.0,0.0,0.0,80443000.0,291077000.0,0.0,9120000.0,-18847000.0,-0.07163163695792635,-27967000.0,-0.10629394549808065,0.0,216858000.0,0.8242104062939455,89202000.0,127656000.0,0.48518110296073885,11.100011,10.08001,11513404.0,12665329.0,https://www.sec.gov/Archives/edgar/data/1005731/000094018000000722/0000940180-00-000722-index.html,https://www.sec.gov/Archives/edgar/data/1005731/000094018000000722/0000940180-00-000722-0001.txt,1620593442,16:50:42,20210509
84,2000-01-31,IDT,USD,2000-03-16 00:00:00,2000-03-16 00:00:00,Q2,275500000.0,220800000.0,54700000.0,0.1985480943738657,0.0,56700000.0,0.0,0.0,64600000.0,285400000.0,0.0,7900000.0,-2000000.0,-0.007259528130671506,-9900000.0,-0.035934664246823955,181900000.0,178700000.0,0.6486388384754991,75700000.0,100000000.0,0.3629764065335753,8.790009,8.250008,11377377.0,12146229.0,https://www.sec.gov/Archives/edgar/data/1005731/000094018000000305/0000940180-00-000305-index.html,https://www.sec.gov/Archives/edgar/data/1005731/0000940180-00-000305.txt,1620593442,16:50:42,20210509
85,1999-10-31,IDT,USD,1999-11-04 00:00:00,1999-11-04 00:00:00,Q1,283400000.0,230200000.0,53200000.0,0.18772053634438957,0.0,48600000.0,0.0,0.0,56000000.0,286200000.0,0.0,7400000.0,4600000.0,0.016231474947071278,-2800000.0,-0.009880028228652082,44000000.0,43300000.0,0.152787579393084,18900000.0,24400000.0,0.08609738884968243,1.080001,1.005001,22592570.0,24278583.0,https://www.sec.gov/Archives/edgar/data/1005731/000094018099001296/0000940180-99-001296-index.html,https://www.sec.gov/Archives/edgar/data/1005731/0000940180-99-001296.txt,1620593442,16:50:42,20210509
86,1999-07-31,IDT,USD,1999-07-31,1999-07-31,Q4,246400000.0,181500000.0,64900000.0,0.26339285714285715,0.0,57700000.0,0.0,0.0,81100000.0,262600000.0,0.0,23400000.0,7200000.0,0.02922077922077922,-16200000.0,-0.06574675324675325,0.0,8200000.0,0.033279220779220776,11000000.0,-6100000.0,-0.024756493506493508,-0.27000027000027,-0.27000027000027,22592570.0,22592570.0,,,1620593442,16:50:42,20210509
87,1999-04-30,IDT,USD,1999-06-14 00:00:00,1999-06-14 00:00:00,Q3,191800000.0,150200000.0,41600000.0,0.21689259645464026,0.0,30000000.0,0.0,0.0,36900000.0,187100000.0,0.0,6900000.0,11600000.0,0.06047966631908238,4700000.0,0.024504692387904068,0.0,4200000.0,0.021897810218978103,2100000.0,2100000.0,0.010948905109489052,0.09,0.09,23333310.0,23333310.0,https://www.sec.gov/Archives/edgar/data/1005731/000095013099003648/0000950130-99-003648-index.html,https://www.sec.gov/Archives/edgar/data/1005731/0000950130-99-003648.txt,1620593442,16:50:42,20210509
88,1999-01-31,IDT,USD,1999-03-17 00:00:00,1999-03-17 00:00:00,Q2,160700000.0,126600000.0,34100000.0,0.21219663970130678,0.0,23800000.0,0.0,0.0,30100000.0,156700000.0,0.0,6300000.0,10300000.0,0.0640945861854387,4000000.0,0.024891101431238332,0.0,3500000.0,0.021779713752333542,1400000.0,2100000.0,0.013067828251400125,0.09,0.09,23333310.0,23333310.0,https://www.sec.gov/Archives/edgar/data/1005731/000095013099001491/0000950130-99-001491-index.html,https://www.sec.gov/Archives/edgar/data/1005731/0000950130-99-001491.txt,1620593442,16:50:42,20210509
89,1998-10-31,IDT,USD,1998-12-15 00:00:00,1998-12-15 00:00:00,Q1,133300000.0,101100000.0,32200000.0,0.2415603900975244,0.0,17100000.0,0.0,0.0,22500000.0,123600000.0,0.0,5400000.0,15100000.0,0.11327831957989497,9700000.0,0.072768192048012,200000.0,8300000.0,0.0622655663915979,3400000.0,4900000.0,0.03675918979744936,0.225,0.21,21777756.0,23333310.0,https://www.sec.gov/Archives/edgar/data/1005731/000095010998005435/0000950109-98-005435-index.html,https://www.sec.gov/Archives/edgar/data/1005731/0000950109-98-005435.txt,1620593442,16:50:42,20210509
90,1998-07-31,IDT,USD,1998-10-29 00:00:00,1998-10-29 00:00:00,Q4,122600000.0,89100000.0,33500000.0,0.2732463295269168,0.0,17900000.0,0.0,0.0,47600000.0,136700000.0,0.0,4700000.0,-9400000.0,-0.0766721044045677,-14100000.0,-0.11500815660685156,0.0,0.0,0.0,0.0,-16400000.0,-0.13376835236541598,-0.7530619775517735,-0.7530619775517735,21777756.0,21777756.0,https://www.sec.gov/Archives/edgar/data/1005731/000094018098001087/0000940180-98-001087-index.html,https://www.sec.gov/Archives/edgar/data/1005731/0000940180-98-001087.txt,1620593442,16:50:42,20210509
91,1998-04-30,IDT,USD,1998-06-15 00:00:00,1998-06-15 00:00:00,Q3,87100000.0,59500000.0,27600000.0,0.3168771526980482,0.0,20300000.0,0.0,0.0,23100000.0,82600000.0,0.0,2800000.0,7300000.0,0.08381171067738231,4500000.0,0.05166475315729047,0.0,0.0,0.0,0.0,4800000.0,0.05510907003444317,0.255,0.225,18823511.0,21333312.0,https://www.sec.gov/Archives/edgar/data/1005731/000104746998024161/0001047469-98-024161-index.html,https://www.sec.gov/Archives/edgar/data/1005731/0001047469-98-024161.txt,1620593442,16:50:42,20210509
92,1998-01-31,IDT,USD,1998-03-17 00:00:00,1998-03-17 00:00:00,Q2,71000000.0,51400000.0,19600000.0,0.27605633802816903,0.0,13900000.0,0.0,0.0,15900000.0,67300000.0,0.0,2100000.0,5800000.0,0.08169014084507042,3700000.0,0.05211267605633803,0.0,0.0,0.0,0.0,3200000.0,0.04507042253521127,0.21,0.18,15238080.0,17777760.0,https://www.sec.gov/Archives/edgar/data/1005731/000104746998010225/0001047469-98-010225-index.html,https://www.sec.gov/Archives/edgar/data/1005731/0001047469-98-010225.txt,1620593442,16:50:42,20210509
93,1997-10-31,IDT,USD,1997-12-15 00:00:00,1997-12-15 00:00:00,Q1,54800000.0,40900000.0,13900000.0,0.25364963503649635,0.0,9800000.0,0.0,0.0,11500000.0,52400000.0,0.0,1700000.0,4100000.0,0.07481751824817519,2400000.0,0.043795620437956206,0.0,0.0,0.0,0.0,2000000.0,0.0364963503649635,0.135,0.12,14814800.0,16666650.0,https://www.sec.gov/Archives/edgar/data/1005731/000104746997007795/0001047469-97-007795-index.html,https://www.sec.gov/Archives/edgar/data/1005731/0001047469-97-007795.txt,1620593442,16:50:42,20210509
94,1997-07-31,IDT,USD,1997-10-29 00:00:00,1997-10-29 00:00:00,Q4,41000000.0,29600000.0,11400000.0,0.2780487804878049,0.0,8500000.0,0.0,0.0,10000000.0,39600000.0,0.0,1500000.0,2900000.0,0.07073170731707316,1400000.0,0.03414634146341464,0.0,0.0,0.0,0.0,1000000.0,0.024390243902439025,0.0675000675000675,0.0675000675000675,14814800.0,14814800.0,https://www.sec.gov/Archives/edgar/data/1005731/000104746997002040/0001047469-97-002040-index.html,https://www.sec.gov/Archives/edgar/data/1005731/0001047469-97-002040.txt,1620593442,16:50:42,20210509
95,1997-04-30,IDT,USD,1997-06-19 00:00:00,1997-06-19 00:00:00,Q3,34500000.0,23700000.0,10800000.0,0.3130434782608696,0.0,9200000.0,0.0,0.0,10500000.0,34200000.0,0.0,1400000.0,1700000.0,0.04927536231884058,300000.0,0.008695652173913044,100000.0,0.0,0.0,0.0,200000.0,0.005797101449275362,0.015,0.015,13333320.0,13333320.0,https://www.sec.gov/Archives/edgar/data/1005731/000100573197000002/0001005731-97-000002-index.html,https://www.sec.gov/Archives/edgar/data/1005731/0001005731-97-000002.txt,1620593442,16:50:42,20210509
96,1997-01-31,IDT,USD,1997-03-17 00:00:00,1997-03-17 00:00:00,Q2,31400000.0,20900000.0,10500000.0,0.3343949044585987,0.0,11200000.0,0.0,0.0,12300000.0,33200000.0,0.0,1000000.0,-800000.0,-0.025477707006369428,-1800000.0,-0.05732484076433121,0.0,0.0,0.0,0.0,-1800000.0,-0.05732484076433121,-0.135,-0.135,13333320.0,13333320.0,https://www.sec.gov/Archives/edgar/data/1005731/000095013097001063/0000950130-97-001063-index.html,https://www.sec.gov/Archives/edgar/data/1005731/0000950130-97-001063.txt,1620593442,16:50:42,20210509
97,1996-10-31,IDT,USD,1996-12-16 00:00:00,1996-12-16 00:00:00,Q1,28300000.0,18000000.0,10300000.0,0.36395759717314485,0.0,12600000.0,0.0,0.0,13600000.0,31600000.0,0.0,1000000.0,-2300000.0,-0.0812720848056537,-3300000.0,-0.1166077738515901,100000.0,0.0,0.0,0.0,-3100000.0,-0.10954063604240283,-0.225,-0.225,13777764.0,13777764.0,https://www.sec.gov/Archives/edgar/data/1005731/000095010996008413/0000950109-96-008413-index.html,https://www.sec.gov/Archives/edgar/data/1005731/0000950109-96-008413.txt,1620593442,16:50:42,20210509
98,1996-07-31,IDT,USD,1996-07-31,1996-07-31,Q4,23200000.0,14000000.0,9200000.0,0.39655172413793105,0.0,13200000.0,0.0,0.0,13800000.0,27800000.0,0.0,600000.0,-4000000.0,-0.1724137931034483,-4600000.0,-0.19827586206896552,0.0,0.0,0.0,0.0,-4400000.0,-0.1896551724137931,-0.3193551580648355,-0.3193551580648355,13777764.0,13777764.0,,,1620593442,16:50:42,20210509
99,1996-04-30,IDT,USD,1996-04-30,1996-04-30,Q3,18200000.0,12300000.0,5900000.0,0.3241758241758242,0.0,0.0,0.0,0.0,10400000.0,22700000.0,0.0,300000.0,-4200000.0,-0.23076923076923078,-4500000.0,-0.24725274725274726,100000.0,0.0,0.0,0.0,-4600000.0,-0.25274725274725274,-0.375,-0.375,12266654.0,12266654.0,,,1620593442,16:50:42,20210509
100,1996-01-31,IDT,USD,1996-01-31,1996-01-31,Q2,9700000.0,5900000.0,3800000.0,0.3917525773195876,0.0,0.0,0.0,0.0,8700000.0,14600000.0,0.0,0.0,-4700000.0,-0.4845360824742268,-4900000.0,-0.5051546391752577,0.0,0.0,0.0,0.0,-4900000.0,-0.5051546391752577,-0.45,-0.45,10888878.0,10888878.0,,,1620593442,16:50:42,20210509
101,1995-10-31,IDT,USD,1995-10-31,1995-10-31,Q1,6600000.0,0.0,0.0,0.0,0.0,0.0,0.0,0.0,0.0,0.0,0.0,0.0,6600000.0,1.0,6600000.0,1.0,0.0,0.0,0.0,0.0,-1700000.0,-0.25757575757575757,-0.15,-0.15,11333322.0,11333322.0,,,1620593442,16:50:42,20210509
102,1995-07-31,IDT,USD,1995-07-31,1995-07-31,Q4,4700000.0,0.0,0.0,0.0,0.0,0.0,0.0,0.0,0.0,0.0,0.0,0.0,-9100000.0,-1.9361702127659575,-9100000.0,-1.9361702127659575,0.0,0.0,0.0,0.0,-800000.0,-0.1702127659574468,0.0,0.0,0.0,0.0,,,1620593442,16:50:42,20210509
103,1995-04-30,IDT,USD,1995-04-30,1995-04-30,Q3,3300000.0,0.0,0.0,0.0,0.0,0.0,0.0,0.0,0.0,0.0,0.0,0.0,3300000.0,1.0,3300000.0,1.0,0.0,0.0,0.0,0.0,-300000.0,-0.09090909090909091,-0.03,-0.03,9999990.0,9999990.0,,,1620593442,16:50:42,20210509
104,1995-01-31,IDT,USD,1995-01-31,1995-01-31,Q2,2100000.0,0.0,0.0,0.0,0.0,0.0,0.0,0.0,0.0,0.0,0.0,0.0,2100000.0,1.0,2100000.0,1.0,0.0,0.0,0.0,0.0,-100000.0,-0.047619047619047616,-0.015,-0.015,6666660.0,6666660.0,,,1620593442,16:50:42,20210509
105,1994-10-31,IDT,USD,1994-10-31,1994-10-31,Q1,1600000.0,0.0,0.0,0.0,0.0,0.0,0.0,0.0,0.0,0.0,0.0,0.0,1600000.0,1.0,1600000.0,1.0,0.0,0.0,0.0,0.0,-900000.0,-0.5625,-0.075,-0.075,11999988.0,11999988.0,,,1620593442,16:50:42,20210509
