,date,symbol,reportedCurrency,fillingDate,acceptedDate,period,revenue,costOfRevenue,grossProfit,grossProfitRatio,researchAndDevelopmentExpenses,generalAndAdministrativeExpenses,sellingAndMarketingExpenses,otherExpenses,operatingExpenses,costAndExpenses,interestExpense,depreciationAndAmortization,ebitda,ebitdaratio,operatingIncome,operatingIncomeRatio,totalOtherIncomeExpensesNet,incomeBeforeTax,incomeBeforeTaxRatio,incomeTaxExpense,netIncome,netIncomeRatio,eps,epsdiluted,weightedAverageShsOut,weightedAverageShsOutDil,link,finalLink,timestamp,est_time,est_date
0,2019-05-31,MIG5.L,GBP,2019-05-31,2019-05-31,Q2,0.0,0.0,0.0,0.0,0.0,0.0,0.0,0.0,0.0,0.0,0.0,0.0,0.0,0.0,0.0,0.0,0.0,0.0,0.0,0.0,0.0,0.0,0.0,0.0,0.0,0.0,https://find-and-update.company-information.service.gov.uk/search/companies?q=Maven+Income+and+Growth+VCT+5+PLC,https://find-and-update.company-information.service.gov.uk/search/companies?q=Maven+Income+and+Growth+VCT+5+PLC,1620595010,17:16:50,20210509
1,2018-05-31,MIG5.L,GBP,2018-05-31,2018-05-31,Q2,0.0,0.0,0.0,0.0,0.0,0.0,0.0,0.0,0.0,0.0,0.0,0.0,0.0,0.0,0.0,0.0,0.0,0.0,0.0,0.0,0.0,0.0,0.0,0.0,0.0,0.0,https://find-and-update.company-information.service.gov.uk/search/companies?q=Maven+Income+and+Growth+VCT+5+PLC,https://find-and-update.company-information.service.gov.uk/search/companies?q=Maven+Income+and+Growth+VCT+5+PLC,1620595010,17:16:50,20210509
2,2017-05-31,MIG5.L,GBP,2017-05-31,2017-05-31,Q2,0.0,0.0,0.0,0.0,0.0,0.0,0.0,0.0,0.0,0.0,0.0,0.0,0.0,0.0,0.0,0.0,0.0,0.0,0.0,0.0,0.0,0.0,0.0,0.0,0.0,0.0,https://find-and-update.company-information.service.gov.uk/search/companies?q=Maven+Income+and+Growth+VCT+5+PLC,https://find-and-update.company-information.service.gov.uk/search/companies?q=Maven+Income+and+Growth+VCT+5+PLC,1620595010,17:16:50,20210509
3,2016-05-31,MIG5.L,GBP,2016-05-31,2016-05-31,Q2,0.0,0.0,0.0,0.0,0.0,0.0,0.0,0.0,0.0,0.0,0.0,0.0,0.0,0.0,0.0,0.0,0.0,0.0,0.0,0.0,0.0,0.0,0.0,0.0,0.0,0.0,https://find-and-update.company-information.service.gov.uk/search/companies?q=Maven+Income+and+Growth+VCT+5+PLC,https://find-and-update.company-information.service.gov.uk/search/companies?q=Maven+Income+and+Growth+VCT+5+PLC,1620595010,17:16:50,20210509
4,2015-05-31,MIG5.L,GBP,2015-05-31,2015-05-31,Q2,0.0,0.0,0.0,0.0,0.0,0.0,0.0,0.0,0.0,0.0,0.0,0.0,0.0,0.0,0.0,0.0,0.0,0.0,0.0,0.0,0.0,0.0,0.0,0.0,0.0,0.0,https://find-and-update.company-information.service.gov.uk/search/companies?q=Maven+Income+and+Growth+VCT+5+PLC,https://find-and-update.company-information.service.gov.uk/search/companies?q=Maven+Income+and+Growth+VCT+5+PLC,1620595010,17:16:50,20210509
5,2014-05-31,MIG5.L,GBP,2014-05-31,2014-05-31,Q2,0.0,0.0,0.0,0.0,0.0,0.0,0.0,0.0,0.0,0.0,0.0,0.0,0.0,0.0,0.0,0.0,0.0,0.0,0.0,0.0,0.0,0.0,0.0,0.0,0.0,0.0,https://find-and-update.company-information.service.gov.uk/search/companies?q=Maven+Income+and+Growth+VCT+5+PLC,https://find-and-update.company-information.service.gov.uk/search/companies?q=Maven+Income+and+Growth+VCT+5+PLC,1620595010,17:16:50,20210509
6,2013-05-31,MIG5.L,GBP,2013-05-31,2013-05-31,Q2,0.0,0.0,0.0,0.0,0.0,0.0,0.0,0.0,0.0,0.0,0.0,0.0,0.0,0.0,0.0,0.0,0.0,0.0,0.0,0.0,0.0,0.0,0.0,0.0,0.0,0.0,https://find-and-update.company-information.service.gov.uk/search/companies?q=Maven+Income+and+Growth+VCT+5+PLC,https://find-and-update.company-information.service.gov.uk/search/companies?q=Maven+Income+and+Growth+VCT+5+PLC,1620595010,17:16:50,20210509
7,2012-05-31,MIG5.L,GBP,2012-05-31,2012-05-31,Q2,0.0,0.0,0.0,0.0,0.0,0.0,0.0,0.0,0.0,0.0,0.0,0.0,0.0,0.0,0.0,0.0,0.0,0.0,0.0,0.0,0.0,0.0,0.0,0.0,0.0,0.0,https://find-and-update.company-information.service.gov.uk/search/companies?q=Maven+Income+and+Growth+VCT+5+PLC,https://find-and-update.company-information.service.gov.uk/search/companies?q=Maven+Income+and+Growth+VCT+5+PLC,1620595010,17:16:50,20210509
8,2011-05-31,MIG5.L,GBP,2011-05-31,2011-05-31,Q2,0.0,0.0,0.0,0.0,0.0,0.0,0.0,0.0,0.0,0.0,0.0,0.0,0.0,0.0,0.0,0.0,0.0,0.0,0.0,0.0,0.0,0.0,0.0,0.0,0.0,0.0,https://find-and-update.company-information.service.gov.uk/search/companies?q=Maven+Income+and+Growth+VCT+5+PLC,https://find-and-update.company-information.service.gov.uk/search/companies?q=Maven+Income+and+Growth+VCT+5+PLC,1620595010,17:16:50,20210509
9,2010-05-31,MIG5.L,GBP,2010-05-31,2010-05-31,Q2,0.0,0.0,0.0,0.0,0.0,0.0,0.0,0.0,0.0,0.0,0.0,0.0,0.0,0.0,0.0,0.0,0.0,0.0,0.0,0.0,0.0,0.0,0.0,0.0,0.0,0.0,https://find-and-update.company-information.service.gov.uk/search/companies?q=Maven+Income+and+Growth+VCT+5+PLC,https://find-and-update.company-information.service.gov.uk/search/companies?q=Maven+Income+and+Growth+VCT+5+PLC,1620595010,17:16:50,20210509
10,2009-05-31,MIG5.L,GBP,2009-05-31,2009-05-31,Q2,0.0,0.0,0.0,0.0,0.0,0.0,0.0,0.0,0.0,0.0,0.0,0.0,0.0,0.0,0.0,0.0,0.0,0.0,0.0,0.0,0.0,0.0,0.0,0.0,0.0,0.0,https://find-and-update.company-information.service.gov.uk/search/companies?q=Maven+Income+and+Growth+VCT+5+PLC,https://find-and-update.company-information.service.gov.uk/search/companies?q=Maven+Income+and+Growth+VCT+5+PLC,1620595010,17:16:50,20210509
11,2008-05-31,MIG5.L,GBP,2008-05-31,2008-05-31,Q2,0.0,0.0,0.0,0.0,0.0,0.0,0.0,0.0,0.0,0.0,0.0,0.0,0.0,0.0,0.0,0.0,0.0,0.0,0.0,0.0,0.0,0.0,0.0,0.0,0.0,0.0,https://find-and-update.company-information.service.gov.uk/search/companies?q=Maven+Income+and+Growth+VCT+5+PLC,https://find-and-update.company-information.service.gov.uk/search/companies?q=Maven+Income+and+Growth+VCT+5+PLC,1620595010,17:16:50,20210509
12,2007-05-31,MIG5.L,GBP,2007-05-31,2007-05-31,Q2,0.0,0.0,0.0,0.0,0.0,0.0,0.0,0.0,0.0,0.0,0.0,0.0,0.0,0.0,0.0,0.0,0.0,0.0,0.0,0.0,0.0,0.0,0.0,0.0,0.0,0.0,https://find-and-update.company-information.service.gov.uk/search/companies?q=Maven+Income+and+Growth+VCT+5+PLC,https://find-and-update.company-information.service.gov.uk/search/companies?q=Maven+Income+and+Growth+VCT+5+PLC,1620595010,17:16:50,20210509
13,2006-05-31,MIG5.L,GBP,2006-05-31,2006-05-31,Q2,0.0,0.0,0.0,0.0,0.0,0.0,0.0,0.0,0.0,0.0,0.0,0.0,0.0,0.0,0.0,0.0,0.0,0.0,0.0,0.0,0.0,0.0,0.0,0.0,0.0,0.0,https://find-and-update.company-information.service.gov.uk/search/companies?q=Maven+Income+and+Growth+VCT+5+PLC,https://find-and-update.company-information.service.gov.uk/search/companies?q=Maven+Income+and+Growth+VCT+5+PLC,1620595010,17:16:50,20210509
14,2005-05-31,MIG5.L,GBP,2005-05-31,2005-05-31,Q2,0.0,0.0,0.0,0.0,0.0,0.0,0.0,0.0,0.0,0.0,0.0,0.0,0.0,0.0,0.0,0.0,0.0,0.0,0.0,0.0,0.0,0.0,0.0,0.0,0.0,0.0,https://find-and-update.company-information.service.gov.uk/search/companies?q=Maven+Income+and+Growth+VCT+5+PLC,https://find-and-update.company-information.service.gov.uk/search/companies?q=Maven+Income+and+Growth+VCT+5+PLC,1620595010,17:16:50,20210509
15,2004-05-31,MIG5.L,GBP,2004-05-31,2004-05-31,Q2,0.0,0.0,0.0,0.0,0.0,0.0,0.0,0.0,0.0,0.0,0.0,0.0,0.0,0.0,0.0,0.0,0.0,0.0,0.0,0.0,0.0,0.0,0.0,0.0,0.0,0.0,https://find-and-update.company-information.service.gov.uk/search/companies?q=Maven+Income+and+Growth+VCT+5+PLC,https://find-and-update.company-information.service.gov.uk/search/companies?q=Maven+Income+and+Growth+VCT+5+PLC,1620595010,17:16:50,20210509
16,2003-05-31,MIG5.L,GBP,2003-05-31,2003-05-31,Q2,0.0,0.0,0.0,0.0,0.0,0.0,0.0,0.0,0.0,0.0,0.0,0.0,0.0,0.0,0.0,0.0,0.0,0.0,0.0,0.0,0.0,0.0,0.0,0.0,0.0,0.0,https://find-and-update.company-information.service.gov.uk/search/companies?q=Maven+Income+and+Growth+VCT+5+PLC,https://find-and-update.company-information.service.gov.uk/search/companies?q=Maven+Income+and+Growth+VCT+5+PLC,1620595010,17:16:50,20210509
17,2002-05-31,MIG5.L,GBP,2002-05-31,2002-05-31,Q2,0.0,0.0,0.0,0.0,0.0,0.0,0.0,0.0,0.0,0.0,0.0,0.0,0.0,0.0,0.0,0.0,0.0,0.0,0.0,0.0,0.0,0.0,0.0,0.0,0.0,0.0,https://find-and-update.company-information.service.gov.uk/search/companies?q=Maven+Income+and+Growth+VCT+5+PLC,https://find-and-update.company-information.service.gov.uk/search/companies?q=Maven+Income+and+Growth+VCT+5+PLC,1620595010,17:16:50,20210509
