,date,symbol,reportedCurrency,fillingDate,acceptedDate,period,revenue,costOfRevenue,grossProfit,grossProfitRatio,researchAndDevelopmentExpenses,generalAndAdministrativeExpenses,sellingAndMarketingExpenses,otherExpenses,operatingExpenses,costAndExpenses,interestExpense,depreciationAndAmortization,ebitda,ebitdaratio,operatingIncome,operatingIncomeRatio,totalOtherIncomeExpensesNet,incomeBeforeTax,incomeBeforeTaxRatio,incomeTaxExpense,netIncome,netIncomeRatio,eps,epsdiluted,weightedAverageShsOut,weightedAverageShsOutDil,link,finalLink,timestamp,est_time,est_date
0,2020-12-31,F3C.DE,EUR,2020-12-31,2020-12-31,Q4,14009675.0,9110622.0,4899052.0,0.34969062451484423,741029.0,-2058549.0,-6991934.0,0.0,5591575.0,14702197.0,101522.0,856353.0,163830.0,0.011694061425407798,-692523.0,-0.04943176768911484,0.0,-1158274.0,-0.08267672162273572,130096.0,-1288370.0,-0.09196287565557373,-0.09794278864603485,-0.09794278864603485,13154312.0,13154312.0,https://www.bundesanzeiger.de/pub/de/suche;wwwsid=627BFD7A56A5CB624C47FDDEAB2FC509.web07-pub?0,https://www.bundesanzeiger.de/pub/de/suche;wwwsid=627BFD7A56A5CB624C47FDDEAB2FC509.web07-pub?0,1620591925,16:25:25,20210509
1,2020-09-30,F3C.DE,EUR,2020-09-30,2020-09-30,Q3,11503194.0,7263520.0,4239675.0,0.3685650263744139,529596.0,3568158.0,7987812.0,0.0,3785229.0,11048749.0,88113.0,772876.0,1227322.0,0.106694019069834,454446.0,0.039506071096427654,0.0,466735.0,0.04057438308003847,25176.0,441559.0,0.03838577355124151,0.03356762406122038,0.03356762406122038,13154312.0,13154312.0,,,1620591925,16:25:25,20210509
2,2020-06-30,F3C.DE,EUR,2020-06-30,2020-06-30,Q2,11591361.0,8059990.0,3531371.0,0.30465542398343043,741378.0,2466702.0,3942756.0,0.0,7098639.0,15158629.0,122393.0,1079314.0,-2487954.0,-0.21463864338277447,-3567268.0,-0.30775229932015746,0.0,-3689660.0,-0.3183111974512743,17393.0,-3707053.0,-0.31981171149789916,-0.28,-0.28,13154312.0,13154312.0,https://www.bundesanzeiger.de/pub/de/suche;wwwsid=627BFD7A56A5CB624C47FDDEAB2FC509.web07-pub?0,https://www.bundesanzeiger.de/pub/de/suche;wwwsid=627BFD7A56A5CB624C47FDDEAB2FC509.web07-pub?0,1620591925,16:25:25,20210509
3,2020-03-31,F3C.DE,EUR,2020-03-31,2020-03-31,Q1,16118540.0,10873259.0,5245281.0,0.32541911364180626,830858.0,1587602.0,3112174.0,-146918.0,5677552.0,16550811.0,131230.0,807120.0,374849.0,0.023255766341120226,-432271.0,-0.026818247806563125,0.0,-563501.0,-0.034959804051731734,66689.0,-630190.0,-0.0390972135193386,-0.05,-0.05,12603800.0,12603800.0,https://www.bundesanzeiger.de/pub/de/suche;wwwsid=627BFD7A56A5CB624C47FDDEAB2FC509.web07-pub?0,https://www.bundesanzeiger.de/pub/de/suche;wwwsid=627BFD7A56A5CB624C47FDDEAB2FC509.web07-pub?0,1620591925,16:25:25,20210509
4,2019-12-31,F3C.DE,EUR,2019-12-31,2019-12-31,Q4,14754269.0,9136661.0,5617608.0,0.38074458314403786,621834.0,-1853824.0,-6977498.0,0.0,4767822.0,13904483.0,156470.0,898293.0,1748079.0,0.11847953971830119,849786.0,0.0575959405376166,0.0,792721.0,0.05372824638075936,-254830.0,1047551.0,0.0709998577360898,0.07963555980730881,0.07963555980730881,13154312.0,13154312.0,https://www.bundesanzeiger.de/pub/de/suche;wwwsid=627BFD7A56A5CB624C47FDDEAB2FC509.web07-pub?0,https://www.bundesanzeiger.de/pub/de/suche;wwwsid=627BFD7A56A5CB624C47FDDEAB2FC509.web07-pub?0,1620591925,16:25:25,20210509
5,2019-09-30,F3C.DE,EUR,2019-09-30,2019-09-30,Q3,12707470.0,8600554.0,4106915.0,0.3231890376290481,792800.0,1067419.0,2547423.0,50277.0,4357365.0,12957919.0,171724.0,816121.0,565671.0,0.04451484048358957,-250450.0,-0.019708879895053853,0.0,-422173.0,-0.03322242743834925,-2965.0,-419208.0,-0.032989100111981376,-0.02,-0.02,12949612.0,12949612.0,https://www.bundesanzeiger.de/pub/de/suche;wwwsid=627BFD7A56A5CB624C47FDDEAB2FC509.web07-pub?0,https://www.bundesanzeiger.de/pub/de/suche;wwwsid=627BFD7A56A5CB624C47FDDEAB2FC509.web07-pub?0,1620591925,16:25:25,20210509
6,2019-06-30,F3C.DE,EUR,2019-06-30,2019-06-30,Q2,14619856.0,9932531.0,4687325.0,0.3206136230069571,768506.0,2020547.0,3892862.0,27351.0,6654564.0,16587095.0,197742.0,818358.0,-1148881.0,-0.0785836057482372,-1967239.0,-0.13455939648105972,0.0,-2164983.0,-0.14808511109822148,70914.0,-2235897.0,-0.15293563766975543,-0.205932,-0.205932,10857455.0,10857455.0,https://www.bundesanzeiger.de/pub/de/suche;wwwsid=627BFD7A56A5CB624C47FDDEAB2FC509.web07-pub?0,https://www.bundesanzeiger.de/pub/de/suche;wwwsid=627BFD7A56A5CB624C47FDDEAB2FC509.web07-pub?0,1620591925,16:25:25,20210509
7,2019-03-31,F3C.DE,EUR,2019-03-31,2019-03-31,Q1,16456549.0,10740062.0,5716487.0,0.3473685157197903,920461.0,1504750.0,3374455.0,63793.0,5735873.0,16475935.0,225919.0,797144.0,777758.0,0.04726130612195789,-19386.0,-0.0011780112586180736,0.0,-245306.0,-0.014906284422086307,74255.0,-319561.0,-0.019418469814053967,-0.028082,-0.028082,11379716.0,11379716.0,https://www.bundesanzeiger.de/pub/de/suche;wwwsid=627BFD7A56A5CB624C47FDDEAB2FC509.web07-pub?0,https://www.bundesanzeiger.de/pub/de/suche;wwwsid=627BFD7A56A5CB624C47FDDEAB2FC509.web07-pub?0,1620591925,16:25:25,20210509
8,2018-12-31,F3C.DE,EUR,2018-12-31,2018-12-31,Q4,17435505.0,11018018.0,6417488.0,0.36807009604826474,929839.0,-1208279.0,-5187169.0,0.0,5106444.0,16124462.0,169291.0,318573.0,1629617.0,0.09346543160063331,1311044.0,0.07519392182790231,0.0,1053321.0,0.060412417076534344,261798.0,791524.0,0.04539725118371966,0.060172208170218254,0.060172208170218254,13154312.0,13154312.0,https://www.bundesanzeiger.de/pub/de/suche;wwwsid=627BFD7A56A5CB624C47FDDEAB2FC509.web07-pub?0,https://www.bundesanzeiger.de/pub/de/suche;wwwsid=627BFD7A56A5CB624C47FDDEAB2FC509.web07-pub?0,1620591925,16:25:25,20210509
9,2018-09-30,F3C.DE,EUR,2018-09-30,2018-09-30,Q3,13408270.0,9315521.0,4092748.0,0.30524057167703217,900481.0,1133411.0,2511842.0,73592.0,4472142.0,13787663.0,165090.0,273686.0,-105708.0,-0.007883791122941288,-379394.0,-0.028295522091962646,0.0,-559406.0,-0.04172096773110923,84012.0,-643419.0,-0.04798672759423848,-0.056163,-0.056163,11456225.0,11456225.0,https://www.bundesanzeiger.de/pub/de/suche;wwwsid=627BFD7A56A5CB624C47FDDEAB2FC509.web07-pub?0,https://www.bundesanzeiger.de/pub/de/suche;wwwsid=627BFD7A56A5CB624C47FDDEAB2FC509.web07-pub?0,1620591925,16:25:25,20210509
10,2018-06-30,F3C.DE,EUR,2018-06-30,2018-06-30,Q2,14102413.0,9438604.0,4663809.0,0.33070999977096116,872851.0,1353727.0,2761366.0,116318.0,4871626.0,14310230.0,183001.0,291806.0,83989.0,0.005955647448418934,-207817.0,-0.014736272437915412,0.0,-390815.0,-0.027712633291905434,84158.0,-474973.0,-0.0336802645050886,-0.046803,-0.046803,10148406.0,10148406.0,https://www.bundesanzeiger.de/pub/de/suche;wwwsid=627BFD7A56A5CB624C47FDDEAB2FC509.web07-pub?0,https://www.bundesanzeiger.de/pub/de/suche;wwwsid=627BFD7A56A5CB624C47FDDEAB2FC509.web07-pub?0,1620591925,16:25:25,20210509
11,2018-03-31,F3C.DE,EUR,2018-03-31,2018-03-31,Q1,16758054.0,10850560.0,5907494.0,0.35251670629537296,821861.0,1372593.0,2682630.0,69156.0,4807928.0,15658488.0,219929.0,268481.0,1368047.0,0.08163519463536757,1099566.0,0.06561418169436618,0.0,484924.0,0.028936772730294342,158574.0,326350.0,0.01947421818786358,0.028082,0.028082,11621476.0,11621476.0,https://www.bundesanzeiger.de/pub/de/suche;wwwsid=627BFD7A56A5CB624C47FDDEAB2FC509.web07-pub?0,https://www.bundesanzeiger.de/pub/de/suche;wwwsid=627BFD7A56A5CB624C47FDDEAB2FC509.web07-pub?0,1620591925,16:25:25,20210509
12,2017-12-31,F3C.DE,EUR,2017-12-31,2017-12-31,Q4,14925604.0,9119685.0,5805920.0,0.388990623093042,991697.0,-980705.0,-5078662.0,0.0,4851894.0,13971579.0,310891.0,297300.0,1251326.0,0.08383754520085084,954026.0,0.06391875330472388,0.0,529238.0,0.03545839752950701,170264.0,358974.0,0.024050885980895647,0.02728945459101168,0.02728945459101168,13154312.0,13154312.0,https://www.bundesanzeiger.de/pub/de/suche;wwwsid=627BFD7A56A5CB624C47FDDEAB2FC509.web07-pub?0,https://www.bundesanzeiger.de/pub/de/suche;wwwsid=627BFD7A56A5CB624C47FDDEAB2FC509.web07-pub?0,1620591925,16:25:25,20210509
13,2017-09-30,F3C.DE,EUR,2017-09-30,2017-09-30,Q3,13060363.0,9082911.0,3977452.0,0.3045437557899424,845535.0,1014530.0,2373709.0,52942.0,4180832.0,13263743.0,412159.0,473923.0,270543.0,0.020714814741366685,-203380.0,-0.015572308365395356,0.0,-613873.0,-0.04700275176118765,-7612.0,-606262.0,-0.046419996136401416,-0.065524,-0.065524,9252545.0,9252545.0,https://www.bundesanzeiger.de/pub/de/suche;wwwsid=627BFD7A56A5CB624C47FDDEAB2FC509.web07-pub?0,https://www.bundesanzeiger.de/pub/de/suche;wwwsid=627BFD7A56A5CB624C47FDDEAB2FC509.web07-pub?0,1620591925,16:25:25,20210509
14,2017-06-30,F3C.DE,EUR,2017-06-30,2017-06-30,Q2,13193833.0,8895823.0,4298010.0,0.32575901180498495,1146704.0,1299653.0,2461508.0,-95841.0,5003706.0,13899529.0,228644.0,492692.0,-213004.0,-0.016144209192279452,-705696.0,-0.053486807055993506,0.0,-911474.0,-0.06908333613135774,-77472.0,-834002.0,-0.0632115019191163,-0.084245,-0.084245,9665302.0,9665302.0,https://www.bundesanzeiger.de/pub/de/suche;wwwsid=627BFD7A56A5CB624C47FDDEAB2FC509.web07-pub?0,https://www.bundesanzeiger.de/pub/de/suche;wwwsid=627BFD7A56A5CB624C47FDDEAB2FC509.web07-pub?0,1620591925,16:25:25,20210509
15,2017-03-31,F3C.DE,EUR,2017-03-31,2017-03-31,Q1,13112020.0,9467522.0,3644498.0,0.2779509183176963,908076.0,1185785.0,2509500.0,143093.0,4460268.0,13927790.0,223128.0,482889.0,-332881.0,-0.025387468902579466,-815770.0,-0.06221543286236598,0.0,-1038891.0,-0.07923195663215889,-47959.0,-990932.0,-0.07557432035643631,-0.102966,-0.102966,9623878.0,9623878.0,https://www.bundesanzeiger.de/pub/de/suche;wwwsid=627BFD7A56A5CB624C47FDDEAB2FC509.web07-pub?0,https://www.bundesanzeiger.de/pub/de/suche;wwwsid=627BFD7A56A5CB624C47FDDEAB2FC509.web07-pub?0,1620591925,16:25:25,20210509
16,2016-12-31,F3C.DE,EUR,2016-12-31,2016-12-31,Q4,12681799.0,8428930.0,4252869.0,0.33535218465455885,1189276.0,-411446.0,-4742276.0,0.0,4773716.0,13202646.0,273105.0,686324.0,165477.0,0.013048385327665262,-520847.0,-0.041070434880729464,0.0,-559568.0,-0.04412370831614663,-156780.0,-402788.0,-0.03176110897199995,-0.03062022551996638,-0.03062022551996638,13154312.0,13154312.0,https://www.bundesanzeiger.de/pub/de/suche;wwwsid=627BFD7A56A5CB624C47FDDEAB2FC509.web07-pub?0,https://www.bundesanzeiger.de/pub/de/suche;wwwsid=627BFD7A56A5CB624C47FDDEAB2FC509.web07-pub?0,1620591925,16:25:25,20210509
17,2016-09-30,F3C.DE,EUR,2016-09-30,2016-09-30,Q3,10560740.0,7707422.0,2853318.0,0.27018163499906256,1055645.0,1093924.0,2203869.0,-12323.0,4365761.0,12073183.0,141125.0,572697.0,-939746.0,-0.08898486280317477,-1512443.0,-0.1432137331285497,0.0,-1653561.0,-0.15657624371019455,-70052.0,-1583509.0,-0.14994299641881156,-0.1684897899598106,-0.14976870395714378,9398249.0,10573030.0,https://www.bundesanzeiger.de/pub/de/suche;wwwsid=627BFD7A56A5CB624C47FDDEAB2FC509.web07-pub?0,https://www.bundesanzeiger.de/pub/de/suche;wwwsid=627BFD7A56A5CB624C47FDDEAB2FC509.web07-pub?0,1620591925,16:25:25,20210509
18,2016-06-30,F3C.DE,EUR,2016-06-30,2016-06-30,Q2,10500738.0,7581912.0,2918826.0,0.27796389168075614,1024985.0,1376422.0,2466245.0,59082.0,4808570.0,12390482.0,152442.0,581495.0,-1308249.0,-0.12458638621399754,-1889744.0,-0.17996297022171204,0.0,-2042149.0,-0.19447671201776484,-53080.0,-1989069.0,-0.18942182920857562,-0.215293,-0.215293,9199469.0,9199469.0,https://www.bundesanzeiger.de/pub/de/suche;wwwsid=627BFD7A56A5CB624C47FDDEAB2FC509.web07-pub?0,https://www.bundesanzeiger.de/pub/de/suche;wwwsid=627BFD7A56A5CB624C47FDDEAB2FC509.web07-pub?0,1620591925,16:25:25,20210509
19,2016-03-31,F3C.DE,EUR,2016-03-31,2016-03-31,Q1,10298099.0,7076386.0,3221713.0,0.31284540962365964,878392.0,1055027.0,2287080.0,1102.0,4219397.0,11295783.0,120099.0,549679.0,-448005.0,-0.04350366023865181,-997684.0,-0.09688040482034598,0.0,-1117760.0,-0.10854042090681008,-100395.0,-1017365.0,-0.09879153424335889,-0.11232652082412566,-0.10296598594841423,9057211.0,9880593.0,https://www.bundesanzeiger.de/pub/de/suche;wwwsid=627BFD7A56A5CB624C47FDDEAB2FC509.web07-pub?0,https://www.bundesanzeiger.de/pub/de/suche;wwwsid=627BFD7A56A5CB624C47FDDEAB2FC509.web07-pub?0,1620591925,16:25:25,20210509
20,2015-12-31,F3C.DE,EUR,2015-12-31,2015-12-31,Q4,10978366.0,7878018.0,3100349.0,0.28240532334228974,2830073.0,867669.0,588049.0,0.0,8345666.0,16223684.0,82673.0,2165620.0,-3079697.0,-0.2805241690794422,-5245317.0,-0.47778667608640485,0.0,-5281859.0,-0.4811152224292759,-126848.0,-5155011.0,-0.4695608617894503,-0.391887542275111,-0.391887542275111,13154312.0,13154312.0,https://www.bundesanzeiger.de/pub/de/suche;wwwsid=627BFD7A56A5CB624C47FDDEAB2FC509.web07-pub?0,https://www.bundesanzeiger.de/pub/de/suche;wwwsid=627BFD7A56A5CB624C47FDDEAB2FC509.web07-pub?0,1620591925,16:25:25,20210509
21,2015-09-30,F3C.DE,EUR,2015-09-30,2015-09-30,Q3,11540219.0,7976651.0,3563569.0,0.3087956129775353,1000342.0,1238237.0,2701886.0,-137377.0,5077842.0,13054493.0,73149.0,624781.0,-889492.0,-0.07707756672555348,-1514273.0,-0.13121700723357158,0.0,-1587153.0,-0.13753231199511898,-72481.0,-1514672.0,-0.1312515819673786,-0.16849,-0.16849,9199469.0,9199469.0,https://www.bundesanzeiger.de/pub/de/suche;wwwsid=627BFD7A56A5CB624C47FDDEAB2FC509.web07-pub?0,https://www.bundesanzeiger.de/pub/de/suche;wwwsid=627BFD7A56A5CB624C47FDDEAB2FC509.web07-pub?0,1620591925,16:25:25,20210509
22,2015-06-30,F3C.DE,EUR,2015-06-30,2015-06-30,Q2,12180988.0,9257855.0,2923133.0,0.23997503322390598,1007571.0,1337887.0,2991005.0,-10116.0,5346579.0,14604434.0,84184.0,614562.0,-1808884.0,-0.14850059781686017,-2423446.0,-0.19895315552400183,0.0,-2506659.0,-0.20578453898813462,-81716.0,-2424943.0,-0.19907605195900366,-0.262095,-0.262095,9199469.0,9199469.0,https://www.bundesanzeiger.de/pub/de/suche;wwwsid=627BFD7A56A5CB624C47FDDEAB2FC509.web07-pub?0,https://www.bundesanzeiger.de/pub/de/suche;wwwsid=627BFD7A56A5CB624C47FDDEAB2FC509.web07-pub?0,1620591925,16:25:25,20210509
23,2015-03-31,F3C.DE,EUR,2015-03-31,2015-03-31,Q1,12610547.0,8970874.0,3639673.0,0.288621342119418,968420.0,721454.0,561618.0,0.0,5220391.0,14191265.0,78153.0,374120.0,-1206598.0,-0.09568165441197753,-1580718.0,-0.12534888454878285,0.0,-1583488.0,-0.1255685419514316,-9134.0,-1574354.0,-0.12484422761359995,-0.16849,-0.16849,9199469.0,9199469.0,https://www.bundesanzeiger.de/pub/de/suche;wwwsid=627BFD7A56A5CB624C47FDDEAB2FC509.web07-pub?0,https://www.bundesanzeiger.de/pub/de/suche;wwwsid=627BFD7A56A5CB624C47FDDEAB2FC509.web07-pub?0,1620591925,16:25:25,20210509
24,2014-12-31,F3C.DE,EUR,2014-12-31,2014-12-31,Q4,16305093.0,11477768.0,4827325.0,0.2960624020973079,985847.0,498237.0,517484.0,0.0,4900463.0,16378231.0,84765.0,451053.0,377915.0,0.02317772735181578,-73138.0,-0.0044855923238217655,0.0,-168528.0,-0.010335911607495892,135189.0,-303716.0,-0.018627063335363986,-0.023088702776701664,-0.023088702776701664,13154312.0,13154312.0,https://www.bundesanzeiger.de/pub/de/suche;wwwsid=627BFD7A56A5CB624C47FDDEAB2FC509.web07-pub?0,https://www.bundesanzeiger.de/pub/de/suche;wwwsid=627BFD7A56A5CB624C47FDDEAB2FC509.web07-pub?0,1620591925,16:25:25,20210509
25,2014-09-30,F3C.DE,EUR,2014-09-30,2014-09-30,Q3,11163606.0,8001506.0,3162100.0,0.28325077040518987,1022453.0,1270696.0,2659029.0,42321.0,4909857.0,12911363.0,78308.0,671269.0,-1076488.0,-0.09642834044841783,-1747757.0,-0.156558463277905,0.0,-1823193.0,-0.16331577807385894,15175.0,-1838369.0,-0.16467519545207884,-0.215293,-0.215293,8567926.0,8567926.0,https://www.bundesanzeiger.de/pub/de/suche;wwwsid=627BFD7A56A5CB624C47FDDEAB2FC509.web07-pub?0,https://www.bundesanzeiger.de/pub/de/suche;wwwsid=627BFD7A56A5CB624C47FDDEAB2FC509.web07-pub?0,1620591925,16:25:25,20210509
26,2014-06-30,F3C.DE,EUR,2014-06-30,2014-06-30,Q2,13225684.0,9399354.0,3826330.0,0.2893105566411537,1178075.0,1253329.0,2674124.0,46478.0,5059050.0,14458404.0,77320.0,675531.0,-557189.0,-0.042129314446043016,-1232720.0,-0.09320652149257459,0.0,-1306128.0,-0.0987569338568803,54031.0,-1360160.0,-0.10284231802302247,-0.159129,-0.159129,8567926.0,8567926.0,https://www.bundesanzeiger.de/pub/de/suche;wwwsid=627BFD7A56A5CB624C47FDDEAB2FC509.web07-pub?0,https://www.bundesanzeiger.de/pub/de/suche;wwwsid=627BFD7A56A5CB624C47FDDEAB2FC509.web07-pub?0,1620591925,16:25:25,20210509
27,2014-03-31,F3C.DE,EUR,2014-03-31,2014-03-31,Q1,12936555.0,9001937.0,3934618.0,0.3041472787770778,1432804.0,620654.0,487294.0,0.0,5116926.0,14118863.0,71207.0,365652.0,-816656.0,-0.06312778015476299,-1182308.0,-0.09139280125195619,0.0,-1269303.0,-0.09811754365826142,54715.0,-1324018.0,-0.10234703133871421,-0.159129,-0.159129,8567926.0,8567926.0,https://www.bundesanzeiger.de/pub/de/suche;wwwsid=627BFD7A56A5CB624C47FDDEAB2FC509.web07-pub?0,https://www.bundesanzeiger.de/pub/de/suche;wwwsid=627BFD7A56A5CB624C47FDDEAB2FC509.web07-pub?0,1620591925,16:25:25,20210509
28,2013-12-31,F3C.DE,EUR,2013-12-31,2013-12-31,Q4,11828485.0,8441786.0,3386699.0,0.28631722490242834,2521425.0,851176.0,672184.0,0.0,7983480.0,16425266.0,81314.0,1126677.0,-3470104.0,-0.2933684237668645,-4596781.0,-0.3886195907590871,0.0,-5323885.0,-0.45009018483770324,-12326.0,-5311559.0,-0.44904812408351535,-0.4037884307442305,-0.4037884307442305,13154312.0,13154312.0,https://www.bundesanzeiger.de/pub/de/suche;wwwsid=627BFD7A56A5CB624C47FDDEAB2FC509.web07-pub?0,https://www.bundesanzeiger.de/pub/de/suche;wwwsid=627BFD7A56A5CB624C47FDDEAB2FC509.web07-pub?0,1620591925,16:25:25,20210509
29,2013-09-30,F3C.DE,EUR,2013-09-30,2013-09-30,Q3,7002422.0,4848959.0,2153463.0,0.3075311656452582,1295417.0,842501.0,1742435.0,-134666.0,4015019.0,8863978.0,42264.0,631062.0,-1230494.0,-0.17572405661926688,-1861556.0,-0.26584458920070797,0.0,-1888982.0,-0.269761234041593,-50502.0,-1838480.0,-0.262549157991335,-0.224653,-0.224653,8567926.0,8567926.0,https://www.bundesanzeiger.de/pub/de/suche;wwwsid=627BFD7A56A5CB624C47FDDEAB2FC509.web07-pub?0,https://www.bundesanzeiger.de/pub/de/suche;wwwsid=627BFD7A56A5CB624C47FDDEAB2FC509.web07-pub?0,1620591925,16:25:25,20210509
30,2013-06-30,F3C.DE,EUR,2013-06-30,2013-06-30,Q2,6236787.0,4016027.0,2220760.0,0.35607436970350276,1246383.0,838873.0,1383633.0,-294902.0,3763791.0,7779818.0,27976.0,477464.0,-1065567.0,-0.17085191461565066,-1543031.0,-0.2474080003052854,0.0,-1554457.0,-0.24924003336974632,-3630.0,-1550827.0,-0.24865800291079365,-0.196571,-0.196571,8015439.0,8015439.0,https://www.bundesanzeiger.de/pub/de/suche;wwwsid=627BFD7A56A5CB624C47FDDEAB2FC509.web07-pub?0,https://www.bundesanzeiger.de/pub/de/suche;wwwsid=627BFD7A56A5CB624C47FDDEAB2FC509.web07-pub?0,1620591925,16:25:25,20210509
31,2013-03-31,F3C.DE,EUR,2013-03-31,2013-03-31,Q1,7345420.0,4466328.0,2879093.0,0.39195757356284594,1085427.0,634039.0,406539.0,0.0,2859469.0,7325797.0,42906.0,92567.0,112191.0,0.015273599059005475,19624.0,0.002671596722855875,0.0,-196828.0,-0.026796017109981456,14190.0,-211018.0,-0.028727833125947868,-0.028082,-0.028082,8015439.0,8015439.0,https://www.bundesanzeiger.de/pub/de/suche;wwwsid=627BFD7A56A5CB624C47FDDEAB2FC509.web07-pub?0,https://www.bundesanzeiger.de/pub/de/suche;wwwsid=627BFD7A56A5CB624C47FDDEAB2FC509.web07-pub?0,1620591925,16:25:25,20210509
32,2012-12-31,F3C.DE,EUR,2012-12-31,2012-12-31,Q4,10088056.0,5885694.0,4202362.0,0.41656806821849524,1086709.0,-355599.0,-1979855.0,0.0,4109592.0,9995286.0,12248.0,466592.0,559362.0,0.055447947553027066,92770.0,0.009196023495507955,0.0,443629.0,0.04397566785909991,-49663.0,493292.0,0.048898618326464485,0.03750040290970748,0.03750040290970748,13154312.0,13154312.0,https://www.bundesanzeiger.de/pub/de/suche;wwwsid=627BFD7A56A5CB624C47FDDEAB2FC509.web07-pub?0,https://www.bundesanzeiger.de/pub/de/suche;wwwsid=627BFD7A56A5CB624C47FDDEAB2FC509.web07-pub?0,1620591925,16:25:25,20210509
33,2012-09-30,F3C.DE,EUR,2012-09-30,2012-09-30,Q3,6205951.0,3791712.0,2414239.0,0.3890199906509091,1144818.0,834338.0,1426331.0,0.0,3527426.0,7319138.0,36268.0,472299.0,-640888.0,-0.10326990980109253,-1113187.0,-0.17937412009859569,0.0,-1109233.0,-0.1787369897055262,-1115.0,-1108118.0,-0.17855732344647904,-0.140408,-0.140408,8015439.0,8015439.0,https://www.bundesanzeiger.de/pub/de/suche;wwwsid=627BFD7A56A5CB624C47FDDEAB2FC509.web07-pub?0,https://www.bundesanzeiger.de/pub/de/suche;wwwsid=627BFD7A56A5CB624C47FDDEAB2FC509.web07-pub?0,1620591925,16:25:25,20210509
34,2012-06-30,F3C.DE,EUR,2012-06-30,2012-06-30,Q2,7411766.0,4328955.0,3082811.0,0.4159347448367906,1080198.0,933955.0,1357879.0,0.0,3237033.0,7565988.0,49024.0,446940.0,292718.0,0.039493691516974495,-154222.0,-0.02080772652563505,0.0,-142720.0,-0.019255869653737046,7145.0,-149865.0,-0.020219877421926165,-0.018721,-0.018721,8005144.0,8005144.0,https://www.bundesanzeiger.de/pub/de/suche;wwwsid=627BFD7A56A5CB624C47FDDEAB2FC509.web07-pub?0,https://www.bundesanzeiger.de/pub/de/suche;wwwsid=627BFD7A56A5CB624C47FDDEAB2FC509.web07-pub?0,1620591925,16:25:25,20210509
35,2012-03-31,F3C.DE,EUR,2012-03-31,2012-03-31,Q1,7553953.0,4490752.0,3063201.0,0.405509671558719,945460.0,924206.0,1336010.0,0.0,2745643.0,7236395.0,36737.0,-131324.0,186234.0,0.02465384680047652,317558.0,0.042038651815810874,0.0,363405.0,0.04810792442049878,24303.0,339102.0,0.0448906685016441,0.046803,0.046803,7245348.0,7245348.0,https://www.bundesanzeiger.de/pub/de/suche;wwwsid=627BFD7A56A5CB624C47FDDEAB2FC509.web07-pub?0,https://www.bundesanzeiger.de/pub/de/suche;wwwsid=627BFD7A56A5CB624C47FDDEAB2FC509.web07-pub?0,1620591925,16:25:25,20210509
36,2011-12-31,F3C.DE,EUR,2011-12-31,2011-12-31,Q4,4922816.0,3074577.0,1848239.0,0.375443445377605,1184347.0,721189.0,1207245.0,0.0,4340885.0,7415462.0,10573.0,984842.0,-1507804.0,-0.30628892081280307,-2492646.0,-0.5063455550644184,0.0,-2501371.0,-0.5081179146244751,-7143.0,-2494228.0,-0.5066669158465399,-0.18961295733292627,-0.18961295733292627,13154312.0,13154312.0,https://www.bundesanzeiger.de/pub/de/suche;wwwsid=627BFD7A56A5CB624C47FDDEAB2FC509.web07-pub?0,https://www.bundesanzeiger.de/pub/de/suche;wwwsid=627BFD7A56A5CB624C47FDDEAB2FC509.web07-pub?0,1620591925,16:25:25,20210509
37,2011-09-30,F3C.DE,EUR,2011-09-30,2011-09-30,Q3,2727324.0,1643768.0,1083556.0,0.39729639749439377,491554.0,626231.0,1334691.0,0.0,2528901.0,4172669.0,9098.0,359863.0,-1085482.0,-0.3980025842180834,-1445345.0,-0.5299498702757721,0.0,-1710516.0,-0.6271774090647095,0.0,-1710516.0,-0.6271774090647095,-0.224653,-0.224653,7641529.0,7641529.0,https://www.bundesanzeiger.de/pub/de/suche;wwwsid=627BFD7A56A5CB624C47FDDEAB2FC509.web07-pub?0,https://www.bundesanzeiger.de/pub/de/suche;wwwsid=627BFD7A56A5CB624C47FDDEAB2FC509.web07-pub?0,1620591925,16:25:25,20210509
38,2011-06-30,F3C.DE,EUR,2011-06-30,2011-06-30,Q2,4055246.0,2689721.0,1365525.0,0.33673049674421723,401941.0,643092.0,11228376.0,0.0,12288772.0,14978493.0,8934.0,317989.0,-10605258.0,-2.615194737877801,-10923247.0,-2.6936089697147843,0.0,-10837738.0,-2.6725229492859373,0.0,-10837738.0,-2.6725229492859373,-0.112327,-0.112327,7641529.0,7641529.0,https://www.bundesanzeiger.de/pub/de/suche;wwwsid=627BFD7A56A5CB624C47FDDEAB2FC509.web07-pub?0,https://www.bundesanzeiger.de/pub/de/suche;wwwsid=627BFD7A56A5CB624C47FDDEAB2FC509.web07-pub?0,1620591925,16:25:25,20210509
39,2011-03-31,F3C.DE,EUR,2011-03-31,2011-03-31,Q1,3720588.0,2647946.0,1072642.0,0.28829905380547377,459629.0,686345.0,1125451.0,0.0,2352304.0,5000250.0,8775.0,308536.0,-971126.0,-0.26101411927362017,-1279662.0,-0.34394079645475395,0.0,-1175265.0,-0.31588152195298164,0.0,-1175265.0,-0.31588152195298164,-0.149769,-0.149769,7641529.0,7641529.0,https://www.bundesanzeiger.de/pub/de/suche;wwwsid=627BFD7A56A5CB624C47FDDEAB2FC509.web07-pub?0,https://www.bundesanzeiger.de/pub/de/suche;wwwsid=627BFD7A56A5CB624C47FDDEAB2FC509.web07-pub?0,1620591925,16:25:25,20210509
40,2010-12-31,F3C.DE,EUR,2010-12-31,2010-12-31,Q4,4464722.0,2874999.0,1589723.0,0.35606315466002136,499951.0,423417.0,1126792.0,0.0,1962043.0,4837042.0,0.0,276960.0,-95360.0,-0.021358552671364533,-372320.0,-0.08339153031252562,0.0,-274432.0,-0.0614667609763833,0.0,-274432.0,-0.0614667609763833,-0.020862512611834052,-0.020862512611834052,13154312.0,13154312.0,https://www.bundesanzeiger.de/pub/de/suche;wwwsid=627BFD7A56A5CB624C47FDDEAB2FC509.web07-pub?0,https://www.bundesanzeiger.de/pub/de/suche;wwwsid=627BFD7A56A5CB624C47FDDEAB2FC509.web07-pub?0,1620591925,16:25:25,20210509
41,2010-09-30,F3C.DE,EUR,2010-09-30,2010-09-30,Q3,2286901.0,1810033.0,476868.0,0.2085214882498193,506998.0,550393.0,1259619.0,0.0,2508755.0,4318788.0,0.0,266513.0,-1765374.0,-0.771950338033872,-2031887.0,-0.8884892699771437,0.0,-1943684.0,-0.8499204819097984,0.0,-1943684.0,-0.8499204819097984,-0.252735,-0.252735,7641529.0,7641529.0,https://www.bundesanzeiger.de/pub/de/suche;wwwsid=627BFD7A56A5CB624C47FDDEAB2FC509.web07-pub?0,https://www.bundesanzeiger.de/pub/de/suche;wwwsid=627BFD7A56A5CB624C47FDDEAB2FC509.web07-pub?0,1620591925,16:25:25,20210509
42,2010-06-30,F3C.DE,EUR,2010-06-30,2010-06-30,Q2,2983778.0,2081003.0,902775.0,0.302561048442612,493042.0,605946.0,1191311.0,0.0,2176164.0,4257167.0,0.0,248878.0,-1024511.0,-0.3433603304267275,-1273389.0,-0.426770691385217,0.0,-1169920.0,-0.39209351365952827,0.0,-1169920.0,-0.39209351365952827,-0.149769,-0.149769,7641529.0,7641529.0,https://www.bundesanzeiger.de/pub/de/suche;wwwsid=627BFD7A56A5CB624C47FDDEAB2FC509.web07-pub?0,https://www.bundesanzeiger.de/pub/de/suche;wwwsid=627BFD7A56A5CB624C47FDDEAB2FC509.web07-pub?0,1620591925,16:25:25,20210509
43,2010-03-31,F3C.DE,EUR,2010-03-31,2010-03-31,Q1,3594777.0,2521821.0,1072956.0,0.29847637280421013,390869.0,472477.0,1173363.0,0.0,1905698.0,4427519.0,21769.0,227732.0,-605010.0,-0.16830251222815767,-832742.0,-0.23165331256987567,0.0,-735225.0,-0.20452589965942256,0.0,-735225.0,-0.20452589965942256,-0.093605,-0.093605,7641529.0,7641529.0,https://www.bundesanzeiger.de/pub/de/suche;wwwsid=627BFD7A56A5CB624C47FDDEAB2FC509.web07-pub?0,https://www.bundesanzeiger.de/pub/de/suche;wwwsid=627BFD7A56A5CB624C47FDDEAB2FC509.web07-pub?0,1620591925,16:25:25,20210509
44,2009-12-31,F3C.DE,EUR,2009-12-31,2009-12-31,Q4,3211321.0,2291853.0,919468.0,0.28632080069230076,405319.0,620254.0,1218202.0,0.0,2155322.0,4447175.0,0.0,241827.0,-994027.0,-0.3095383488601731,-1235854.0,-0.38484287307310605,0.0,-1116606.0,-0.34770924488707294,0.0,-1116606.0,-0.34770924488707294,-0.08488516921295465,-0.08488516921295465,13154312.0,13154312.0,https://www.bundesanzeiger.de/pub/de/suche;wwwsid=627BFD7A56A5CB624C47FDDEAB2FC509.web07-pub?0,https://www.bundesanzeiger.de/pub/de/suche;wwwsid=627BFD7A56A5CB624C47FDDEAB2FC509.web07-pub?0,1620591925,16:25:25,20210509
45,2009-09-30,F3C.DE,EUR,2009-09-30,2009-09-30,Q3,2810132.0,1885275.0,924857.0,0.32911514476900017,312208.0,508280.0,1067291.0,0.0,1817371.0,3702646.0,0.0,204679.0,-687835.0,-0.24476964071438637,-892514.0,-0.3176057210123937,0.0,-752913.0,-0.267927983454158,0.0,-752913.0,-0.267927983454158,-0.102966,-0.102966,7641529.0,7641529.0,https://www.bundesanzeiger.de/pub/de/suche;wwwsid=627BFD7A56A5CB624C47FDDEAB2FC509.web07-pub?0,https://www.bundesanzeiger.de/pub/de/suche;wwwsid=627BFD7A56A5CB624C47FDDEAB2FC509.web07-pub?0,1620591925,16:25:25,20210509
46,2009-06-30,F3C.DE,EUR,2009-06-30,2009-06-30,Q2,2792467.0,1973327.0,819140.0,0.2933391871775029,409690.0,460821.0,1217673.0,0.0,2022350.0,3995677.0,175.0,234479.0,-968731.0,-0.34690866534859677,-1203210.0,-0.43087707034675793,0.0,-1041666.0,-0.37302714767981143,0.0,-1041666.0,-0.37302714767981143,-0.140408,-0.140408,7641529.0,7641529.0,https://www.bundesanzeiger.de/pub/de/suche;wwwsid=627BFD7A56A5CB624C47FDDEAB2FC509.web07-pub?0,https://www.bundesanzeiger.de/pub/de/suche;wwwsid=627BFD7A56A5CB624C47FDDEAB2FC509.web07-pub?0,1620591925,16:25:25,20210509
47,2009-03-31,F3C.DE,EUR,2009-03-31,2009-03-31,Q1,2873462.0,2342823.0,530639.0,0.18466887677651558,380511.0,539754.0,942010.0,0.0,1705850.0,4048673.0,21446.0,246227.0,-928984.0,-0.32329781984240613,-1175211.0,-0.4089878341874714,0.0,-873595.0,-0.3040217688627864,0.0,-873595.0,-0.3040217688627864,-0.112327,-0.112327,7641529.0,7641529.0,https://www.bundesanzeiger.de/pub/de/suche;wwwsid=627BFD7A56A5CB624C47FDDEAB2FC509.web07-pub?0,https://www.bundesanzeiger.de/pub/de/suche;wwwsid=627BFD7A56A5CB624C47FDDEAB2FC509.web07-pub?0,1620591925,16:25:25,20210509
