,date,symbol,reportedCurrency,fillingDate,acceptedDate,period,revenue,costOfRevenue,grossProfit,grossProfitRatio,researchAndDevelopmentExpenses,generalAndAdministrativeExpenses,sellingAndMarketingExpenses,otherExpenses,operatingExpenses,costAndExpenses,interestExpense,depreciationAndAmortization,ebitda,ebitdaratio,operatingIncome,operatingIncomeRatio,totalOtherIncomeExpensesNet,incomeBeforeTax,incomeBeforeTaxRatio,incomeTaxExpense,netIncome,netIncomeRatio,eps,epsdiluted,weightedAverageShsOut,weightedAverageShsOutDil,link,finalLink,timestamp,est_time,est_date
0,2020-09-30,KEGX,USD,2020-11-16,2020-11-16 16:16:30,Q3,42911000.0,0.0,42911000.0,1.0,0.0,12269000.0,0.0,21287000.0,12269000.0,33556000.0,-2238000.0,15161000.0,11264000.0,0.26249679569341194,-3897000.0,-0.09081587471743842,-8362000.0,-3897000.0,-0.09081587471743842,1000.0,-3896000.0,-0.0907925706695253,-0.43603805260212647,-0.43332221109998886,8935000.0,8991000.0,https://www.sec.gov/Archives/edgar/data/318996/000155837020013889/0001558370-20-013889-index.htm,https://www.sec.gov/Archives/edgar/data/318996/000155837020013889/kegx-20200930x10q.htm,1620594092,17:01:32,20210509
1,2020-06-30,KEGX,USD,2020-08-14 00:00:00,2020-08-14 16:29:45,Q2,34750000.0,29904000.0,4846000.0,0.13945323741007196,0.0,13637000.0,0.0,0.0,13637000.0,43541000.0,2066000.0,8244000.0,-8601000.0,-0.24751079136690649,-16845000.0,-0.48474820143884895,15000.0,-18896000.0,-0.5437697841726619,229000.0,-19125000.0,-0.5503597122302158,-2.140458869613878,-2.1271271271271273,8935000.0,8991000.0,https://www.sec.gov/Archives/edgar/data/318996/000031899620000023/0000318996-20-000023-index.htm,https://www.sec.gov/Archives/edgar/data/318996/000031899620000023/keg10-q6302020.htm,1620594092,17:01:32,20210509
2,2020-03-31,KEGX,USD,2020-05-15,2020-05-15 17:24:06,Q1,75308000.0,0.0,75308000.0,1.0,0.0,15253000.0,0.0,46408000.0,15253000.0,61661000.0,-8221000.0,10226000.0,119964000.0,1.5929781696499707,109738000.0,1.457189143251713,-385000.0,109738000.0,1.457189143251713,0.0,108994000.0,1.447309714771339,26.65542,26.65542,4089000.0,4089000.0,https://www.sec.gov/Archives/edgar/data/318996/000031899620000015/0000318996-20-000015-index.htm,https://www.sec.gov/Archives/edgar/data/318996/000031899620000015/keg10-q3312020.htm,1620594092,17:01:32,20210509
3,2019-12-31,KEGX,USD,2020-03-13 00:00:00,2020-03-12 21:28:54,Q4,85115000.0,66748000.0,18367000.0,0.2157904012218763,0.0,25295000.0,0.0,41453000.0,25295000.0,92043000.0,9359000.0,13914000.0,-15916000.0,-0.18699406685073136,-29830000.0,-0.3504670152147095,284000.0,-29830000.0,-0.3504670152147095,355000.0,-30185000.0,-0.3546378429184045,-7.382000489117144,-73.9828431372549,4089000.0,408000.0,https://www.sec.gov/Archives/edgar/data/318996/000031899620000007/0000318996-20-000007-index.html,https://www.sec.gov/Archives/edgar/data/318996/000031899620000007/keg10-k12312019.htm,1620594092,17:01:32,20210509
4,2019-09-30,KEGX,USD,2019-11-08 00:00:00,2019-11-08 16:12:16,Q3,106523000.0,87956000.0,18567000.0,0.1743003858321677,0.0,21375000.0,0.0,66581000.0,21375000.0,109331000.0,8411000.0,14689000.0,-10763000.0,-0.10103921218891694,-25452000.0,-0.23893431465505102,351000.0,-25452000.0,-0.23893431465505102,37000.0,-25489000.0,-0.23928165748242164,-6.233553436047933,-1.2495832924796548,4089000.0,20398000.0,https://www.sec.gov/Archives/edgar/data/318996/000031899619000025/0000318996-19-000025-index.html,https://www.sec.gov/Archives/edgar/data/318996/000031899619000025/keg10-q9302019.htm,1620594092,17:01:32,20210509
5,2019-06-30,KEGX,USD,2019-08-09,2019-08-09 16:32:34,Q2,112943000.0,90564000.0,22379000.0,0.1981441966301586,0.0,22544000.0,0.0,68020000.0,22544000.0,113108000.0,8520000.0,14384000.0,-8324000.0,-0.07370089337099245,-22708000.0,-0.2010571704311024,239000.0,-22708000.0,-0.2010571704311024,4405000.0,-18303000.0,-0.16205519598381485,-4.476155539251651,-0.8983067484662577,4089000.0,20375000.0,https://www.sec.gov/Archives/edgar/data/318996/000031899619000019/0000318996-19-000019-index.htm,https://www.sec.gov/Archives/edgar/data/318996/000031899619000019/keg10-q6302019.htm,1620594092,17:01:32,20210509
6,2019-03-31,KEGX,USD,2019-05-09 00:00:00,2019-05-09 16:25:47,Q1,109273000.0,88194000.0,21079000.0,0.19290218077658708,0.0,22095000.0,0.0,66099000.0,22095000.0,110289000.0,9233000.0,14415000.0,-8988000.0,-0.08225270652402698,-23403000.0,-0.21417001455071244,1142000.0,-23403000.0,-0.21417001455071244,38000.0,-23441000.0,-0.2145177674265372,-5.732697481046711,-1.150817418626344,4089000.0,20369000.0,https://www.sec.gov/Archives/edgar/data/318996/000031899619000013/0000318996-19-000013-index.html,https://www.sec.gov/Archives/edgar/data/318996/000031899619000013/keg10-q3312019.htm,1620594092,17:01:32,20210509
7,2018-12-31,KEGX,USD,2019-03-15 00:00:00,2019-03-15 16:17:22,Q4,117253000.0,92335000.0,24918000.0,0.2125148183841778,0.0,20273000.0,0.0,72062000.0,20273000.0,112608000.0,8738000.0,19877000.0,-3592000.0,-0.03063461062829949,-23469000.0,-0.20015692562237214,382000.0,-23469000.0,-0.20015692562237214,1979000.0,-23078000.0,-0.19682225614696425,-5.643922719491318,-1.1396543209876544,4089000.0,20250000.0,https://www.sec.gov/Archives/edgar/data/318996/000031899619000006/0000318996-19-000006-index.html,https://www.sec.gov/Archives/edgar/data/318996/000031899619000006/keg10-k12312018.htm,1620594092,17:01:32,20210509
8,2018-09-30,KEGX,USD,2018-11-07 00:00:00,2018-11-07 16:55:12,Q3,404442000.0,106103000.0,298339000.0,0.7376558319857978,0.0,23925000.0,0.0,82178000.0,23925000.0,130028000.0,8708000.0,21927000.0,-3683000.0,-0.009106373719841163,-25610000.0,-0.0633218112856726,213000.0,-25610000.0,-0.0633218112856726,162000.0,-23860000.0,-0.05899486205685858,-5.835167522621668,-1.1792033211426312,4089000.0,20234000.0,https://www.sec.gov/Archives/edgar/data/318996/000031899618000031/0000318996-18-000031-index.html,https://www.sec.gov/Archives/edgar/data/318996/000031899618000031/keg10-q9302018.htm,1620594092,17:01:32,20210509
9,2018-06-30,KEGX,USD,2018-08-09 00:00:00,2018-08-09 16:24:22,Q2,144405000.0,109747000.0,34658000.0,0.24000553997437762,0.0,22854000.0,0.0,86893000.0,22854000.0,132601000.0,8573000.0,20836000.0,4102000.0,0.028406218621238877,-16734000.0,-0.11588241404383505,752000.0,-16734000.0,-0.11588241404383505,161000.0,-16895000.0,-0.11699733388733077,-4.13181707018831,-0.8353935917721519,4089000.0,20224000.0,https://www.sec.gov/Archives/edgar/data/318996/000031899618000020/0000318996-18-000020-index.html,https://www.sec.gov/Archives/edgar/data/318996/000031899618000020/keg10-q6302018.htm,1620594092,17:01:32,20210509
10,2018-03-31,KEGX,USD,2018-05-10 00:00:00,2018-05-10 16:21:18,Q1,125316000.0,98211000.0,27105000.0,0.21629321076319066,0.0,24574000.0,0.0,73637000.0,24574000.0,122785000.0,8144000.0,20475000.0,-4487000.0,-0.03580548373711258,-24962000.0,-0.1991924415078681,1007000.0,-24962000.0,-0.1991924415078681,1000.0,-24963000.0,-0.19920042133486546,-6.104915627292737,-1.2346918587397369,4089000.0,20218000.0,https://www.sec.gov/Archives/edgar/data/318996/000031899618000013/0000318996-18-000013-index.html,https://www.sec.gov/Archives/edgar/data/318996/000031899618000013/keg10-q3312018.htm,1620594092,17:01:32,20210509
11,2017-12-31,KEGX,USD,2018-02-28 00:00:00,2018-02-28 16:25:22,Q4,116280000.0,94351000.0,21929000.0,0.18858789129686962,0.0,16786000.0,0.0,77565000.0,16786000.0,111137000.0,8125000.0,21335000.0,24655000.0,0.21203130374957,3320000.0,0.028551771585827314,1408000.0,-19387000.0,-0.16672686618507052,1702000.0,-22327000.0,-0.19201066391468868,-5.460259232086084,-1.1105197712011938,4089000.0,20105000.0,https://www.sec.gov/Archives/edgar/data/318996/000031899618000007/0000318996-18-000007-index.html,https://www.sec.gov/Archives/edgar/data/318996/000031899618000007/keg10-k12312017.htm,1620594092,17:01:32,20210509
12,2017-09-30,KEGX,USD,2017-11-09 00:00:00,2017-11-09 16:15:08,Q3,110653000.0,87115000.0,23538000.0,0.212719040604412,0.0,37168000.0,0.0,49947000.0,37168000.0,124283000.0,8090000.0,21233000.0,-17083000.0,-0.15438352326642749,-38316000.0,-0.34627167812892556,4578000.0,-38316000.0,-0.34627167812892556,-96000.0,-38220000.0,-0.3454041011088719,-9.347028613352897,-1.901397940400975,4089000.0,20101000.0,https://www.sec.gov/Archives/edgar/data/318996/000031899617000024/0000318996-17-000024-index.html,https://www.sec.gov/Archives/edgar/data/318996/000031899617000024/keg10-q9302017.htm,1620594092,17:01:32,20210509
13,2017-06-30,KEGX,USD,2017-08-10 00:00:00,2017-08-10 16:50:17,Q2,107780000.0,63560000.0,44220000.0,0.410280200408239,0.0,30334000.0,0.0,33226000.0,30334000.0,93894000.0,7872000.0,21028000.0,6992000.0,0.064872889218779,-14036000.0,-0.13022824271664502,961000.0,-14036000.0,-0.13022824271664502,-853000.0,-13183000.0,-0.1223139729077751,-3.224015651748594,-0.6559359140212957,4089000.0,20098000.0,https://www.sec.gov/Archives/edgar/data/318996/000031899617000018/0000318996-17-000018-index.html,https://www.sec.gov/Archives/edgar/data/318996/000031899617000018/keg10-q6302017.htm,1620594092,17:01:32,20210509
14,2017-03-31,KEGX,USD,2017-05-11 00:00:00,2017-05-11 16:42:32,Q1,101452000.0,87306000.0,14146000.0,0.13943539802073887,0.0,30996000.0,0.0,56310000.0,30996000.0,118302000.0,7710000.0,21422000.0,-25726000.0,-0.25357804676102985,-47148000.0,-0.4647320900524386,240000.0,-47148000.0,-0.4647320900524386,-289000.0,-46859000.0,-0.4618834522729961,-11.459770114942529,-2.3317575636942673,4089000.0,20096000.0,https://www.sec.gov/Archives/edgar/data/318996/000031899617000012/0000318996-17-000012-index.html,https://www.sec.gov/Archives/edgar/data/318996/000031899617000012/keg10-q3312017.htm,1620594092,17:01:32,20210509
15,2016-12-31,KEGX,USD,2017-03-02 00:00:00,2017-03-02 17:26:37,Q4,17830000.0,276088000.0,-258258000.0,-14.484464385866517,0.0,33653000.0,0.0,10102000.0,33653000.0,16603000.0,-64061000.0,-101501000.0,140760000.0,7.894559730790802,242261000.0,13.587268648345486,32000.0,305657000.0,17.14284913067863,489000.0,305168000.0,17.115423443634324,74.63145023233065,15.185509554140127,4089000.0,20096000.0,https://www.sec.gov/Archives/edgar/data/318996/000031899617000005/0000318996-17-000005-index.html,https://www.sec.gov/Archives/edgar/data/318996/000031899617000005/keg10-k12312016.htm,1620594092,17:01:32,20210509
16,2016-09-30,KEGX,USD,2016-11-14 00:00:00,2016-11-14 16:32:04,Q3,102406000.0,96071000.0,6335000.0,0.06186160967130832,0.0,42456000.0,0.0,53615000.0,42456000.0,138527000.0,21120000.0,34765000.0,-96097000.0,-0.938392281702244,-130862000.0,-1.2778743433001973,154000.0,-130862000.0,-1.2778743433001973,-110000.0,-130752000.0,-1.2768001874890142,-31.97652237710932,-0.8140151656643383,4089000.0,160626000.0,https://www.sec.gov/Archives/edgar/data/318996/000031899616000054/0000318996-16-000054-index.html,https://www.sec.gov/Archives/edgar/data/318996/000031899616000054/keg10-q9302016.htm,1620594092,17:01:32,20210509
17,2016-06-30,KEGX,USD,2016-08-15,2016-08-15 17:11:46,Q2,95012000.0,89419000.0,5593000.0,0.05886624847387698,0.0,40903000.0,0.0,48516000.0,40903000.0,130322000.0,21357000.0,37153000.0,-55782000.0,-0.5871047867637772,-92935000.0,-0.9781396034185156,412000.0,-92935000.0,-0.9781396034185156,-133000.0,-92802000.0,-0.9767397802382857,-22.695524578136464,-0.5781551764955082,4089000.0,160514000.0,https://www.sec.gov/Archives/edgar/data/318996/000031899616000048/0000318996-16-000048-index.htm,https://www.sec.gov/Archives/edgar/data/318996/000031899616000048/keg10-q6302016.htm,1620594092,17:01:32,20210509
18,2016-03-31,KEGX,USD,2016-05-13 00:00:00,2016-05-13 16:24:30,Q1,111088000.0,90598000.0,20490000.0,0.18444836525997407,0.0,46245000.0,0.0,44353000.0,46245000.0,136843000.0,21584000.0,37058000.0,-44802000.0,-0.4033018867924528,-81860000.0,-0.7368932738009506,1231000.0,-81860000.0,-0.7368932738009506,-246000.0,-81614000.0,-0.7346788131931442,-19.959403277084864,-0.5099377057989216,4089000.0,160047000.0,https://www.sec.gov/Archives/edgar/data/318996/000031899616000043/0000318996-16-000043-index.html,https://www.sec.gov/Archives/edgar/data/318996/000031899616000043/keg10-q3312016.htm,1620594092,17:01:32,20210509
19,2015-12-31,KEGX,USD,2016-03-04 00:00:00,2016-03-04 16:13:26,Q4,150174000.0,176761000.0,-26587000.0,-0.17704129876010494,0.0,38963000.0,0.0,137798000.0,38963000.0,215724000.0,21743000.0,43204000.0,-31137000.0,-0.2073394861960126,-74341000.0,-0.4950324290489699,705000.0,-157582000.0,-1.049329444511034,-5097000.0,-152485000.0,-1.0153888156405237,-37.291513817559306,-0.9737352967470849,4089000.0,156598000.0,https://www.sec.gov/Archives/edgar/data/318996/000031899616000031/0000318996-16-000031-index.html,https://www.sec.gov/Archives/edgar/data/318996/000031899616000031/keg10-k12312015.htm,1620594092,17:01:32,20210509
20,2015-09-30,KEGX,USD,2015-11-09 00:00:00,2015-11-06 18:33:48,Q3,176857000.0,174505000.0,2352000.0,0.0132988798860096,0.0,45314000.0,0.0,129191000.0,49069000.0,219819000.0,21704000.0,46544000.0,-719251000.0,-4.066850619426995,-765795000.0,-4.330023691456939,5915000.0,-765795000.0,-4.330023691456939,-125634000.0,-640161000.0,-3.6196531661172586,-156.55685986793839,-4.096610907043119,4089000.0,156266000.0,https://www.sec.gov/Archives/edgar/data/318996/000031899615000022/0000318996-15-000022-index.html,https://www.sec.gov/Archives/edgar/data/318996/000031899615000022/keg10-q9302015.htm,1620594092,17:01:32,20210509
21,2015-06-30,KEGX,USD,2015-08-04 00:00:00,2015-08-03 18:24:42,Q2,197496000.0,158841000.0,38655000.0,0.19572548304775794,0.0,50710000.0,0.0,108131000.0,50710000.0,209551000.0,17058000.0,47467000.0,-48646000.0,-0.2463138493944181,-96113000.0,-0.48665795762952163,248000.0,-96113000.0,-0.48665795762952163,-30734000.0,-65379000.0,-0.33103961599222265,-15.988994864269992,-0.42021133006825806,4089000.0,155586000.0,https://www.sec.gov/Archives/edgar/data/318996/000031899615000015/0000318996-15-000015-index.html,https://www.sec.gov/Archives/edgar/data/318996/000031899615000015/keg10-q6302015.htm,1620594092,17:01:32,20210509
22,2015-03-31,KEGX,USD,2015-05-05 00:00:00,2015-05-04 18:47:34,Q1,267799000.0,204530000.0,63269000.0,0.23625554987135874,0.0,67644000.0,0.0,136886000.0,71594000.0,272174000.0,13342000.0,47701000.0,-43359000.0,-0.1619087449915795,-91060000.0,-0.34003114276005514,4432000.0,-91060000.0,-0.34003114276005514,-31384000.0,-59676000.0,-0.22283877086919668,-14.594277329420397,-0.385464034725093,4089000.0,154816000.0,https://www.sec.gov/Archives/edgar/data/318996/000031899615000008/0000318996-15-000008-index.html,https://www.sec.gov/Archives/edgar/data/318996/000031899615000008/keg10-q3312015.htm,1620594092,17:01:32,20210509
23,2014-12-31,KEGX,USD,2015-02-25,2015-02-24 19:16:12,Q4,354802000.0,266354000.0,88448000.0,0.2492883354659782,0.0,73675000.0,0.0,192679000.0,73675000.0,340029000.0,13830000.0,47459000.0,-16000000.0,-0.04509557443306408,-63459000.0,-0.17885750362173833,3463000.0,-80752000.0,-0.22759736416367438,28448000.0,-52304000.0,-0.14741743282168646,-0.34103,-0.34103,153371000.0,153371000.0,https://www.sec.gov/Archives/edgar/data/318996/000031899615000004/0000318996-15-000004-index.htm,https://www.sec.gov/Archives/edgar/data/318996/000031899615000004/keg10-k12312014.htm,1620594092,17:01:32,20210509
24,2014-09-30,KEGX,USD,2014-11-04 00:00:00,2014-11-03 18:39:46,Q3,365798000.0,272112000.0,93686000.0,0.2561140301477865,0.0,65224000.0,0.0,206888000.0,65224000.0,337336000.0,13417000.0,51485000.0,-31769000.0,-0.08684847921530463,-83254000.0,-0.2275955582042548,348000.0,-97019000.0,-0.2652256163237634,52035000.0,-62229000.0,-0.1701184806915292,-0.40574163303362437,-0.4058580680506369,153371000.0,153327000.0,https://www.sec.gov/Archives/edgar/data/318996/000031899614000014/0000318996-14-000014-index.html,https://www.sec.gov/Archives/edgar/data/318996/000031899614000014/keg10-q9302014.htm,1620594092,17:01:32,20210509
25,2014-06-30,KEGX,USD,2014-08-07 00:00:00,2014-08-07 15:50:35,Q2,350595000.0,262883000.0,87712000.0,0.2501804075928065,0.0,57881000.0,0.0,205002000.0,57881000.0,320764000.0,13426000.0,52745000.0,1705000.0,0.004863161197393003,-51040000.0,-0.14558108358647442,2733000.0,-61733000.0,-0.1760806628731157,-9537000.0,-52196000.0,-0.14887833540124645,-0.3403250940529826,-0.3408006163609891,153371000.0,153157000.0,https://www.sec.gov/Archives/edgar/data/318996/000031899614000011/0000318996-14-000011-index.html,https://www.sec.gov/Archives/edgar/data/318996/000031899614000011/keg10-q6302014.htm,1620594092,17:01:32,20210509
26,2014-03-31,KEGX,USD,2014-05-06 00:00:00,2014-05-06 17:15:48,Q1,356141000.0,258302000.0,97839000.0,0.2747198441066881,0.0,52866000.0,0.0,205436000.0,52866000.0,311168000.0,13554000.0,51655000.0,45533000.0,0.12785104775917402,-6122000.0,-0.01718982088554814,69000.0,-19607000.0,-0.05505403758623691,-7708000.0,-11899000.0,-0.033410924324916255,-0.07758311545207373,-0.07780836608316387,153371000.0,152927000.0,https://www.sec.gov/Archives/edgar/data/318996/000031899614000008/0000318996-14-000008-index.html,https://www.sec.gov/Archives/edgar/data/318996/000031899614000008/keg10-q3312014.htm,1620594092,17:01:32,20210509
27,2013-12-31,KEGX,USD,2014-02-25,2014-02-25 17:08:55,Q4,362164000.0,259881000.0,102283000.0,0.2824217757700931,0.0,48107000.0,0.0,211774000.0,48107000.0,307988000.0,13602000.0,56134000.0,54376000.0,0.15014192465291967,-1758000.0,-0.004854154471454921,75000.0,-15435000.0,-0.04261881357616991,2917000.0,-12518000.0,-0.034564451463977644,-0.08221,-0.08221,152271000.0,152271000.0,https://www.sec.gov/Archives/edgar/data/318996/000031899614000005/0000318996-14-000005-index.htm,https://www.sec.gov/Archives/edgar/data/318996/000031899614000005/keg10-k12312013.htm,1620594092,17:01:32,20210509
28,2013-09-30,KEGX,USD,2013-11-01 00:00:00,2013-11-01 17:11:59,Q3,12000000.0,268297000.0,-256297000.0,-21.358083333333333,0.0,52665000.0,0.0,215632000.0,52665000.0,320962000.0,13814000.0,57648000.0,69397000.0,5.783083333333333,11749000.0,0.9790833333333333,85000.0,-1980000.0,-0.165,2717000.0,-4697000.0,-0.3914166666666667,-0.03085,-0.03085,152249000.0,152249000.0,https://www.sec.gov/Archives/edgar/data/318996/000031899613000012/0000318996-13-000012-index.html,https://www.sec.gov/Archives/edgar/data/318996/000031899613000012/keg10-q9302013.htm,1620594092,17:01:32,20210509
29,2013-06-30,KEGX,USD,2013-08-02 00:00:00,2013-08-02 16:31:28,Q2,14100000.0,287102000.0,-273002000.0,-19.361843971631206,0.0,57736000.0,0.0,229366000.0,57736000.0,344838000.0,13984000.0,58907000.0,67251000.0,4.769574468085106,8344000.0,0.5917730496453901,430000.0,-6070000.0,-0.43049645390070923,2298000.0,-3772000.0,-0.2675177304964539,-0.02479,-0.02479,152175000.0,152175000.0,https://www.sec.gov/Archives/edgar/data/318996/000031899613000010/0000318996-13-000010-index.html,https://www.sec.gov/Archives/edgar/data/318996/000031899613000010/keg10-q6302013.htm,1620594092,17:01:32,20210509
30,2013-03-31,KEGX,USD,2013-05-03 00:00:00,2013-05-03 16:21:42,Q1,100000.0,299182000.0,-299082000.0,-2990.82,0.0,63245000.0,0.0,235937000.0,63245000.0,362427000.0,13804000.0,54852000.0,66681000.0,666.81,11829000.0,118.29,1223000.0,-752000.0,-7.52,566000.0,-186000.0,-1.86,-0.00122,-0.00122,151967000.0,151967000.0,https://www.sec.gov/Archives/edgar/data/318996/000031899613000007/0000318996-13-000007-index.html,https://www.sec.gov/Archives/edgar/data/318996/000031899613000007/keg10-q3312013.htm,1620594092,17:01:32,20210509
31,2012-12-31,KEGX,USD,2013-02-25 00:00:00,2013-02-25 17:19:48,Q4,2700000.0,317553000.0,-314853000.0,-116.61222222222223,0.0,57930000.0,0.0,259623000.0,-98658000.0,375483000.0,13992000.0,57875000.0,91668000.0,33.95111111111111,33793000.0,12.515925925925925,2711000.0,22512000.0,8.337777777777777,8205000.0,13485000.0,4.9944444444444445,0.08924198906727727,0.08923076923076922,151106000.0,151125000.0,https://www.sec.gov/Archives/edgar/data/318996/000031899613000004/0000318996-13-000004-index.html,https://www.sec.gov/Archives/edgar/data/318996/000031899613000004/keg10-k12312012.htm,1620594092,17:01:32,20210509
32,2012-09-30,KEGX,USD,2012-11-08 00:00:00,2012-11-07 19:29:21,Q3,490851000.0,335799000.0,155052000.0,0.31588404627880967,0.0,53567000.0,0.0,282232000.0,106514000.0,389366000.0,13962000.0,53479000.0,102017000.0,0.2078370014525793,48538000.0,0.09888540514331233,1529000.0,36105000.0,0.07355592634017248,12915000.0,-37019000.0,-0.07541799853723431,-0.24498372025306403,-0.24495778301262539,151108000.0,151124000.0,https://www.sec.gov/Archives/edgar/data/318996/000144530512003540/0001445305-12-003540-index.html,https://www.sec.gov/Archives/edgar/data/318996/000144530512003540/keg10-q9302012.htm,1620594092,17:01:32,20210509
33,2012-06-30,KEGX,USD,2012-08-03 00:00:00,2012-08-03 17:11:13,Q2,515997000.0,343996000.0,172001000.0,0.33333720932486044,0.0,58081000.0,0.0,285915000.0,110533000.0,402077000.0,13730000.0,53127000.0,114595000.0,0.22208462452301078,61468000.0,0.11912472359335423,1380000.0,49118000.0,0.09519047591361965,17419000.0,29041000.0,0.056281334969001756,0.19218450135662762,0.19211076418289585,151110000.0,151168000.0,https://www.sec.gov/Archives/edgar/data/318996/000144530512002462/0001445305-12-002462-index.html,https://www.sec.gov/Archives/edgar/data/318996/000144530512002462/keg10-q6302012.htm,1620594092,17:01:32,20210509
34,2012-03-31,KEGX,USD,2012-05-04,2012-05-04 17:18:50,Q1,486751000.0,311497000.0,175254000.0,0.3600485669264162,0.0,60918000.0,0.0,250579000.0,112107000.0,372415000.0,11882000.0,51966000.0,115113000.0,0.23649258039531507,63147000.0,0.1297316286972189,1029000.0,52294000.0,0.10743480752992804,18813000.0,3190000.0,0.006553658852267381,0.021107376333271578,0.021055271738413,151132000.0,151506000.0,https://www.sec.gov/Archives/edgar/data/318996/000119312512212340/0001193125-12-212340-index.htm,https://www.sec.gov/Archives/edgar/data/318996/000119312512089368/d265256d10k.htm,1620594092,17:01:32,20210509
35,2011-12-31,KEGX,USD,2012-02-29 00:00:00,2012-02-29 16:46:33,Q4,583772000.0,320006000.0,263766000.0,0.45183050917138884,0.0,0.0,0.0,278879000.0,114842000.0,387360000.0,10955000.0,48264000.0,122631000.0,0.21006660134436048,74367000.0,0.12739048806725914,-4426000.0,61160000.0,0.10476692955468916,21591000.0,39348000.0,0.06740302720925292,0.26967493437690615,0.26109286354135564,145909000.0,150705000.0,https://www.sec.gov/Archives/edgar/data/318996/000119312512089368/0001193125-12-089368-index.html,https://www.sec.gov/Archives/edgar/data/318996/000119312512089368/d265256d10k.htm,1620594092,17:01:32,20210509
36,2011-09-30,KEGX,USD,2011-11-04 00:00:00,2011-11-04 16:46:58,Q3,501315000.0,314657000.0,186658000.0,0.3723367543360961,0.0,62932000.0,0.0,251725000.0,105273000.0,377589000.0,11236000.0,42899000.0,124284000.0,0.24791598097004877,81385000.0,0.16234303781055823,-1634000.0,68515000.0,0.1366705564365718,25077000.0,44168000.0,0.08810428572853396,0.2939164459587154,0.29306031994585735,150274000.0,150713000.0,https://www.sec.gov/Archives/edgar/data/318996/000119312511297562/0001193125-11-297562-index.html,https://www.sec.gov/Archives/edgar/data/318996/000119312511297562/d237780d10q.htm,1620594092,17:01:32,20210509
37,2011-06-30,KEGX,USD,2011-08-05 00:00:00,2011-08-05 08:00:57,Q2,445369000.0,562420000.0,-117051000.0,-0.26281802280805355,0.0,55003000.0,0.0,235617000.0,94855000.0,670202000.0,20352000.0,80591000.0,166967000.0,0.374895872860482,86376000.0,0.19394255100826505,9704000.0,29277000.0,0.06573650164245827,11629000.0,17945000.0,0.04029243166902052,0.12591126921646634,0.1255105752014324,142521000.0,142976000.0,https://www.sec.gov/Archives/edgar/data/318996/000119312511211360/0001193125-11-211360-index.html,https://www.sec.gov/Archives/edgar/data/318996/000119312511211360/d10q.htm,1620594092,17:01:32,20210509
38,2011-03-31,KEGX,USD,2011-05-06 00:00:00,2011-05-05 21:37:07,Q1,390984000.0,0.0,390984000.0,1.0,0.0,52779000.0,0.0,219021000.0,138924000.0,418879000.0,0.0,39923000.0,21211000.0,0.05425030180263131,-18712000.0,-0.04785873590735171,0.0,-18712000.0,-0.04785873590735171,0.0,-18712000.0,-0.04785873590735171,-0.13129293226963043,-0.13129293226963043,142521000.0,142521000.0,https://www.sec.gov/Archives/edgar/data/318996/000095012311045956/0000950123-11-045956-index.html,https://www.sec.gov/Archives/edgar/data/318996/000095012311045956/h81237e10vq.htm,1620594092,17:01:32,20210509
39,2010-12-31,KEGX,USD,2011-02-28,2011-02-28 06:06:11,Q4,350201000.0,0.0,350201000.0,1.0,0.0,67545000.0,0.0,183936000.0,105155000.0,366910000.0,0.0,38680000.0,168645000.0,0.48156630049600085,129965000.0,0.37111544513008243,0.0,-68408000.0,-0.19533924803184458,2152000.0,76209000.0,0.2176150267988955,0.60804,0.60804,125336000.0,125336000.0,https://www.sec.gov/Archives/edgar/data/318996/000095012311019146/0000950123-11-019146-index.htm,https://www.sec.gov/Archives/edgar/data/318996/000095012311019146/h78369e10vk.htm,1620594092,17:01:32,20210509
40,2010-09-30,KEGX,USD,2010-11-02 00:00:00,2010-11-01 21:41:18,Q3,283739000.0,0.0,283739000.0,1.0,0.0,46833000.0,0.0,151325000.0,78623000.0,287402000.0,0.0,32565000.0,30285000.0,0.10673541529363254,-2280000.0,-0.008035553801204628,0.0,24363000.0,0.0858641216047142,18360000.0,6003000.0,0.021156767310803237,0.04795,0.04795,125183000.0,125183000.0,https://www.sec.gov/Archives/edgar/data/318996/000095012310099022/0000950123-10-099022-index.html,https://www.sec.gov/Archives/edgar/data/318996/000095012310099022/h77163e10vq.htm,1620594092,17:01:32,20210509
41,2010-06-30,KEGX,USD,2010-08-05 00:00:00,2010-08-05 17:24:24,Q2,217673000.0,4778000000.0,-4560327000.0,-20.95035672775218,-81000000.0,44866000.0,0.0,111512000.0,77832000.0,237711000.0,-654000000.0,-698000000.0,-704442000.0,-3.2362396806218503,-6442000.0,-0.02959485099208446,0.0,3635000.0,0.016699360968057592,-6491000.0,10126000.0,0.04651932026480087,0.08104,0.08104,124952000.0,124952000.0,https://www.sec.gov/Archives/edgar/data/318996/000095012310073506/0000950123-10-073506-index.html,https://www.sec.gov/Archives/edgar/data/318996/000095012310073506/h74493e10vq.htm,1620594092,17:01:32,20210509
42,2010-03-31,KEGX,USD,2010-05-10 00:00:00,2010-05-10 16:33:19,Q1,302071000.0,0.0,302071000.0,1.0,0.0,40952000.0,0.0,189968000.0,76402000.0,317569000.0,-10247000.0,36703000.0,21205000.0,0.0701987281135892,-15498000.0,-0.051305818830672256,0.0,-15498000.0,-0.051305818830672256,6491000.0,-21989000.0,-0.07279414442299989,-0.17598,-0.17598,124952000.0,124952000.0,https://www.sec.gov/Archives/edgar/data/318996/000095012310047213/0000950123-10-047213-index.html,https://www.sec.gov/Archives/edgar/data/318996/000095012310047213/c00565e10vq.htm,1620594092,17:01:32,20210509
43,2009-12-31,KEGX,USD,2010-02-26 00:00:00,2010-02-26 17:30:22,Q4,1237000.0,0.0,1237000.0,1.0,0.0,43524000.0,0.0,0.0,80047000.0,43456000.0,-42671000.0,37138000.0,-6318000.0,-5.10751818916734,-43456000.0,-35.1301535974131,0.0,-43456000.0,-35.1301535974131,0.0,47238000.0,38.187550525464836,0.39045,0.39045,120983000.0,120983000.0,https://www.sec.gov/Archives/edgar/data/318996/000095012310018426/0000950123-10-018426-index.html,https://www.sec.gov/Archives/edgar/data/318996/000095012310018426/h69841e10vk.htm,1620594092,17:01:32,20210509
44,2009-09-30,KEGX,USD,2009-11-02 00:00:00,2009-10-30 19:31:26,Q3,237671000.0,0.0,237671000.0,1.0,0.0,41071000.0,0.0,138830000.0,87134000.0,435877000.0,-9082000.0,44477000.0,-153729000.0,-0.6468142937085298,-198206000.0,-0.8339511341307942,-359000.0,-198206000.0,-0.8339511341307942,73189000.0,-271395000.0,-1.1418936260629189,-2.24325,-2.24325,120983000.0,120983000.0,https://www.sec.gov/Archives/edgar/data/318996/000095012309055818/0000950123-09-055818-index.html,https://www.sec.gov/Archives/edgar/data/318996/000095012309055818/c91672e10vq.htm,1620594092,17:01:32,20210509
45,2009-06-30,KEGX,USD,2009-08-07 00:00:00,2009-08-06 21:00:38,Q2,241458000.0,0.0,241458000.0,1.0,0.0,45395000.0,0.0,128458000.0,88586000.0,270589000.0,-10181000.0,43191000.0,14060000.0,0.05822958858269347,-29131000.0,-0.1206462407540856,-430000.0,-29131000.0,-0.1206462407540856,10658000.0,-39339000.0,-0.16292274432820614,-0.32561,-0.32561,120815000.0,120815000.0,https://www.sec.gov/Archives/edgar/data/318996/000095012309031476/0000950123-09-031476-index.html,https://www.sec.gov/Archives/edgar/data/318996/000095012309031476/h67655e10vq.htm,1620594092,17:01:32,20210509
46,2009-03-31,KEGX,USD,2009-05-08 00:00:00,2009-05-07 20:03:46,Q1,331989000.0,0.0,331989000.0,1.0,0.0,48706000.0,0.0,178521000.0,94233000.0,330860000.0,-9648000.0,44756000.0,45885000.0,0.13821241065216017,1129000.0,0.0034007150839335037,0.0,1129000.0,0.0034007150839335037,-225000.0,904000.0,0.0027229817855410872,0.0074918161853064266,0.007444250469383049,120665000.0,121436000.0,https://www.sec.gov/Archives/edgar/data/318996/000095013409009983/0000950134-09-009983-index.html,https://www.sec.gov/Archives/edgar/data/318996/000095013409009983/h66652e10vq.htm,1620594092,17:01:32,20210509
47,2008-12-31,KEGX,USD,2009-02-27 00:00:00,2009-02-27 17:14:09,Q4,478066000.0,0.0,478066000.0,1.0,0.0,0.0,0.0,991380000.0,119176000.0,509705000.0,-10653000.0,45851000.0,14212000.0,0.02972811285471044,-31639000.0,-0.06618123857375341,4717000.0,-31639000.0,-0.06618123857375341,-11261000.0,-42900000.0,-0.08973656357072037,-0.3452827455209826,-0.3416557161629435,124246000.0,125565000.0,https://www.sec.gov/Archives/edgar/data/318996/000095012909000678/0000950129-09-000678-index.html,https://www.sec.gov/Archives/edgar/data/318996/000095012909000678/h65786e10vk.htm,1620594092,17:01:32,20210509
48,2008-09-30,KEGX,USD,2008-11-07 00:00:00,2008-11-07 17:21:58,Q3,535620000.0,0.0,535620000.0,1.0,0.0,0.0,0.0,2152000.0,105153000.0,458079000.0,-30594000.0,42676000.0,120217000.0,0.22444456891079498,77541000.0,0.1447686792875546,912000.0,77541000.0,0.1447686792875546,-29079000.0,48462000.0,0.09047832418505657,0.3867554108408351,0.3814043537800444,125304000.0,127062000.0,https://www.sec.gov/Archives/edgar/data/318996/000104746908011843/0001047469-08-011843-index.html,https://www.sec.gov/Archives/edgar/data/318996/000104746908011843/a2188976z10-q.htm,1620594092,17:01:32,20210509
49,2008-06-30,KEGX,USD,2008-08-08 00:00:00,2008-08-08 13:30:31,Q2,502003000.0,0.0,502003000.0,1.0,0.0,0.0,0.0,-1789000.0,100520000.0,430756000.0,10040000.0,42271000.0,113518000.0,0.22613012272835023,71247000.0,0.14192544666067733,-1789000.0,71247000.0,0.14192544666067733,-27446000.0,44012000.0,0.0876727828319751,0.3487286759054569,0.34407492534046313,126207000.0,127914000.0,https://www.sec.gov/Archives/edgar/data/318996/000104746908009009/0001047469-08-009009-index.html,https://www.sec.gov/Archives/edgar/data/318996/000104746908009009/a2187345z10-q.htm,1620594092,17:01:32,20210509
50,2008-03-31,KEGX,USD,2008-05-08 00:00:00,2008-05-08 17:08:35,Q1,456399000.0,0.0,456399000.0,1.0,0.0,0.0,0.0,877000.0,107708000.0,399492000.0,-10040000.0,39976000.0,96883000.0,0.21227697694342013,56907000.0,0.12468695154897359,877000.0,56907000.0,0.12468695154897359,-22457000.0,34484000.0,0.07555669490949805,0.27,0.27,127718518.0,127718518.0,https://www.sec.gov/Archives/edgar/data/318996/000110465908031361/0001104659-08-031361-index.html,https://www.sec.gov/Archives/edgar/data/318996/000110465908031361/a08-11710_110q.htm,1620594092,17:01:32,20210509
51,2007-12-31,KEGX,USD,2008-02-29,2008-02-28 21:08:00,Q4,-447000.0,0.0,447000.0,-1.0,0.0,0.0,0.0,-447000.0,103749000.0,1386072000.0,-36207000.0,38140000.0,207429000.0,-464.0469798657718,169289000.0,-378.7225950782998,-447000.0,275940000.0,-617.3154362416108,-106768000.0,169289000.0,-378.7225950782998,1.2903715108922664,1.2675981460266115,131194000.0,133551000.0,https://www.sec.gov/Archives/edgar/data/318996/000104746908001967/0001047469-08-001967-index.htm,https://www.sec.gov/Archives/edgar/data/318996/000104746908001967/a2182950z10-k.htm,1620594092,17:01:32,20210509
52,2007-09-30,KEGX,USD,2007-11-09 00:00:00,2007-11-09 14:45:45,Q3,413966000.0,0.0,413966000.0,1.0,0.0,0.0,0.0,0.0,87754000.0,354134000.0,-7914000.0,31185000.0,91017000.0,0.21986588270534296,59832000.0,0.14453360904035598,0.0,59832000.0,0.14453360904035598,-23937000.0,35895000.0,0.08671001966345063,0.27262370409752024,0.2679631219439364,131665000.0,133955000.0,https://www.sec.gov/Archives/edgar/data/318996/000110465907081700/0001104659-07-081700-index.html,https://www.sec.gov/Archives/edgar/data/318996/000110465907081700/a07-26096_110q.htm,1620594092,17:01:32,20210509
53,2007-06-30,KEGX,USD,2007-08-13 00:00:00,2007-08-13 06:34:00,Q2,410511000.0,0.0,410511000.0,1.0,0.0,0.0,0.0,0.0,86838000.0,332040000.0,-8969000.0,30684000.0,109155000.0,0.26590030474213844,78471000.0,0.1911544392233095,0.0,78471000.0,0.1911544392233095,-30334000.0,48137000.0,0.11726116961543052,0.3657048652262437,0.3591562956994061,131628000.0,134028000.0,https://www.sec.gov/Archives/edgar/data/318996/000110465907061563/0001104659-07-061563-index.html,https://www.sec.gov/Archives/edgar/data/318996/000110465907061563/a07-21651_310q.htm,1620594092,17:01:32,20210509
54,2007-03-31,KEGX,USD,2007-09-24,2007-09-21 19:31:31,Q1,408919000.0,0.0,408919000.0,1.0,0.0,0.0,0.0,0.0,81678000.0,324225000.0,-9348000.0,29614000.0,114308000.0,0.2795370232246484,84694000.0,0.20711681286513955,0.0,84694000.0,0.20711681286513955,-32504000.0,52190000.0,0.12762918817663155,0.4,0.3900000023912627,130475000.0,133820512.0,https://www.sec.gov/Archives/edgar/data/318996/000110465907070627/0001104659-07-070627-index.htm,https://www.sec.gov/Archives/edgar/data/318996/000104746907006333/a2178429z10-k.htm,1620594092,17:01:32,20210509
55,2006-12-31,KEGX,USD,2007-08-13,2007-08-13 06:01:18,Q4,408584000.0,0.0,408584000.0,1.0,0.0,0.0,0.0,0.0,93566000.0,345276000.0,-9910000.0,40081000.0,80583000.0,0.1972250504180291,40502000.0,0.09912771914710317,0.0,63308000.0,0.15494488281479452,-22806000.0,40502000.0,0.09912771914710317,0.30839399384765326,0.302109440267335,131332000.0,134064000.0,https://www.sec.gov/Archives/edgar/data/318996/000104746907006333/0001047469-07-006333-index.htm,https://www.sec.gov/Archives/edgar/data/318996/000104746907006333/a2178429z10-k.htm,1620594092,17:01:32,20210509
56,2006-09-30,KEGX,USD,2007-08-13,2007-08-13 06:34:00,Q3,1137121000.0,0.0,1137121000.0,1.0,0.0,0.0,0.0,0.0,67926000.0,318776000.0,-10409000.0,30192000.0,91079000.0,0.08009613752626149,60887000.0,0.05354487341276786,0.0,98824000.0,0.08690719809061656,-37937000.0,60887000.0,0.05354487341276786,0.06131621349446123,0.06277010309278351,993000000.0,970000000.0,https://www.sec.gov/Archives/edgar/data/318996/000110465907061563/0001104659-07-061563-index.htm,https://www.sec.gov/Archives/edgar/data/318996/000110465907061563/a07-21651_310q.htm,1620594092,17:01:32,20210509
57,2006-06-30,KEGX,USD,2007-08-13,2007-08-13 06:31:29,Q2,472000.0,0.0,472000.0,1.0,0.0,0.0,0.0,0.0,72663000.0,607645000.0,-18608000.0,28924000.0,98568000.0,208.83050847457628,69644000.0,147.55084745762713,0.0,112348000.0,238.02542372881356,-42704000.0,69644000.0,147.55084745762713,0.13140377358490565,0.13496899224806203,530000000.0,516000000.0,https://www.sec.gov/Archives/edgar/data/318996/000110465907061562/0001104659-07-061562-index.htm,https://www.sec.gov/Archives/edgar/data/318996/000110465907061562/a07-21651_210q.htm,1620594092,17:01:32,20210509
58,2006-03-31,KEGX,USD,2007-08-13,2007-08-13 06:29:13,Q1,347958000.0,0.0,347958000.0,1.0,0.0,0.0,0.0,0.0,70155000.0,299528000.0,-8578000.0,26814000.0,56877000.0,0.16345938302898624,30063000.0,0.08639835842256824,0.0,48430000.0,0.13918346467102352,-18367000.0,30063000.0,0.08639835842256824,0.13185526315789473,0.13481165919282512,228000000.0,223000000.0,https://www.sec.gov/Archives/edgar/data/318996/000110465907061561/0001104659-07-061561-index.htm,https://www.sec.gov/Archives/edgar/data/318996/000110465907061561/a07-21651_110q.htm,1620594092,17:01:32,20210509
59,2005-12-31,KEGX,USD,2005-12-31,2005-12-31,Q4,315184000.0,208591000.0,106593000.0,0.33819292857505456,0.0,0.0,0.0,0.0,68887000.0,277478000.0,9317000.0,27301000.0,65007000.0,0.20625095182496572,37706000.0,0.11963170719325854,-8109000.0,21130000.0,0.06704020508655262,9104000.0,12026000.0,0.038155490126402354,0.0,0.0,0.0,0.0,,,1620594092,17:01:32,20210509
60,2005-09-30,KEGX,USD,2007-08-13,2007-08-13 06:27:16,Q3,309155000.0,0.0,309155000.0,1.0,0.0,0.0,0.0,0.0,67358000.0,276279000.0,-11304000.0,28632000.0,47946000.0,0.15508725396645695,19314000.0,0.06247351652083906,0.0,32876000.0,0.10634147919328492,-13562000.0,19314000.0,0.06247351652083906,0.07515175097276265,0.07664285714285714,257000000.0,252000000.0,https://www.sec.gov/Archives/edgar/data/318996/000110465907061560/0001104659-07-061560-index.htm,https://www.sec.gov/Archives/edgar/data/318996/000110465907061560/a07-21649_310q.htm,1620594092,17:01:32,20210509
61,2005-06-30,KEGX,USD,2007-08-13,2007-08-13 06:20:31,Q2,294901000.0,0.0,294901000.0,1.0,0.0,0.0,0.0,0.0,62349000.0,278442000.0,-16326000.0,28212000.0,37585000.0,0.1274495508662229,9373000.0,0.03178354769905833,0.0,16459000.0,0.05581195045116836,-7086000.0,9373000.0,0.03178354769905833,0.0859908256880734,0.08678703703703704,109000000.0,108000000.0,https://www.sec.gov/Archives/edgar/data/318996/000110465907061558/0001104659-07-061558-index.htm,https://www.sec.gov/Archives/edgar/data/318996/000110465907061558/a07-21649_210q.htm,1620594092,17:01:32,20210509
62,2005-03-31,KEGX,USD,2007-08-13,2007-08-13 06:10:29,Q1,271204000.0,0.0,271204000.0,1.0,0.0,0.0,0.0,0.0,62712000.0,257271000.0,-13352000.0,27774000.0,36139000.0,0.13325393430775356,8365000.0,0.030843940354862022,0.0,13933000.0,0.05137461099393814,-5568000.0,5004000.0,0.018451055294169703,0.1316842105263158,0.13524324324324324,38000000.0,37000000.0,https://www.sec.gov/Archives/edgar/data/318996/000110465907061554/0001104659-07-061554-index.htm,https://www.sec.gov/Archives/edgar/data/318996/000110465907061554/a07-21649_110q.htm,1620594092,17:01:32,20210509
63,2004-12-31,KEGX,USD,2004-12-31,2004-12-31,Q4,246934000.0,0.0,0.0,0.0,0.0,0.0,0.0,0.0,0.0,0.0,0.0,0.0,-703958000.0,-2.850794139324678,-703958000.0,-2.850794139324678,0.0,0.0,0.0,0.0,-8055000.0,-0.032620052321673,0.0,0.0,0.0,0.0,,,1620594092,17:01:32,20210509
64,2004-09-30,KEGX,USD,2004-09-30,2004-09-30,Q3,246935000.0,0.0,0.0,0.0,0.0,0.0,0.0,0.0,0.0,0.0,0.0,0.0,246935000.0,1.0,246935000.0,1.0,0.0,0.0,0.0,0.0,-8057000.0,-0.0326280195193067,-587.659158,-587.659158,13350.0,13350.0,,,1620594092,17:01:32,20210509
65,2004-06-30,KEGX,USD,2004-06-30,2004-06-30,Q2,246935000.0,0.0,0.0,0.0,0.0,0.0,0.0,0.0,0.0,0.0,0.0,0.0,246935000.0,1.0,246935000.0,1.0,0.0,0.0,0.0,0.0,-8057000.0,-0.0326280195193067,-587.659158,-587.659158,13350.0,13350.0,,,1620594092,17:01:32,20210509
66,2004-03-31,KEGX,USD,2004-03-31,2004-03-31,Q1,246935000.0,0.0,0.0,0.0,0.0,0.0,0.0,0.0,0.0,0.0,0.0,0.0,246935000.0,1.0,246935000.0,1.0,0.0,0.0,0.0,0.0,-8057000.0,-0.0326280195193067,-587.659158,-587.659158,13350.0,13350.0,,,1620594092,17:01:32,20210509
67,2003-12-31,KEGX,USD,2003-12-31,2003-12-31,Q4,230509000.0,176149000.0,54360000.0,0.2358259330438291,0.0,0.0,0.0,0.0,55378000.0,231527000.0,13051000.0,0.0,16445000.0,0.07134211679370436,-1018000.0,-0.004416313462814901,-69408000.0,-82912000.0,-0.35969094482211106,-26107000.0,-53693000.0,-0.23293233669835017,0.0,0.0,0.0,0.0,,,1620594092,17:01:32,20210509
68,2003-09-30,KEGX,USD,2003-11-14,2003-11-14 16:15:07,Q3,695023000.0,0.0,695023000.0,1.0,0.0,0.0,0.0,0.0,50872000.0,631910000.0,0.0,50270000.0,105231000.0,0.1514065002165396,54961000.0,0.0790779585711552,0.0,63113000.0,0.09080706681649384,-24786000.0,30461000.0,0.043827326577681604,235.95801541500447,232.5497950178262,129095.0,130987.0,https://www.sec.gov/Archives/edgar/data/318996/000110465903026694/0001104659-03-026694-index.htm,https://www.sec.gov/Archives/edgar/data/318996/000110465903026694/a03-4323_110q.htm,1620594092,17:01:32,20210509
69,2003-06-30,KEGX,USD,2003-08-06,2003-08-06 12:55:47,Q2,107000.0,0.0,107000.0,1.0,0.0,0.0,0.0,0.0,49275000.0,43880000.0,0.0,89000.0,-43684000.0,-408.2616822429907,-43773000.0,-409.0934579439252,0.0,-43773000.0,-409.0934579439252,16634000.0,-27139000.0,-253.6355140186916,-0.21136,-0.21136,128399000.0,128399000.0,https://www.sec.gov/Archives/edgar/data/318996/000104746903026431/0001047469-03-026431-index.htm,https://www.sec.gov/Archives/edgar/data/318996/000104746903026431/a2115766z10-q.htm,1620594092,17:01:32,20210509
70,2003-03-31,KEGX,USD,2003-05-15,2003-05-15 17:28:53,Q1,215124000.0,0.0,215124000.0,1.0,0.0,0.0,0.0,915000.0,47719000.0,217733000.0,0.0,25601000.0,22992000.0,0.10687789367992413,-2609000.0,-0.01212788903144233,0.0,-2609000.0,-0.01212788903144233,835000.0,-1774000.0,-0.008246406723564083,-0.01382,-0.01382,128399000.0,128399000.0,https://www.sec.gov/Archives/edgar/data/318996/000104746903018932/0001047469-03-018932-index.htm,https://www.sec.gov/Archives/edgar/data/318996/000104746903018932/a2111439z10-q.htm,1620594092,17:01:32,20210509
71,2002-09-30,KEGX,USD,2002-09-30,2002-09-30,Q3,200366000.0,142228000.0,58138000.0,0.2901590090135053,0.0,0.0,0.0,0.0,51810000.0,194038000.0,11262000.0,26769000.0,33097000.0,0.16518271563039638,6328000.0,0.03158220456564487,681000.0,-4253000.0,-0.02122615613427428,-1616000.0,-5510000.0,-0.027499675593663595,-391.772772,-391.772772,12504.0,12504.0,,,1620594092,17:01:32,20210509
72,2002-06-30,KEGX,USD,2002-06-30,2002-06-30,Q2,169749000.0,128104000.0,41645000.0,0.24533281492085374,0.0,0.0,0.0,0.0,42195000.0,170299000.0,10411000.0,22522000.0,21972000.0,0.12943817047523107,-550000.0,-0.0032400779975139764,9259000.0,-10560000.0,-0.06220949755226835,-4744000.0,-5863000.0,-0.03453923145349899,0.0,0.0,0.0,0.0,,,1620594092,17:01:32,20210509
73,2002-03-31,KEGX,USD,2002-03-31,2002-03-31,Q1,170241000.0,125375000.0,44866000.0,0.2635440346332552,0.0,0.0,0.0,0.0,33583000.0,158958000.0,9875000.0,20166000.0,31449000.0,0.18473223254092727,11283000.0,0.06627663136377253,0.0,1408000.0,0.008270628109562327,775000.0,-4626000.0,-0.027173242638377358,-391.772772,-391.772772,11083.0,11237.0,,,1620594092,17:01:32,20210509
74,2001-12-31,KEGX,USD,2002-02-08,2002-02-08,Q4,213337000.0,134432000.0,78905000.0,0.3698608305169755,0.0,0.0,0.0,0.0,36543000.0,170975000.0,11097000.0,20122000.0,62484000.0,0.29288871597519417,42362000.0,0.19856846210455759,-1649000.0,28271000.0,0.13251803484627608,10903000.0,19459000.0,0.09121249478524587,1860.920666,1860.920666,10528.0,10701.0,https://www.sec.gov/Archives/edgar/data/318996/000091205702004732/0000912057-02-004732-index.htm,https://www.sec.gov/Archives/edgar/data/318996/000091205702004732/a2069810z10-q.txt,1620594092,17:01:32,20210509
75,2001-09-30,KEGX,USD,2001-09-30,2001-09-30,Q3,249237000.0,153968000.0,95269000.0,0.38224260442871644,0.0,0.0,0.0,0.0,35997000.0,189965000.0,11949000.0,18460000.0,77732000.0,0.31187985732455453,59272000.0,0.23781380774122624,1915000.0,46138000.0,0.18511697701384625,17142000.0,29176000.0,0.11706127099908922,2840.352595,2742.409403,10386.0,10600.0,,,1620594092,17:01:32,20210509
76,2001-06-30,KEGX,USD,2001-06-30,2001-06-30,Q2,250302000.0,154438000.0,95864000.0,0.3829933440403992,0.0,0.0,0.0,0.0,-361651000.0,-207213000.0,12415000.0,19960000.0,477475000.0,1.9075956244856214,457515000.0,1.827851954838555,-45243000.0,41079000.0,0.16411774576311816,14989000.0,25421000.0,0.10156131393276921,0.0,0.0,0.0,0.0,,,1620594092,17:01:32,20210509
77,2001-03-31,KEGX,USD,2001-03-31,2001-03-31,Q1,227370000.0,148421000.0,78949000.0,0.3472269868496284,0.0,0.0,0.0,0.0,51037000.0,199458000.0,13453000.0,20631000.0,48543000.0,0.2134978229317852,27912000.0,0.1227602586093152,13286000.0,27912000.0,0.1227602586093152,10325000.0,17420000.0,0.07661520869068039,1762.977473,1665.03428,10027.0,10569.0,,,1620594092,17:01:32,20210509
78,2000-12-31,KEGX,USD,2000-12-31,2000-12-31,Q4,203663000.0,136140000.0,67523000.0,0.33154279373278406,0.0,0.0,0.0,0.0,35127000.0,171267000.0,14581000.0,19154000.0,51550000.0,0.2531142131855074,32396000.0,0.15906669350839378,248000.0,18063000.0,0.08869063109155811,6969000.0,11162000.0,0.054806224007306184,1077.375122,1077.375122,9958.0,10264.0,,,1620594092,17:01:32,20210509
79,2000-09-30,KEGX,USD,2000-11-14,2000-11-14,Q3,190800000.0,129059000.0,61741000.0,0.3235901467505241,0.0,0.0,0.0,0.0,34280000.0,163339000.0,16111000.0,19719000.0,47180000.0,0.24727463312368972,27461000.0,0.14392557651991614,879000.0,12229000.0,0.06409329140461216,4719000.0,8707000.0,0.045634171907756815,881.488737,881.488737,9891.0,10258.0,https://www.sec.gov/Archives/edgar/data/318996/000091205700049327/0000912057-00-049327-index.htm,https://www.sec.gov/Archives/edgar/data/318996/000091205700049327/a2030912z10-q.txt,1620594092,17:01:32,20210509
80,2000-06-30,KEGX,USD,2000-06-30,2000-06-30,Q2,169900000.0,117776000.0,52124000.0,0.3067922307239553,0.0,0.0,0.0,0.0,35434000.0,153210000.0,0.0,19931000.0,36621000.0,0.2155444379046498,16690000.0,0.09823425544437904,0.0,-1102000.0,-0.006486168334314302,174000.0,335000.0,0.0019717480871100646,0.0,0.0,0.0,0.0,,,1620594092,17:01:32,20210509
81,2000-03-31,KEGX,USD,2000-03-31,2000-03-31,Q1,158551000.0,111099000.0,47452000.0,0.29928540343485693,0.0,0.0,0.0,0.0,34546000.0,145645000.0,18636000.0,19560000.0,32466000.0,0.20476692042308153,12906000.0,0.08139967581409137,0.0,-5730000.0,-0.03613979098208148,-1580000.0,-4150000.0,-0.026174543206917648,-489.715965,-489.715965,8641.0,8641.0,,,1620594092,17:01:32,20210509
82,1999-12-31,KEGX,USD,1999-12-31,1999-12-31,Q4,159500000.0,114500000.0,45000000.0,0.28213166144200624,0.0,0.0,0.0,0.0,34800000.0,149300000.0,0.0,19300000.0,29500000.0,0.18495297805642633,10200000.0,0.06394984326018809,-200000.0,-8000000.0,-0.050156739811912224,-2300000.0,-5700000.0,-0.035736677115987464,-685.602351,-685.602351,8447.0,8447.0,,,1620594092,17:01:32,20210509
83,1999-09-30,KEGX,USD,1999-09-30,1999-09-30,Q3,149300000.0,113200000.0,36100000.0,0.2417950435365037,0.0,0.0,0.0,0.0,32500000.0,145700000.0,17400000.0,18100000.0,21700000.0,0.14534494306764903,3600000.0,0.024112525117213665,600000.0,-13200000.0,-0.0884125920964501,-3700000.0,-9500000.0,-0.06363027461486939,-1077.375122,-1077.375122,8818.0,8818.0,,,1620594092,17:01:32,20210509
84,1999-06-30,KEGX,USD,1999-06-30,1999-06-30,Q2,123700000.0,95900000.0,27800000.0,0.22473726758286175,0.0,0.0,0.0,0.0,32200000.0,128100000.0,0.0,19700000.0,15300000.0,0.12368633791430882,-4400000.0,-0.03556992724333064,4400000.0,-19200000.0,-0.15521422797089734,-5900000.0,-13300000.0,-0.10751818916734034,0.0,0.0,0.0,0.0,,,1620594092,17:01:32,20210509
85,1999-03-31,KEGX,USD,1999-03-31,1999-03-31,Q1,104900000.0,83500000.0,21400000.0,0.20400381315538607,0.0,0.0,0.0,0.0,40800000.0,124300000.0,21000000.0,20100000.0,700000.0,0.00667302192564347,-19400000.0,-0.18493803622497618,-7900000.0,-48200000.0,-0.45948522402287895,-16100000.0,-32100000.0,-0.3060057197330791,-17140.058766,-17140.058766,1873.0,1873.0,,,1620594092,17:01:32,20210509
86,1998-12-31,KEGX,USD,1999-03-31,1999-03-31,Q4,143500000.0,102500000.0,41000000.0,0.2857142857142857,0.0,0.0,0.0,0.0,30300000.0,132800000.0,18800000.0,16000000.0,26700000.0,0.18606271777003483,10700000.0,0.07456445993031359,-6600000.0,-14800000.0,-0.10313588850174216,-5000000.0,-9800000.0,-0.06829268292682927,-5288.932419,-5288.932419,1853.0,1853.0,https://www.sec.gov/Archives/edgar/data/318996/0000950129-99-001259-index.html,https://www.sec.gov/Archives/edgar/data/318996/,1620594092,17:01:32,20210509
87,1998-09-30,KEGX,USD,1999-03-31,1999-03-31,Q3,115200000.0,81000000.0,34200000.0,0.296875,0.0,0.0,0.0,0.0,22900000.0,103900000.0,8500000.0,11500000.0,22800000.0,0.19791666666666666,11300000.0,0.09809027777777778,400000.0,3100000.0,0.026909722222222224,1300000.0,1800000.0,0.015625,979.431929,979.431929,1838.0,1838.0,https://www.sec.gov/Archives/edgar/data/318996/0000950129-99-001260-index.html,https://www.sec.gov/Archives/edgar/data/318996/,1620594092,17:01:32,20210509
88,1998-06-30,KEGX,USD,1999-03-31,1999-03-31,Q2,114400000.0,76600000.0,37800000.0,0.3304195804195804,0.0,0.0,0.0,0.0,20800000.0,97400000.0,0.0,10900000.0,27900000.0,0.24388111888111888,17000000.0,0.1486013986013986,-100000.0,8000000.0,0.06993006993006994,3100000.0,4900000.0,0.04283216783216783,0.0,0.0,0.0,0.0,https://www.sec.gov/Archives/edgar/data/318996/0000950129-99-001261-index.html,https://www.sec.gov/Archives/edgar/data/318996/,1620594092,17:01:32,20210509
89,1998-03-31,KEGX,USD,1998-03-31,1998-03-31,Q1,119800000.0,83400000.0,36400000.0,0.3038397328881469,0.0,0.0,0.0,0.0,21000000.0,104400000.0,0.0,9200000.0,24600000.0,0.20534223706176963,15400000.0,0.1285475792988314,900000.0,11200000.0,0.09348914858096828,4100000.0,7100000.0,0.05926544240400668,3819.784525,3819.784525,1859.0,1859.0,,,1620594092,17:01:32,20210509
90,1997-12-31,KEGX,USD,1998-02-17,1998-02-17,Q4,108200000.0,75800000.0,32400000.0,0.29944547134935307,0.0,0.0,0.0,0.0,18100000.0,93900000.0,0.0,7800000.0,22100000.0,0.20425138632162662,14300000.0,0.1321626617375231,1500000.0,11800000.0,0.10905730129390019,4500000.0,7300000.0,0.06746765249537892,3917.727718,3917.727718,1863.0,1863.0,https://www.sec.gov/Archives/edgar/data/318996/0000318996-98-000002-index.html,https://www.sec.gov/Archives/edgar/data/318996/,1620594092,17:01:32,20210509
91,1997-09-30,KEGX,USD,1997-11-14,1997-11-14,Q3,74500000.0,51400000.0,23100000.0,0.3100671140939597,0.0,0.0,0.0,0.0,12800000.0,64200000.0,0.0,5100000.0,15400000.0,0.20671140939597316,10300000.0,0.138255033557047,1100000.0,7800000.0,0.10469798657718121,2900000.0,4900000.0,0.06577181208053691,2840.352595,2840.352595,1725.0,1725.0,https://www.sec.gov/Archives/edgar/data/318996/0000318996-97-000013-index.html,https://www.sec.gov/Archives/edgar/data/318996/,1620594092,17:01:32,20210509
92,1997-06-30,KEGX,USD,1997-06-30,1997-06-30,Q2,52300000.0,34200000.0,18100000.0,0.34608030592734224,0.0,0.0,0.0,0.0,10000000.0,44200000.0,3000000.0,3700000.0,11800000.0,0.22562141491395793,8100000.0,0.15487571701720843,700000.0,5600000.0,0.10707456978967496,2500000.0,3100000.0,0.05927342256214149,0.0,0.0,0.0,0.0,,,1620594092,17:01:32,20210509
93,1997-03-31,KEGX,USD,1997-03-31,1997-03-31,Q1,43000000.0,29500000.0,13500000.0,0.313953488372093,0.0,0.0,0.0,0.0,8200000.0,37700000.0,1900000.0,3300000.0,8600000.0,0.2,5300000.0,0.12325581395348838,100000.0,3600000.0,0.08372093023255814,1200000.0,2400000.0,0.05581395348837209,1958.863859,1958.863859,1225.0,1225.0,,,1620594092,17:01:32,20210509
94,1996-12-31,KEGX,USD,1996-12-31,1996-12-31,Q4,36200000.0,25900000.0,10300000.0,0.2845303867403315,0.0,0.0,0.0,0.0,6000000.0,31900000.0,1300000.0,2300000.0,6600000.0,0.18232044198895028,4300000.0,0.11878453038674033,100000.0,3000000.0,0.08287292817679558,1000000.0,2000000.0,0.055248618784530384,1860.920666,1860.920666,1075.0,1075.0,,,1620594092,17:01:32,20210509
95,1996-09-30,KEGX,USD,1996-09-30,1996-09-30,Q3,31200000.0,22100000.0,9100000.0,0.2916666666666667,0.0,0.0,0.0,0.0,5600000.0,27700000.0,1400000.0,2100000.0,5600000.0,0.1794871794871795,3500000.0,0.11217948717948718,300000.0,2400000.0,0.07692307692307693,800000.0,1600000.0,0.05128205128205128,1469.147894,1469.147894,1089.0,1089.0,,,1620594092,17:01:32,20210509
96,1996-06-30,KEGX,USD,1996-06-30,1996-06-30,Q2,27200000.0,19500000.0,7700000.0,0.28308823529411764,0.0,0.0,0.0,0.0,4800000.0,24300000.0,1100000.0,1800000.0,4700000.0,0.17279411764705882,2900000.0,0.10661764705882353,400000.0,2100000.0,0.07720588235294118,800000.0,1300000.0,0.04779411764705882,0.0,0.0,0.0,0.0,,,1620594092,17:01:32,20210509
97,1996-03-31,KEGX,USD,1996-03-31,1996-03-31,Q1,14300000.0,10100000.0,4200000.0,0.2937062937062937,0.0,0.0,0.0,0.0,2300000.0,12400000.0,600000.0,1100000.0,3000000.0,0.2097902097902098,1900000.0,0.13286713286713286,-100000.0,1200000.0,0.08391608391608392,400000.0,800000.0,0.055944055944055944,1175.318315,1175.318315,1063.0,1063.0,,,1620594092,17:01:32,20210509
98,1995-12-31,KEGX,USD,1995-12-31,1995-12-31,Q4,12400000.0,8600000.0,3800000.0,0.3064516129032258,0.0,0.0,0.0,0.0,2200000.0,10800000.0,400000.0,1000000.0,2600000.0,0.20967741935483872,1600000.0,0.12903225806451613,0.0,1200000.0,0.0967741935483871,400000.0,800000.0,0.06451612903225806,1077.375122,1077.375122,705.0,705.0,,,1620594092,17:01:32,20210509
99,1995-09-30,KEGX,USD,1995-09-30,1995-09-30,Q3,12400000.0,8100000.0,4300000.0,0.3467741935483871,0.0,0.0,0.0,0.0,2800000.0,10900000.0,400000.0,800000.0,2300000.0,0.18548387096774194,1500000.0,0.12096774193548387,-100000.0,1000000.0,0.08064516129032258,300000.0,700000.0,0.056451612903225805,1077.375122,1077.375122,705.0,705.0,,,1620594092,17:01:32,20210509
100,1995-06-30,KEGX,USD,1995-06-30,1995-06-30,Q2,11700000.0,0.0,0.0,0.0,0.0,0.0,0.0,0.0,0.0,0.0,0.0,0.0,-28200000.0,-2.41025641025641,-28200000.0,-2.41025641025641,0.0,0.0,0.0,0.0,600000.0,0.05128205128205128,0.0,0.0,0.0,0.0,,,1620594092,17:01:32,20210509
101,1995-03-31,KEGX,USD,1995-03-31,1995-03-31,Q1,10700000.0,0.0,0.0,0.0,0.0,0.0,0.0,0.0,0.0,0.0,0.0,0.0,10700000.0,1.0,10700000.0,1.0,0.0,0.0,0.0,0.0,600000.0,0.056074766355140186,979.431929,979.431929,677.0,677.0,,,1620594092,17:01:32,20210509
102,1994-12-31,KEGX,USD,1994-12-31,1994-12-31,Q4,10800000.0,0.0,0.0,0.0,0.0,0.0,0.0,0.0,0.0,0.0,0.0,0.0,10800000.0,1.0,10800000.0,1.0,0.0,0.0,0.0,0.0,500000.0,0.046296296296296294,783.545544,783.545544,663.0,663.0,,,1620594092,17:01:32,20210509
103,1994-09-30,KEGX,USD,1994-09-30,1994-09-30,Q3,11200000.0,0.0,0.0,0.0,0.0,0.0,0.0,0.0,0.0,0.0,0.0,0.0,11200000.0,1.0,11200000.0,1.0,0.0,0.0,0.0,0.0,500000.0,0.044642857142857144,881.488737,881.488737,621.0,621.0,,,1620594092,17:01:32,20210509
104,1994-06-30,KEGX,USD,1994-06-30,1994-06-30,Q2,9700000.0,0.0,0.0,0.0,0.0,0.0,0.0,0.0,0.0,0.0,0.0,0.0,-21800000.0,-2.247422680412371,-21800000.0,-2.247422680412371,0.0,0.0,0.0,0.0,-100000.0,-0.010309278350515464,-185.87360594795538,-185.87360594795538,538.0,538.0,,,1620594092,17:01:32,20210509
105,1994-03-31,KEGX,USD,1994-03-31,1994-03-31,Q1,10300000.0,0.0,0.0,0.0,0.0,0.0,0.0,0.0,0.0,0.0,0.0,0.0,10300000.0,1.0,10300000.0,1.0,0.0,0.0,0.0,0.0,400000.0,0.038834951456310676,881.488737,783.545544,538.0,538.0,,,1620594092,17:01:32,20210509
106,1993-12-31,KEGX,USD,1993-12-31,1993-12-31,Q4,8200000.0,6700000.0,1500000.0,0.18292682926829268,0.0,0.0,0.0,0.0,600000.0,7300000.0,200000.0,0.0,1200000.0,0.14634146341463414,900000.0,0.10975609756097561,0.0,0.0,0.0,0.0,700000.0,0.08536585365853659,1175.318315,1175.318315,538.0,538.0,,,1620594092,17:01:32,20210509
107,1993-09-30,KEGX,USD,1993-09-30,1993-09-30,Q3,6400000.0,0.0,0.0,0.0,0.0,0.0,0.0,0.0,0.0,0.0,0.0,0.0,6400000.0,1.0,6400000.0,1.0,0.0,0.0,0.0,0.0,600000.0,0.09375,1175.318315,1175.318315,538.0,538.0,,,1620594092,17:01:32,20210509
108,1993-06-30,KEGX,USD,1993-06-30,1993-06-30,Q2,-4400000.0,0.0,0.0,0.0,0.0,0.0,0.0,0.0,0.0,0.0,0.0,0.0,-17300000.0,3.9318181818181817,-17300000.0,3.9318181818181817,0.0,0.0,0.0,0.0,-4600000.0,1.0454545454545454,-8795.411089866157,-8795.411089866157,523.0,523.0,,,1620594092,17:01:32,20210509
109,1993-03-31,KEGX,USD,1993-03-31,1993-03-31,Q1,6200000.0,0.0,0.0,0.0,0.0,0.0,0.0,0.0,0.0,0.0,0.0,0.0,6200000.0,1.0,6200000.0,1.0,0.0,0.0,0.0,0.0,400000.0,0.06451612903225806,881.488737,881.488737,523.0,523.0,,,1620594092,17:01:32,20210509
110,1992-12-31,KEGX,USD,1992-12-31,1992-12-31,Q4,6400000.0,0.0,0.0,0.0,0.0,0.0,0.0,0.0,0.0,0.0,0.0,0.0,6400000.0,1.0,6400000.0,1.0,0.0,0.0,0.0,0.0,5000000.0,0.78125,9402.546523,9402.546523,523.0,523.0,,,1620594092,17:01:32,20210509
111,1992-09-30,KEGX,USD,1992-09-30,1992-09-30,Q3,6100000.0,5000000.0,1100000.0,0.18032786885245902,0.0,0.0,0.0,0.0,500000.0,5500000.0,300000.0,400000.0,1000000.0,0.16393442622950818,600000.0,0.09836065573770492,0.0,0.0,0.0,0.0,300000.0,0.04918032786885246,97.943193,97.943193,1949.0,1949.0,,,1620594092,17:01:32,20210509
