,date,symbol,reportedCurrency,fillingDate,acceptedDate,period,revenue,costOfRevenue,grossProfit,grossProfitRatio,researchAndDevelopmentExpenses,generalAndAdministrativeExpenses,sellingAndMarketingExpenses,otherExpenses,operatingExpenses,costAndExpenses,interestExpense,depreciationAndAmortization,ebitda,ebitdaratio,operatingIncome,operatingIncomeRatio,totalOtherIncomeExpensesNet,incomeBeforeTax,incomeBeforeTaxRatio,incomeTaxExpense,netIncome,netIncomeRatio,eps,epsdiluted,weightedAverageShsOut,weightedAverageShsOutDil,link,finalLink,timestamp,est_time,est_date
0,2020-12-31,CSV,USD,2021-03-02,2021-03-02 17:18:20,Q4,90088000,60370000.0,29718000.0,0.32987745315691325,0.0,7207000.0,0.0,144000.0,7569000.0,67939000.0,7744000.0,5109000.0,27258000.0,0.30257081964301574,22149000.0,0.24585960394281148,-1646000.0,12759000.0,0.14162818577390995,4394000.0,8365000.0,0.09285365420477755,0.47,0.46,17927000.0,18147000.0,https://www.sec.gov/Archives/edgar/data/1016281/000101628121000071/0001016281-21-000071-index.htm,https://www.sec.gov/Archives/edgar/data/1016281/000101628121000071/csv-20201231.htm,1620590766,16:06:06,20210509
1,2020-09-30,CSV,USD,2020-11-03,2020-11-03 16:56:28,Q3,84393000,56519000.0,27874000.0,0.33028805706634434,0.0,6134000.0,0.0,-28000.0,6463000.0,62982000.0,8076000.0,5033000.0,26444000.0,0.31334352375196994,21411000.0,0.25370587607976963,-4951000.0,8384000.0,0.09934473238301755,2859000.0,5525000.0,0.06546751507826479,0.30874545962559374,0.3081084095471782,17895000.0,17932000.0,https://www.sec.gov/Archives/edgar/data/1016281/000101628120000184/0001016281-20-000184-index.htm,https://www.sec.gov/Archives/edgar/data/1016281/000101628120000184/csv-20200930.htm,1620590766,16:06:06,20210509
2,2020-06-30,CSV,USD,2020-08-04,2020-08-04 16:29:36,Q2,77477000,52317000.0,25160000.0,0.32474153619783935,0.0,6540000.0,0.0,-2000.0,6894000.0,59211000.0,8418000.0,4698000.0,22964000.0,0.2963976405901106,18266000.0,0.23576029015062536,-2000.0,9846000.0,0.12708287620842315,3449000.0,6397000.0,0.08256643907224079,0.3581746920492721,0.35759405221085583,17860000.0,17889000.0,https://www.sec.gov/Archives/edgar/data/1016281/000101628120000158/0001016281-20-000158-index.htm,https://www.sec.gov/Archives/edgar/data/1016281/000101628120000158/csv-20200630x10q.htm,1620590766,16:06:06,20210509
3,2020-03-31,CSV,USD,2020-05-27 00:00:00,2020-05-27 13:59:49,Q1,77490000,54319000.0,23171000.0,0.299019228287521,0.0,5946000.0,0.0,-4000.0,6328000.0,60647000.0,8493000.0,4549000.0,21392000.0,0.27606142728093946,16843000.0,0.21735707833268808,-14697000.0,-6347000.0,-0.08190734288295264,-2150000.0,-4197000.0,-0.05416182733255904,-0.23,-0.23,17805000.0,17805000.0,https://www.sec.gov/Archives/edgar/data/1016281/000101628120000121/0001016281-20-000121-index.htm,https://www.sec.gov/Archives/edgar/data/1016281/000101628120000121/csv-20200331x10q.htm,1620590766,16:06:06,20210509
4,2019-12-31,CSV,USD,2020-02-28 00:00:00,2020-02-28 15:17:48,Q4,71149000,50471000.0,20678000.0,0.2906295239567668,0.0,8821000.0,0.0,-196000.0,9122000.0,59593000.0,6678000.0,4416000.0,15972000.0,0.22448664071174576,11556000.0,0.16241971074786715,-196000.0,4682000.0,0.0658055629734782,2113000.0,2569000.0,0.03610732406639587,0.1446509009009009,0.14351153566839842,17760000.0,17901000.0,https://www.sec.gov/Archives/edgar/data/1016281/000101628120000035/0001016281-20-000035-index.html,https://www.sec.gov/Archives/edgar/data/1016281/000101628120000035/csv-20191231x10k.htm,1620590766,16:06:06,20210509
5,2019-09-30,CSV,USD,2019-10-30 00:00:00,2019-10-30 17:09:47,Q3,66125000,48069000.0,18056000.0,0.2730586011342155,0.0,5755000.0,0.0,-4076000.0,6112000.0,54181000.0,6344000.0,4435000.0,16379000.0,0.2476975425330813,11944000.0,0.18062759924385632,-4076000.0,1524000.0,0.02304725897920605,947000.0,577000.0,0.008725897920604915,0.03253086767773581,0.0324741107609185,17737000.0,17768000.0,https://www.sec.gov/Archives/edgar/data/1016281/000101628119000110/0001016281-19-000110-index.html,https://www.sec.gov/Archives/edgar/data/1016281/000101628119000110/csv-20190930x10q.htm,1620590766,16:06:06,20210509
6,2019-06-30,CSV,USD,2019-08-01 00:00:00,2019-07-31 18:36:23,Q2,67752000,48502000.0,19250000.0,0.28412445389066004,0.0,5692000.0,0.0,175000.0,6061000.0,54563000.0,6356000.0,4597000.0,17786000.0,0.26251623568307947,13189000.0,0.1946658401228008,175000.0,7008000.0,0.10343606092809068,2146000.0,4862000.0,0.071761719211241,0.27072776880672644,0.27029130531465423,17959000.0,17988000.0,https://www.sec.gov/Archives/edgar/data/1016281/000101628119000085/0001016281-19-000085-index.html,https://www.sec.gov/Archives/edgar/data/1016281/000101628119000085/csv-20190630x10q.htm,1620590766,16:06:06,20210509
7,2019-03-31,CSV,USD,2019-05-02 00:00:00,2019-05-02 17:06:17,Q1,69081000,47481000.0,21600000.0,0.31267642332913537,0.0,5612000.0,0.0,-13000.0,6001000.0,53482000.0,6385000.0,4323000.0,19922000.0,0.2883860974797701,15599000.0,0.22580738553292512,-13000.0,9201000.0,0.13319147088200808,2676000.0,6525000.0,0.09445433621400964,0.3613557069280611,0.3605569983975245,18057000.0,18097000.0,https://www.sec.gov/Archives/edgar/data/1016281/000101628119000065/0001016281-19-000065-index.html,https://www.sec.gov/Archives/edgar/data/1016281/000101628119000065/csv-20190331x10q.htm,1620590766,16:06:06,20210509
8,2018-12-31,CSV,USD,2019-02-28 00:00:00,2019-02-28 17:22:31,Q4,66517000,48697000.0,17820000.0,0.26790143872994876,0.0,11485000.0,0.0,-893000.0,11886000.0,60583000.0,6577000.0,4330000.0,10264000.0,0.15430641790820393,5934000.0,0.0892102770720267,-459000.0,-1102000.0,-0.01656719334906866,1556000.0,-2658000.0,-0.03995970954793512,-0.1415938632005114,-0.14109778108079413,18772000.0,18838000.0,https://www.sec.gov/Archives/edgar/data/1016281/000101628119000042/0001016281-19-000042-index.html,https://www.sec.gov/Archives/edgar/data/1016281/000101628119000042/csv-20181231x10k.htm,1620590766,16:06:06,20210509
9,2018-09-30,CSV,USD,2018-11-01 00:00:00,2018-11-01 16:51:27,Q3,64241000,47127000.0,17114000.0,0.2664030759172491,0.0,6344000.0,0.0,-347000.0,6849000.0,53976000.0,6531000.0,4516000.0,14781000.0,0.2300867047524167,10265000.0,0.15978891984869475,-347000.0,3387000.0,0.05272333867779144,1187000.0,2200000.0,0.034246042247163024,0.11542497376705142,0.11481655445957935,19060000.0,19161000.0,https://www.sec.gov/Archives/edgar/data/1016281/000101628118000115/0001016281-18-000115-index.html,https://www.sec.gov/Archives/edgar/data/1016281/000101628118000115/csv-2018930x10q.htm,1620590766,16:06:06,20210509
10,2018-06-30,CSV,USD,2018-07-31 00:00:00,2018-07-31 17:19:12,Q2,63847000,47022000.0,16825000.0,0.26352060394380317,0.0,6380000.0,0.0,0.0,6844000.0,53866000.0,5298000.0,4368000.0,14349000.0,0.22474039500681317,9981000.0,0.15632684386110546,-936000.0,3747000.0,0.058687174025404486,1000000.0,2747000.0,0.043024730997541,0.15332663540968966,0.15056179775280898,17916000.0,18245000.0,https://www.sec.gov/Archives/edgar/data/1016281/000101628118000084/0001016281-18-000084-index.html,https://www.sec.gov/Archives/edgar/data/1016281/000101628118000084/csv-2018630x10q.htm,1620590766,16:06:06,20210509
11,2018-03-31,CSV,USD,2018-04-27 00:00:00,2018-04-27 17:12:52,Q1,73387000,49199000.0,24188000.0,0.32959515990570537,0.0,6618000.0,0.0,2000.0,7061000.0,56260000.0,4895000.0,4216000.0,21343000.0,0.29082807581724285,17127000.0,0.233379208851704,2000.0,12234000.0,0.16670527477618652,2878000.0,9356000.0,0.12748851976508102,0.58,0.52,16094000.0,17700000.0,https://www.sec.gov/Archives/edgar/data/1016281/000101628118000058/0001016281-18-000058-index.html,https://www.sec.gov/Archives/edgar/data/1016281/000101628118000058/csv-2018331x10q.htm,1620590766,16:06:06,20210509
12,2017-12-31,CSV,USD,2018-02-21 00:00:00,2018-02-21 17:18:32,Q4,65076000,45516000.0,19560000.0,0.3005716393140328,0.0,6704000.0,0.0,1121000.0,7154000.0,52670000.0,4560000.0,4105000.0,16511000.0,0.25371872887085867,12406000.0,0.1906386379003012,1121000.0,8967000.0,0.1377927346487184,-13694000.0,22661000.0,0.34822361546499475,1.41,1.31,16031000.0,17193000.0,https://www.sec.gov/Archives/edgar/data/1016281/000101628118000024/0001016281-18-000024-index.html,https://www.sec.gov/Archives/edgar/data/1016281/000101628118000024/csv-20171231x10k.htm,1620590766,16:06:06,20210509
13,2017-09-30,CSV,USD,2017-10-25 00:00:00,2017-10-25 16:59:17,Q3,61054000,45574000.0,15480000.0,0.25354604120942115,0.0,6134000.0,0.0,-6000.0,6535000.0,52109000.0,4379000.0,4002000.0,12947000.0,0.21205817800635504,8945000.0,0.14650964719756282,-6000.0,4560000.0,0.0746879811314574,1522000.0,3038000.0,0.04975922953451043,0.18,0.17,16476000.0,17598000.0,https://www.sec.gov/Archives/edgar/data/1016281/000101628117000104/0001016281-17-000104-index.html,https://www.sec.gov/Archives/edgar/data/1016281/000101628117000104/csv-2017930x10q.htm,1620590766,16:06:06,20210509
14,2017-06-30,CSV,USD,2017-07-28 00:00:00,2017-07-27 21:19:12,Q2,63852000,45185000.0,18667000.0,0.2923479295871703,0.0,6568000.0,0.0,0.0,6946000.0,52131000.0,4272000.0,4025000.0,15746000.0,0.24660151600576333,11721000.0,0.18356511933847022,0.0,7449000.0,0.11666040218004134,3039000.0,4410000.0,0.06906596504416464,0.26,0.24,16652000.0,18093000.0,https://www.sec.gov/Archives/edgar/data/1016281/000101628117000084/0001016281-17-000084-index.html,https://www.sec.gov/Archives/edgar/data/1016281/000101628117000084/csv-2017630x10q.htm,1620590766,16:06:06,20210509
15,2017-03-31,CSV,USD,2017-04-26 00:00:00,2017-04-26 16:39:25,Q1,68157000,45065000.0,23092000.0,0.33880599204777206,0.0,6847000.0,0.0,3000.0,7223000.0,52288000.0,4066000.0,3847000.0,19716000.0,0.28927329547955455,15869000.0,0.23283008348372142,3000.0,11806000.0,0.17321771791598808,4722000.0,7084000.0,0.10393649955250378,0.42,0.39,16597000.0,18082000.0,https://www.sec.gov/Archives/edgar/data/1016281/000101628117000058/0001016281-17-000058-index.html,https://www.sec.gov/Archives/edgar/data/1016281/000101628117000058/csv-2017331x10q.htm,1620590766,16:06:06,20210509
16,2016-12-31,CSV,USD,2017-02-23 00:00:00,2017-02-23 17:11:14,Q4,62864000,41552000.0,21312000.0,0.3390175617205396,0.0,6736000.0,0.0,-1808000.0,7099000.0,48651000.0,4024000.0,3923000.0,18136000.0,0.28849580045813183,14213000.0,0.2260912445914991,-1808000.0,8381000.0,0.1333195469585136,4254000.0,4127000.0,0.06564965640111987,0.25,0.22,16554000.0,18370000.0,https://www.sec.gov/Archives/edgar/data/1016281/000101628117000018/0001016281-17-000018-index.html,https://www.sec.gov/Archives/edgar/data/1016281/000101628117000018/csv-20161231x10k.htm,1620590766,16:06:06,20210509
17,2016-09-30,CSV,USD,2016-10-26 00:00:00,2016-10-26 16:17:41,Q3,60140000,41912000.0,18228000.0,0.3030927835051546,0.0,6130000.0,0.0,-285000.0,6485000.0,48397000.0,3884000.0,3807000.0,15550000.0,0.25856335217825077,11743000.0,0.19526105753242434,-285000.0,7574000.0,0.1259394745593615,1891000.0,5683000.0,0.09449617559028932,0.34,0.33,16529000.0,17101000.0,https://www.sec.gov/Archives/edgar/data/1016281/000101628116000251/0001016281-16-000251-index.html,https://www.sec.gov/Archives/edgar/data/1016281/000101628116000251/csv-2016930x10q.htm,1620590766,16:06:06,20210509
18,2016-06-30,CSV,USD,2016-07-26,2016-07-26 16:49:46,Q2,61865000,43058000.0,18807000.0,0.3040006465691425,0.0,5831000.0,0.0,0.0,6217000.0,49275000.0,3922000.0,3957000.0,16547000.0,0.2674694900185889,12590000.0,0.20350763759799564,0.0,8668000.0,0.1401115331770791,3468000.0,5200000.0,0.08405398852339772,0.31,0.3,16516000.0,17075000.0,https://www.sec.gov/Archives/edgar/data/1016281/000101628116000226/csv-2016630x10qx10q.htm,https://www.sec.gov/Archives/edgar/data/1016281/000101628116000226/csv-2016630x10qx10q.htm,1620590766,16:06:06,20210509
19,2016-03-31,CSV,USD,2016-04-26 00:00:00,2016-04-25 19:15:44,Q1,63331000,42028000.0,21303000.0,0.33637555067818287,0.0,9247000.0,0.0,305000.0,9645000.0,51673000.0,3778000.0,3734000.0,15392000.0,0.24304053307227108,11658000.0,0.1840804661224361,-262000.0,7618000.0,0.12028864221313416,3047000.0,4571000.0,0.07217634333896512,0.2777203961358527,0.2745345345345345,16459000.0,16650000.0,https://www.sec.gov/Archives/edgar/data/1016281/000101628116000199/0001016281-16-000199-index.html,https://www.sec.gov/Archives/edgar/data/1016281/000101628116000199/csv-2016331x10q.htm,1620590766,16:06:06,20210509
20,2015-12-31,CSV,USD,2016-02-23 00:00:00,2016-02-23 16:50:49,Q4,61610000,41919000.0,19691000.0,0.3196072066223016,0.0,6820000.0,0.0,9000.0,7256000.0,49175000.0,3734000.0,3656000.0,16091000.0,0.2611751339068333,12435000.0,0.2018341178380133,9000.0,8656000.0,0.1404966726180815,3222000.0,5434000.0,0.08819996753773739,0.32,0.31,16828000.0,17499000.0,https://www.sec.gov/Archives/edgar/data/1016281/000101628116000161/0001016281-16-000161-index.html,https://www.sec.gov/Archives/edgar/data/1016281/000101628116000161/csv-20151231x10k.htm,1620590766,16:06:06,20210509
21,2015-09-30,CSV,USD,2015-11-03 00:00:00,2015-11-03 17:22:08,Q3,58378000,41018000.0,17360000.0,0.29737229778341157,0.0,6238000.0,0.0,0.0,6656000.0,47674000.0,3453000.0,3437000.0,14141000.0,0.24223166261262805,10704000.0,0.18335674397889615,0.0,7251000.0,0.12420774949467266,2807000.0,4444000.0,0.07612456747404844,0.24862929394651448,0.24575568213238955,17874000.0,18083000.0,https://www.sec.gov/Archives/edgar/data/1016281/000101628115000140/0001016281-15-000140-index.html,https://www.sec.gov/Archives/edgar/data/1016281/000101628115000140/csv-2015930x10q.htm,1620590766,16:06:06,20210509
22,2015-06-30,CSV,USD,2015-08-04 00:00:00,2015-08-04 16:32:34,Q2,59261000,41013000.0,18248000.0,0.30792595467508144,0.0,6886000.0,0.0,0.0,7258000.0,48271000.0,3330000.0,3365000.0,14355000.0,0.24223350939066166,10990000.0,0.18545080238268,0.0,7660000.0,0.12925870302559864,3103000.0,4557000.0,0.07689711614721317,0.25,0.24,18268000.0,18880000.0,https://www.sec.gov/Archives/edgar/data/1016281/000101628115000105/0001016281-15-000105-index.html,https://www.sec.gov/Archives/edgar/data/1016281/000101628115000105/csv-2015630x10q.htm,1620590766,16:06:06,20210509
23,2015-03-31,CSV,USD,2015-05-05 00:00:00,2015-05-05 16:15:20,Q1,63253000,41044000.0,22209000.0,0.35111378116452974,0.0,7170000.0,0.0,-119000.0,7690000.0,48734000.0,3377000.0,3322000.0,17841000.0,0.2820577680110034,14519000.0,0.22953851991209903,-119000.0,11023000.0,0.1742684141463646,4605000.0,6418000.0,0.10146554313629393,0.35,0.34,18208000.0,18804000.0,https://www.sec.gov/Archives/edgar/data/1016281/000101628115000070/0001016281-15-000070-index.html,https://www.sec.gov/Archives/edgar/data/1016281/000101628115000070/csv-2015331x10q.htm,1620590766,16:06:06,20210509
24,2014-12-31,CSV,USD,2015-02-25,2015-02-25 17:12:55,Q4,59419000,40492000.0,18927000.0,0.3185344755044683,0.0,6171000.0,0.0,-563000.0,6512000.0,47004000.0,3406000.0,3144000.0,15559000.0,0.2618522694760935,12415000.0,0.208939901378347,-563000.0,8446000.0,0.1421430855450277,3080000.0,5377000.0,0.09049293996869688,0.29592735277930654,0.2928968297200131,18170000.0,18358000.0,https://www.sec.gov/Archives/edgar/data/1016281/000101628115000008/csv-20141231x10k.htm,https://www.sec.gov/Archives/edgar/data/1016281/000101628115000008/csv-20141231x10k.htm,1620590766,16:06:06,20210509
25,2014-09-30,CSV,USD,2014-10-29 00:00:00,2014-10-29 16:15:33,Q3,54549000,39472000.0,15077000.0,0.27639370107609673,0.0,6562000.0,0.0,0.0,6903000.0,46375000.0,2959000.0,3000000.0,11174000.0,0.20484335184879648,8174000.0,0.1498469266164366,0.0,5215000.0,0.09560211919558562,650000.0,4996000.0,0.09158738015362335,0.27,0.26,18150000.0,18276000.0,https://www.sec.gov/Archives/edgar/data/1016281/000101628114000149/0001016281-14-000149-index.html,https://www.sec.gov/Archives/edgar/data/1016281/000101628114000149/csv-2014930x10q.htm,1620590766,16:06:06,20210509
26,2014-06-30,CSV,USD,2014-08-05 00:00:00,2014-08-05 16:43:11,Q2,56504000,38515000.0,17989000.0,0.3183668412855727,0.0,6847000.0,0.0,0.0,7201000.0,45716000.0,3380000.0,3037000.0,13825000.0,0.2446729435084242,10788000.0,0.19092453631601303,-1042000.0,6366000.0,0.1126645901175138,2483000.0,3246000.0,0.05744726037094719,0.18,0.17,18123000.0,18247000.0,https://www.sec.gov/Archives/edgar/data/1016281/000101628114000125/0001016281-14-000125-index.html,https://www.sec.gov/Archives/edgar/data/1016281/000101628114000125/csv-2014630x10q.htm,1620590766,16:06:06,20210509
27,2014-03-31,CSV,USD,2014-05-07 00:00:00,2014-05-07 16:22:01,Q1,55847000,37800000.0,18047000.0,0.3231507511594177,0.0,9335000.0,0.0,1130000.0,9677000.0,47477000.0,3016000.0,2764000.0,11134000.0,0.19936612530664136,8370000.0,0.14987376224327179,-2648000.0,2706000.0,0.048453811305889306,1055000.0,2218000.0,0.039715651691227816,0.12333185053380782,0.12225100589759136,17984000.0,18143000.0,https://www.sec.gov/Archives/edgar/data/1016281/000101628114000091/0001016281-14-000091-index.html,https://www.sec.gov/Archives/edgar/data/1016281/000101628114000091/csv-2014331x10q.htm,1620590766,16:06:06,20210509
28,2013-12-31,CSV,USD,2014-03-06,2014-03-06 06:20:08,Q4,52860000,38426000.0,14434000.0,0.27306091562618234,0.0,5696000.0,0.0,0.0,5582000.0,44008000.0,3147000.0,2838000.0,11690000.0,0.22115020809685962,8852000.0,0.16746121831252364,0.0,5786000.0,0.10945894816496406,1526000.0,4000000.0,0.07567158531971245,0.22241992882562278,0.22241992882562278,17984000.0,17984000.0,https://www.sec.gov/Archives/edgar/data/1016281/000101628114000055/csv-20131231x10k.htm,https://www.sec.gov/Archives/edgar/data/1016281/000101628114000055/csv-20131231x10k.htm,1620590766,16:06:06,20210509
29,2013-09-30,CSV,USD,2013-11-06 00:00:00,2013-11-05 17:59:33,Q3,49707000,35596000.0,14111000.0,0.2838835576478162,0.0,6868000.0,0.0,0.0,7719000.0,43315000.0,3216000.0,2957000.0,9349000.0,0.1880821614661919,6392000.0,0.12859355825135294,0.0,3176000.0,0.06389442130886998,1262000.0,5894000.0,0.11857484861287143,0.32942097026604067,0.3264108102121061,17892000.0,18057000.0,https://www.sec.gov/Archives/edgar/data/1016281/000101628113000112/0001016281-13-000112-index.html,https://www.sec.gov/Archives/edgar/data/1016281/000101628113000112/csv-2013930x10q.htm,1620590766,16:06:06,20210509
30,2013-06-30,CSV,USD,2013-08-08 00:00:00,2013-08-08 16:32:53,Q2,54154000,37226000.0,16928000.0,0.3125900210510766,0.0,7077000.0,0.0,0.0,7449000.0,44675000.0,3664000.0,3114000.0,12593000.0,0.23254053255530524,9479000.0,0.17503785500609373,0.0,5815000.0,0.10737895630978321,2210000.0,4144000.0,0.0765225098792333,0.22767979781330697,0.2256466104002178,18201000.0,18365000.0,https://www.sec.gov/Archives/edgar/data/1016281/000101628113000089/0001016281-13-000089-index.html,https://www.sec.gov/Archives/edgar/data/1016281/000101628113000089/csv-2013630x10q.htm,1620590766,16:06:06,20210509
31,2013-03-31,CSV,USD,2013-05-08 00:00:00,2013-05-07 18:21:03,Q1,58087000,39409000.0,18678000.0,0.32155215452683045,0.0,5775000.0,0.0,18000.0,6118000.0,45527000.0,2595000.0,2839000.0,15399000.0,0.2651023464802796,12560000.0,0.21622738306333603,18000.0,9965000.0,0.17155301530462927,4384000.0,5258000.0,0.09051939332380739,0.29,0.25,18139000.0,22728000.0,https://www.sec.gov/Archives/edgar/data/1016281/000101628113000045/0001016281-13-000045-index.html,https://www.sec.gov/Archives/edgar/data/1016281/000101628113000045/csv-2013331x10q.htm,1620590766,16:06:06,20210509
32,2012-12-31,CSV,USD,2013-03-18 00:00:00,2013-03-18 15:46:02,Q4,53076000,36235000.0,16841000.0,0.3172997211545708,0.0,7161000.0,0.0,911000.0,7406000.0,43641000.0,3421000.0,2499000.0,11934000.0,0.2248473886502374,9435000.0,0.17776396111236717,963000.0,6925000.0,0.13047328359333785,2659000.0,3673000.0,0.06920265279975883,0.20277133708733577,0.2011060008760403,18114000.0,18264000.0,https://www.sec.gov/Archives/edgar/data/1016281/000144530513000649/0001445305-13-000649-index.html,https://www.sec.gov/Archives/edgar/data/1016281/000144530513000649/csv-20121231x10k.htm,1620590766,16:06:06,20210509
33,2012-09-30,CSV,USD,2012-11-07 00:00:00,2012-11-07 15:43:49,Q3,49489000,35599000.0,13890000.0,0.28066843136858693,0.0,5240000.0,0.0,0.0,5452000.0,41051000.0,4550000.0,2505000.0,10943000.0,0.22111984481399907,8438000.0,0.17050253591707248,-3031000.0,857000.0,0.017316979530804827,346000.0,606000.0,0.012245145385843318,0.03357154728269902,0.033351678591084205,18051000.0,18170000.0,https://www.sec.gov/Archives/edgar/data/1016281/000119312512457293/0001193125-12-457293-index.html,https://www.sec.gov/Archives/edgar/data/1016281/000119312512457293/d435731d10q.htm,1620590766,16:06:06,20210509
34,2012-06-30,CSV,USD,2012-08-07 00:00:00,2012-08-07 16:28:07,Q2,50066000,35782000.0,14284000.0,0.28530339951264333,0.0,4851000.0,0.0,0.0,5105000.0,40887000.0,4538000.0,2622000.0,11801000.0,0.23570886429912516,9179000.0,0.18333799384812047,17000.0,4658000.0,0.09303719090800144,1995000.0,2663000.0,0.05318978947788919,0.14731426674780107,0.14669751556216604,18077000.0,18153000.0,https://www.sec.gov/Archives/edgar/data/1016281/000119312512341003/0001193125-12-341003-index.html,https://www.sec.gov/Archives/edgar/data/1016281/000119312512341003/d377326d10q.htm,1620590766,16:06:06,20210509
35,2012-03-31,CSV,USD,2012-05-07 00:00:00,2012-05-07 15:55:06,Q1,52286000,35358000.0,16928000.0,0.32375779367325863,0.0,5242000.0,0.0,0.0,5495000.0,40853000.0,4572000.0,2428000.0,13861000.0,0.265099644264239,11433000.0,0.21866273954787133,17000.0,6878000.0,0.13154572925831007,2668000.0,4459000.0,0.08528095474888116,0.24412811387900357,0.24339519650655023,18265000.0,18320000.0,https://www.sec.gov/Archives/edgar/data/1016281/000119312512214941/0001193125-12-214941-index.html,https://www.sec.gov/Archives/edgar/data/1016281/000119312512214941/d344052d10q.htm,1620590766,16:06:06,20210509
36,2011-12-31,CSV,USD,2012-03-09 00:00:00,2012-03-09 11:17:52,Q4,47793000,34803000.0,12990000.0,0.2717971251020024,0.0,7355000.0,0.0,0.0,7618000.0,42421000.0,4677000.0,2404000.0,7776000.0,0.1627016508693742,5372000.0,0.112401397694223,201000.0,913000.0,0.01910321595212688,614000.0,299000.0,0.006256146297574958,0.016370106761565837,0.016370106761565837,18265000.0,18265000.0,https://www.sec.gov/Archives/edgar/data/1016281/000119312512105896/0001193125-12-105896-index.html,https://www.sec.gov/Archives/edgar/data/1016281/000119312512105896/d290680d10k.htm,1620590766,16:06:06,20210509
37,2011-09-30,CSV,USD,2011-11-07 00:00:00,2011-11-07 17:02:50,Q3,44078000,33433000.0,10645000.0,0.24150369798992694,0.0,4788000.0,0.0,0.0,5043000.0,38476000.0,4564000.0,2289000.0,7891000.0,0.17902354916284768,5602000.0,0.12709288080221426,280000.0,1331000.0,0.030196469894278325,539000.0,792000.0,0.017968147375107765,0.043010752688172046,0.042901251286495856,18414000.0,18461000.0,https://www.sec.gov/Archives/edgar/data/1016281/000095012311096015/0000950123-11-096015-index.html,https://www.sec.gov/Archives/edgar/data/1016281/000095012311096015/h85411e10vq.htm,1620590766,16:06:06,20210509
38,2011-06-30,CSV,USD,2011-08-05 00:00:00,2011-08-05 16:46:06,Q2,47908000,34361000.0,13547000.0,0.28277114469399683,0.0,4781000.0,0.0,0.0,5023000.0,39384000.0,4510000.0,2522000.0,11046000.0,0.23056691992986558,8524000.0,0.1779243550137764,0.0,4372000.0,0.09125824496952492,1771000.0,2601000.0,0.05429155882107373,0.14161267490608156,0.1413049383386755,18367000.0,18407000.0,https://www.sec.gov/Archives/edgar/data/1016281/000095012311073741/0000950123-11-073741-index.html,https://www.sec.gov/Archives/edgar/data/1016281/000095012311073741/h83037e10vq.htm,1620590766,16:06:06,20210509
39,2011-03-31,CSV,USD,2011-05-06 00:00:00,2011-05-06 14:55:28,Q1,50858000,35736000.0,15122000.0,0.29733768531991034,0.0,4821000.0,0.0,0.0,5074000.0,40810000.0,4554000.0,2398000.0,12446000.0,0.24472059459672027,10048000.0,0.19756970388139525,0.0,5523000.0,0.1085964843289158,2237000.0,3286000.0,0.06461127059656298,0.1802523313219967,0.17987738121305014,18230000.0,18268000.0,https://www.sec.gov/Archives/edgar/data/1016281/000095012311046517/0000950123-11-046517-index.html,https://www.sec.gov/Archives/edgar/data/1016281/000095012311046517/h82108e10vq.htm,1620590766,16:06:06,20210509
40,2010-12-31,CSV,USD,2011-03-08,2011-03-08 14:41:41,Q4,48098000,36260000.0,11838000.0,0.24612249989604557,0.0,4076000.0,0.0,0.0,4393000.0,40653000.0,4566000.0,2521000.0,9966000.0,0.20720196265957005,7445000.0,0.15478814087903864,0.0,3477000.0,0.07228990810428708,1330000.0,2147000.0,0.04463803068734667,0.11777290181020296,0.11777290181020296,18230000.0,18230000.0,https://www.sec.gov/Archives/edgar/data/1016281/000095012311023052/h80414e10vk.htm,https://www.sec.gov/Archives/edgar/data/1016281/000095012311023052/h80414e10vk.htm,1620590766,16:06:06,20210509
41,2010-09-30,CSV,USD,2010-11-05 00:00:00,2010-11-05 15:21:24,Q3,45485000,35426000.0,10059000.0,0.22114982961415852,0.0,3808000.0,0.0,0.0,4122000.0,39548000.0,4571000.0,2499000.0,8436000.0,0.18546773661646695,5937000.0,0.13052654721336704,0.0,1367000.0,0.03005386391117951,508000.0,859000.0,0.018885346817632185,0.049029680365296806,0.04845988942795893,17520000.0,17726000.0,https://www.sec.gov/Archives/edgar/data/1016281/000095012310101632/0000950123-10-101632-index.html,https://www.sec.gov/Archives/edgar/data/1016281/000095012310101632/h77510e10vq.htm,1620590766,16:06:06,20210509
42,2010-06-30,CSV,USD,2010-08-06 00:00:00,2010-08-06 14:45:36,Q2,44517000,32485000.0,12032000.0,0.270278769908125,0.0,3410000.0,0.0,0.0,3771000.0,36256000.0,4572000.0,2487000.0,10748000.0,0.24143585596513692,8261000.0,0.18556955769705955,0.0,3941000.0,0.08852797807579127,1642000.0,2299000.0,0.051643192488262914,0.13134140767824498,0.12950653447498872,17504000.0,17752000.0,https://www.sec.gov/Archives/edgar/data/1016281/000095012310074169/0000950123-10-074169-index.html,https://www.sec.gov/Archives/edgar/data/1016281/000095012310074169/h75114e10vq.htm,1620590766,16:06:06,20210509
43,2010-03-31,CSV,USD,2010-05-07 00:00:00,2010-05-07 13:17:49,Q1,46847000,33330000.0,13517000.0,0.2885350182509019,0.0,4157000.0,0.0,0.0,4519000.0,37849000.0,4554000.0,2469000.0,11467000.0,0.24477554592609985,8998000.0,0.19207206437978952,0.0,4662000.0,0.09951544389181805,1888000.0,2774000.0,0.059214037184878436,0.15961792968525232,0.15761363636363637,17379000.0,17600000.0,https://www.sec.gov/Archives/edgar/data/1016281/000095012310046187/0000950123-10-046187-index.html,https://www.sec.gov/Archives/edgar/data/1016281/000095012310046187/h72877e10vq.htm,1620590766,16:06:06,20210509
44,2009-12-31,CSV,USD,2010-03-05 00:00:00,2010-03-05 16:03:31,Q4,45107000,33286000.0,11821000.0,0.2620657547609019,0.0,3791000.0,0.0,0.0,4159000.0,37445000.0,4641000.0,2841000.0,10503000.0,0.23284634313964572,7662000.0,0.16986277074511716,0.0,3025000.0,0.06706276187731394,1225000.0,1800000.0,0.039905114505509126,0.10357327809425168,0.10357327809425168,17379000.0,17379000.0,https://www.sec.gov/Archives/edgar/data/1016281/000095012310021564/0000950123-10-021564-index.html,https://www.sec.gov/Archives/edgar/data/1016281/000095012310021564/h69936e10vk.htm,1620590766,16:06:06,20210509
45,2009-09-30,CSV,USD,2009-11-06 00:00:00,2009-11-06 12:53:37,Q3,42167000,32196000.0,9971000.0,0.23646453387720257,0.0,3530000.0,0.0,0.0,3928000.0,36124000.0,4598000.0,2441000.0,8484000.0,0.201199990513909,6043000.0,0.14331112007019708,0.0,1446000.0,0.03429221903384163,586000.0,860000.0,0.020395095690943155,0.04948501064503136,0.048863636363636366,17379000.0,17600000.0,https://www.sec.gov/Archives/edgar/data/1016281/000095012309059065/0000950123-09-059065-index.html,https://www.sec.gov/Archives/edgar/data/1016281/000095012309059065/h68556e10vq.htm,1620590766,16:06:06,20210509
46,2009-06-30,CSV,USD,2009-08-07 00:00:00,2009-08-07 14:37:17,Q2,44550000,32749000.0,11801000.0,0.26489337822671155,0.0,3533000.0,0.0,0.0,3943000.0,36692000.0,4660000.0,2583000.0,10441000.0,0.2343658810325477,7858000.0,0.17638608305274972,0.0,3418000.0,0.07672278338945006,1384000.0,2034000.0,0.04565656565656566,0.11881535136398154,0.1170378042465044,17119000.0,17379000.0,https://www.sec.gov/Archives/edgar/data/1016281/000095012309031982/0000950123-09-031982-index.html,https://www.sec.gov/Archives/edgar/data/1016281/000095012309031982/h67685e10vq.htm,1620590766,16:06:06,20210509
47,2009-03-31,CSV,USD,2009-05-08 00:00:00,2009-05-08 16:22:48,Q1,45803000,33278000.0,12525000.0,0.2734537039058577,0.0,3558000.0,0.0,0.0,3973000.0,37251000.0,4598000.0,2474000.0,11026000.0,0.24072658996135624,8552000.0,0.18671266074274612,0.0,3956000.0,0.08636988843525534,1602000.0,2354000.0,0.05139401349256599,0.13489198326743454,0.1343607305936073,17451000.0,17520000.0,https://www.sec.gov/Archives/edgar/data/1016281/000095012909001561/0000950129-09-001561-index.html,https://www.sec.gov/Archives/edgar/data/1016281/000095012909001561/h66733e10vq.htm,1620590766,16:06:06,20210509
48,2008-12-31,CSV,USD,2009-03-10 00:00:00,2009-03-09 19:02:41,Q4,43836000,33728000.0,10108000.0,0.23058673236609178,0.0,3955000.0,0.0,0.0,4367000.0,38095000.0,0.0,2092000.0,7833000.0,0.17868874897344647,5741000.0,0.13096541655260516,0.0,-2184000.0,-0.0498220640569395,-531000.0,-1809000.0,-0.04126745140980016,-0.10366168127900979,-0.10366168127900979,17451000.0,17451000.0,https://www.sec.gov/Archives/edgar/data/1016281/000095013409004837/0000950134-09-004837-index.html,https://www.sec.gov/Archives/edgar/data/1016281/000095013409004837/h66064e10vk.htm,1620590766,16:06:06,20210509
49,2008-09-30,CSV,USD,2008-11-07 00:00:00,2008-11-07 14:32:20,Q3,43212000,33995000.0,9217000.0,0.21329723225030084,0.0,4114000.0,0.0,0.0,4514000.0,38509000.0,0.0,2848000.0,7551000.0,0.1747431269091919,4703000.0,0.10883550865500324,0.0,261000.0,0.006039988891974451,103000.0,158000.0,0.003656391743034342,0.008195445821878727,0.008163687093107368,19279000.0,19354000.0,https://www.sec.gov/Archives/edgar/data/1016281/000095012908005507/0000950129-08-005507-index.html,https://www.sec.gov/Archives/edgar/data/1016281/000095012908005507/h64774e10vq.htm,1620590766,16:06:06,20210509
50,2008-06-30,CSV,USD,2008-08-08 00:00:00,2008-08-08 14:34:34,Q2,42699000,30798000.0,11901000.0,0.2787184711585751,0.0,5174000.0,0.0,0.0,7325000.0,38123000.0,0.0,2723000.0,7299000.0,0.1709407714466381,4576000.0,0.10716878615424248,0.0,71000.0,0.0016628024075505282,28000.0,43000.0,0.0010070493454179255,0.0022123893805309734,0.0021669018343075993,19436000.0,19844000.0,https://www.sec.gov/Archives/edgar/data/1016281/000095012908004357/0000950129-08-004357-index.html,https://www.sec.gov/Archives/edgar/data/1016281/000095012908004357/h59417e10vq.htm,1620590766,16:06:06,20210509
51,2008-03-31,CSV,USD,2008-05-09 00:00:00,2008-05-09 14:26:42,Q1,47152000,28936000.0,18216000.0,0.38632507634882934,0.0,5715000.0,0.0,0.0,8251000.0,37187000.0,0.0,2709000.0,12674000.0,0.2687902952154734,9965000.0,0.21133780115371564,0.0,5436000.0,0.11528673227010519,2147000.0,3289000.0,0.0697531387852053,0.1700268817204301,0.1663631765300961,19344000.0,19770000.0,https://www.sec.gov/Archives/edgar/data/1016281/000095012908002903/0000950129-08-002903-index.html,https://www.sec.gov/Archives/edgar/data/1016281/000095012908002903/h56714e10vq.htm,1620590766,16:06:06,20210509
52,2007-12-31,CSV,USD,2008-03-14,2008-03-14 16:49:24,Q4,43235000,31233000.0,12002000.0,0.27759916734127443,0.0,3916000.0,0.0,0.0,4255000.0,35488000.0,0.0,3061000.0,10808000.0,0.2499826529432173,7747000.0,0.17918353186076097,0.0,3274000.0,0.07572568520874291,1387000.0,2211000.0,0.051139123395397244,0.11429900744416874,0.11429900744416874,19344000.0,19344000.0,https://www.sec.gov/Archives/edgar/data/1016281/000095012908001708/h54963e10vk.htm,https://www.sec.gov/Archives/edgar/data/1016281/000095012908001708/h54963e10vk.htm,1620590766,16:06:06,20210509
53,2007-09-30,CSV,USD,2007-11-09 00:00:00,2007-11-09 13:58:01,Q3,40614000,30821000.0,9793000.0,0.2411237504308859,0.0,3728000.0,0.0,0.0,4065000.0,34886000.0,0.0,2037000.0,7765000.0,0.1911902299699611,5728000.0,0.1410351110454523,0.0,1340000.0,0.03299354902250456,608000.0,694000.0,0.01708770374747624,0.03630276717058116,0.03543347288879812,19117000.0,19586000.0,https://www.sec.gov/Archives/edgar/data/1016281/000095012907005527/0000950129-07-005527-index.html,https://www.sec.gov/Archives/edgar/data/1016281/000095012907005527/h51345e10vq.htm,1620590766,16:06:06,20210509
54,2007-06-30,CSV,USD,2007-08-09 00:00:00,2007-08-09 12:31:59,Q2,41661000,30522000.0,11139000.0,0.2673723626413192,0.0,3507000.0,0.0,0.0,3854000.0,34376000.0,0.0,2470000.0,9755000.0,0.23415184465087252,7285000.0,0.1748637814742805,0.0,3127000.0,0.07505820791627661,1204000.0,1955000.0,0.046926381987950364,0.10309550176659811,0.10055549840551384,18963000.0,19442000.0,https://www.sec.gov/Archives/edgar/data/1016281/000095012907003901/0000950129-07-003901-index.html,https://www.sec.gov/Archives/edgar/data/1016281/000095012907003901/h48935e10vq.htm,1620590766,16:06:06,20210509
55,2007-03-31,CSV,USD,2007-05-10 00:00:00,2007-05-09 20:52:26,Q1,42658000,29533000.0,13125000.0,0.3076796849360026,0.0,3664000.0,0.0,0.0,4028000.0,33561000.0,0.0,2672000.0,11769000.0,0.27589197805804305,9097000.0,0.21325425477050025,0.0,4922000.0,0.11538281213371467,1895000.0,3422000.0,0.08021941956960008,0.18238021638330756,0.1774436090225564,18763000.0,19285000.0,https://www.sec.gov/Archives/edgar/data/1016281/000095012907002415/0000950129-07-002415-index.html,https://www.sec.gov/Archives/edgar/data/1016281/000095012907002415/h46527e10vq.htm,1620590766,16:06:06,20210509
56,2006-12-31,CSV,USD,2007-03-09,2007-03-09 16:43:55,Q4,36240000,26793000.0,9447000.0,0.26067880794701986,0.0,3115000.0,0.0,0.0,48703000.0,75496000.0,0.0,2289000.0,-36967000.0,-1.020060706401766,-39256000.0,-1.083222958057395,0.0,2150000.0,0.05932671081677704,855000.0,181000.0,0.00499448123620309,0.009646644992804989,0.009646644992804989,18763000.0,18763000.0,https://www.sec.gov/Archives/edgar/data/1016281/000095012907001286/h44426e10vk.htm,https://www.sec.gov/Archives/edgar/data/1016281/000095012907001286/h44426e10vk.htm,1620590766,16:06:06,20210509
57,2006-09-30,CSV,USD,2006-11-09,2006-11-09 14:43:05,Q3,35500000,29869000.0,5631000.0,0.15861971830985916,0.0,2751000.0,0.0,0.0,2751000.0,32620000.0,0.0,2220000.0,5100000.0,0.14366197183098592,2880000.0,0.08112676056338028,0.0,823000.0,0.023183098591549295,-309000.0,-565000.0,-0.01591549295774648,-0.03,-0.03,18563000.0,18563000.0,https://www.sec.gov/Archives/edgar/data/1016281/000095012906009564/h41143e10vq.htm,https://www.sec.gov/Archives/edgar/data/1016281/000095012906009564/h41143e10vq.htm,1620590766,16:06:06,20210509
58,2006-06-30,CSV,USD,2006-08-09,2006-08-09 12:24:02,Q2,37841000,29700000.0,8141000.0,0.21513702069184218,0.0,2749000.0,0.0,0.0,2749000.0,32449000.0,0.0,2417000.0,7809000.0,0.2063634681958722,5392000.0,0.14249094897069317,0.0,1106000.0,0.029227557411273485,415000.0,703000.0,0.018577733146587037,0.03790779185764357,0.0371918315522167,18545000.0,18902000.0,https://www.sec.gov/Archives/edgar/data/1016281/000095012906007729/h38645e10vq.htm,https://www.sec.gov/Archives/edgar/data/1016281/000095012906007729/h38645e10vq.htm,1620590766,16:06:06,20210509
59,2006-03-31,CSV,USD,2006-05-10,2006-05-10 10:28:16,Q1,41718000,30849000.0,10869000.0,0.2605350208543075,0.0,2643000.0,0.0,0.0,3550000.0,34399000.0,0.0,2476000.0,9795000.0,0.23479073781101684,7319000.0,0.17543985809482718,-907000.0,2895000.0,0.06939450596864663,1409000.0,-1735000.0,-0.04158876264442207,-0.09386496429344297,-0.09192540002119318,18484000.0,18874000.0,https://www.sec.gov/Archives/edgar/data/1016281/000095012906002498/h33825e10vk.htm,https://www.sec.gov/Archives/edgar/data/1016281/000095012906002498/h33825e10vk.htm,1620590766,16:06:06,20210509
60,2005-12-31,CSV,USD,2006-03-10 00:00:00,2006-03-10 14:52:59,Q4,38454000,30086000.0,8368000.0,0.2176106516877308,0.0,3462000.0,0.0,0.0,2640000.0,32726000.0,0.0,1815000.0,7543000.0,0.19615644666354606,5728000.0,0.14895719561033963,-5935000.0,1252000.0,0.03255838144276278,515000.0,23548000.0,0.6123680241327301,1.2739666738801125,1.2739666738801125,18484000.0,18484000.0,https://www.sec.gov/Archives/edgar/data/1016281/000095012906002498/0000950129-06-002498-index.html,https://www.sec.gov/Archives/edgar/data/1016281/000095012906002498/h33825e10vk.htm,1620590766,16:06:06,20210509
61,2005-09-30,CSV,USD,2005-11-14,2005-11-14 10:32:00,Q3,36458000,28553000.0,7905000.0,0.2168248395413901,0.0,3142000.0,0.0,0.0,3142000.0,31695000.0,0.0,2563000.0,7326000.0,0.20094355148389928,4763000.0,0.13064348016896155,140000.0,221000.0,0.006061769707608755,81000.0,670000.0,0.018377310878270887,0.03636166286768697,0.03537860386524448,18426000.0,18938000.0,https://www.sec.gov/Archives/edgar/data/1016281/000095012905010951/h30136e10vq.htm,https://www.sec.gov/Archives/edgar/data/1016281/000095012905010951/h30136e10vq.htm,1620590766,16:06:06,20210509
62,2005-06-30,CSV,USD,2005-08-12,2005-08-12 13:38:54,Q2,38002000,29210000.0,8792000.0,0.23135624440818905,0.0,3000000.0,0.0,0.0,3000000.0,32210000.0,0.0,1903000.0,7695000.0,0.20248934266617546,5792000.0,0.1524130308931109,-447000.0,391000.0,0.010288932161465186,153000.0,231000.0,0.006078627440661018,0.012605729877216917,0.012270264527780728,18325000.0,18826000.0,https://www.sec.gov/Archives/edgar/data/1016281/000110465905038955/a05-12504_110q.htm,https://www.sec.gov/Archives/edgar/data/1016281/000110465905038955/a05-12504_110q.htm,1620590766,16:06:06,20210509
63,2005-03-31,CSV,USD,2005-05-13,2005-05-13 15:40:18,Q1,42014000,28966000.0,13048000.0,0.3105631456181273,0.0,2779000.0,0.0,0.0,2779000.0,31745000.0,0.0,2943000.0,13212000.0,0.31446660636930546,10269000.0,0.24441852715761414,-6636000.0,-1030000.0,-0.02451563764459466,-386000.0,-371000.0,-0.00883038987004332,-0.02,-0.02,18127000.0,18127000.0,https://www.sec.gov/Archives/edgar/data/1016281/000110465905013679/a05-3946_110k.htm,https://www.sec.gov/Archives/edgar/data/1016281/000110465905013679/a05-3946_110k.htm,1620590766,16:06:06,20210509
64,2004-12-31,CSV,USD,2005-03-30 00:00:00,2005-03-30 12:08:02,Q4,36064000,26486000.0,9578000.0,0.26558340727595386,0.0,2689000.0,0.0,0.0,3184000.0,29670000.0,0.0,1839000.0,8233000.0,0.22828859804791482,6394000.0,0.17729591836734693,-23000.0,2767000.0,0.07672471162377995,-3025000.0,5483000.0,0.15203527062999111,0.30247696805869695,0.30247696805869695,18127000.0,18127000.0,https://www.sec.gov/Archives/edgar/data/1016281/000110465905013679/0001104659-05-013679-index.html,https://www.sec.gov/Archives/edgar/data/1016281/000110465905013679/a05-3946_110k.htm,1620590766,16:06:06,20210509
65,2004-09-30,CSV,USD,2004-11-12 00:00:00,2004-11-12 10:46:40,Q3,35967000,27835000.0,8132000.0,0.22609614368726888,0.0,2748000.0,0.0,0.0,2748000.0,30583000.0,0.0,2831000.0,8215000.0,0.22840381460783496,5384000.0,0.14969277393165958,-423000.0,783000.0,0.021769955792810075,294000.0,1157000.0,0.032168376567409014,0.06487607939890097,0.06328975438980362,17834000.0,18281000.0,https://www.sec.gov/Archives/edgar/data/1016281/000110465904035363/0001104659-04-035363-index.html,https://www.sec.gov/Archives/edgar/data/1016281/000110465904035363/a04-13376_110q.htm,1620590766,16:06:06,20210509
66,2004-06-30,CSV,USD,2004-08-16 00:00:00,2004-08-16 14:31:31,Q2,37681000,28917000.0,8764000.0,0.23258406093256548,0.0,2545000.0,0.0,0.0,2545000.0,31462000.0,0.0,3055000.0,9274000.0,0.24611873357925745,6219000.0,0.16504339056819087,891000.0,2715000.0,0.07205222791327194,1018000.0,-458000.0,-0.012154666808205728,-0.025782481423102906,-0.025084894292912698,17764000.0,18258000.0,https://www.sec.gov/Archives/edgar/data/1016281/000110465904024610/0001104659-04-024610-index.html,https://www.sec.gov/Archives/edgar/data/1016281/000110465904024610/a04-9248_110q.htm,1620590766,16:06:06,20210509
67,2004-03-31,CSV,USD,2004-05-17 00:00:00,2004-05-17 16:33:08,Q1,41173000,29219000.0,11954000.0,0.290335899740121,0.0,2683000.0,0.0,0.0,2683000.0,31902000.0,0.0,3105000.0,12376000.0,0.30058533504966845,9271000.0,0.225171835911884,-1742000.0,4883000.0,0.11859713890170744,1831000.0,3052000.0,0.07412624778374177,0.17285908473040326,0.1682562434533326,17656000.0,18139000.0,https://www.sec.gov/Archives/edgar/data/1016281/000110465904014860/0001104659-04-014860-index.html,https://www.sec.gov/Archives/edgar/data/1016281/000110465904014860/a04-6206_110q.htm,1620590766,16:06:06,20210509
68,2003-12-31,CSV,USD,2004-03-26 00:00:00,2004-03-26 15:32:57,Q4,38549000,28723000.0,9826000.0,0.254896365664479,0.0,3153000.0,0.0,0.0,3110000.0,31833000.0,0.0,2747000.0,9463000.0,0.24547977898259357,6716000.0,0.17421982411995124,-1670000.0,2283000.0,0.059223326156320526,856000.0,1427000.0,0.0370178214739682,0.08082238332578161,0.08082238332578161,17656000.0,17656000.0,https://www.sec.gov/Archives/edgar/data/1016281/000104746904009546/0001047469-04-009546-index.html,https://www.sec.gov/Archives/edgar/data/1016281/000104746904009546/a2132112z10-k.htm,1620590766,16:06:06,20210509
69,2003-09-30,CSV,USD,2003-11-13 00:00:00,2003-11-13 15:15:48,Q3,35701000,27601000.0,8100000.0,0.22688440099717094,0.0,2620000.0,0.0,0.0,2394000.0,29995000.0,0.0,3016000.0,8722000.0,0.24430688216016358,5706000.0,0.15982745581356264,-1458000.0,1353000.0,0.03789809809249041,507000.0,846000.0,0.023696815215260077,0.04835390946502058,0.04744279946164199,17496000.0,17832000.0,https://www.sec.gov/Archives/edgar/data/1016281/000110465903026187/0001104659-03-026187-index.html,https://www.sec.gov/Archives/edgar/data/1016281/000110465903026187/a03-5161_110q.htm,1620590766,16:06:06,20210509
70,2003-06-30,CSV,USD,2003-08-13 00:00:00,2003-08-13 16:08:11,Q2,37867000,28199000.0,9668000.0,0.2553146539203,0.0,2476000.0,0.0,0.0,1580000.0,29779000.0,0.0,2664000.0,10752000.0,0.2839411624897668,8088000.0,0.21358966910502547,-778000.0,3673000.0,0.09699738558639448,1377000.0,2296000.0,0.06063326907333562,0.13187065648153465,0.12907578142568024,17411000.0,17788000.0,https://www.sec.gov/Archives/edgar/data/1016281/000110465903018160/0001104659-03-018160-index.html,https://www.sec.gov/Archives/edgar/data/1016281/000110465903018160/a03-2493_110q.htm,1620590766,16:06:06,20210509
71,2003-03-31,CSV,USD,2003-05-14 00:00:00,2003-05-14 14:36:47,Q1,38706000,27606000.0,11100000.0,0.2867772438381646,0.0,2612000.0,0.0,0.0,3200000.0,30806000.0,0.0,2685000.0,10585000.0,0.2734718131555831,7900000.0,0.20410272309202707,-2262000.0,3290000.0,0.08499974164212266,1234000.0,2056000.0,0.053118379579393374,0.1187066974595843,0.11606638816755109,17320000.0,17714000.0,https://www.sec.gov/Archives/edgar/data/1016281/000110465903009758/0001104659-03-009758-index.html,https://www.sec.gov/Archives/edgar/data/1016281/000110465903009758/j0883_10q.htm,1620590766,16:06:06,20210509
72,2002-12-31,CSV,USD,2003-03-28 00:00:00,2003-03-27 19:06:08,Q4,39282000,28506000.0,10776000.0,0.27432411791660305,0.0,2366000.0,0.0,0.0,2366000.0,30872000.0,0.0,3255000.0,11665000.0,0.2969553485056769,8410000.0,0.2140929687897765,-2009000.0,2798000.0,0.07122855251769258,1077000.0,1721000.0,0.04381141489740848,0.099364896073903,0.099364896073903,17320000.0,17320000.0,https://www.sec.gov/Archives/edgar/data/1016281/000104746903010631/0001047469-03-010631-index.html,https://www.sec.gov/Archives/edgar/data/1016281/000104746903010631/a2106517z10-k.htm,1620590766,16:06:06,20210509
73,2002-09-30,CSV,USD,2002-11-13 00:00:00,2002-11-13 16:48:17,Q3,36122000,26882000.0,9240000.0,0.25579978960190464,0.0,3619000.0,0.0,0.0,3619000.0,30501000.0,0.0,2524000.0,8145000.0,0.22548585349648415,5621000.0,0.155611538674492,-1675000.0,845000.0,0.023392946127014008,325000.0,520000.0,0.014395659155085543,0.030627871362940276,0.029941843726607936,16978000.0,17367000.0,https://www.sec.gov/Archives/edgar/data/1016281/000104746902002894/0001047469-02-002894-index.html,https://www.sec.gov/Archives/edgar/data/1016281/000104746902002894/a2093197z10-q.htm,1620590766,16:06:06,20210509
74,2002-06-30,CSV,USD,2002-08-13 00:00:00,2002-08-13 17:10:46,Q2,37850000,28162000.0,9688000.0,0.2559577278731836,0.0,2329000.0,0.0,0.0,2329000.0,30491000.0,0.0,2734000.0,10093000.0,0.26665785997357994,7359000.0,0.19442536327608984,-1674000.0,2439000.0,0.06443857331571995,962000.0,1477000.0,0.0390224570673712,0.09,0.08,16942000.0,17458000.0,https://www.sec.gov/Archives/edgar/data/1016281/000091205702031617/0000912057-02-031617-index.html,https://www.sec.gov/Archives/edgar/data/1016281/000091205702031617/a2085940z10-q.htm,1620590766,16:06:06,20210509
75,2002-03-31,CSV,USD,2002-05-14 00:00:00,2002-05-14 16:48:03,Q1,40922000,27538000.0,13384000.0,0.32706123845364354,0.0,2527000.0,0.0,0.0,2527000.0,30065000.0,0.0,2595000.0,13452000.0,0.328722936317873,10857000.0,0.2653096134108792,-1674000.0,6080000.0,0.14857533844875617,-10480000.0,16560000.0,0.40467230340648064,0.98,0.95,16894000.0,17429000.0,https://www.sec.gov/Archives/edgar/data/1016281/000091205702020263/0000912057-02-020263-index.html,https://www.sec.gov/Archives/edgar/data/1016281/000091205702020263/a2079807z10-q.htm,1620590766,16:06:06,20210509
76,2001-12-31,CSV,USD,2002-03-29 00:00:00,2002-03-29 00:00:00,Q4,39938000,29787000.0,10151000.0,0.25416896189093097,0.0,1996000.0,0.0,0.0,1996000.0,31783000.0,0.0,4147000.0,12302000.0,0.3080274425359307,8155000.0,0.20419149682007112,-1842000.0,3170000.0,0.07937302819370023,634000.0,2536000.0,0.06349842255496019,0.15011246596424765,0.15011246596424765,16894000.0,16894000.0,https://www.sec.gov/Archives/edgar/data/1016281/000091205702012564/0000912057-02-012564-index.html,https://www.sec.gov/Archives/edgar/data/1016281/000091205702012564/a2074870z10-k.txt,1620590766,16:06:06,20210509
77,2001-09-30,CSV,USD,2001-11-14 00:00:00,2001-11-14 00:00:00,Q3,37669000,29429000.0,8240000.0,0.21874751121611935,0.0,2473000.0,0.0,0.0,2473000.0,31902000.0,0.0,4221000.0,9988000.0,0.2651517162653641,5767000.0,0.15309671082322335,-1641000.0,679000.0,0.01802543205288168,136000.0,543000.0,0.014415036236693303,0.0325169171806695,0.03041846395159935,16699000.0,17851000.0,https://www.sec.gov/Archives/edgar/data/1016281/000091205701539606/0000912057-01-539606-index.html,https://www.sec.gov/Archives/edgar/data/1016281/000091205701539606/a2063451z10-q.txt,1620590766,16:06:06,20210509
78,2001-06-30,CSV,USD,2001-08-13 00:00:00,2001-08-13 00:00:00,Q2,41021000,31259000.0,9762000.0,0.23797567099778164,0.0,2179000.0,0.0,0.0,2179000.0,33438000.0,0.0,4355000.0,11938000.0,0.29102167182662536,7583000.0,0.18485653689573633,-1641000.0,2656000.0,0.06474732454108871,531000.0,2125000.0,0.05180273518441774,0.13,0.12,16592000.0,17651000.0,https://www.sec.gov/Archives/edgar/data/1016281/000091205701528075/0000912057-01-528075-index.html,https://www.sec.gov/Archives/edgar/data/1016281/000091205701528075/a2056829z10-q.txt,1620590766,16:06:06,20210509
79,2001-03-31,CSV,USD,2001-04-02 00:00:00,2001-04-02 00:00:00,Q1,43880000,27519000.0,16361000.0,0.3728577939835916,0.0,2041000.0,0.0,0.0,6286000.0,33805000.0,0.0,1546000.0,11621000.0,0.2648359161349134,10075000.0,0.2296034639927074,-1641000.0,4748000.0,0.10820419325432999,950000.0,3798000.0,0.0865542388331814,0.23,0.22,16511000.0,17368000.0,https://www.sec.gov/Archives/edgar/data/1016281/000091205701506194/0000912057-01-506194-index.html,https://www.sec.gov/Archives/edgar/data/1016281/000091205701506194/a2043597z10-k.txt,1620590766,16:06:06,20210509
80,2000-12-31,CSV,USD,2001-04-02 00:00:00,2001-04-02 00:00:00,Q4,33078000,21484000.0,11594000.0,0.35050486728339075,0.0,1150000.0,0.0,0.0,8396000.0,29880000.0,0.0,7246000.0,10444000.0,0.3157385573492956,3198000.0,0.0966805731906403,-91532000.0,-91670000.0,-2.771328375355221,-6646000.0,-124017000.0,-3.7492290948666787,-7.51117436860275,-7.51117436860275,16511000.0,16511000.0,https://www.sec.gov/Archives/edgar/data/1016281/000091205701506194/0000912057-01-506194-index.html,https://www.sec.gov/Archives/edgar/data/1016281/000091205701506194/a2043597z10-k.txt,1620590766,16:06:06,20210509
81,2000-09-30,CSV,USD,2000-11-14 00:00:00,2000-11-14 00:00:00,Q3,40024000,28707000.0,11317000.0,0.2827553467919248,0.0,4237000.0,0.0,0.0,8928000.0,37635000.0,0.0,4691000.0,7080000.0,0.1768938636817909,2389000.0,0.059689186488107136,-14090000.0,-15263000.0,-0.38134619228462924,-4212000.0,-11051000.0,-0.27610933439936036,-0.69,-0.69,16084000.0,16084000.0,https://www.sec.gov/Archives/edgar/data/1016281/000089056600001599/0000890566-00-001599-index.html,https://www.sec.gov/Archives/edgar/data/1016281/000089056600001599/0000890566-00-001599-0001.txt,1620590766,16:06:06,20210509
82,2000-06-30,CSV,USD,2000-08-09 00:00:00,2000-08-09 00:00:00,Q2,41132000,28398000.0,12734000.0,0.3095886414470485,0.0,2381000.0,0.0,0.0,7045000.0,35443000.0,0.0,4664000.0,10353000.0,0.2517018379850238,5689000.0,0.13831080424000777,-1641000.0,615000.0,0.014951862296995041,449000.0,166000.0,0.004035787221627929,0.010357521682161353,0.010294573643410852,16027000.0,16125000.0,https://www.sec.gov/Archives/edgar/data/1016281/000089056600001172/0000890566-00-001172-index.html,https://www.sec.gov/Archives/edgar/data/1016281/000089056600001172/0000890566-00-001172-0001.txt,1620590766,16:06:06,20210509
83,2000-03-31,CSV,USD,2000-05-15 00:00:00,2000-05-15 00:00:00,Q1,48373000,30436000.0,17937000.0,0.37080602815620284,0.0,2488000.0,0.0,0.0,7294000.0,37730000.0,0.0,4806000.0,15449000.0,0.3193723771525438,10643000.0,0.22001943232795154,-1641000.0,5283000.0,0.1092138176255349,2377000.0,2906000.0,0.06007483513530275,0.18188646178882142,0.17899599630428087,15977000.0,16235000.0,https://www.sec.gov/Archives/edgar/data/1016281/000089056600000774/0000890566-00-000774-index.html,https://www.sec.gov/Archives/edgar/data/1016281/0000890566-00-000774.txt,1620590766,16:06:06,20210509
84,1999-12-31,CSV,USD,2000-03-23,2000-03-23,Q4,43700000,27500000.0,16200000.0,0.3707093821510298,0.0,2400000.0,0.0,0.0,7400000.0,34900000.0,0.0,5000000.0,13800000.0,0.3157894736842105,8800000.0,0.20137299771167047,-2100000.0,3300000.0,0.07551487414187644,1600000.0,1700000.0,0.038901601830663615,0.10640295424672967,0.10640295424672967,15977000.0,15977000.0,https://www.sec.gov/Archives/edgar/data/1016281/0000890566-00-000327-index.html,https://www.sec.gov/Archives/edgar/data/1016281/000089056600000327/,1620590766,16:06:06,20210509
85,1999-09-30,CSV,USD,1999-11-12 00:00:00,1999-11-12 00:00:00,Q3,40500000,26200000.0,14300000.0,0.3530864197530864,0.0,2200000.0,0.0,0.0,6400000.0,32600000.0,0.0,4200000.0,12100000.0,0.29876543209876544,7900000.0,0.19506172839506172,-1600000.0,3000000.0,0.07407407407407407,1300000.0,1700000.0,0.04197530864197531,0.11,0.11,15454545.0,15454545.0,https://www.sec.gov/Archives/edgar/data/1016281/000089056699001428/0000890566-99-001428-index.html,https://www.sec.gov/Archives/edgar/data/1016281/0000890566-99-001428.txt,1620590766,16:06:06,20210509
86,1999-06-30,CSV,USD,1999-08-13 00:00:00,1999-08-13 00:00:00,Q2,42500000,26800000.0,15700000.0,0.36941176470588233,0.0,2300000.0,0.0,0.0,6300000.0,33100000.0,0.0,4000000.0,13400000.0,0.31529411764705884,9400000.0,0.2211764705882353,-500000.0,5400000.0,0.12705882352941175,2300000.0,2900000.0,0.06823529411764706,0.18,0.18,16111111.0,16111111.0,https://www.sec.gov/Archives/edgar/data/1016281/000089056699001149/0000890566-99-001149-index.html,https://www.sec.gov/Archives/edgar/data/1016281/0000890566-99-001149.txt,1620590766,16:06:06,20210509
87,1999-03-31,CSV,USD,1999-05-14 00:00:00,1999-05-14 00:00:00,Q1,41900000,24400000.0,17500000.0,0.41766109785202865,0.0,2500000.0,0.0,0.0,6300000.0,30700000.0,0.0,3800000.0,15000000.0,0.35799522673031026,11200000.0,0.26730310262529833,0.0,7700000.0,0.18377088305489261,3300000.0,4400000.0,0.10501193317422435,0.28,0.27,15714286.0,16296296.0,https://www.sec.gov/Archives/edgar/data/1016281/000089056699000661/0000890566-99-000661-index.html,https://www.sec.gov/Archives/edgar/data/1016281/0000890566-99-000661.txt,1620590766,16:06:06,20210509
88,1998-12-31,CSV,USD,1998-12-31,1998-12-31,Q4,34800000,19800000.0,15000000.0,0.43103448275862066,0.0,1900000.0,0.0,0.0,5700000.0,25500000.0,0.0,3800000.0,13100000.0,0.3764367816091954,9300000.0,0.2672413793103448,0.0,6100000.0,0.1752873563218391,2700000.0,3400000.0,0.09770114942528736,0.21636363242975215,0.21636363242975215,15714286.0,15714286.0,,,1620590766,16:06:06,20210509
89,1998-09-30,CSV,USD,1998-11-12 00:00:00,1998-11-12 00:00:00,Q3,28600000,18500000.0,10100000.0,0.3531468531468531,0.0,2000000.0,0.0,0.0,4800000.0,23300000.0,0.0,2800000.0,8100000.0,0.28321678321678323,5300000.0,0.1853146853146853,0.0,2900000.0,0.10139860139860139,1300000.0,1600000.0,0.055944055944055944,0.1,0.1,14000000.0,14000000.0,https://www.sec.gov/Archives/edgar/data/1016281/000089056698001796/0000890566-98-001796-index.html,https://www.sec.gov/Archives/edgar/data/1016281/0000890566-98-001796.txt,1620590766,16:06:06,20210509
90,1998-06-30,CSV,USD,1998-08-14 00:00:00,1998-08-14 00:00:00,Q2,25200000,15800000.0,9400000.0,0.373015873015873,0.0,1800000.0,0.0,0.0,4200000.0,20000000.0,0.0,2400000.0,7600000.0,0.30158730158730157,5200000.0,0.20634920634920634,0.0,3200000.0,0.12698412698412698,1400000.0,1800000.0,0.07142857142857142,0.13,0.13,12307692.0,12307692.0,https://www.sec.gov/Archives/edgar/data/1016281/000089056698001452/0000890566-98-001452-index.html,https://www.sec.gov/Archives/edgar/data/1016281/0000890566-98-001452.txt,1620590766,16:06:06,20210509
91,1998-03-31,CSV,USD,1998-05-01 00:00:00,1998-05-01 00:00:00,Q1,28100000,16900000.0,11200000.0,0.398576512455516,0.0,1900000.0,0.0,0.0,4300000.0,21200000.0,0.0,2400000.0,9300000.0,0.3309608540925267,6900000.0,0.24555160142348753,0.0,4800000.0,0.1708185053380783,2200000.0,2600000.0,0.09252669039145907,0.22,0.22,10909091.0,10909091.0,https://www.sec.gov/Archives/edgar/data/1016281/000089056698000794/0000890566-98-000794-index.html,https://www.sec.gov/Archives/edgar/data/1016281/0000890566-98-000794.txt,1620590766,16:06:06,20210509
92,1997-12-31,CSV,USD,1998-03-30 00:00:00,1998-03-30 00:00:00,Q4,22100000,14200000.0,7900000.0,0.3574660633484163,0.0,1600000.0,0.0,0.0,3800000.0,18000000.0,0.0,2200000.0,6300000.0,0.2850678733031674,4100000.0,0.18552036199095023,0.0,2100000.0,0.09502262443438914,1300000.0,800000.0,0.03619909502262444,0.07333333272222223,0.07333333272222223,10909091.0,10909091.0,https://www.sec.gov/Archives/edgar/data/1016281/000089056698000469/0000890566-98-000469-index.html,https://www.sec.gov/Archives/edgar/data/1016281/0000890566-98-000469.txt,1620590766,16:06:06,20210509
93,1997-09-30,CSV,USD,1997-11-14 00:00:00,1997-11-14 00:00:00,Q3,18200000,13300000.0,4900000.0,0.2692307692307692,0.0,1500000.0,0.0,0.0,2900000.0,16200000.0,0.0,1400000.0,3400000.0,0.18681318681318682,2000000.0,0.10989010989010989,0.0,600000.0,0.03296703296703297,300000.0,100000.0,0.005494505494505495,0.009354838860561918,0.009032257714880346,10689655.0,11071429.0,https://www.sec.gov/Archives/edgar/data/1016281/000089056697002454/0000890566-97-002454-index.html,https://www.sec.gov/Archives/edgar/data/1016281/0000890566-97-002454.txt,1620590766,16:06:06,20210509
94,1997-06-30,CSV,USD,1997-08-14 00:00:00,1997-08-14 00:00:00,Q2,19100000,11500000.0,7600000.0,0.39790575916230364,0.0,1200000.0,0.0,0.0,3800000.0,15300000.0,0.0,2600000.0,6400000.0,0.33507853403141363,3800000.0,0.19895287958115182,0.0,2400000.0,0.1256544502617801,900000.0,1500000.0,0.07853403141361257,0.13,0.12,11538462.0,12500000.0,https://www.sec.gov/Archives/edgar/data/1016281/000089056697001903/0000890566-97-001903-index.html,https://www.sec.gov/Archives/edgar/data/1016281/0000890566-97-001903.txt,1620590766,16:06:06,20210509
95,1997-03-31,CSV,USD,1997-05-14 00:00:00,1997-05-14 00:00:00,Q1,18000000,11200000.0,6800000.0,0.37777777777777777,0.0,1000000.0,0.0,0.0,2600000.0,13800000.0,0.0,1600000.0,5800000.0,0.32222222222222224,4200000.0,0.23333333333333334,0.0,2900000.0,0.16111111111111112,1100000.0,1800000.0,0.1,0.16,0.16,10000000.0,10000000.0,https://www.sec.gov/Archives/edgar/data/1016281/000089056697001125/0000890566-97-001125-index.html,https://www.sec.gov/Archives/edgar/data/1016281/0000890566-97-001125.txt,1620590766,16:06:06,20210509
96,1996-12-31,CSV,USD,1997-03-20 00:00:00,1997-03-20 00:00:00,Q4,13200000,9300000.0,3900000.0,0.29545454545454547,0.0,700000.0,0.0,0.0,1900000.0,11200000.0,0.0,1200000.0,3200000.0,0.24242424242424243,2000000.0,0.15151515151515152,0.0,0.0,0.0,0.0,1300000.0,0.09848484848484848,0.13,0.13,10000000.0,10000000.0,https://www.sec.gov/Archives/edgar/data/1016281/000089056697000478/0000890566-97-000478-index.html,https://www.sec.gov/Archives/edgar/data/1016281/0000890566-97-000478.txt,1620590766,16:06:06,20210509
97,1996-09-30,CSV,USD,1996-11-14 00:00:00,1996-11-14 00:00:00,Q3,10100000,8200000.0,1900000.0,0.18811881188118812,0.0,600000.0,0.0,0.0,1600000.0,9800000.0,0.0,1020000.0,1320000.0,0.1306930693069307,300000.0,0.0297029702970297,0.0,-700000.0,-0.06930693069306931,-300000.0,-900000.0,-0.0891089108910891,-0.2,-0.2,2521000.0,2521000.0,https://www.sec.gov/Archives/edgar/data/1016281/000089056696001900/0000890566-96-001900-index.html,https://www.sec.gov/Archives/edgar/data/1016281/0000890566-96-001900.txt,1620590766,16:06:06,20210509
