,date,symbol,reportedCurrency,fillingDate,acceptedDate,period,revenue,costOfRevenue,grossProfit,grossProfitRatio,researchAndDevelopmentExpenses,generalAndAdministrativeExpenses,sellingAndMarketingExpenses,otherExpenses,operatingExpenses,costAndExpenses,interestExpense,depreciationAndAmortization,ebitda,ebitdaratio,operatingIncome,operatingIncomeRatio,totalOtherIncomeExpensesNet,incomeBeforeTax,incomeBeforeTaxRatio,incomeTaxExpense,netIncome,netIncomeRatio,eps,epsdiluted,weightedAverageShsOut,weightedAverageShsOutDil,link,finalLink,timestamp,est_time,est_date
0,2020-09-30,JCS.AX,AUD,2020-09-30,2020-09-30,Q3,2803353.25,426831.5,2376521.75,0.8477425204975506,0.0,1827356.25,14212.25,80810.25,390224.25,0.0,11087.25,204300.25,96257.0,0.03433637912025536,-108043.25,-0.03854071904780462,80810.25,-36304.75,-0.012950472795392446,38396.25,-74701.0,-0.026647016390103532,-0.00022784635613891304,-0.00022784635613891304,327856900,327856900,,,1620593891,16:58:11,20210509
1,2020-06-30,JCS.AX,AUD,2020-06-30,2020-06-30,Q2,2803353.25,426831.5,2376521.75,0.8477425204975506,0.0,1827356.25,14212.25,80810.25,390224.25,0.0,11087.25,204300.25,96257.0,0.03433637912025536,-108043.25,-0.03854071904780462,80810.25,-36304.75,-0.012950472795392446,38396.25,-74701.0,-0.026647016390103532,-0.00022784635613891304,-0.00022784635613891304,327856900,327856900,,,1620593891,16:58:11,20210509
2,2020-03-31,JCS.AX,AUD,2020-03-31,2020-03-31,Q1,2803353.25,426831.5,2376521.75,0.8477425204975506,0.0,1827356.25,14212.25,80810.25,390224.25,0.0,11087.25,204300.25,96257.0,0.03433637912025536,-108043.25,-0.03854071904780462,80810.25,-36304.75,-0.012950472795392446,38396.25,-74701.0,-0.026647016390103532,-0.00022784635613891304,-0.00022784635613891304,327856900,327856900,,,1620593891,16:58:11,20210509
3,2020-01-31,JCS.AX,AUD,2020-01-31,2020-01-31,Q1,2803353.25,426831.5,2376521.75,0.8477425204975506,0.0,1827356.25,14212.25,80810.25,390224.25,0.0,11087.25,204300.25,96257.0,0.03433637912025536,-108043.25,-0.03854071904780462,80810.25,-36304.75,-0.012950472795392446,38396.25,-74701.0,-0.026647016390103532,-0.00022784635613891304,-0.00022784635613891304,327856900,327856900,,,1620593891,16:58:11,20210509
4,2019-06-30,JCS.AX,AUD,2019-06-30,2019-06-30,Q2,3144868.75,557604.75,2587264.0,0.8226937928649646,0.0,1873220.5,51207.5,56737.0,506425.75,0.0,2020.5,63622.5,156410.25,0.049735064460162286,92787.75,0.029504490449720675,56737.0,151096.75,0.04804548679495766,66568.25,84528.5,0.026878228224945795,0.00025,0.00025,327856900,327856900,,,1620593891,16:58:11,20210509
5,2019-03-31,JCS.AX,AUD,2019-03-31,2019-03-31,Q1,3144868.75,557604.75,2587264.0,0.8226937928649646,0.0,1873220.5,51207.5,56737.0,506425.75,0.0,2020.5,63622.5,156410.25,0.049735064460162286,92787.75,0.029504490449720675,56737.0,151096.75,0.04804548679495766,66568.25,84528.5,0.026878228224945795,0.00025,0.00025,327856900,327856900,,,1620593891,16:58:11,20210509
6,2019-01-31,JCS.AX,AUD,2019-01-31,2019-01-31,Q1,3144868.75,557604.75,2587264.0,0.8226937928649646,0.0,1873220.5,51207.5,56737.0,506425.75,0.0,2020.5,63622.5,156410.25,0.049735064460162286,92787.75,0.029504490449720675,56737.0,151096.75,0.04804548679495766,66568.25,84528.5,0.026878228224945795,0.00025,0.00025,327856900,327856900,,,1620593891,16:58:11,20210509
7,2018-06-30,JCS.AX,AUD,2018-06-30,2018-06-30,Q2,2986406.25,509234.0,2477172.25,0.8294826767121855,0.0,1936235.75,37447.0,66372.0,324878.75,0.0,-18.5,25582.0,178610.75,0.05980792131010307,153028.75,0.051241772615497304,66372.0,223843.0,0.07495396850311306,12026.25,211816.75,0.07092697117145398,0.00065,0.00065,329343064,329343064,,,1620593891,16:58:11,20210509
8,2018-03-31,JCS.AX,AUD,2018-03-31,2018-03-31,Q1,2986406.25,509234.0,2477172.25,0.8294826767121855,0.0,1936235.75,37447.0,66372.0,324878.75,0.0,-18.5,25582.0,178610.75,0.05980792131010307,153028.75,0.051241772615497304,66372.0,223843.0,0.07495396850311306,12026.25,211816.75,0.07092697117145398,0.00065,0.00065,329343064,329343064,,,1620593891,16:58:11,20210509
9,2018-01-31,JCS.AX,AUD,2018-01-31,2018-01-31,Q1,2986406.25,509234.0,2477172.25,0.8294826767121855,0.0,1936235.75,37447.0,66372.0,324878.75,0.0,-18.5,25582.0,178610.75,0.05980792131010307,153028.75,0.051241772615497304,66372.0,223843.0,0.07495396850311306,12026.25,211816.75,0.07092697117145398,0.00065,0.00065,329343064,329343064,,,1620593891,16:58:11,20210509
10,2017-06-30,JCS.AX,AUD,2017-06-30,2017-06-30,Q2,2594702.0,581807.25,2012894.75,0.7757710712058649,0.0,1564635.25,68627.25,4070.25,230555.75,0.0,137.0,19666.0,149076.5,0.057454189344286935,129410.5,0.0498748989286631,4070.25,137895.75,0.05314512032595651,24324.25,113571.5,0.04377053704047709,0.00035,0.00035,332264434,332264434,,,1620593891,16:58:11,20210509
11,2017-03-31,JCS.AX,AUD,2017-03-31,2017-03-31,Q1,2594702.0,581807.25,2012894.75,0.7757710712058649,0.0,1564635.25,68627.25,4070.25,230555.75,0.0,137.0,19666.0,149076.5,0.057454189344286935,129410.5,0.0498748989286631,4070.25,137895.75,0.05314512032595651,24324.25,113571.5,0.04377053704047709,0.00035,0.00035,332264434,332264434,,,1620593891,16:58:11,20210509
12,2017-01-31,JCS.AX,AUD,2017-01-31,2017-01-31,Q1,2594702.0,581807.25,2012894.75,0.7757710712058649,0.0,1564635.25,68627.25,4070.25,230555.75,0.0,137.0,19666.0,149076.5,0.057454189344286935,129410.5,0.0498748989286631,4070.25,137895.75,0.05314512032595651,24324.25,113571.5,0.04377053704047709,0.00035,0.00035,332264434,332264434,,,1620593891,16:58:11,20210509
13,2016-06-30,JCS.AX,AUD,2016-06-30,2016-06-30,Q2,2355041.75,503020.5,1852021.25,0.7864069713413786,1078.25,1463841.75,134411.25,-2888.5,282738.0,0.0,13.0,12640.75,-30048.0,-0.012759009474035864,-42688.75,-0.018126536397921608,-748011.75,-786228.5,-0.33384907082857446,-90801.75,-695426.75,-0.2952927479948073,-0.0021,-0.0021,332207720,332207720,,,1620593891,16:58:11,20210509
14,2016-03-31,JCS.AX,AUD,2016-03-31,2016-03-31,Q1,2355041.75,503020.5,1852021.25,0.7864069713413786,1078.25,1463841.75,134411.25,-2888.5,282738.0,0.0,13.0,12640.75,-30048.0,-0.012759009474035864,-42688.75,-0.018126536397921608,-748011.75,-786228.5,-0.33384907082857446,-90801.75,-695426.75,-0.2952927479948073,-0.0021,-0.0021,332207720,332207720,,,1620593891,16:58:11,20210509
15,2016-01-31,JCS.AX,AUD,2016-01-31,2016-01-31,Q1,2355041.75,503020.5,1852021.25,0.7864069713413786,1078.25,1463841.75,134411.25,-2888.5,282738.0,0.0,13.0,12640.75,-30048.0,-0.012759009474035864,-42688.75,-0.018126536397921608,-748011.75,-786228.5,-0.33384907082857446,-90801.75,-695426.75,-0.2952927479948073,-0.0021,-0.0021,332207720,332207720,,,1620593891,16:58:11,20210509
16,2015-09-30,JCS.AX,AUD,2015-09-30,2015-09-30,Q3,2820843.5,625616.5,2195227.0,0.7782165157336803,3974.75,1898253.5,102230.0,9583.25,429271.75,0.0,121.75,47074.25,-238503.0,-0.08455024179824226,-285577.25,-0.10123824664501947,-1282168.75,-1562322.25,-0.5538493184751299,-156599.0,-1405723.25,-0.49833436346256005,-0.0043,-0.0043,327856900,327856900,,,1620593891,16:58:11,20210509
17,2015-06-30,JCS.AX,AUD,2015-06-30,2015-06-30,Q2,2820843.5,625616.5,2195227.0,0.7782165157336803,3974.75,1898253.5,102230.0,9583.25,429271.75,0.0,121.75,47074.25,-238503.0,-0.08455024179824226,-285577.25,-0.10123824664501947,-1282168.75,-1562322.25,-0.5538493184751299,-156599.0,-1405723.25,-0.49833436346256005,-0.0043,-0.0043,327856900,327856900,,,1620593891,16:58:11,20210509
18,2015-03-31,JCS.AX,AUD,2015-03-31,2015-03-31,Q1,2820843.5,625616.5,2195227.0,0.7782165157336803,3974.75,1898253.5,102230.0,9583.25,429271.75,0.0,121.75,47074.25,-238503.0,-0.08455024179824226,-285577.25,-0.10123824664501947,-1282168.75,-1562322.25,-0.5538493184751299,-156599.0,-1405723.25,-0.49833436346256005,-0.0043,-0.0043,327856900,327856900,,,1620593891,16:58:11,20210509
19,2015-01-31,JCS.AX,AUD,2015-01-31,2015-01-31,Q1,2820843.5,625616.5,2195227.0,0.7782165157336803,3974.75,1898253.5,102230.0,9583.25,429271.75,0.0,121.75,47074.25,-238503.0,-0.08455024179824226,-285577.25,-0.10123824664501947,-1282168.75,-1562322.25,-0.5538493184751299,-156599.0,-1405723.25,-0.49833436346256005,-0.0043,-0.0043,327856900,327856900,,,1620593891,16:58:11,20210509
20,2014-09-30,JCS.AX,AUD,2014-09-30,2014-09-30,Q3,2889959.0,984119.0,1905840.0,0.6594695634090311,235058.5,1347720.5,84184.25,2119.0,420471.75,0.0,15419.25,28309.0,-181595.0,-0.06283653159093261,-209904.0,-0.07263217229033353,-121285.75,-329388.75,-0.11397696299497674,26810.25,-356199.0,-0.12325399772107494,-0.0015,-0.0015,237460160,237460160,,,1620593891,16:58:11,20210509
21,2014-06-30,JCS.AX,AUD,2014-06-30,2014-06-30,Q2,2889959.0,984119.0,1905840.0,0.6594695634090311,235058.5,1347720.5,84184.25,2119.0,420471.75,0.0,15419.25,28309.0,-181595.0,-0.06283653159093261,-209904.0,-0.07263217229033353,-121285.75,-329388.75,-0.11397696299497674,26810.25,-356199.0,-0.12325399772107494,-0.0015,-0.0015,237460160,237460160,,,1620593891,16:58:11,20210509
22,2014-03-31,JCS.AX,AUD,2014-03-31,2014-03-31,Q1,2889959.0,984119.0,1905840.0,0.6594695634090311,235058.5,1347720.5,84184.25,2119.0,420471.75,0.0,15419.25,28309.0,-181595.0,-0.06283653159093261,-209904.0,-0.07263217229033353,-121285.75,-329388.75,-0.11397696299497674,26810.25,-356199.0,-0.12325399772107494,-0.0015,-0.0015,237460160,237460160,,,1620593891,16:58:11,20210509
23,2014-01-31,JCS.AX,AUD,2014-01-31,2014-01-31,Q1,2889959.0,984119.0,1905840.0,0.6594695634090311,235058.5,1347720.5,84184.25,2119.0,420471.75,0.0,15419.25,28309.0,-181595.0,-0.06283653159093261,-209904.0,-0.07263217229033353,-121285.75,-329388.75,-0.11397696299497674,26810.25,-356199.0,-0.12325399772107494,-0.0015,-0.0015,237460160,237460160,,,1620593891,16:58:11,20210509
24,2013-09-30,JCS.AX,AUD,2013-09-30,2013-09-30,Q3,2515100.25,801180.25,1713920.0,0.6814519620042978,0.0,906460.25,12291.25,1557.0,528210.75,0.0,1802.5,247251.0,266957.75,0.10614199175559702,19706.75,0.007835373560159281,-636204.75,-599970.25,-0.23854725075074046,34163.0,-780114.75,-0.3101724275205332,-0.004075,-0.004075,191077728,191077728,,,1620593891,16:58:11,20210509
25,2013-06-30,JCS.AX,AUD,2013-06-30,2013-06-30,Q2,2515100.25,801180.25,1713920.0,0.6814519620042978,0.0,906460.25,12291.25,1557.0,528210.75,0.0,1802.5,247251.0,266957.75,0.10614199175559702,19706.75,0.007835373560159281,-636204.75,-599970.25,-0.23854725075074046,34163.0,-780114.75,-0.3101724275205332,-0.004075,-0.004075,191077728,191077728,,,1620593891,16:58:11,20210509
26,2013-03-31,JCS.AX,AUD,2013-03-31,2013-03-31,Q1,2515100.25,801180.25,1713920.0,0.6814519620042978,0.0,906460.25,12291.25,1557.0,528210.75,0.0,1802.5,247251.0,266957.75,0.10614199175559702,19706.75,0.007835373560159281,-636204.75,-599970.25,-0.23854725075074046,34163.0,-780114.75,-0.3101724275205332,-0.004075,-0.004075,191077728,191077728,,,1620593891,16:58:11,20210509
27,2013-01-31,JCS.AX,AUD,2013-01-31,2013-01-31,Q1,2515100.25,801180.25,1713920.0,0.6814519620042978,0.0,906460.25,12291.25,1557.0,528210.75,0.0,1802.5,247251.0,266957.75,0.10614199175559702,19706.75,0.007835373560159281,-636204.75,-599970.25,-0.23854725075074046,34163.0,-780114.75,-0.3101724275205332,-0.004075,-0.004075,191077728,191077728,,,1620593891,16:58:11,20210509
28,2012-09-30,JCS.AX,AUD,2012-09-30,2012-09-30,Q3,3078773.0,1053248.25,2025524.75,0.6578999978238084,0.0,1606163.25,34221.0,24261.25,406859.25,0.0,3590.5,151973.5,-21718.75,-0.007054352496920039,-173692.25,-0.05641606250282174,-476397.0,-643229.25,-0.20892389598063904,-140948.5,-502280.75,-0.16314315800482854,-0.002925,-0.002925,171316624,171316624,,,1620593891,16:58:11,20210509
29,2012-06-30,JCS.AX,AUD,2012-06-30,2012-06-30,Q2,3078773.0,1053248.25,2025524.75,0.6578999978238084,0.0,1606163.25,34221.0,24261.25,406859.25,0.0,3590.5,151973.5,-21718.75,-0.007054352496920039,-173692.25,-0.05641606250282174,-476397.0,-643229.25,-0.20892389598063904,-140948.5,-502280.75,-0.16314315800482854,-0.002925,-0.002925,171316624,171316624,,,1620593891,16:58:11,20210509
30,2012-03-31,JCS.AX,AUD,2012-03-31,2012-03-31,Q1,3078773.0,1053248.25,2025524.75,0.6578999978238084,0.0,1606163.25,34221.0,24261.25,406859.25,0.0,3590.5,151973.5,-21718.75,-0.007054352496920039,-173692.25,-0.05641606250282174,-476397.0,-643229.25,-0.20892389598063904,-140948.5,-502280.75,-0.16314315800482854,-0.002925,-0.002925,171316624,171316624,,,1620593891,16:58:11,20210509
31,2012-01-31,JCS.AX,AUD,2012-01-31,2012-01-31,Q1,3078773.0,1053248.25,2025524.75,0.6578999978238084,0.0,1606163.25,34221.0,24261.25,406859.25,0.0,3590.5,151973.5,-21718.75,-0.007054352496920039,-173692.25,-0.05641606250282174,-476397.0,-643229.25,-0.20892389598063904,-140948.5,-502280.75,-0.16314315800482854,-0.002925,-0.002925,171316624,171316624,,,1620593891,16:58:11,20210509
32,2011-09-30,JCS.AX,AUD,2011-09-30,2011-09-30,Q3,4121952.75,1677559.75,2444393.0,0.5930181999296329,0.0,1696630.75,49351.75,6757.25,448784.0,0.0,1395.0,191704.0,249626.5,0.06056025266179968,57922.5,0.014052198924405429,6757.25,73964.25,0.01794398298233768,30596.25,43368.0,0.010521226862680559,0.000292,0.000292,145343361,145343361,,,1620593891,16:58:11,20210509
33,2011-06-30,JCS.AX,AUD,2011-06-30,2011-06-30,Q2,4121952.75,1677559.75,2444393.0,0.5930181999296329,0.0,1696630.75,49351.75,6757.25,448784.0,0.0,1395.0,191704.0,249626.5,0.06056025266179968,57922.5,0.014052198924405429,6757.25,73964.25,0.01794398298233768,30596.25,43368.0,0.010521226862680559,0.000292,0.000292,145343361,145343361,,,1620593891,16:58:11,20210509
34,2011-03-31,JCS.AX,AUD,2011-03-31,2011-03-31,Q1,4121952.75,1677559.75,2444393.0,0.5930181999296329,0.0,1696630.75,49351.75,6757.25,448784.0,0.0,1395.0,191704.0,249626.5,0.06056025266179968,57922.5,0.014052198924405429,6757.25,73964.25,0.01794398298233768,30596.25,43368.0,0.010521226862680559,0.000292,0.000292,145343361,145343361,,,1620593891,16:58:11,20210509
35,2011-01-31,JCS.AX,AUD,2011-01-31,2011-01-31,Q1,4121952.75,1677559.75,2444393.0,0.5930181999296329,0.0,1696630.75,49351.75,6757.25,448784.0,0.0,1395.0,191704.0,249626.5,0.06056025266179968,57922.5,0.014052198924405429,6757.25,73964.25,0.01794398298233768,30596.25,43368.0,0.010521226862680559,0.000292,0.000292,145343361,145343361,,,1620593891,16:58:11,20210509
36,2010-09-30,JCS.AX,AUD,2010-09-30,2010-09-30,Q3,3096747.5,947865.75,2148881.75,0.6939157131797151,0.0,1423053.5,37334.75,9527.5,387892.75,0.0,113.75,173259.75,300600.75,0.09706982890920232,127341.0,0.04112088570346791,9527.5,146810.75,0.04740804666831894,45368.25,101442.5,0.03275775632336831,0.00073,0.00073,136947984,136947984,,,1620593891,16:58:11,20210509
37,2010-06-30,JCS.AX,AUD,2010-06-30,2010-06-30,Q2,3096747.5,947865.75,2148881.75,0.6939157131797151,0.0,1423053.5,37334.75,9527.5,387892.75,0.0,113.75,173259.75,300600.75,0.09706982890920232,127341.0,0.04112088570346791,9527.5,146810.75,0.04740804666831894,45368.25,101442.5,0.03275775632336831,0.00073,0.00073,136947984,136947984,,,1620593891,16:58:11,20210509
38,2010-03-31,JCS.AX,AUD,2010-03-31,2010-03-31,Q1,3096747.5,947865.75,2148881.75,0.6939157131797151,0.0,1423053.5,37334.75,9527.5,387892.75,0.0,113.75,173259.75,300600.75,0.09706982890920232,127341.0,0.04112088570346791,9527.5,146810.75,0.04740804666831894,45368.25,101442.5,0.03275775632336831,0.00073,0.00073,136947984,136947984,,,1620593891,16:58:11,20210509
39,2010-01-31,JCS.AX,AUD,2010-01-31,2010-01-31,Q1,3096747.5,947865.75,2148881.75,0.6939157131797151,0.0,1423053.5,37334.75,9527.5,387892.75,0.0,113.75,173259.75,300600.75,0.09706982890920232,127341.0,0.04112088570346791,9527.5,146810.75,0.04740804666831894,45368.25,101442.5,0.03275775632336831,0.00073,0.00073,136947984,136947984,,,1620593891,16:58:11,20210509
40,2009-09-30,JCS.AX,AUD,2009-09-30,2009-09-30,Q3,2019045.25,119391.25,1899654.0,0.9408674718904888,0.0,1130196.5,8401.0,8991.75,385330.0,0.0,1572.0,74567.5,375726.5,0.18609117353858215,301159.0,0.14915911369495063,8991.75,321490.75,0.1592290960294228,39342.75,282148.0,0.1397432771751896,0.00225275,0.00225275,125851445,125851445,,,1620593891,16:58:11,20210509
41,2009-06-30,JCS.AX,AUD,2009-06-30,2009-06-30,Q2,2019045.25,119391.25,1899654.0,0.9408674718904888,0.0,1130196.5,8401.0,8991.75,385330.0,0.0,1572.0,74567.5,375726.5,0.18609117353858215,301159.0,0.14915911369495063,8991.75,321490.75,0.1592290960294228,39342.75,282148.0,0.1397432771751896,0.00225275,0.00225275,125851445,125851445,,,1620593891,16:58:11,20210509
42,2009-03-31,JCS.AX,AUD,2009-03-31,2009-03-31,Q1,2019045.25,119391.25,1899654.0,0.9408674718904888,0.0,1130196.5,8401.0,8991.75,385330.0,0.0,1572.0,74567.5,375726.5,0.18609117353858215,301159.0,0.14915911369495063,8991.75,321490.75,0.1592290960294228,39342.75,282148.0,0.1397432771751896,0.00225275,0.00225275,125851445,125851445,,,1620593891,16:58:11,20210509
43,2009-01-31,JCS.AX,AUD,2009-01-31,2009-01-31,Q1,2019045.25,119391.25,1899654.0,0.9408674718904888,0.0,1130196.5,8401.0,8991.75,385330.0,0.0,1572.0,74567.5,375726.5,0.18609117353858215,301159.0,0.14915911369495063,8991.75,321490.75,0.1592290960294228,39342.75,282148.0,0.1397432771751896,0.00225275,0.00225275,125851445,125851445,,,1620593891,16:58:11,20210509
44,2008-09-30,JCS.AX,AUD,2008-09-30,2008-09-30,Q3,1534955.25,114324.75,1420630.5,0.925519164158043,0.0,862971.75,2081.0,3301.75,276572.75,0.0,901.5,40599.25,279005.0,0.18176751406922123,238405.75,0.15531772017457837,3301.75,258713.0,0.16854758469342998,-86483.25,345196.25,0.22489010673112458,0.0036495,0.0036495,94589896,94589896,,,1620593891,16:58:11,20210509
45,2008-06-30,JCS.AX,AUD,2008-06-30,2008-06-30,Q2,1534955.25,114324.75,1420630.5,0.925519164158043,0.0,862971.75,2081.0,3301.75,276572.75,0.0,901.5,40599.25,279005.0,0.18176751406922123,238405.75,0.15531772017457837,3301.75,258713.0,0.16854758469342998,-86483.25,345196.25,0.22489010673112458,0.0036495,0.0036495,94589896,94589896,,,1620593891,16:58:11,20210509
46,2008-03-31,JCS.AX,AUD,2008-03-31,2008-03-31,Q1,1534955.25,114324.75,1420630.5,0.925519164158043,0.0,862971.75,2081.0,3301.75,276572.75,0.0,901.5,40599.25,279005.0,0.18176751406922123,238405.75,0.15531772017457837,3301.75,258713.0,0.16854758469342998,-86483.25,345196.25,0.22489010673112458,0.0036495,0.0036495,94589896,94589896,,,1620593891,16:58:11,20210509
47,2008-01-31,JCS.AX,AUD,2008-01-31,2008-01-31,Q1,1534955.25,114324.75,1420630.5,0.925519164158043,0.0,862971.75,2081.0,3301.75,276572.75,0.0,901.5,40599.25,279005.0,0.18176751406922123,238405.75,0.15531772017457837,3301.75,258713.0,0.16854758469342998,-86483.25,345196.25,0.22489010673112458,0.0036495,0.0036495,94589896,94589896,,,1620593891,16:58:11,20210509
48,2007-09-30,JCS.AX,AUD,2007-09-30,2007-09-30,Q3,553886.75,42750.75,511136.0,0.9228168032544559,0.0,519639.75,830.0,250757.0,146369.25,0.0,1042.0,12805.5,-155703.0,-0.2811098117078988,-168508.5,-0.30422915875853684,250757.0,99388.75,0.17943875711054652,-72936.75,172325.5,0.3111204591913419,0.00195975,0.00193725,88309781,88949764,,,1620593891,16:58:11,20210509
49,2007-06-30,JCS.AX,AUD,2007-06-30,2007-06-30,Q2,553886.75,42750.75,511136.0,0.9228168032544559,0.0,519639.75,830.0,250757.0,146369.25,0.0,1042.0,12805.5,-155703.0,-0.2811098117078988,-168508.5,-0.30422915875853684,250757.0,99388.75,0.17943875711054652,-72936.75,172325.5,0.3111204591913419,0.00195975,0.00193725,88309781,88949764,,,1620593891,16:58:11,20210509
50,2007-03-31,JCS.AX,AUD,2007-03-31,2007-03-31,Q1,553886.75,42750.75,511136.0,0.9228168032544559,0.0,519639.75,830.0,250757.0,146369.25,0.0,1042.0,12805.5,-155703.0,-0.2811098117078988,-168508.5,-0.30422915875853684,250757.0,99388.75,0.17943875711054652,-72936.75,172325.5,0.3111204591913419,0.00195975,0.00193725,88309781,88949764,,,1620593891,16:58:11,20210509
51,2007-01-31,JCS.AX,AUD,2007-01-31,2007-01-31,Q1,553886.75,42750.75,511136.0,0.9228168032544559,0.0,519639.75,830.0,250757.0,146369.25,0.0,1042.0,12805.5,-155703.0,-0.2811098117078988,-168508.5,-0.30422915875853684,250757.0,99388.75,0.17943875711054652,-72936.75,172325.5,0.3111204591913419,0.00195975,0.00193725,88309781,88949764,,,1620593891,16:58:11,20210509
52,2006-09-30,JCS.AX,AUD,2006-09-30,2006-09-30,Q3,398658.25,26108.0,372550.25,0.934510323064931,0.0,372376.0,2730.5,45728.5,141712.75,0.0,662.25,7819.75,-144269.0,-0.36188640270206374,-152088.75,-0.3815015743434383,45728.5,-96659.25,-0.24246143156450417,-30239.75,-66419.5,-0.1666076144166087,-0.000901,-0.000901,73387328,73387328,,,1620593891,16:58:11,20210509
53,2006-06-30,JCS.AX,AUD,2006-06-30,2006-06-30,Q2,398658.25,26108.0,372550.25,0.934510323064931,0.0,372376.0,2730.5,45728.5,141712.75,0.0,662.25,7819.75,-144269.0,-0.36188640270206374,-152088.75,-0.3815015743434383,45728.5,-96659.25,-0.24246143156450417,-30239.75,-66419.5,-0.1666076144166087,-0.000901,-0.000901,73387328,73387328,,,1620593891,16:58:11,20210509
54,2006-03-31,JCS.AX,AUD,2006-03-31,2006-03-31,Q1,398658.25,26108.0,372550.25,0.934510323064931,0.0,372376.0,2730.5,45728.5,141712.75,0.0,662.25,7819.75,-144269.0,-0.36188640270206374,-152088.75,-0.3815015743434383,45728.5,-96659.25,-0.24246143156450417,-30239.75,-66419.5,-0.1666076144166087,-0.000901,-0.000901,73387328,73387328,,,1620593891,16:58:11,20210509
55,2006-01-31,JCS.AX,AUD,2006-01-31,2006-01-31,Q1,398658.25,26108.0,372550.25,0.934510323064931,0.0,372376.0,2730.5,45728.5,141712.75,0.0,662.25,7819.75,-144269.0,-0.36188640270206374,-152088.75,-0.3815015743434383,45728.5,-96659.25,-0.24246143156450417,-30239.75,-66419.5,-0.1666076144166087,-0.000901,-0.000901,73387328,73387328,,,1620593891,16:58:11,20210509
56,2005-09-30,JCS.AX,AUD,2005-09-30,2005-09-30,Q3,399717.25,38383.75,361333.5,0.9039727457346411,0.0,233116.0,8813.5,-4656.0,86751.5,0.0,593.75,11524.0,32652.5,0.08168899390756841,21128.5,0.052858614433077385,-4656.0,27664.0,0.06920892205677888,27664.0,27664.0,0.06920892205677888,0.00040675,0.00040675,69302348,69302348,,,1620593891,16:58:11,20210509
57,2005-06-30,JCS.AX,AUD,2005-06-30,2005-06-30,Q2,399717.25,38383.75,361333.5,0.9039727457346411,0.0,233116.0,8813.5,-4656.0,86751.5,0.0,593.75,11524.0,32652.5,0.08168899390756841,21128.5,0.052858614433077385,-4656.0,27664.0,0.06920892205677888,27664.0,27664.0,0.06920892205677888,0.00040675,0.00040675,69302348,69302348,,,1620593891,16:58:11,20210509
58,2005-03-31,JCS.AX,AUD,2005-03-31,2005-03-31,Q1,399717.25,38383.75,361333.5,0.9039727457346411,0.0,233116.0,8813.5,-4656.0,86751.5,0.0,593.75,11524.0,32652.5,0.08168899390756841,21128.5,0.052858614433077385,-4656.0,27664.0,0.06920892205677888,27664.0,27664.0,0.06920892205677888,0.00040675,0.00040675,69302348,69302348,,,1620593891,16:58:11,20210509
59,2005-01-31,JCS.AX,AUD,2005-01-31,2005-01-31,Q1,399717.25,38383.75,361333.5,0.9039727457346411,0.0,233116.0,8813.5,-4656.0,86751.5,0.0,593.75,11524.0,32652.5,0.08168899390756841,21128.5,0.052858614433077385,-4656.0,27664.0,0.06920892205677888,27664.0,27664.0,0.06920892205677888,0.00040675,0.00040675,69302348,69302348,,,1620593891,16:58:11,20210509
60,2004-09-30,JCS.AX,AUD,2004-09-30,2004-09-30,Q3,299610.0,36719.25,262890.75,0.8774431761289676,0.0,232390.5,0.0,-3352.75,78488.75,0.0,867.25,8337.75,-47988.5,-0.16016988752044325,-56326.25,-0.18799856480090785,-3352.75,-50538.0,-0.16867928306798838,-50538.0,-50538.0,-0.16867928306798838,-0.00074575,-0.00074575,67254099,67254099,,,1620593891,16:58:11,20210509
61,2004-06-30,JCS.AX,AUD,2004-06-30,2004-06-30,Q2,299610.0,36719.25,262890.75,0.8774431761289676,0.0,232390.5,0.0,-3352.75,78488.75,0.0,867.25,8337.75,-47988.5,-0.16016988752044325,-56326.25,-0.18799856480090785,-3352.75,-50538.0,-0.16867928306798838,-50538.0,-50538.0,-0.16867928306798838,-0.00074575,-0.00074575,67254099,67254099,,,1620593891,16:58:11,20210509
62,2004-03-31,JCS.AX,AUD,2004-03-31,2004-03-31,Q1,299610.0,36719.25,262890.75,0.8774431761289676,0.0,232390.5,0.0,-3352.75,78488.75,0.0,867.25,8337.75,-47988.5,-0.16016988752044325,-56326.25,-0.18799856480090785,-3352.75,-50538.0,-0.16867928306798838,-50538.0,-50538.0,-0.16867928306798838,-0.00074575,-0.00074575,67254099,67254099,,,1620593891,16:58:11,20210509
63,2004-01-31,JCS.AX,AUD,2004-01-31,2004-01-31,Q1,299610.0,36719.25,262890.75,0.8774431761289676,0.0,232390.5,0.0,-3352.75,78488.75,0.0,867.25,8337.75,-47988.5,-0.16016988752044325,-56326.25,-0.18799856480090785,-3352.75,-50538.0,-0.16867928306798838,-50538.0,-50538.0,-0.16867928306798838,-0.00074575,-0.00074575,67254099,67254099,,,1620593891,16:58:11,20210509
64,2003-09-30,JCS.AX,AUD,2003-09-30,2003-09-30,Q3,256375.0,65747.25,190627.75,0.7435504631886884,0.0,300541.0,0.0,46100.75,88889.0,0.0,1064.5,7444.25,-198802.25,-0.775435397367138,-206246.5,-0.8044719648951731,46100.75,-153221.25,-0.5976450511945393,-153221.25,-153221.25,-0.5976450511945393,-0.002712,-0.002712,58254360,58254360,,,1620593891,16:58:11,20210509
65,2003-06-30,JCS.AX,AUD,2003-06-30,2003-06-30,Q2,256375.0,65747.25,190627.75,0.7435504631886884,0.0,300541.0,0.0,46100.75,88889.0,0.0,1064.5,7444.25,-198802.25,-0.775435397367138,-206246.5,-0.8044719648951731,46100.75,-153221.25,-0.5976450511945393,-153221.25,-153221.25,-0.5976450511945393,-0.002712,-0.002712,58254360,58254360,,,1620593891,16:58:11,20210509
66,2003-03-31,JCS.AX,AUD,2003-03-31,2003-03-31,Q1,256375.0,65747.25,190627.75,0.7435504631886884,0.0,300541.0,0.0,46100.75,88889.0,0.0,1064.5,7444.25,-198802.25,-0.775435397367138,-206246.5,-0.8044719648951731,46100.75,-153221.25,-0.5976450511945393,-153221.25,-153221.25,-0.5976450511945393,-0.002712,-0.002712,58254360,58254360,,,1620593891,16:58:11,20210509
67,2003-01-31,JCS.AX,AUD,2003-01-31,2003-01-31,Q1,256375.0,65747.25,190627.75,0.7435504631886884,0.0,300541.0,0.0,46100.75,88889.0,0.0,1064.5,7444.25,-198802.25,-0.775435397367138,-206246.5,-0.8044719648951731,46100.75,-153221.25,-0.5976450511945393,-153221.25,-153221.25,-0.5976450511945393,-0.002712,-0.002712,58254360,58254360,,,1620593891,16:58:11,20210509
68,2002-09-30,JCS.AX,AUD,2002-09-30,2002-09-30,Q3,193157.5,0.0,193157.5,1.0,0.0,183931.0,0.0,-356012.0,0.0,0.0,549.25,6152.5,9226.5,0.04776671886931649,3074.0,0.01591447393966064,-356012.0,-343812.75,-1.7799606538705461,-343812.75,-343812.75,-1.7799606538705461,-0.00768375,-0.00768375,44324279,44324279,,,1620593891,16:58:11,20210509
69,2002-06-30,JCS.AX,AUD,2002-06-30,2002-06-30,Q2,193157.5,0.0,193157.5,1.0,0.0,183931.0,0.0,-356012.0,0.0,0.0,549.25,6152.5,9226.5,0.04776671886931649,3074.0,0.01591447393966064,-356012.0,-343812.75,-1.7799606538705461,-343812.75,-343812.75,-1.7799606538705461,-0.00768375,-0.00768375,44324279,44324279,,,1620593891,16:58:11,20210509
70,2002-03-31,JCS.AX,AUD,2002-03-31,2002-03-31,Q1,193157.5,0.0,193157.5,1.0,0.0,183931.0,0.0,-356012.0,0.0,0.0,549.25,6152.5,9226.5,0.04776671886931649,3074.0,0.01591447393966064,-356012.0,-343812.75,-1.7799606538705461,-343812.75,-343812.75,-1.7799606538705461,-0.00768375,-0.00768375,44324279,44324279,,,1620593891,16:58:11,20210509
71,2002-01-31,JCS.AX,AUD,2002-01-31,2002-01-31,Q1,193157.5,0.0,193157.5,1.0,0.0,183931.0,0.0,-356012.0,0.0,0.0,549.25,6152.5,9226.5,0.04776671886931649,3074.0,0.01591447393966064,-356012.0,-343812.75,-1.7799606538705461,-343812.75,-343812.75,-1.7799606538705461,-0.00768375,-0.00768375,44324279,44324279,,,1620593891,16:58:11,20210509
72,2001-09-30,JCS.AX,AUD,2001-09-30,2001-09-30,Q3,117022.75,0.0,117022.75,1.0,0.0,180249.5,0.0,4873.75,178515.0,0.0,406.5,6357.0,-241741.75,-2.0657671264775437,-248098.75,-2.1200898970499327,4873.75,-225550.25,-1.9274051413079936,-225550.25,-225550.25,-1.9274051413079936,-0.00553275,-0.00553275,40699301,40699301,,,1620593891,16:58:11,20210509
73,2001-06-30,JCS.AX,AUD,2001-06-30,2001-06-30,Q2,117022.75,0.0,117022.75,1.0,0.0,180249.5,0.0,4873.75,178515.0,0.0,406.5,6357.0,-241741.75,-2.0657671264775437,-248098.75,-2.1200898970499327,4873.75,-225550.25,-1.9274051413079936,-225550.25,-225550.25,-1.9274051413079936,-0.00553275,-0.00553275,40699301,40699301,,,1620593891,16:58:11,20210509
74,2001-03-31,JCS.AX,AUD,2001-03-31,2001-03-31,Q1,117022.75,0.0,117022.75,1.0,0.0,180249.5,0.0,4873.75,178515.0,0.0,406.5,6357.0,-241741.75,-2.0657671264775437,-248098.75,-2.1200898970499327,4873.75,-225550.25,-1.9274051413079936,-225550.25,-225550.25,-1.9274051413079936,-0.00553275,-0.00553275,40699301,40699301,,,1620593891,16:58:11,20210509
75,2001-01-31,JCS.AX,AUD,2001-01-31,2001-01-31,Q1,117022.75,0.0,117022.75,1.0,0.0,180249.5,0.0,4873.75,178515.0,0.0,406.5,6357.0,-241741.75,-2.0657671264775437,-248098.75,-2.1200898970499327,4873.75,-225550.25,-1.9274051413079936,-225550.25,-225550.25,-1.9274051413079936,-0.00553275,-0.00553275,40699301,40699301,,,1620593891,16:58:11,20210509
76,2000-09-30,JCS.AX,AUD,2000-09-30,2000-09-30,Q3,0.0,0.0,0.0,0.0,0.0,0.0,0.0,0.0,0.0,0.0,0.0,0.0,0.0,0.0,0.0,0.0,0.0,-13996.75,0.0,-13996.75,-13996.75,0.0,-0.00031725,-0.00031725,44107594,44107594,,,1620593891,16:58:11,20210509
77,2000-06-30,JCS.AX,AUD,2000-06-30,2000-06-30,Q2,0.0,0.0,0.0,0.0,0.0,0.0,0.0,0.0,0.0,0.0,0.0,0.0,0.0,0.0,0.0,0.0,0.0,-13996.75,0.0,-13996.75,-13996.75,0.0,-0.00031725,-0.00031725,44107594,44107594,,,1620593891,16:58:11,20210509
78,2000-03-31,JCS.AX,AUD,2000-03-31,2000-03-31,Q1,0.0,0.0,0.0,0.0,0.0,0.0,0.0,0.0,0.0,0.0,0.0,0.0,0.0,0.0,0.0,0.0,0.0,-13996.75,0.0,-13996.75,-13996.75,0.0,-0.00031725,-0.00031725,44107594,44107594,,,1620593891,16:58:11,20210509
79,2000-01-31,JCS.AX,AUD,2000-01-31,2000-01-31,Q1,0.0,0.0,0.0,0.0,0.0,0.0,0.0,0.0,0.0,0.0,0.0,0.0,0.0,0.0,0.0,0.0,0.0,-13996.75,0.0,-13996.75,-13996.75,0.0,-0.00031725,-0.00031725,44107594,44107594,,,1620593891,16:58:11,20210509
