,date,symbol,reportedCurrency,fillingDate,acceptedDate,period,revenue,costOfRevenue,grossProfit,grossProfitRatio,researchAndDevelopmentExpenses,generalAndAdministrativeExpenses,sellingAndMarketingExpenses,otherExpenses,operatingExpenses,costAndExpenses,interestExpense,depreciationAndAmortization,ebitda,ebitdaratio,operatingIncome,operatingIncomeRatio,totalOtherIncomeExpensesNet,incomeBeforeTax,incomeBeforeTaxRatio,incomeTaxExpense,netIncome,netIncomeRatio,eps,epsdiluted,weightedAverageShsOut,weightedAverageShsOutDil,link,finalLink,timestamp,est_time,est_date
0,2020-09-30,NTL.AX,NZD,2020-09-30,2020-09-30,Q3,0.0,0.0,0.0,0.0,0.0,39960.0,0.0,6160.75,882857.75,0.0,0.0,12927.0,-922817.75,0.0,-935744.75,0.0,6160.75,-928468.25,0.0,0.0,-928468.25,0.0,-0.006871076095636839,-0.006871076095636839,135127051,135127051,,,1620595868,17:31:08,20210509
1,2020-06-30,NTL.AX,NZD,2020-06-30,2020-06-30,Q2,0.0,0.0,0.0,0.0,0.0,39960.0,0.0,6160.75,882857.75,0.0,0.0,12927.0,-922817.75,0.0,-935744.75,0.0,6160.75,-928468.25,0.0,0.0,-928468.25,0.0,-0.006871076095636839,-0.006871076095636839,135127051,135127051,,,1620595868,17:31:08,20210509
2,2020-03-31,NTL.AX,NZD,2020-03-31,2020-03-31,Q1,0.0,0.0,0.0,0.0,0.0,39960.0,0.0,6160.75,882857.75,0.0,0.0,12927.0,-922817.75,0.0,-935744.75,0.0,6160.75,-928468.25,0.0,0.0,-928468.25,0.0,-0.006871076095636839,-0.006871076095636839,135127051,135127051,,,1620595868,17:31:08,20210509
3,2020-01-31,NTL.AX,NZD,2020-01-31,2020-01-31,Q1,0.0,0.0,0.0,0.0,0.0,39960.0,0.0,6160.75,882857.75,0.0,0.0,12927.0,-922817.75,0.0,-935744.75,0.0,6160.75,-928468.25,0.0,0.0,-928468.25,0.0,-0.006871076095636839,-0.006871076095636839,135127051,135127051,,,1620595868,17:31:08,20210509
4,2019-06-30,NTL.AX,NZD,2019-06-30,2019-06-30,Q2,0.0,0.0,0.0,0.0,0.0,41377.0,0.0,5764.0,266555.25,0.0,0.0,11726.5,-307932.25,0.0,-319658.75,0.0,5764.0,-300831.75,0.0,0.0,-300831.75,0.0,-0.00015,-0.00015,2005545000,2005545000,,,1620595868,17:31:08,20210509
5,2019-03-31,NTL.AX,NZD,2019-03-31,2019-03-31,Q1,0.0,0.0,0.0,0.0,0.0,41377.0,0.0,5764.0,266555.25,0.0,0.0,11726.5,-307932.25,0.0,-319658.75,0.0,5764.0,-300831.75,0.0,0.0,-300831.75,0.0,-0.00015,-0.00015,2005545000,2005545000,,,1620595868,17:31:08,20210509
6,2019-01-31,NTL.AX,NZD,2019-01-31,2019-01-31,Q1,0.0,0.0,0.0,0.0,0.0,41377.0,0.0,5764.0,266555.25,0.0,0.0,11726.5,-307932.25,0.0,-319658.75,0.0,5764.0,-300831.75,0.0,0.0,-300831.75,0.0,-0.00015,-0.00015,2005545000,2005545000,,,1620595868,17:31:08,20210509
7,2018-06-30,NTL.AX,AUD,2018-06-30,2018-06-30,Q2,0.0,0.0,0.0,0.0,0.0,249445.75,0.0,7046.75,34518.5,0.0,0.0,5771.0,-283964.25,0.0,-289735.25,0.0,7046.75,-250539.25,0.0,0.0,-250539.25,0.0,-0.000125,-0.000125,2010936000,2010936000,,,1620595868,17:31:08,20210509
8,2018-03-31,NTL.AX,AUD,2018-03-31,2018-03-31,Q1,0.0,0.0,0.0,0.0,0.0,249445.75,0.0,7046.75,34518.5,0.0,0.0,5771.0,-283964.25,0.0,-289735.25,0.0,7046.75,-250539.25,0.0,0.0,-250539.25,0.0,-0.000125,-0.000125,2010936000,2010936000,,,1620595868,17:31:08,20210509
9,2018-01-31,NTL.AX,AUD,2018-01-31,2018-01-31,Q1,0.0,0.0,0.0,0.0,0.0,249445.75,0.0,7046.75,34518.5,0.0,0.0,5771.0,-283964.25,0.0,-289735.25,0.0,7046.75,-250539.25,0.0,0.0,-250539.25,0.0,-0.000125,-0.000125,2010936000,2010936000,,,1620595868,17:31:08,20210509
10,2017-06-30,NTL.AX,AUD,2017-06-30,2017-06-30,Q2,5392.75,0.0,5392.75,1.0,0.0,40728.5,0.0,34660.5,172708.0,0.0,0.0,637.25,-213436.5,-39.57841546520792,-214073.75,-39.69658337582866,34660.5,-175341.25,-32.514255250104306,0.0,-175341.25,-32.514255250104306,-0.0001,-0.0001,1878345000,1878345000,,,1620595868,17:31:08,20210509
11,2017-03-31,NTL.AX,AUD,2017-03-31,2017-03-31,Q1,5392.75,0.0,5392.75,1.0,0.0,40728.5,0.0,34660.5,172708.0,0.0,0.0,637.25,-213436.5,-39.57841546520792,-214073.75,-39.69658337582866,34660.5,-175341.25,-32.514255250104306,0.0,-175341.25,-32.514255250104306,-0.0001,-0.0001,1878345000,1878345000,,,1620595868,17:31:08,20210509
12,2017-01-31,NTL.AX,AUD,2017-01-31,2017-01-31,Q1,5392.75,0.0,5392.75,1.0,0.0,40728.5,0.0,34660.5,172708.0,0.0,0.0,637.25,-213436.5,-39.57841546520792,-214073.75,-39.69658337582866,34660.5,-175341.25,-32.514255250104306,0.0,-175341.25,-32.514255250104306,-0.0001,-0.0001,1878345000,1878345000,,,1620595868,17:31:08,20210509
13,2016-06-30,NTL.AX,AUD,2016-06-30,2016-06-30,Q2,2376.75,0.0,2376.75,1.0,0.0,104287.75,0.0,1929.5,609857.75,0.0,0.0,676.0,-714145.5,-300.4714420952982,-714821.5,-300.75586410013676,1929.5,-710469.75,-298.92489744398864,0.0,-710469.75,-298.92489744398864,-0.0002335,-0.0002335,1120848415,1120848415,,,1620595868,17:31:08,20210509
14,2016-03-31,NTL.AX,AUD,2016-03-31,2016-03-31,Q1,2376.75,0.0,2376.75,1.0,0.0,104287.75,0.0,1929.5,609857.75,0.0,0.0,676.0,-714145.5,-300.4714420952982,-714821.5,-300.75586410013676,1929.5,-710469.75,-298.92489744398864,0.0,-710469.75,-298.92489744398864,-0.0002335,-0.0002335,1120848415,1120848415,,,1620595868,17:31:08,20210509
15,2016-01-31,NTL.AX,AUD,2016-01-31,2016-01-31,Q1,2376.75,0.0,2376.75,1.0,0.0,104287.75,0.0,1929.5,609857.75,0.0,0.0,676.0,-714145.5,-300.4714420952982,-714821.5,-300.75586410013676,1929.5,-710469.75,-298.92489744398864,0.0,-710469.75,-298.92489744398864,-0.0002335,-0.0002335,1120848415,1120848415,,,1620595868,17:31:08,20210509
16,2015-09-30,NTL.AX,AUD,2015-09-30,2015-09-30,Q3,31018.5,0.0,31018.5,1.0,0.0,35868.0,0.0,86141.0,212987.0,0.0,0.0,697.25,-217836.5,-7.0227928494285665,-218533.75,-7.045271370311266,86141.0,-128233.25,-4.134089333784677,0.0,-128233.25,-4.134089333784677,-0.0002335,-0.0002335,1017629415,1017629415,,,1620595868,17:31:08,20210509
17,2015-06-30,NTL.AX,AUD,2015-06-30,2015-06-30,Q2,31018.5,0.0,31018.5,1.0,0.0,35868.0,0.0,86141.0,212987.0,0.0,0.0,697.25,-217836.5,-7.0227928494285665,-218533.75,-7.045271370311266,86141.0,-128233.25,-4.134089333784677,0.0,-128233.25,-4.134089333784677,-0.0002335,-0.0002335,1017629415,1017629415,,,1620595868,17:31:08,20210509
18,2015-03-31,NTL.AX,AUD,2015-03-31,2015-03-31,Q1,31018.5,0.0,31018.5,1.0,0.0,35868.0,0.0,86141.0,212987.0,0.0,0.0,697.25,-217836.5,-7.0227928494285665,-218533.75,-7.045271370311266,86141.0,-128233.25,-4.134089333784677,0.0,-128233.25,-4.134089333784677,-0.0002335,-0.0002335,1017629415,1017629415,,,1620595868,17:31:08,20210509
19,2015-01-31,NTL.AX,AUD,2015-01-31,2015-01-31,Q1,31018.5,0.0,31018.5,1.0,0.0,35868.0,0.0,86141.0,212987.0,0.0,0.0,697.25,-217836.5,-7.0227928494285665,-218533.75,-7.045271370311266,86141.0,-128233.25,-4.134089333784677,0.0,-128233.25,-4.134089333784677,-0.0002335,-0.0002335,1017629415,1017629415,,,1620595868,17:31:08,20210509
20,2014-09-30,NTL.AX,AUD,2014-09-30,2014-09-30,Q3,2923.25,0.0,2923.25,1.0,0.0,58738.0,0.0,16648.75,346251.75,0.0,0.0,273.25,-402066.5,-137.5409219190969,-402339.75,-137.63439664756692,-19276.25,-421616.0,-144.22851278542717,0.0,-421616.0,-144.22851278542717,-0.0005087037623986829,-0.0003996958126932077,828804564,1054842174,,,1620595868,17:31:08,20210509
21,2014-06-30,NTL.AX,AUD,2014-06-30,2014-06-30,Q2,2923.25,0.0,2923.25,1.0,0.0,58738.0,0.0,16648.75,346251.75,0.0,0.0,273.25,-402066.5,-137.5409219190969,-402339.75,-137.63439664756692,-19276.25,-421616.0,-144.22851278542717,0.0,-421616.0,-144.22851278542717,-0.0005087037623986829,-0.0003996958126932077,828804564,1054842174,,,1620595868,17:31:08,20210509
22,2014-03-31,NTL.AX,AUD,2014-03-31,2014-03-31,Q1,2923.25,0.0,2923.25,1.0,0.0,58738.0,0.0,16648.75,346251.75,0.0,0.0,273.25,-402066.5,-137.5409219190969,-402339.75,-137.63439664756692,-19276.25,-421616.0,-144.22851278542717,0.0,-421616.0,-144.22851278542717,-0.0005087037623986829,-0.0003996958126932077,828804564,1054842174,,,1620595868,17:31:08,20210509
23,2014-01-31,NTL.AX,AUD,2014-01-31,2014-01-31,Q1,2923.25,0.0,2923.25,1.0,0.0,58738.0,0.0,16648.75,346251.75,0.0,0.0,273.25,-402066.5,-137.5409219190969,-402339.75,-137.63439664756692,-19276.25,-421616.0,-144.22851278542717,0.0,-421616.0,-144.22851278542717,-0.0005087037623986829,-0.0003996958126932077,828804564,1054842174,,,1620595868,17:31:08,20210509
24,2013-09-30,NTL.AX,AUD,2013-09-30,2013-09-30,Q3,412.5,0.0,412.5,1.0,0.0,157601.25,0.0,-3420.25,4137.5,0.0,0.0,275.75,-161326.25,-391.0939393939394,-161602.0,-391.76242424242423,-69468.75,-228566.25,-554.1,0.0,-228566.25,-554.1,-0.00035870958646358567,-0.0002445747179386721,637190247,934545696,,,1620595868,17:31:08,20210509
25,2013-06-30,NTL.AX,AUD,2013-06-30,2013-06-30,Q2,412.5,0.0,412.5,1.0,0.0,157601.25,0.0,-3420.25,4137.5,0.0,0.0,275.75,-161326.25,-391.0939393939394,-161602.0,-391.76242424242423,-69468.75,-228566.25,-554.1,0.0,-228566.25,-554.1,-0.00035870958646358567,-0.0002445747179386721,637190247,934545696,,,1620595868,17:31:08,20210509
26,2013-03-31,NTL.AX,AUD,2013-03-31,2013-03-31,Q1,412.5,0.0,412.5,1.0,0.0,157601.25,0.0,-3420.25,4137.5,0.0,0.0,275.75,-161326.25,-391.0939393939394,-161602.0,-391.76242424242423,-69468.75,-228566.25,-554.1,0.0,-228566.25,-554.1,-0.00035870958646358567,-0.0002445747179386721,637190247,934545696,,,1620595868,17:31:08,20210509
27,2013-01-31,NTL.AX,AUD,2013-01-31,2013-01-31,Q1,412.5,0.0,412.5,1.0,0.0,157601.25,0.0,-3420.25,4137.5,0.0,0.0,275.75,-161326.25,-391.0939393939394,-161602.0,-391.76242424242423,-69468.75,-228566.25,-554.1,0.0,-228566.25,-554.1,-0.00035870958646358567,-0.0002445747179386721,637190247,934545696,,,1620595868,17:31:08,20210509
28,2012-09-30,NTL.AX,AUD,2012-09-30,2012-09-30,Q3,8421.75,0.0,8421.75,1.0,0.0,128496.0,0.0,1192.75,14639.75,0.0,0.0,227.0,-143135.75,-16.99596283432778,-143362.75,-17.02291685219818,-55921.5,-191564.75,-22.746430373734675,0.0,-191564.75,-22.746430373734675,-0.00037925,-0.00037925,566073272,566073272,,,1620595868,17:31:08,20210509
29,2012-06-30,NTL.AX,AUD,2012-06-30,2012-06-30,Q2,8421.75,0.0,8421.75,1.0,0.0,128496.0,0.0,1192.75,14639.75,0.0,0.0,227.0,-143135.75,-16.99596283432778,-143362.75,-17.02291685219818,-55921.5,-191564.75,-22.746430373734675,0.0,-191564.75,-22.746430373734675,-0.00037925,-0.00037925,566073272,566073272,,,1620595868,17:31:08,20210509
30,2012-03-31,NTL.AX,AUD,2012-03-31,2012-03-31,Q1,8421.75,0.0,8421.75,1.0,0.0,128496.0,0.0,1192.75,14639.75,0.0,0.0,227.0,-143135.75,-16.99596283432778,-143362.75,-17.02291685219818,-55921.5,-191564.75,-22.746430373734675,0.0,-191564.75,-22.746430373734675,-0.00037925,-0.00037925,566073272,566073272,,,1620595868,17:31:08,20210509
31,2012-01-31,NTL.AX,AUD,2012-01-31,2012-01-31,Q1,8421.75,0.0,8421.75,1.0,0.0,128496.0,0.0,1192.75,14639.75,0.0,0.0,227.0,-143135.75,-16.99596283432778,-143362.75,-17.02291685219818,-55921.5,-191564.75,-22.746430373734675,0.0,-191564.75,-22.746430373734675,-0.00037925,-0.00037925,566073272,566073272,,,1620595868,17:31:08,20210509
32,2011-09-30,NTL.AX,AUD,2011-09-30,2011-09-30,Q3,0.0,0.0,0.0,0.0,0.0,66621.75,0.0,1557.5,144183.75,0.0,0.0,635.5,-210805.5,0.0,-211441.0,0.0,-18316.0,-212822.75,0.0,0.0,-212822.75,0.0,-0.00037925,-0.00037925,566073272,566073272,,,1620595868,17:31:08,20210509
33,2011-06-30,NTL.AX,AUD,2011-06-30,2011-06-30,Q2,0.0,0.0,0.0,0.0,0.0,66621.75,0.0,1557.5,144183.75,0.0,0.0,635.5,-210805.5,0.0,-211441.0,0.0,-18316.0,-212822.75,0.0,0.0,-212822.75,0.0,-0.00037925,-0.00037925,566073272,566073272,,,1620595868,17:31:08,20210509
34,2011-03-31,NTL.AX,AUD,2011-03-31,2011-03-31,Q1,0.0,0.0,0.0,0.0,0.0,66621.75,0.0,1557.5,144183.75,0.0,0.0,635.5,-210805.5,0.0,-211441.0,0.0,-18316.0,-212822.75,0.0,0.0,-212822.75,0.0,-0.00037925,-0.00037925,566073272,566073272,,,1620595868,17:31:08,20210509
35,2011-01-31,NTL.AX,AUD,2011-01-31,2011-01-31,Q1,0.0,0.0,0.0,0.0,0.0,66621.75,0.0,1557.5,144183.75,0.0,0.0,635.5,-210805.5,0.0,-211441.0,0.0,-18316.0,-212822.75,0.0,0.0,-212822.75,0.0,-0.00037925,-0.00037925,566073272,566073272,,,1620595868,17:31:08,20210509
36,2010-09-30,NTL.AX,AUD,2010-09-30,2010-09-30,Q3,0.0,0.0,0.0,0.0,0.0,108776.25,0.0,8900.75,72627.5,0.0,0.0,769.0,-180634.75,0.0,-181403.75,0.0,18579.5,-155394.25,0.0,0.0,-155394.25,0.0,-0.0002275,-0.0002275,504723980,504723980,,,1620595868,17:31:08,20210509
37,2010-06-30,NTL.AX,AUD,2010-06-30,2010-06-30,Q2,0.0,0.0,0.0,0.0,0.0,108776.25,0.0,8900.75,72627.5,0.0,0.0,769.0,-180634.75,0.0,-181403.75,0.0,18579.5,-155394.25,0.0,0.0,-155394.25,0.0,-0.0002275,-0.0002275,504723980,504723980,,,1620595868,17:31:08,20210509
38,2010-03-31,NTL.AX,AUD,2010-03-31,2010-03-31,Q1,0.0,0.0,0.0,0.0,0.0,108776.25,0.0,8900.75,72627.5,0.0,0.0,769.0,-180634.75,0.0,-181403.75,0.0,18579.5,-155394.25,0.0,0.0,-155394.25,0.0,-0.0002275,-0.0002275,504723980,504723980,,,1620595868,17:31:08,20210509
39,2010-01-31,NTL.AX,AUD,2010-01-31,2010-01-31,Q1,0.0,0.0,0.0,0.0,0.0,108776.25,0.0,8900.75,72627.5,0.0,0.0,769.0,-180634.75,0.0,-181403.75,0.0,18579.5,-155394.25,0.0,0.0,-155394.25,0.0,-0.0002275,-0.0002275,504723980,504723980,,,1620595868,17:31:08,20210509
40,2009-09-30,NTL.AX,AUD,2009-09-30,2009-09-30,Q3,0.0,0.0,0.0,0.0,0.0,136288.5,0.0,42438.75,581523.0,0.0,0.0,895.5,-717811.5,0.0,-718707.0,0.0,34541.25,-654030.25,0.0,0.0,-654030.25,0.0,-0.00036425,-0.00036425,474049333,474049333,,,1620595868,17:31:08,20210509
41,2009-06-30,NTL.AX,AUD,2009-06-30,2009-06-30,Q2,0.0,0.0,0.0,0.0,0.0,136288.5,0.0,42438.75,581523.0,0.0,0.0,895.5,-717811.5,0.0,-718707.0,0.0,34541.25,-654030.25,0.0,0.0,-654030.25,0.0,-0.00036425,-0.00036425,474049333,474049333,,,1620595868,17:31:08,20210509
42,2009-03-31,NTL.AX,AUD,2009-03-31,2009-03-31,Q1,0.0,0.0,0.0,0.0,0.0,136288.5,0.0,42438.75,581523.0,0.0,0.0,895.5,-717811.5,0.0,-718707.0,0.0,34541.25,-654030.25,0.0,0.0,-654030.25,0.0,-0.00036425,-0.00036425,474049333,474049333,,,1620595868,17:31:08,20210509
43,2009-01-31,NTL.AX,AUD,2009-01-31,2009-01-31,Q1,0.0,0.0,0.0,0.0,0.0,136288.5,0.0,42438.75,581523.0,0.0,0.0,895.5,-717811.5,0.0,-718707.0,0.0,34541.25,-654030.25,0.0,0.0,-654030.25,0.0,-0.00036425,-0.00036425,474049333,474049333,,,1620595868,17:31:08,20210509
44,2008-09-30,NTL.AX,AUD,2008-09-30,2008-09-30,Q3,0.0,0.0,0.0,0.0,0.0,16049.0,0.0,-23249.25,196820.5,0.0,10.0,914.5,-212869.5,0.0,-213784.0,0.0,-25049.25,-244339.25,0.0,0.0,-244339.25,0.0,-0.000607,-0.000607,393200559,393200559,,,1620595868,17:31:08,20210509
45,2008-06-30,NTL.AX,AUD,2008-06-30,2008-06-30,Q2,0.0,0.0,0.0,0.0,0.0,16049.0,0.0,-23249.25,196820.5,0.0,10.0,914.5,-212869.5,0.0,-213784.0,0.0,-25049.25,-244339.25,0.0,0.0,-244339.25,0.0,-0.000607,-0.000607,393200559,393200559,,,1620595868,17:31:08,20210509
46,2008-03-31,NTL.AX,AUD,2008-03-31,2008-03-31,Q1,0.0,0.0,0.0,0.0,0.0,16049.0,0.0,-23249.25,196820.5,0.0,10.0,914.5,-212869.5,0.0,-213784.0,0.0,-25049.25,-244339.25,0.0,0.0,-244339.25,0.0,-0.000607,-0.000607,393200559,393200559,,,1620595868,17:31:08,20210509
47,2008-01-31,NTL.AX,AUD,2008-01-31,2008-01-31,Q1,0.0,0.0,0.0,0.0,0.0,16049.0,0.0,-23249.25,196820.5,0.0,10.0,914.5,-212869.5,0.0,-213784.0,0.0,-25049.25,-244339.25,0.0,0.0,-244339.25,0.0,-0.000607,-0.000607,393200559,393200559,,,1620595868,17:31:08,20210509
48,2007-09-30,NTL.AX,AUD,2007-09-30,2007-09-30,Q3,0.0,0.0,0.0,0.0,0.0,4995.25,0.0,-1022.5,203848.0,0.0,0.0,882.0,-208843.25,0.0,-209725.25,0.0,-867.0,-201807.25,0.0,0.0,-201807.25,0.0,-0.000789,-0.000789,257692893,257692893,,,1620595868,17:31:08,20210509
49,2007-06-30,NTL.AX,AUD,2007-06-30,2007-06-30,Q2,0.0,0.0,0.0,0.0,0.0,4995.25,0.0,-1022.5,203848.0,0.0,0.0,882.0,-208843.25,0.0,-209725.25,0.0,-867.0,-201807.25,0.0,0.0,-201807.25,0.0,-0.000789,-0.000789,257692893,257692893,,,1620595868,17:31:08,20210509
50,2007-03-31,NTL.AX,AUD,2007-03-31,2007-03-31,Q1,0.0,0.0,0.0,0.0,0.0,4995.25,0.0,-1022.5,203848.0,0.0,0.0,882.0,-208843.25,0.0,-209725.25,0.0,-867.0,-201807.25,0.0,0.0,-201807.25,0.0,-0.000789,-0.000789,257692893,257692893,,,1620595868,17:31:08,20210509
51,2007-01-31,NTL.AX,AUD,2007-01-31,2007-01-31,Q1,0.0,0.0,0.0,0.0,0.0,4995.25,0.0,-1022.5,203848.0,0.0,0.0,882.0,-208843.25,0.0,-209725.25,0.0,-867.0,-201807.25,0.0,0.0,-201807.25,0.0,-0.000789,-0.000789,257692893,257692893,,,1620595868,17:31:08,20210509
52,2006-09-30,NTL.AX,AUD,2006-09-30,2006-09-30,Q3,55000.0,0.0,55000.0,1.0,0.0,8017.0,0.0,119.5,709263.25,0.0,77.0,1229.0,-662280.25,-12.041459090909092,-663509.25,-12.063804545454545,-4397.0,-659866.75,-11.997577272727273,0.0,-659866.75,-11.997577272727273,-0.00339875,-0.00339875,194149109,194149109,,,1620595868,17:31:08,20210509
53,2006-06-30,NTL.AX,AUD,2006-06-30,2006-06-30,Q2,55000.0,0.0,55000.0,1.0,0.0,8017.0,0.0,119.5,709263.25,0.0,77.0,1229.0,-662280.25,-12.041459090909092,-663509.25,-12.063804545454545,-4397.0,-659866.75,-11.997577272727273,0.0,-659866.75,-11.997577272727273,-0.00339875,-0.00339875,194149109,194149109,,,1620595868,17:31:08,20210509
54,2006-03-31,NTL.AX,AUD,2006-03-31,2006-03-31,Q1,55000.0,0.0,55000.0,1.0,0.0,8017.0,0.0,119.5,709263.25,0.0,77.0,1229.0,-662280.25,-12.041459090909092,-663509.25,-12.063804545454545,-4397.0,-659866.75,-11.997577272727273,0.0,-659866.75,-11.997577272727273,-0.00339875,-0.00339875,194149109,194149109,,,1620595868,17:31:08,20210509
55,2006-01-31,NTL.AX,AUD,2006-01-31,2006-01-31,Q1,55000.0,0.0,55000.0,1.0,0.0,8017.0,0.0,119.5,709263.25,0.0,77.0,1229.0,-662280.25,-12.041459090909092,-663509.25,-12.063804545454545,-4397.0,-659866.75,-11.997577272727273,0.0,-659866.75,-11.997577272727273,-0.00339875,-0.00339875,194149109,194149109,,,1620595868,17:31:08,20210509
56,2005-09-30,NTL.AX,AUD,2005-09-30,2005-09-30,Q3,0.0,0.0,0.0,0.0,0.0,7843.25,0.0,686.25,83984.0,0.0,100.75,1206.75,-91827.25,0.0,-93034.0,0.0,-8406.5,-91297.25,0.0,-91297.25,-91297.25,0.0,-0.0005765,-0.0005765,155997944,155997944,,,1620595868,17:31:08,20210509
57,2005-06-30,NTL.AX,AUD,2005-06-30,2005-06-30,Q2,0.0,0.0,0.0,0.0,0.0,7843.25,0.0,686.25,83984.0,0.0,100.75,1206.75,-91827.25,0.0,-93034.0,0.0,-8406.5,-91297.25,0.0,-91297.25,-91297.25,0.0,-0.0005765,-0.0005765,155997944,155997944,,,1620595868,17:31:08,20210509
58,2005-03-31,NTL.AX,AUD,2005-03-31,2005-03-31,Q1,0.0,0.0,0.0,0.0,0.0,7843.25,0.0,686.25,83984.0,0.0,100.75,1206.75,-91827.25,0.0,-93034.0,0.0,-8406.5,-91297.25,0.0,-91297.25,-91297.25,0.0,-0.0005765,-0.0005765,155997944,155997944,,,1620595868,17:31:08,20210509
59,2005-01-31,NTL.AX,AUD,2005-01-31,2005-01-31,Q1,0.0,0.0,0.0,0.0,0.0,7843.25,0.0,686.25,83984.0,0.0,100.75,1206.75,-91827.25,0.0,-93034.0,0.0,-8406.5,-91297.25,0.0,-91297.25,-91297.25,0.0,-0.0005765,-0.0005765,155997944,155997944,,,1620595868,17:31:08,20210509
60,2004-09-30,NTL.AX,AUD,2004-09-30,2004-09-30,Q3,250.0,0.0,250.0,1.0,0.0,10441.5,0.0,11042.5,99392.25,0.0,135.75,1010.25,-109583.75,-438.335,-110594.0,-442.376,9943.75,-88665.5,-354.662,-88665.5,-88665.5,-354.662,-0.0006525,-0.0006525,135127051,135127051,,,1620595868,17:31:08,20210509
61,2004-06-30,NTL.AX,AUD,2004-06-30,2004-06-30,Q2,250.0,0.0,250.0,1.0,0.0,10441.5,0.0,11042.5,99392.25,0.0,135.75,1010.25,-109583.75,-438.335,-110594.0,-442.376,9943.75,-88665.5,-354.662,-88665.5,-88665.5,-354.662,-0.0006525,-0.0006525,135127051,135127051,,,1620595868,17:31:08,20210509
62,2004-03-31,NTL.AX,AUD,2004-03-31,2004-03-31,Q1,250.0,0.0,250.0,1.0,0.0,10441.5,0.0,11042.5,99392.25,0.0,135.75,1010.25,-109583.75,-438.335,-110594.0,-442.376,9943.75,-88665.5,-354.662,-88665.5,-88665.5,-354.662,-0.0006525,-0.0006525,135127051,135127051,,,1620595868,17:31:08,20210509
63,2004-01-31,NTL.AX,AUD,2004-01-31,2004-01-31,Q1,250.0,0.0,250.0,1.0,0.0,10441.5,0.0,11042.5,99392.25,0.0,135.75,1010.25,-109583.75,-438.335,-110594.0,-442.376,9943.75,-88665.5,-354.662,-88665.5,-88665.5,-354.662,-0.0006525,-0.0006525,135127051,135127051,,,1620595868,17:31:08,20210509
64,2003-09-30,NTL.AX,AUD,2003-09-30,2003-09-30,Q3,708.25,0.0,708.25,1.0,0.0,12023.0,0.0,258892.5,67505.75,0.0,165.5,1019.75,-78820.5,-111.28909283445111,-79840.25,-112.7289092834451,229805.5,153750.5,217.08506883162724,153750.5,153750.5,217.08506883162724,0.00125925,0.000971,121615895,121615895,,,1620595868,17:31:08,20210509
65,2003-06-30,NTL.AX,AUD,2003-06-30,2003-06-30,Q2,708.25,0.0,708.25,1.0,0.0,12023.0,0.0,258892.5,67505.75,0.0,165.5,1019.75,-78820.5,-111.28909283445111,-79840.25,-112.7289092834451,229805.5,153750.5,217.08506883162724,153750.5,153750.5,217.08506883162724,0.00125925,0.000971,121615895,121615895,,,1620595868,17:31:08,20210509
66,2003-03-31,NTL.AX,AUD,2003-03-31,2003-03-31,Q1,708.25,0.0,708.25,1.0,0.0,12023.0,0.0,258892.5,67505.75,0.0,165.5,1019.75,-78820.5,-111.28909283445111,-79840.25,-112.7289092834451,229805.5,153750.5,217.08506883162724,153750.5,153750.5,217.08506883162724,0.00125925,0.000971,121615895,121615895,,,1620595868,17:31:08,20210509
67,2003-01-31,NTL.AX,AUD,2003-01-31,2003-01-31,Q1,708.25,0.0,708.25,1.0,0.0,12023.0,0.0,258892.5,67505.75,0.0,165.5,1019.75,-78820.5,-111.28909283445111,-79840.25,-112.7289092834451,229805.5,153750.5,217.08506883162724,153750.5,153750.5,217.08506883162724,0.00125925,0.000971,121615895,121615895,,,1620595868,17:31:08,20210509
68,2002-09-30,NTL.AX,AUD,2002-09-30,2002-09-30,Q3,445.0,0.0,445.0,1.0,0.0,10345.5,0.0,-5227.75,56026.0,0.0,104.5,1188.25,-66371.5,-149.14943820224718,-67559.75,-151.8196629213483,-2949.25,-66876.75,-150.28483146067416,-66876.75,-66876.75,-150.28483146067416,-0.00054625,-0.00054625,121615895,121615895,,,1620595868,17:31:08,20210509
69,2002-06-30,NTL.AX,AUD,2002-06-30,2002-06-30,Q2,445.0,0.0,445.0,1.0,0.0,10345.5,0.0,-5227.75,56026.0,0.0,104.5,1188.25,-66371.5,-149.14943820224718,-67559.75,-151.8196629213483,-2949.25,-66876.75,-150.28483146067416,-66876.75,-66876.75,-150.28483146067416,-0.00054625,-0.00054625,121615895,121615895,,,1620595868,17:31:08,20210509
70,2002-03-31,NTL.AX,AUD,2002-03-31,2002-03-31,Q1,445.0,0.0,445.0,1.0,0.0,10345.5,0.0,-5227.75,56026.0,0.0,104.5,1188.25,-66371.5,-149.14943820224718,-67559.75,-151.8196629213483,-2949.25,-66876.75,-150.28483146067416,-66876.75,-66876.75,-150.28483146067416,-0.00054625,-0.00054625,121615895,121615895,,,1620595868,17:31:08,20210509
71,2002-01-31,NTL.AX,AUD,2002-01-31,2002-01-31,Q1,445.0,0.0,445.0,1.0,0.0,10345.5,0.0,-5227.75,56026.0,0.0,104.5,1188.25,-66371.5,-149.14943820224718,-67559.75,-151.8196629213483,-2949.25,-66876.75,-150.28483146067416,-66876.75,-66876.75,-150.28483146067416,-0.00054625,-0.00054625,121615895,121615895,,,1620595868,17:31:08,20210509
72,2001-09-30,NTL.AX,AUD,2001-09-30,2001-09-30,Q3,105416.25,0.0,105416.25,1.0,0.0,10096.5,0.0,77768.5,87366.0,0.0,69.5,1590.0,-97462.5,-0.9245491088897585,-99052.5,-0.9396321724591796,77352.5,-12074.0,-0.11453642109257349,-12074.0,-592.75,-0.005622947126273227,-0.00010625,-0.00010625,121615895,121615895,,,1620595868,17:31:08,20210509
73,2001-06-30,NTL.AX,AUD,2001-06-30,2001-06-30,Q2,105416.25,0.0,105416.25,1.0,0.0,10096.5,0.0,77768.5,87366.0,0.0,69.5,1590.0,-97462.5,-0.9245491088897585,-99052.5,-0.9396321724591796,77352.5,-12074.0,-0.11453642109257349,-12074.0,-592.75,-0.005622947126273227,-0.00010625,-0.00010625,121615895,121615895,,,1620595868,17:31:08,20210509
74,2001-03-31,NTL.AX,AUD,2001-03-31,2001-03-31,Q1,105416.25,0.0,105416.25,1.0,0.0,10096.5,0.0,77768.5,87366.0,0.0,69.5,1590.0,-97462.5,-0.9245491088897585,-99052.5,-0.9396321724591796,77352.5,-12074.0,-0.11453642109257349,-12074.0,-592.75,-0.005622947126273227,-0.00010625,-0.00010625,121615895,121615895,,,1620595868,17:31:08,20210509
75,2001-01-31,NTL.AX,AUD,2001-01-31,2001-01-31,Q1,105416.25,0.0,105416.25,1.0,0.0,10096.5,0.0,77768.5,87366.0,0.0,69.5,1590.0,-97462.5,-0.9245491088897585,-99052.5,-0.9396321724591796,77352.5,-12074.0,-0.11453642109257349,-12074.0,-592.75,-0.005622947126273227,-0.00010625,-0.00010625,121615895,121615895,,,1620595868,17:31:08,20210509
76,2000-09-30,NTL.AX,AUD,2000-09-30,2000-09-30,Q3,0.0,0.0,0.0,0.0,0.0,0.0,0.0,0.0,0.0,0.0,0.0,0.0,0.0,0.0,0.0,0.0,0.0,0.0,0.0,0.0,0.0,0.0,-0.00037925,-0.00037925,121615895,121615895,,,1620595868,17:31:08,20210509
77,2000-06-30,NTL.AX,AUD,2000-06-30,2000-06-30,Q2,0.0,0.0,0.0,0.0,0.0,0.0,0.0,0.0,0.0,0.0,0.0,0.0,0.0,0.0,0.0,0.0,0.0,0.0,0.0,0.0,0.0,0.0,-0.00037925,-0.00037925,121615895,121615895,,,1620595868,17:31:08,20210509
78,2000-03-31,NTL.AX,AUD,2000-03-31,2000-03-31,Q1,0.0,0.0,0.0,0.0,0.0,0.0,0.0,0.0,0.0,0.0,0.0,0.0,0.0,0.0,0.0,0.0,0.0,0.0,0.0,0.0,0.0,0.0,-0.00037925,-0.00037925,121615895,121615895,,,1620595868,17:31:08,20210509
79,2000-01-31,NTL.AX,AUD,2000-01-31,2000-01-31,Q1,0.0,0.0,0.0,0.0,0.0,0.0,0.0,0.0,0.0,0.0,0.0,0.0,0.0,0.0,0.0,0.0,0.0,0.0,0.0,0.0,0.0,0.0,-0.00037925,-0.00037925,121615895,121615895,,,1620595868,17:31:08,20210509
80,1999-09-30,NTL.AX,AUD,1999-09-30,1999-09-30,Q3,0.0,0.0,0.0,0.0,0.0,0.0,0.0,0.0,0.0,0.0,14.0,0.0,-48307.5,0.0,0.0,0.0,0.0,-48321.5,0.0,-48321.5,-48321.5,0.0,-0.00075925,-0.00075925,63639194,63639194,,,1620595868,17:31:08,20210509
81,1999-06-30,NTL.AX,AUD,1999-06-30,1999-06-30,Q2,0.0,0.0,0.0,0.0,0.0,0.0,0.0,0.0,0.0,0.0,14.0,0.0,-48307.5,0.0,0.0,0.0,0.0,-48321.5,0.0,-48321.5,-48321.5,0.0,-0.00075925,-0.00075925,63639194,63639194,,,1620595868,17:31:08,20210509
82,1999-03-31,NTL.AX,AUD,1999-03-31,1999-03-31,Q1,0.0,0.0,0.0,0.0,0.0,0.0,0.0,0.0,0.0,0.0,14.0,0.0,-48307.5,0.0,0.0,0.0,0.0,-48321.5,0.0,-48321.5,-48321.5,0.0,-0.00075925,-0.00075925,63639194,63639194,,,1620595868,17:31:08,20210509
83,1999-01-31,NTL.AX,AUD,1999-01-31,1999-01-31,Q1,0.0,0.0,0.0,0.0,0.0,0.0,0.0,0.0,0.0,0.0,14.0,0.0,-48307.5,0.0,0.0,0.0,0.0,-48321.5,0.0,-48321.5,-48321.5,0.0,-0.00075925,-0.00075925,63639194,63639194,,,1620595868,17:31:08,20210509
84,1998-09-30,NTL.AX,AUD,1998-09-30,1998-09-30,Q3,0.0,0.0,0.0,0.0,0.0,0.0,0.0,0.0,0.0,0.0,4.0,0.0,-735222.5,0.0,0.0,0.0,0.0,-735226.5,0.0,-735226.5,0.0,0.0,-0.011553,-0.011553,63639194,63639194,,,1620595868,17:31:08,20210509
85,1998-06-30,NTL.AX,AUD,1998-06-30,1998-06-30,Q2,0.0,0.0,0.0,0.0,0.0,0.0,0.0,0.0,0.0,0.0,4.0,0.0,-735222.5,0.0,0.0,0.0,0.0,-735226.5,0.0,-735226.5,0.0,0.0,-0.011553,-0.011553,63639194,63639194,,,1620595868,17:31:08,20210509
86,1998-03-31,NTL.AX,AUD,1998-03-31,1998-03-31,Q1,0.0,0.0,0.0,0.0,0.0,0.0,0.0,0.0,0.0,0.0,4.0,0.0,-735222.5,0.0,0.0,0.0,0.0,-735226.5,0.0,-735226.5,0.0,0.0,-0.011553,-0.011553,63639194,63639194,,,1620595868,17:31:08,20210509
87,1998-01-31,NTL.AX,AUD,1998-01-31,1998-01-31,Q1,0.0,0.0,0.0,0.0,0.0,0.0,0.0,0.0,0.0,0.0,4.0,0.0,-735222.5,0.0,0.0,0.0,0.0,-735226.5,0.0,-735226.5,0.0,0.0,-0.011553,-0.011553,63639194,63639194,,,1620595868,17:31:08,20210509
88,1997-09-30,NTL.AX,AUD,1997-09-30,1997-09-30,Q3,0.0,0.0,0.0,0.0,0.0,0.0,0.0,0.0,0.0,0.0,0.0,0.0,0.0,0.0,0.0,0.0,0.0,0.0,0.0,0.0,0.0,0.0,-0.0005765,-0.0005765,58696088,58696088,,,1620595868,17:31:08,20210509
89,1997-06-30,NTL.AX,AUD,1997-06-30,1997-06-30,Q2,0.0,0.0,0.0,0.0,0.0,0.0,0.0,0.0,0.0,0.0,0.0,0.0,0.0,0.0,0.0,0.0,0.0,0.0,0.0,0.0,0.0,0.0,-0.0005765,-0.0005765,58696088,58696088,,,1620595868,17:31:08,20210509
90,1997-03-31,NTL.AX,AUD,1997-03-31,1997-03-31,Q1,0.0,0.0,0.0,0.0,0.0,0.0,0.0,0.0,0.0,0.0,0.0,0.0,0.0,0.0,0.0,0.0,0.0,0.0,0.0,0.0,0.0,0.0,-0.0005765,-0.0005765,58696088,58696088,,,1620595868,17:31:08,20210509
91,1997-01-31,NTL.AX,AUD,1997-01-31,1997-01-31,Q1,0.0,0.0,0.0,0.0,0.0,0.0,0.0,0.0,0.0,0.0,0.0,0.0,0.0,0.0,0.0,0.0,0.0,0.0,0.0,0.0,0.0,0.0,-0.0005765,-0.0005765,58696088,58696088,,,1620595868,17:31:08,20210509
92,1996-09-30,NTL.AX,AUD,1996-09-30,1996-09-30,Q3,0.0,0.0,0.0,0.0,0.0,0.0,0.0,0.0,0.0,0.0,0.0,0.0,-45016.128,0.0,0.0,0.0,0.0,-45016.128,0.0,-45016.128,0.0,0.0,0.0,0.0,58696088,58696088,,,1620595868,17:31:08,20210509
93,1996-06-30,NTL.AX,AUD,1996-06-30,1996-06-30,Q2,0.0,0.0,0.0,0.0,0.0,0.0,0.0,0.0,0.0,0.0,0.0,0.0,-45016.128,0.0,0.0,0.0,0.0,-45016.128,0.0,-45016.128,0.0,0.0,0.0,0.0,58696088,58696088,,,1620595868,17:31:08,20210509
94,1996-03-31,NTL.AX,AUD,1996-03-31,1996-03-31,Q1,0.0,0.0,0.0,0.0,0.0,0.0,0.0,0.0,0.0,0.0,0.0,0.0,-45016.128,0.0,0.0,0.0,0.0,-45016.128,0.0,-45016.128,0.0,0.0,0.0,0.0,58696088,58696088,,,1620595868,17:31:08,20210509
95,1996-01-31,NTL.AX,AUD,1996-01-31,1996-01-31,Q1,0.0,0.0,0.0,0.0,0.0,0.0,0.0,0.0,0.0,0.0,0.0,0.0,-45016.128,0.0,0.0,0.0,0.0,-45016.128,0.0,-45016.128,0.0,0.0,0.0,0.0,58696088,58696088,,,1620595868,17:31:08,20210509
96,1995-09-30,NTL.AX,AUD,1995-09-30,1995-09-30,Q3,0.0,0.0,0.0,0.0,0.0,0.0,0.0,0.0,0.0,0.0,0.0,0.0,-27979.27205,0.0,0.0,0.0,0.0,-27979.27205,0.0,-27979.27205,0.0,0.0,0.0,0.0,58671372,58671372,,,1620595868,17:31:08,20210509
97,1995-06-30,NTL.AX,AUD,1995-06-30,1995-06-30,Q2,0.0,0.0,0.0,0.0,0.0,0.0,0.0,0.0,0.0,0.0,0.0,0.0,-27979.27205,0.0,0.0,0.0,0.0,-27979.27205,0.0,-27979.27205,0.0,0.0,0.0,0.0,58671372,58671372,,,1620595868,17:31:08,20210509
98,1995-03-31,NTL.AX,AUD,1995-03-31,1995-03-31,Q1,0.0,0.0,0.0,0.0,0.0,0.0,0.0,0.0,0.0,0.0,0.0,0.0,-27979.27205,0.0,0.0,0.0,0.0,-27979.27205,0.0,-27979.27205,0.0,0.0,0.0,0.0,58671372,58671372,,,1620595868,17:31:08,20210509
99,1995-01-31,NTL.AX,AUD,1995-01-31,1995-01-31,Q1,0.0,0.0,0.0,0.0,0.0,0.0,0.0,0.0,0.0,0.0,0.0,0.0,-27979.27205,0.0,0.0,0.0,0.0,-27979.27205,0.0,-27979.27205,0.0,0.0,0.0,0.0,58671372,58671372,,,1620595868,17:31:08,20210509
100,1994-09-30,NTL.AX,AUD,1994-09-30,1994-09-30,Q3,0.0,0.0,0.0,0.0,0.0,0.0,0.0,0.0,0.0,0.0,0.0,0.0,-53532.60735,0.0,0.0,0.0,0.0,-53532.60735,0.0,-53532.60735,0.0,0.0,0.0,0.0,58526374,58526374,,,1620595868,17:31:08,20210509
101,1994-06-30,NTL.AX,AUD,1994-06-30,1994-06-30,Q2,0.0,0.0,0.0,0.0,0.0,0.0,0.0,0.0,0.0,0.0,0.0,0.0,-53532.60735,0.0,0.0,0.0,0.0,-53532.60735,0.0,-53532.60735,0.0,0.0,0.0,0.0,58526374,58526374,,,1620595868,17:31:08,20210509
102,1994-03-31,NTL.AX,AUD,1994-03-31,1994-03-31,Q1,0.0,0.0,0.0,0.0,0.0,0.0,0.0,0.0,0.0,0.0,0.0,0.0,-53532.60735,0.0,0.0,0.0,0.0,-53532.60735,0.0,-53532.60735,0.0,0.0,0.0,0.0,58526374,58526374,,,1620595868,17:31:08,20210509
103,1994-01-31,NTL.AX,AUD,1994-01-31,1994-01-31,Q1,0.0,0.0,0.0,0.0,0.0,0.0,0.0,0.0,0.0,0.0,0.0,0.0,-53532.60735,0.0,0.0,0.0,0.0,-53532.60735,0.0,-53532.60735,0.0,0.0,0.0,0.0,58526374,58526374,,,1620595868,17:31:08,20210509
104,1993-09-30,NTL.AX,AUD,1993-09-30,1993-09-30,Q3,0.0,0.0,0.0,0.0,0.0,0.0,0.0,0.0,0.0,0.0,0.0,0.0,-83980.930575,0.0,0.0,0.0,0.0,-83980.930575,0.0,-83980.930575,0.0,0.0,0.0,0.0,49431059,49431059,,,1620595868,17:31:08,20210509
105,1993-06-30,NTL.AX,AUD,1993-06-30,1993-06-30,Q2,0.0,0.0,0.0,0.0,0.0,0.0,0.0,0.0,0.0,0.0,0.0,0.0,-83980.930575,0.0,0.0,0.0,0.0,-83980.930575,0.0,-83980.930575,0.0,0.0,0.0,0.0,49431059,49431059,,,1620595868,17:31:08,20210509
106,1993-03-31,NTL.AX,AUD,1993-03-31,1993-03-31,Q1,0.0,0.0,0.0,0.0,0.0,0.0,0.0,0.0,0.0,0.0,0.0,0.0,-83980.930575,0.0,0.0,0.0,0.0,-83980.930575,0.0,-83980.930575,0.0,0.0,0.0,0.0,49431059,49431059,,,1620595868,17:31:08,20210509
107,1993-01-31,NTL.AX,AUD,1993-01-31,1993-01-31,Q1,0.0,0.0,0.0,0.0,0.0,0.0,0.0,0.0,0.0,0.0,0.0,0.0,-83980.930575,0.0,0.0,0.0,0.0,-83980.930575,0.0,-83980.930575,0.0,0.0,0.0,0.0,49431059,49431059,,,1620595868,17:31:08,20210509
108,1992-09-30,NTL.AX,AUD,1992-09-30,1992-09-30,Q3,0.0,0.0,0.0,0.0,0.0,0.0,0.0,0.0,0.0,0.0,0.0,0.0,-82628.78035,0.0,0.0,0.0,0.0,-82628.78035,0.0,-82628.78035,11731.2466,0.0,0.00023725,0.00023725,49431059,49431059,,,1620595868,17:31:08,20210509
109,1992-06-30,NTL.AX,AUD,1992-06-30,1992-06-30,Q2,0.0,0.0,0.0,0.0,0.0,0.0,0.0,0.0,0.0,0.0,0.0,0.0,-82628.78035,0.0,0.0,0.0,0.0,-82628.78035,0.0,-82628.78035,11731.2466,0.0,0.00023725,0.00023725,49431059,49431059,,,1620595868,17:31:08,20210509
110,1992-03-31,NTL.AX,AUD,1992-03-31,1992-03-31,Q1,0.0,0.0,0.0,0.0,0.0,0.0,0.0,0.0,0.0,0.0,0.0,0.0,-82628.78035,0.0,0.0,0.0,0.0,-82628.78035,0.0,-82628.78035,11731.2466,0.0,0.00023725,0.00023725,49431059,49431059,,,1620595868,17:31:08,20210509
111,1992-01-31,NTL.AX,AUD,1992-01-31,1992-01-31,Q1,0.0,0.0,0.0,0.0,0.0,0.0,0.0,0.0,0.0,0.0,0.0,0.0,-82628.78035,0.0,0.0,0.0,0.0,-82628.78035,0.0,-82628.78035,11731.2466,0.0,0.00023725,0.00023725,49431059,49431059,,,1620595868,17:31:08,20210509
112,1991-09-30,NTL.AX,AUD,1991-09-30,1991-09-30,Q3,0.0,0.0,0.0,0.0,0.0,0.0,0.0,0.0,0.0,0.0,660.0828,0.0,-75249.4392,0.0,0.0,0.0,0.0,-75909.522,0.0,-75909.522,-15181.9044,0.0,-0.00011235281379743867,-0.00011235281379743867,135127051,135127051,,,1620595868,17:31:08,20210509
113,1991-06-30,NTL.AX,AUD,1991-06-30,1991-06-30,Q2,0.0,0.0,0.0,0.0,0.0,0.0,0.0,0.0,0.0,0.0,660.0828,0.0,-75249.4392,0.0,0.0,0.0,0.0,-75909.522,0.0,-75909.522,-15181.9044,0.0,-0.00011235281379743867,-0.00011235281379743867,135127051,135127051,,,1620595868,17:31:08,20210509
114,1991-03-31,NTL.AX,AUD,1991-03-31,1991-03-31,Q1,0.0,0.0,0.0,0.0,0.0,0.0,0.0,0.0,0.0,0.0,660.0828,0.0,-75249.4392,0.0,0.0,0.0,0.0,-75909.522,0.0,-75909.522,-15181.9044,0.0,-0.00011235281379743867,-0.00011235281379743867,135127051,135127051,,,1620595868,17:31:08,20210509
115,1991-01-31,NTL.AX,AUD,1991-01-31,1991-01-31,Q1,0.0,0.0,0.0,0.0,0.0,0.0,0.0,0.0,0.0,0.0,660.0828,0.0,-75249.4392,0.0,0.0,0.0,0.0,-75909.522,0.0,-75909.522,-15181.9044,0.0,-0.00011235281379743867,-0.00011235281379743867,135127051,135127051,,,1620595868,17:31:08,20210509
