,date,symbol,reportedCurrency,fillingDate,acceptedDate,period,revenue,costOfRevenue,grossProfit,grossProfitRatio,researchAndDevelopmentExpenses,generalAndAdministrativeExpenses,sellingAndMarketingExpenses,otherExpenses,operatingExpenses,costAndExpenses,interestExpense,depreciationAndAmortization,ebitda,ebitdaratio,operatingIncome,operatingIncomeRatio,totalOtherIncomeExpensesNet,incomeBeforeTax,incomeBeforeTaxRatio,incomeTaxExpense,netIncome,netIncomeRatio,eps,epsdiluted,weightedAverageShsOut,weightedAverageShsOutDil,link,finalLink,timestamp,est_time,est_date
0,2020-09-30,AIR.L,GBP,2020-09-30,2020-09-30,Q3,16666000.0,8126500.0,8539500.0,0.5123904956198247,0.0,7197750.0,0.0,0.0,0.0,15488250.0,153000.0,164000.0,1341750.0,0.08050822032881315,1177750.0,0.07066782671306852,0.0,234000.0,0.014040561622464899,158250.0,75750.0,0.004545181807272291,0.0014381936697606594,0.0014155106102751158,52670236.0,53514258.0,https://find-and-update.company-information.service.gov.uk/search/companies?q=Air+Partner+PLC,https://find-and-update.company-information.service.gov.uk/search/companies?q=Air+Partner+PLC,1620586393,14:53:13,20210509
1,2020-06-30,AIR.L,GBP,2020-06-30,2020-06-30,Q2,16666000.0,8126500.0,8539500.0,0.5123904956198247,0.0,7197750.0,0.0,0.0,0.0,15488250.0,153000.0,164000.0,1341750.0,0.08050822032881315,1177750.0,0.07066782671306852,0.0,234000.0,0.014040561622464899,158250.0,75750.0,0.004545181807272291,0.0014381936697606594,0.0014155106102751158,52670236.0,53514258.0,https://find-and-update.company-information.service.gov.uk/search/companies?q=Air+Partner+PLC,https://find-and-update.company-information.service.gov.uk/search/companies?q=Air+Partner+PLC,1620586393,14:53:13,20210509
2,2020-03-31,AIR.L,GBP,2020-03-31,2020-03-31,Q1,16666000.0,8126500.0,8539500.0,0.5123904956198247,0.0,7197750.0,0.0,0.0,0.0,15488250.0,153000.0,164000.0,1341750.0,0.08050822032881315,1177750.0,0.07066782671306852,0.0,234000.0,0.014040561622464899,158250.0,75750.0,0.004545181807272291,0.0014381936697606594,0.0014155106102751158,52670236.0,53514258.0,https://find-and-update.company-information.service.gov.uk/search/companies?q=Air+Partner+PLC,https://find-and-update.company-information.service.gov.uk/search/companies?q=Air+Partner+PLC,1620586393,14:53:13,20210509
3,2020-01-31,AIR.L,GBP,2020-01-31,2020-01-31,Q1,16666000.0,8126500.0,8539500.0,0.5123904956198247,0.0,7197750.0,0.0,0.0,0.0,15488250.0,153000.0,164000.0,1341750.0,0.08050822032881315,1177750.0,0.07066782671306852,0.0,234000.0,0.014040561622464899,158250.0,75750.0,0.004545181807272291,0.0014381936697606594,0.0014155106102751158,52670236.0,53514258.0,https://find-and-update.company-information.service.gov.uk/search/companies?q=Air+Partner+PLC,https://find-and-update.company-information.service.gov.uk/search/companies?q=Air+Partner+PLC,1620586393,14:53:13,20210509
4,2019-06-30,AIR.L,GBP,2019-06-30,2019-06-30,Q2,19365250.0,10500750.0,8864500.0,0.45775293373439535,0.0,7584750.0,0.0,0.0,0.0,18179500.0,56000.0,94000.0,1279750.0,0.06608486851447826,1185750.0,0.06123081292521398,0.0,842250.0,0.04349285446870038,121000.0,721250.0,0.03724454886975381,0.014,0.0135,51977677.0,53377045.0,https://find-and-update.company-information.service.gov.uk/search/companies?q=Air+Partner+PLC,https://find-and-update.company-information.service.gov.uk/search/companies?q=Air+Partner+PLC,1620586393,14:53:13,20210509
5,2019-03-31,AIR.L,GBP,2019-03-31,2019-03-31,Q1,19365250.0,10500750.0,8864500.0,0.45775293373439535,0.0,7584750.0,0.0,0.0,0.0,18179500.0,56000.0,94000.0,1279750.0,0.06608486851447826,1185750.0,0.06123081292521398,0.0,842250.0,0.04349285446870038,121000.0,721250.0,0.03724454886975381,0.014,0.0135,51977677.0,53377045.0,https://find-and-update.company-information.service.gov.uk/search/companies?q=Air+Partner+PLC,https://find-and-update.company-information.service.gov.uk/search/companies?q=Air+Partner+PLC,1620586393,14:53:13,20210509
6,2019-01-31,AIR.L,GBP,2019-01-31,2019-01-31,Q1,19365250.0,10500750.0,8864500.0,0.45775293373439535,0.0,7584750.0,0.0,0.0,0.0,18179500.0,56000.0,94000.0,1279750.0,0.06608486851447826,1185750.0,0.06123081292521398,0.0,842250.0,0.04349285446870038,121000.0,721250.0,0.03724454886975381,0.014,0.0135,51977677.0,53377045.0,https://find-and-update.company-information.service.gov.uk/search/companies?q=Air+Partner+PLC,https://find-and-update.company-information.service.gov.uk/search/companies?q=Air+Partner+PLC,1620586393,14:53:13,20210509
7,2018-06-30,AIR.L,GBP,2018-06-30,2018-06-30,Q2,12127000.0,3106500.0,9020500.0,0.7438360682773976,0.0,7448000.0,0.0,0.0,0.0,10623750.0,34500.0,69250.0,1572500.0,0.12966933289354332,1503250.0,0.12395893460872433,0.0,1188000.0,0.09796322256122701,293000.0,895000.0,0.0738022594211264,0.01725,0.0165,52217565.0,54293830.0,https://find-and-update.company-information.service.gov.uk/search/companies?q=Air+Partner+PLC,https://find-and-update.company-information.service.gov.uk/search/companies?q=Air+Partner+PLC,1620586393,14:53:13,20210509
8,2018-03-31,AIR.L,GBP,2018-03-31,2018-03-31,Q1,12127000.0,3106500.0,9020500.0,0.7438360682773976,0.0,7448000.0,0.0,0.0,0.0,10623750.0,34500.0,69250.0,1572500.0,0.12966933289354332,1503250.0,0.12395893460872433,0.0,1188000.0,0.09796322256122701,293000.0,895000.0,0.0738022594211264,0.01725,0.0165,52217565.0,54293830.0,https://find-and-update.company-information.service.gov.uk/search/companies?q=Air+Partner+PLC,https://find-and-update.company-information.service.gov.uk/search/companies?q=Air+Partner+PLC,1620586393,14:53:13,20210509
9,2018-01-31,AIR.L,GBP,2018-01-31,2018-01-31,Q1,12127000.0,3106500.0,9020500.0,0.7438360682773976,0.0,7448000.0,0.0,0.0,0.0,10623750.0,34500.0,69250.0,1572500.0,0.12966933289354332,1503250.0,0.12395893460872433,0.0,1188000.0,0.09796322256122701,293000.0,895000.0,0.0738022594211264,0.01725,0.0165,52217565.0,54293830.0,https://find-and-update.company-information.service.gov.uk/search/companies?q=Air+Partner+PLC,https://find-and-update.company-information.service.gov.uk/search/companies?q=Air+Partner+PLC,1620586393,14:53:13,20210509
10,2017-06-30,AIR.L,GBP,2017-06-30,2017-06-30,Q2,10634500.0,2707750.0,7926750.0,0.7453806008745122,0.0,6648250.0,0.0,0.0,0.0,9432000.0,24000.0,76000.0,1278500.0,0.12022191922516338,1202500.0,0.11307536790634257,0.0,1087000.0,0.10221449057313461,375250.0,711750.0,0.06692839343645682,0.0135,0.01325,52361659.0,53494742.0,https://find-and-update.company-information.service.gov.uk/search/companies?q=Air+Partner+PLC,https://find-and-update.company-information.service.gov.uk/search/companies?q=Air+Partner+PLC,1620586393,14:53:13,20210509
11,2017-03-31,AIR.L,GBP,2017-03-31,2017-03-31,Q1,10634500.0,2707750.0,7926750.0,0.7453806008745122,0.0,6648250.0,0.0,0.0,0.0,9432000.0,24000.0,76000.0,1278500.0,0.12022191922516338,1202500.0,0.11307536790634257,0.0,1087000.0,0.10221449057313461,375250.0,711750.0,0.06692839343645682,0.0135,0.01325,52361659.0,53494742.0,https://find-and-update.company-information.service.gov.uk/search/companies?q=Air+Partner+PLC,https://find-and-update.company-information.service.gov.uk/search/companies?q=Air+Partner+PLC,1620586393,14:53:13,20210509
12,2017-01-31,AIR.L,GBP,2017-01-31,2017-01-31,Q1,10634500.0,2707750.0,7926750.0,0.7453806008745122,0.0,6648250.0,0.0,0.0,0.0,9432000.0,24000.0,76000.0,1278500.0,0.12022191922516338,1202500.0,0.11307536790634257,0.0,1087000.0,0.10221449057313461,375250.0,711750.0,0.06692839343645682,0.0135,0.01325,52361659.0,53494742.0,https://find-and-update.company-information.service.gov.uk/search/companies?q=Air+Partner+PLC,https://find-and-update.company-information.service.gov.uk/search/companies?q=Air+Partner+PLC,1620586393,14:53:13,20210509
13,2016-06-30,AIR.L,GBP,2016-06-30,2016-06-30,Q2,12485500.0,5668250.0,6817250.0,0.5460133755155981,0.0,5720750.0,0.0,0.0,0.0,11443000.0,18500.0,54000.0,1096500.0,0.08782187337311281,1042500.0,0.08349685635336991,0.0,790750.0,0.06333346682151296,307500.0,580000.0,0.04645388650834969,0.01145,0.0114,50606225.0,50881945.0,https://find-and-update.company-information.service.gov.uk/search/companies?q=Air+Partner+PLC,https://find-and-update.company-information.service.gov.uk/search/companies?q=Air+Partner+PLC,1620586393,14:53:13,20210509
14,2016-03-31,AIR.L,GBP,2016-03-31,2016-03-31,Q1,12485500.0,5668250.0,6817250.0,0.5460133755155981,0.0,5720750.0,0.0,0.0,0.0,11443000.0,18500.0,54000.0,1096500.0,0.08782187337311281,1042500.0,0.08349685635336991,0.0,790750.0,0.06333346682151296,307500.0,580000.0,0.04645388650834969,0.01145,0.0114,50606225.0,50881945.0,https://find-and-update.company-information.service.gov.uk/search/companies?q=Air+Partner+PLC,https://find-and-update.company-information.service.gov.uk/search/companies?q=Air+Partner+PLC,1620586393,14:53:13,20210509
15,2016-01-31,AIR.L,GBP,2016-01-31,2016-01-31,Q1,12485500.0,5668250.0,6817250.0,0.5460133755155981,0.0,5720750.0,0.0,0.0,0.0,11443000.0,18500.0,54000.0,1096500.0,0.08782187337311281,1042500.0,0.08349685635336991,0.0,790750.0,0.06333346682151296,307500.0,580000.0,0.04645388650834969,0.01145,0.0114,50606225.0,50881945.0,https://find-and-update.company-information.service.gov.uk/search/companies?q=Air+Partner+PLC,https://find-and-update.company-information.service.gov.uk/search/companies?q=Air+Partner+PLC,1620586393,14:53:13,20210509
16,2015-09-30,AIR.L,GBP,2015-09-30,2015-09-30,Q3,48025000.0,42518750.0,5506250.0,0.1146538261322228,0.0,4848250.0,0.0,0.0,0.0,47367000.0,2000.0,65250.0,723250.0,0.015059864653826133,658000.0,0.013701197293076523,0.0,659000.0,0.013722019781363873,-37750.0,695000.0,0.014471629359708485,0.0138,0.0137,50281380.0,50660200.0,https://find-and-update.company-information.service.gov.uk/search/companies?q=Air+Partner+PLC,https://find-and-update.company-information.service.gov.uk/search/companies?q=Air+Partner+PLC,1620586393,14:53:13,20210509
17,2015-06-30,AIR.L,GBP,2015-06-30,2015-06-30,Q2,48025000.0,42518750.0,5506250.0,0.1146538261322228,0.0,4848250.0,0.0,0.0,0.0,47367000.0,2000.0,65250.0,723250.0,0.015059864653826133,658000.0,0.013701197293076523,0.0,659000.0,0.013722019781363873,-37750.0,695000.0,0.014471629359708485,0.0138,0.0137,50281380.0,50660200.0,https://find-and-update.company-information.service.gov.uk/search/companies?q=Air+Partner+PLC,https://find-and-update.company-information.service.gov.uk/search/companies?q=Air+Partner+PLC,1620586393,14:53:13,20210509
18,2015-03-31,AIR.L,GBP,2015-03-31,2015-03-31,Q1,48025000.0,42518750.0,5506250.0,0.1146538261322228,0.0,4848250.0,0.0,0.0,0.0,47367000.0,2000.0,65250.0,723250.0,0.015059864653826133,658000.0,0.013701197293076523,0.0,659000.0,0.013722019781363873,-37750.0,695000.0,0.014471629359708485,0.0138,0.0137,50281380.0,50660200.0,https://find-and-update.company-information.service.gov.uk/search/companies?q=Air+Partner+PLC,https://find-and-update.company-information.service.gov.uk/search/companies?q=Air+Partner+PLC,1620586393,14:53:13,20210509
19,2015-01-31,AIR.L,GBP,2015-01-31,2015-01-31,Q1,48025000.0,42518750.0,5506250.0,0.1146538261322228,0.0,4848250.0,0.0,0.0,0.0,47367000.0,2000.0,65250.0,723250.0,0.015059864653826133,658000.0,0.013701197293076523,0.0,659000.0,0.013722019781363873,-37750.0,695000.0,0.014471629359708485,0.0138,0.0137,50281380.0,50660200.0,https://find-and-update.company-information.service.gov.uk/search/companies?q=Air+Partner+PLC,https://find-and-update.company-information.service.gov.uk/search/companies?q=Air+Partner+PLC,1620586393,14:53:13,20210509
20,2013-09-30,AIR.L,GBP,2013-09-30,2013-09-30,Q3,55151500.0,49400750.0,5750750.0,0.1042718693054586,0.0,4694750.0,0.0,0.0,0.0,54095500.0,2250.0,55500.0,1111500.0,0.020153576965268396,1056000.0,0.019147258007488465,0.0,978500.0,0.017742037841219187,345750.0,632750.0,0.011472942712346898,0.01235,0.0123,51306965.0,51509605.0,https://find-and-update.company-information.service.gov.uk/search/companies?q=Air+Partner+PLC,https://find-and-update.company-information.service.gov.uk/search/companies?q=Air+Partner+PLC,1620586393,14:53:13,20210509
21,2013-06-30,AIR.L,GBP,2013-06-30,2013-06-30,Q2,55151500.0,49400750.0,5750750.0,0.1042718693054586,0.0,4694750.0,0.0,0.0,0.0,54095500.0,2250.0,55500.0,1111500.0,0.020153576965268396,1056000.0,0.019147258007488465,0.0,978500.0,0.017742037841219187,345750.0,632750.0,0.011472942712346898,0.01235,0.0123,51306965.0,51509605.0,https://find-and-update.company-information.service.gov.uk/search/companies?q=Air+Partner+PLC,https://find-and-update.company-information.service.gov.uk/search/companies?q=Air+Partner+PLC,1620586393,14:53:13,20210509
22,2013-03-31,AIR.L,GBP,2013-03-31,2013-03-31,Q1,55151500.0,49400750.0,5750750.0,0.1042718693054586,0.0,4694750.0,0.0,0.0,0.0,54095500.0,2250.0,55500.0,1111500.0,0.020153576965268396,1056000.0,0.019147258007488465,0.0,978500.0,0.017742037841219187,345750.0,632750.0,0.011472942712346898,0.01235,0.0123,51306965.0,51509605.0,https://find-and-update.company-information.service.gov.uk/search/companies?q=Air+Partner+PLC,https://find-and-update.company-information.service.gov.uk/search/companies?q=Air+Partner+PLC,1620586393,14:53:13,20210509
23,2013-01-31,AIR.L,GBP,2013-01-31,2013-01-31,Q1,55151500.0,49400750.0,5750750.0,0.1042718693054586,0.0,4694750.0,0.0,0.0,0.0,54095500.0,2250.0,55500.0,1111500.0,0.020153576965268396,1056000.0,0.019147258007488465,0.0,978500.0,0.017742037841219187,345750.0,632750.0,0.011472942712346898,0.01235,0.0123,51306965.0,51509605.0,https://find-and-update.company-information.service.gov.uk/search/companies?q=Air+Partner+PLC,https://find-and-update.company-information.service.gov.uk/search/companies?q=Air+Partner+PLC,1620586393,14:53:13,20210509
24,2012-09-30,AIR.L,GBP,2012-09-30,2012-09-30,Q3,56889000.0,51448000.0,5441000.0,0.09564239132345445,0.0,4438750.0,0.0,0.0,0.0,55886750.0,2500.0,70000.0,1072250.0,0.018848107718539613,1002250.0,0.017617641371794196,0.0,1034750.0,0.018188929318497426,287250.0,747500.0,0.01313962277417427,0.014569172041261845,0.014558118736600689,51306965.0,51345920.0,https://find-and-update.company-information.service.gov.uk/search/companies?q=Air+Partner+PLC,https://find-and-update.company-information.service.gov.uk/search/companies?q=Air+Partner+PLC,1620586393,14:53:13,20210509
25,2012-06-30,AIR.L,GBP,2012-06-30,2012-06-30,Q2,56889000.0,51448000.0,5441000.0,0.09564239132345445,0.0,4438750.0,0.0,0.0,0.0,55886750.0,2500.0,70000.0,1072250.0,0.018848107718539613,1002250.0,0.017617641371794196,0.0,1034750.0,0.018188929318497426,287250.0,747500.0,0.01313962277417427,0.014569172041261845,0.014558118736600689,51306965.0,51345920.0,https://find-and-update.company-information.service.gov.uk/search/companies?q=Air+Partner+PLC,https://find-and-update.company-information.service.gov.uk/search/companies?q=Air+Partner+PLC,1620586393,14:53:13,20210509
26,2012-03-31,AIR.L,GBP,2012-03-31,2012-03-31,Q1,56889000.0,51448000.0,5441000.0,0.09564239132345445,0.0,4438750.0,0.0,0.0,0.0,55886750.0,2500.0,70000.0,1072250.0,0.018848107718539613,1002250.0,0.017617641371794196,0.0,1034750.0,0.018188929318497426,287250.0,747500.0,0.01313962277417427,0.014569172041261845,0.014558118736600689,51306965.0,51345920.0,https://find-and-update.company-information.service.gov.uk/search/companies?q=Air+Partner+PLC,https://find-and-update.company-information.service.gov.uk/search/companies?q=Air+Partner+PLC,1620586393,14:53:13,20210509
27,2012-01-31,AIR.L,GBP,2012-01-31,2012-01-31,Q1,56889000.0,51448000.0,5441000.0,0.09564239132345445,0.0,4438750.0,0.0,0.0,0.0,55886750.0,2500.0,70000.0,1072250.0,0.018848107718539613,1002250.0,0.017617641371794196,0.0,1034750.0,0.018188929318497426,287250.0,747500.0,0.01313962277417427,0.014569172041261845,0.014558118736600689,51306965.0,51345920.0,https://find-and-update.company-information.service.gov.uk/search/companies?q=Air+Partner+PLC,https://find-and-update.company-information.service.gov.uk/search/companies?q=Air+Partner+PLC,1620586393,14:53:13,20210509
28,2011-09-30,AIR.L,GBP,2011-09-30,2011-09-30,Q3,70482750.0,64012500.0,6470250.0,0.09179905721612736,0.0,5155750.0,0.0,0.0,4674250.0,68958500.0,10000.0,82250.0,1606500.0,0.022792811006948507,1524250.0,0.021625858809425,0.0,1315750.0,0.018667688193210394,483500.0,1015500.0,0.014407780627174734,0.0198,0.0196,51286555.0,51822830.0,https://find-and-update.company-information.service.gov.uk/search/companies?q=Air+Partner+PLC,https://find-and-update.company-information.service.gov.uk/search/companies?q=Air+Partner+PLC,1620586393,14:53:13,20210509
29,2011-06-30,AIR.L,GBP,2011-06-30,2011-06-30,Q2,70482750.0,64012500.0,6470250.0,0.09179905721612736,0.0,5155750.0,0.0,0.0,4674250.0,68958500.0,10000.0,82250.0,1606500.0,0.022792811006948507,1524250.0,0.021625858809425,0.0,1315750.0,0.018667688193210394,483500.0,1015500.0,0.014407780627174734,0.0198,0.0196,51286555.0,51822830.0,https://find-and-update.company-information.service.gov.uk/search/companies?q=Air+Partner+PLC,https://find-and-update.company-information.service.gov.uk/search/companies?q=Air+Partner+PLC,1620586393,14:53:13,20210509
30,2011-03-31,AIR.L,GBP,2011-03-31,2011-03-31,Q1,70482750.0,64012500.0,6470250.0,0.09179905721612736,0.0,5155750.0,0.0,0.0,4674250.0,68958500.0,10000.0,82250.0,1606500.0,0.022792811006948507,1524250.0,0.021625858809425,0.0,1315750.0,0.018667688193210394,483500.0,1015500.0,0.014407780627174734,0.0198,0.0196,51286555.0,51822830.0,https://find-and-update.company-information.service.gov.uk/search/companies?q=Air+Partner+PLC,https://find-and-update.company-information.service.gov.uk/search/companies?q=Air+Partner+PLC,1620586393,14:53:13,20210509
31,2011-01-31,AIR.L,GBP,2011-01-31,2011-01-31,Q1,70482750.0,64012500.0,6470250.0,0.09179905721612736,0.0,5155750.0,0.0,0.0,4674250.0,68958500.0,10000.0,82250.0,1606500.0,0.022792811006948507,1524250.0,0.021625858809425,0.0,1315750.0,0.018667688193210394,483500.0,1015500.0,0.014407780627174734,0.0198,0.0196,51286555.0,51822830.0,https://find-and-update.company-information.service.gov.uk/search/companies?q=Air+Partner+PLC,https://find-and-update.company-information.service.gov.uk/search/companies?q=Air+Partner+PLC,1620586393,14:53:13,20210509
32,2010-09-30,AIR.L,GBP,2010-09-30,2010-09-30,Q3,57492000.0,52465750.0,5026250.0,0.08742520698531969,0.0,4183750.0,0.0,0.0,3967750.0,56726500.0,5750.0,157250.0,922750.0,0.01605005913866277,765500.0,0.013314895985528421,0.0,682000.0,0.011862520002782996,6500.0,-426000.0,-0.007409726570653309,-0.008312942881301128,-0.008295158081178053,51245390.0,51355260.0,https://find-and-update.company-information.service.gov.uk/search/companies?q=Air+Partner+PLC,https://find-and-update.company-information.service.gov.uk/search/companies?q=Air+Partner+PLC,1620586393,14:53:13,20210509
33,2010-06-30,AIR.L,GBP,2010-06-30,2010-06-30,Q2,57492000.0,52465750.0,5026250.0,0.08742520698531969,0.0,4183750.0,0.0,0.0,3967750.0,56726500.0,5750.0,157250.0,922750.0,0.01605005913866277,765500.0,0.013314895985528421,0.0,682000.0,0.011862520002782996,6500.0,-426000.0,-0.007409726570653309,-0.008312942881301128,-0.008295158081178053,51245390.0,51355260.0,https://find-and-update.company-information.service.gov.uk/search/companies?q=Air+Partner+PLC,https://find-and-update.company-information.service.gov.uk/search/companies?q=Air+Partner+PLC,1620586393,14:53:13,20210509
34,2010-03-31,AIR.L,GBP,2010-03-31,2010-03-31,Q1,57492000.0,52465750.0,5026250.0,0.08742520698531969,0.0,4183750.0,0.0,0.0,3967750.0,56726500.0,5750.0,157250.0,922750.0,0.01605005913866277,765500.0,0.013314895985528421,0.0,682000.0,0.011862520002782996,6500.0,-426000.0,-0.007409726570653309,-0.008312942881301128,-0.008295158081178053,51245390.0,51355260.0,https://find-and-update.company-information.service.gov.uk/search/companies?q=Air+Partner+PLC,https://find-and-update.company-information.service.gov.uk/search/companies?q=Air+Partner+PLC,1620586393,14:53:13,20210509
35,2010-01-31,AIR.L,GBP,2010-01-31,2010-01-31,Q1,57492000.0,52465750.0,5026250.0,0.08742520698531969,0.0,4183750.0,0.0,0.0,3967750.0,56726500.0,5750.0,157250.0,922750.0,0.01605005913866277,765500.0,0.013314895985528421,0.0,682000.0,0.011862520002782996,6500.0,-426000.0,-0.007409726570653309,-0.008312942881301128,-0.008295158081178053,51245390.0,51355260.0,https://find-and-update.company-information.service.gov.uk/search/companies?q=Air+Partner+PLC,https://find-and-update.company-information.service.gov.uk/search/companies?q=Air+Partner+PLC,1620586393,14:53:13,20210509
36,2009-09-30,AIR.L,GBP,2009-09-30,2009-09-30,Q3,46757250.0,41231500.0,5525750.0,0.11817953365520856,0.0,4164750.0,0.0,0.0,3730500.0,45251500.0,0.0,141500.0,1647250.0,0.03522983066797128,1505750.0,0.032203562014446956,0.0,1410500.0,0.030166444775943838,241250.0,-9500.0,-0.00020317704740975998,-0.00018627328624410016,-0.00018548986947077885,51000335.0,51215735.0,https://find-and-update.company-information.service.gov.uk/search/companies?q=Air+Partner+PLC,https://find-and-update.company-information.service.gov.uk/search/companies?q=Air+Partner+PLC,1620586393,14:53:13,20210509
37,2009-06-30,AIR.L,GBP,2009-06-30,2009-06-30,Q2,46757250.0,41231500.0,5525750.0,0.11817953365520856,0.0,4164750.0,0.0,0.0,3730500.0,45251500.0,0.0,141500.0,1647250.0,0.03522983066797128,1505750.0,0.032203562014446956,0.0,1410500.0,0.030166444775943838,241250.0,-9500.0,-0.00020317704740975998,-0.00018627328624410016,-0.00018548986947077885,51000335.0,51215735.0,https://find-and-update.company-information.service.gov.uk/search/companies?q=Air+Partner+PLC,https://find-and-update.company-information.service.gov.uk/search/companies?q=Air+Partner+PLC,1620586393,14:53:13,20210509
38,2009-03-31,AIR.L,GBP,2009-03-31,2009-03-31,Q1,46757250.0,41231500.0,5525750.0,0.11817953365520856,0.0,4164750.0,0.0,0.0,3730500.0,45251500.0,0.0,141500.0,1647250.0,0.03522983066797128,1505750.0,0.032203562014446956,0.0,1410500.0,0.030166444775943838,241250.0,-9500.0,-0.00020317704740975998,-0.00018627328624410016,-0.00018548986947077885,51000335.0,51215735.0,https://find-and-update.company-information.service.gov.uk/search/companies?q=Air+Partner+PLC,https://find-and-update.company-information.service.gov.uk/search/companies?q=Air+Partner+PLC,1620586393,14:53:13,20210509
39,2009-01-31,AIR.L,GBP,2009-01-31,2009-01-31,Q1,46757250.0,41231500.0,5525750.0,0.11817953365520856,0.0,4164750.0,0.0,0.0,3730500.0,45251500.0,0.0,141500.0,1647250.0,0.03522983066797128,1505750.0,0.032203562014446956,0.0,1410500.0,0.030166444775943838,241250.0,-9500.0,-0.00020317704740975998,-0.00018627328624410016,-0.00018548986947077885,51000335.0,51215735.0,https://find-and-update.company-information.service.gov.uk/search/companies?q=Air+Partner+PLC,https://find-and-update.company-information.service.gov.uk/search/companies?q=Air+Partner+PLC,1620586393,14:53:13,20210509
40,2008-09-30,AIR.L,GBP,2008-09-30,2008-09-30,Q3,62828750.0,55352500.0,7476250.0,0.1189940910809144,0.0,5361000.0,0.0,0.0,4686250.0,60575750.0,500.0,141250.0,2394250.0,0.03810755426456837,2253000.0,0.035859379662972764,0.0,2310750.0,0.036778544854067605,723000.0,1587750.0,0.02527107414997115,0.0313,0.03085,50692500.0,51481345.0,https://find-and-update.company-information.service.gov.uk/search/companies?q=Air+Partner+PLC,https://find-and-update.company-information.service.gov.uk/search/companies?q=Air+Partner+PLC,1620586393,14:53:13,20210509
41,2008-06-30,AIR.L,GBP,2008-06-30,2008-06-30,Q2,62828750.0,55352500.0,7476250.0,0.1189940910809144,0.0,5361000.0,0.0,0.0,4686250.0,60575750.0,500.0,141250.0,2394250.0,0.03810755426456837,2253000.0,0.035859379662972764,0.0,2310750.0,0.036778544854067605,723000.0,1587750.0,0.02527107414997115,0.0313,0.03085,50692500.0,51481345.0,https://find-and-update.company-information.service.gov.uk/search/companies?q=Air+Partner+PLC,https://find-and-update.company-information.service.gov.uk/search/companies?q=Air+Partner+PLC,1620586393,14:53:13,20210509
42,2008-03-31,AIR.L,GBP,2008-03-31,2008-03-31,Q1,62828750.0,55352500.0,7476250.0,0.1189940910809144,0.0,5361000.0,0.0,0.0,4686250.0,60575750.0,500.0,141250.0,2394250.0,0.03810755426456837,2253000.0,0.035859379662972764,0.0,2310750.0,0.036778544854067605,723000.0,1587750.0,0.02527107414997115,0.0313,0.03085,50692500.0,51481345.0,https://find-and-update.company-information.service.gov.uk/search/companies?q=Air+Partner+PLC,https://find-and-update.company-information.service.gov.uk/search/companies?q=Air+Partner+PLC,1620586393,14:53:13,20210509
43,2008-01-31,AIR.L,GBP,2008-01-31,2008-01-31,Q1,62828750.0,55352500.0,7476250.0,0.1189940910809144,0.0,5361000.0,0.0,0.0,4686250.0,60575750.0,500.0,141250.0,2394250.0,0.03810755426456837,2253000.0,0.035859379662972764,0.0,2310750.0,0.036778544854067605,723000.0,1587750.0,0.02527107414997115,0.0313,0.03085,50692500.0,51481345.0,https://find-and-update.company-information.service.gov.uk/search/companies?q=Air+Partner+PLC,https://find-and-update.company-information.service.gov.uk/search/companies?q=Air+Partner+PLC,1620586393,14:53:13,20210509
44,2007-09-30,AIR.L,GBP,2007-09-30,2007-09-30,Q3,46445000.0,40150000.0,6295000.0,0.1355366562600926,0.0,4558250.0,0.0,0.0,4149000.0,44697250.0,2250.0,114500.0,1862250.0,0.04009581225104963,1747750.0,0.037630530735278285,0.0,1901500.0,0.040940897836150285,627750.0,1272250.0,0.027392614920874154,0.0259,0.02515,49093680.0,50574485.0,https://find-and-update.company-information.service.gov.uk/search/companies?q=Air+Partner+PLC,https://find-and-update.company-information.service.gov.uk/search/companies?q=Air+Partner+PLC,1620586393,14:53:13,20210509
45,2007-06-30,AIR.L,GBP,2007-06-30,2007-06-30,Q2,46445000.0,40150000.0,6295000.0,0.1355366562600926,0.0,4558250.0,0.0,0.0,4149000.0,44697250.0,2250.0,114500.0,1862250.0,0.04009581225104963,1747750.0,0.037630530735278285,0.0,1901500.0,0.040940897836150285,627750.0,1272250.0,0.027392614920874154,0.0259,0.02515,49093680.0,50574485.0,https://find-and-update.company-information.service.gov.uk/search/companies?q=Air+Partner+PLC,https://find-and-update.company-information.service.gov.uk/search/companies?q=Air+Partner+PLC,1620586393,14:53:13,20210509
46,2007-03-31,AIR.L,GBP,2007-03-31,2007-03-31,Q1,46445000.0,40150000.0,6295000.0,0.1355366562600926,0.0,4558250.0,0.0,0.0,4149000.0,44697250.0,2250.0,114500.0,1862250.0,0.04009581225104963,1747750.0,0.037630530735278285,0.0,1901500.0,0.040940897836150285,627750.0,1272250.0,0.027392614920874154,0.0259,0.02515,49093680.0,50574485.0,https://find-and-update.company-information.service.gov.uk/search/companies?q=Air+Partner+PLC,https://find-and-update.company-information.service.gov.uk/search/companies?q=Air+Partner+PLC,1620586393,14:53:13,20210509
47,2007-01-31,AIR.L,GBP,2007-01-31,2007-01-31,Q1,46445000.0,40150000.0,6295000.0,0.1355366562600926,0.0,4558250.0,0.0,0.0,4149000.0,44697250.0,2250.0,114500.0,1862250.0,0.04009581225104963,1747750.0,0.037630530735278285,0.0,1901500.0,0.040940897836150285,627750.0,1272250.0,0.027392614920874154,0.0259,0.02515,49093680.0,50574485.0,https://find-and-update.company-information.service.gov.uk/search/companies?q=Air+Partner+PLC,https://find-and-update.company-information.service.gov.uk/search/companies?q=Air+Partner+PLC,1620586393,14:53:13,20210509
48,2006-09-30,AIR.L,GBP,2006-09-30,2006-09-30,Q3,35092000.0,31204750.0,3887250.0,0.11077311068049699,0.0,2737000.0,0.0,0.0,2536250.0,33940500.0,1500.0,111250.0,1262750.0,0.03598398495383563,1151500.0,0.03281374672289981,0.0,1282250.0,0.03653966716060641,384250.0,857250.0,0.024428644705345948,0.01775,0.0172,48327590.0,49901845.0,https://find-and-update.company-information.service.gov.uk/search/companies?q=Air+Partner+PLC,https://find-and-update.company-information.service.gov.uk/search/companies?q=Air+Partner+PLC,1620586393,14:53:13,20210509
49,2006-06-30,AIR.L,GBP,2006-06-30,2006-06-30,Q2,35092000.0,31204750.0,3887250.0,0.11077311068049699,0.0,2737000.0,0.0,0.0,2536250.0,33940500.0,1500.0,111250.0,1262750.0,0.03598398495383563,1151500.0,0.03281374672289981,0.0,1282250.0,0.03653966716060641,384250.0,857250.0,0.024428644705345948,0.01775,0.0172,48327590.0,49901845.0,https://find-and-update.company-information.service.gov.uk/search/companies?q=Air+Partner+PLC,https://find-and-update.company-information.service.gov.uk/search/companies?q=Air+Partner+PLC,1620586393,14:53:13,20210509
50,2006-03-31,AIR.L,GBP,2006-03-31,2006-03-31,Q1,35092000.0,31204750.0,3887250.0,0.11077311068049699,0.0,2737000.0,0.0,0.0,2536250.0,33940500.0,1500.0,111250.0,1262750.0,0.03598398495383563,1151500.0,0.03281374672289981,0.0,1282250.0,0.03653966716060641,384250.0,857250.0,0.024428644705345948,0.01775,0.0172,48327590.0,49901845.0,https://find-and-update.company-information.service.gov.uk/search/companies?q=Air+Partner+PLC,https://find-and-update.company-information.service.gov.uk/search/companies?q=Air+Partner+PLC,1620586393,14:53:13,20210509
51,2006-01-31,AIR.L,GBP,2006-01-31,2006-01-31,Q1,35092000.0,31204750.0,3887250.0,0.11077311068049699,0.0,2737000.0,0.0,0.0,2536250.0,33940500.0,1500.0,111250.0,1262750.0,0.03598398495383563,1151500.0,0.03281374672289981,0.0,1282250.0,0.03653966716060641,384250.0,857250.0,0.024428644705345948,0.01775,0.0172,48327590.0,49901845.0,https://find-and-update.company-information.service.gov.uk/search/companies?q=Air+Partner+PLC,https://find-and-update.company-information.service.gov.uk/search/companies?q=Air+Partner+PLC,1620586393,14:53:13,20210509
52,2005-09-30,AIR.L,GBP,2005-09-30,2005-09-30,Q3,30630250.0,27070750.0,3559500.0,0.1162086499457236,0.0,2565750.0,0.0,0.0,2357500.0,29636000.0,7250.0,124000.0,1118250.0,0.03650802719533794,994250.0,0.03245974159531835,0.0,1103500.0,0.03602647709372271,356750.0,726000.0,0.023702059238824364,0.0153,0.0149,47476185.0,48727610.0,https://find-and-update.company-information.service.gov.uk/search/companies?q=Air+Partner+PLC,https://find-and-update.company-information.service.gov.uk/search/companies?q=Air+Partner+PLC,1620586393,14:53:13,20210509
53,2005-06-30,AIR.L,GBP,2005-06-30,2005-06-30,Q2,30630250.0,27070750.0,3559500.0,0.1162086499457236,0.0,2565750.0,0.0,0.0,2357500.0,29636000.0,7250.0,124000.0,1118250.0,0.03650802719533794,994250.0,0.03245974159531835,0.0,1103500.0,0.03602647709372271,356750.0,726000.0,0.023702059238824364,0.0153,0.0149,47476185.0,48727610.0,https://find-and-update.company-information.service.gov.uk/search/companies?q=Air+Partner+PLC,https://find-and-update.company-information.service.gov.uk/search/companies?q=Air+Partner+PLC,1620586393,14:53:13,20210509
54,2005-03-31,AIR.L,GBP,2005-03-31,2005-03-31,Q1,30630250.0,27070750.0,3559500.0,0.1162086499457236,0.0,2565750.0,0.0,0.0,2357500.0,29636000.0,7250.0,124000.0,1118250.0,0.03650802719533794,994250.0,0.03245974159531835,0.0,1103500.0,0.03602647709372271,356750.0,726000.0,0.023702059238824364,0.0153,0.0149,47476185.0,48727610.0,https://find-and-update.company-information.service.gov.uk/search/companies?q=Air+Partner+PLC,https://find-and-update.company-information.service.gov.uk/search/companies?q=Air+Partner+PLC,1620586393,14:53:13,20210509
55,2005-01-31,AIR.L,GBP,2005-01-31,2005-01-31,Q1,30630250.0,27070750.0,3559500.0,0.1162086499457236,0.0,2565750.0,0.0,0.0,2357500.0,29636000.0,7250.0,124000.0,1118250.0,0.03650802719533794,994250.0,0.03245974159531835,0.0,1103500.0,0.03602647709372271,356750.0,726000.0,0.023702059238824364,0.0153,0.0149,47476185.0,48727610.0,https://find-and-update.company-information.service.gov.uk/search/companies?q=Air+Partner+PLC,https://find-and-update.company-information.service.gov.uk/search/companies?q=Air+Partner+PLC,1620586393,14:53:13,20210509
56,2004-09-30,AIR.L,GBP,2004-09-30,2004-09-30,Q3,25149250.0,22199000.0,2950250.0,0.1173096613219082,0.0,2074250.0,0.0,-51250.0,1870500.0,24273000.0,8500.0,147250.0,1023500.0,0.040697038679085855,876250.0,0.034841993299999006,0.0,927250.0,0.036869886775947595,293500.0,581000.0,0.023102080578943706,0.0125,0.01235,46515690.0,47044534.0,https://find-and-update.company-information.service.gov.uk/search/companies?q=Air+Partner+PLC,https://find-and-update.company-information.service.gov.uk/search/companies?q=Air+Partner+PLC,1620586393,14:53:13,20210509
57,2004-06-30,AIR.L,GBP,2004-06-30,2004-06-30,Q2,25149250.0,22199000.0,2950250.0,0.1173096613219082,0.0,2074250.0,0.0,-51250.0,1870500.0,24273000.0,8500.0,147250.0,1023500.0,0.040697038679085855,876250.0,0.034841993299999006,0.0,927250.0,0.036869886775947595,293500.0,581000.0,0.023102080578943706,0.0125,0.01235,46515690.0,47044534.0,https://find-and-update.company-information.service.gov.uk/search/companies?q=Air+Partner+PLC,https://find-and-update.company-information.service.gov.uk/search/companies?q=Air+Partner+PLC,1620586393,14:53:13,20210509
58,2004-03-31,AIR.L,GBP,2004-03-31,2004-03-31,Q1,25149250.0,22199000.0,2950250.0,0.1173096613219082,0.0,2074250.0,0.0,-51250.0,1870500.0,24273000.0,8500.0,147250.0,1023500.0,0.040697038679085855,876250.0,0.034841993299999006,0.0,927250.0,0.036869886775947595,293500.0,581000.0,0.023102080578943706,0.0125,0.01235,46515690.0,47044534.0,https://find-and-update.company-information.service.gov.uk/search/companies?q=Air+Partner+PLC,https://find-and-update.company-information.service.gov.uk/search/companies?q=Air+Partner+PLC,1620586393,14:53:13,20210509
59,2004-01-31,AIR.L,GBP,2004-01-31,2004-01-31,Q1,25149250.0,22199000.0,2950250.0,0.1173096613219082,0.0,2074250.0,0.0,-51250.0,1870500.0,24273000.0,8500.0,147250.0,1023500.0,0.040697038679085855,876250.0,0.034841993299999006,0.0,927250.0,0.036869886775947595,293500.0,581000.0,0.023102080578943706,0.0125,0.01235,46515690.0,47044534.0,https://find-and-update.company-information.service.gov.uk/search/companies?q=Air+Partner+PLC,https://find-and-update.company-information.service.gov.uk/search/companies?q=Air+Partner+PLC,1620586393,14:53:13,20210509
60,2003-09-30,AIR.L,GBP,2003-09-30,2003-09-30,Q3,28667750.0,25778500.0,2889250.0,0.1007839820006802,0.0,2217250.0,0.0,-42750.0,2000000.0,27972750.0,18250.0,134000.0,829000.0,0.028917511838215417,695000.0,0.024243269876429087,0.0,714750.0,0.024932197329752073,227250.0,434750.0,0.015165124573780641,0.0094,0.0094,46500000.0,46500000.0,https://find-and-update.company-information.service.gov.uk/search/companies?q=Air+Partner+PLC,https://find-and-update.company-information.service.gov.uk/search/companies?q=Air+Partner+PLC,1620586393,14:53:13,20210509
61,2003-06-30,AIR.L,GBP,2003-06-30,2003-06-30,Q2,28667750.0,25778500.0,2889250.0,0.1007839820006802,0.0,2217250.0,0.0,-42750.0,2000000.0,27972750.0,18250.0,134000.0,829000.0,0.028917511838215417,695000.0,0.024243269876429087,0.0,714750.0,0.024932197329752073,227250.0,434750.0,0.015165124573780641,0.0094,0.0094,46500000.0,46500000.0,https://find-and-update.company-information.service.gov.uk/search/companies?q=Air+Partner+PLC,https://find-and-update.company-information.service.gov.uk/search/companies?q=Air+Partner+PLC,1620586393,14:53:13,20210509
62,2003-03-31,AIR.L,GBP,2003-03-31,2003-03-31,Q1,28667750.0,25778500.0,2889250.0,0.1007839820006802,0.0,2217250.0,0.0,-42750.0,2000000.0,27972750.0,18250.0,134000.0,829000.0,0.028917511838215417,695000.0,0.024243269876429087,0.0,714750.0,0.024932197329752073,227250.0,434750.0,0.015165124573780641,0.0094,0.0094,46500000.0,46500000.0,https://find-and-update.company-information.service.gov.uk/search/companies?q=Air+Partner+PLC,https://find-and-update.company-information.service.gov.uk/search/companies?q=Air+Partner+PLC,1620586393,14:53:13,20210509
63,2003-01-31,AIR.L,GBP,2003-01-31,2003-01-31,Q1,28667750.0,25778500.0,2889250.0,0.1007839820006802,0.0,2217250.0,0.0,-42750.0,2000000.0,27972750.0,18250.0,134000.0,829000.0,0.028917511838215417,695000.0,0.024243269876429087,0.0,714750.0,0.024932197329752073,227250.0,434750.0,0.015165124573780641,0.0094,0.0094,46500000.0,46500000.0,https://find-and-update.company-information.service.gov.uk/search/companies?q=Air+Partner+PLC,https://find-and-update.company-information.service.gov.uk/search/companies?q=Air+Partner+PLC,1620586393,14:53:13,20210509
64,2002-09-30,AIR.L,GBP,2002-09-30,2002-09-30,Q3,25175000.0,22485000.0,2690000.0,0.10685203574975173,0.0,1738750.0,0.0,-56000.0,1549250.0,24226750.0,22750.0,126250.0,1074500.0,0.042681231380337636,948250.0,0.03766633565044687,0.0,1007250.0,0.04000993048659384,304500.0,666250.0,0.026464746772591856,0.01475,0.01435,45170000.0,46428571.0,https://find-and-update.company-information.service.gov.uk/search/companies?q=Air+Partner+PLC,https://find-and-update.company-information.service.gov.uk/search/companies?q=Air+Partner+PLC,1620586393,14:53:13,20210509
65,2002-06-30,AIR.L,GBP,2002-06-30,2002-06-30,Q2,25175000.0,22485000.0,2690000.0,0.10685203574975173,0.0,1738750.0,0.0,-56000.0,1549250.0,24226750.0,22750.0,126250.0,1074500.0,0.042681231380337636,948250.0,0.03766633565044687,0.0,1007250.0,0.04000993048659384,304500.0,666250.0,0.026464746772591856,0.01475,0.01435,45170000.0,46428571.0,https://find-and-update.company-information.service.gov.uk/search/companies?q=Air+Partner+PLC,https://find-and-update.company-information.service.gov.uk/search/companies?q=Air+Partner+PLC,1620586393,14:53:13,20210509
66,2002-03-31,AIR.L,GBP,2002-03-31,2002-03-31,Q1,25175000.0,22485000.0,2690000.0,0.10685203574975173,0.0,1738750.0,0.0,-56000.0,1549250.0,24226750.0,22750.0,126250.0,1074500.0,0.042681231380337636,948250.0,0.03766633565044687,0.0,1007250.0,0.04000993048659384,304500.0,666250.0,0.026464746772591856,0.01475,0.01435,45170000.0,46428571.0,https://find-and-update.company-information.service.gov.uk/search/companies?q=Air+Partner+PLC,https://find-and-update.company-information.service.gov.uk/search/companies?q=Air+Partner+PLC,1620586393,14:53:13,20210509
67,2002-01-31,AIR.L,GBP,2002-01-31,2002-01-31,Q1,25175000.0,22485000.0,2690000.0,0.10685203574975173,0.0,1738750.0,0.0,-56000.0,1549250.0,24226750.0,22750.0,126250.0,1074500.0,0.042681231380337636,948250.0,0.03766633565044687,0.0,1007250.0,0.04000993048659384,304500.0,666250.0,0.026464746772591856,0.01475,0.01435,45170000.0,46428571.0,https://find-and-update.company-information.service.gov.uk/search/companies?q=Air+Partner+PLC,https://find-and-update.company-information.service.gov.uk/search/companies?q=Air+Partner+PLC,1620586393,14:53:13,20210509
68,2001-09-30,AIR.L,GBP,2001-09-30,2001-09-30,Q3,22291500.0,0.0,0.0,0.0,0.0,0.0,0.0,0.0,21671500.0,21856500.0,11000.0,112500.0,547500.0,0.024560931296682593,435000.0,0.0195141645918848,0.0,544250.0,0.024415135814099546,157000.0,347250.0,0.01557768656214252,0.0077,0.0075,45240000.0,46195000.0,https://find-and-update.company-information.service.gov.uk/search/companies?q=Air+Partner+PLC,https://find-and-update.company-information.service.gov.uk/search/companies?q=Air+Partner+PLC,1620586393,14:53:13,20210509
69,2001-06-30,AIR.L,GBP,2001-06-30,2001-06-30,Q2,22291500.0,0.0,0.0,0.0,0.0,0.0,0.0,0.0,21671500.0,21856500.0,11000.0,112500.0,547500.0,0.024560931296682593,435000.0,0.0195141645918848,0.0,544250.0,0.024415135814099546,157000.0,347250.0,0.01557768656214252,0.0077,0.0075,45240000.0,46195000.0,https://find-and-update.company-information.service.gov.uk/search/companies?q=Air+Partner+PLC,https://find-and-update.company-information.service.gov.uk/search/companies?q=Air+Partner+PLC,1620586393,14:53:13,20210509
70,2001-03-31,AIR.L,GBP,2001-03-31,2001-03-31,Q1,22291500.0,0.0,0.0,0.0,0.0,0.0,0.0,0.0,21671500.0,21856500.0,11000.0,112500.0,547500.0,0.024560931296682593,435000.0,0.0195141645918848,0.0,544250.0,0.024415135814099546,157000.0,347250.0,0.01557768656214252,0.0077,0.0075,45240000.0,46195000.0,https://find-and-update.company-information.service.gov.uk/search/companies?q=Air+Partner+PLC,https://find-and-update.company-information.service.gov.uk/search/companies?q=Air+Partner+PLC,1620586393,14:53:13,20210509
71,2001-01-31,AIR.L,GBP,2001-01-31,2001-01-31,Q1,22291500.0,0.0,0.0,0.0,0.0,0.0,0.0,0.0,21671500.0,21856500.0,11000.0,112500.0,547500.0,0.024560931296682593,435000.0,0.0195141645918848,0.0,544250.0,0.024415135814099546,157000.0,347250.0,0.01557768656214252,0.0077,0.0075,45240000.0,46195000.0,https://find-and-update.company-information.service.gov.uk/search/companies?q=Air+Partner+PLC,https://find-and-update.company-information.service.gov.uk/search/companies?q=Air+Partner+PLC,1620586393,14:53:13,20210509
72,2000-09-30,AIR.L,GBP,2000-09-30,2000-09-30,Q3,18446000.0,0.0,0.0,0.0,0.0,0.0,0.0,0.0,17749500.0,17865500.0,10250.0,56000.0,636500.0,0.034506125989374394,580500.0,0.031470237449853625,0.0,666750.0,0.036146047923669086,225250.0,393250.0,0.021318985145831075,0.0087,0.00845,45140000.0,46610000.0,https://find-and-update.company-information.service.gov.uk/search/companies?q=Air+Partner+PLC,https://find-and-update.company-information.service.gov.uk/search/companies?q=Air+Partner+PLC,1620586393,14:53:13,20210509
73,2000-06-30,AIR.L,GBP,2000-06-30,2000-06-30,Q2,18446000.0,0.0,0.0,0.0,0.0,0.0,0.0,0.0,17749500.0,17865500.0,10250.0,56000.0,636500.0,0.034506125989374394,580500.0,0.031470237449853625,0.0,666750.0,0.036146047923669086,225250.0,393250.0,0.021318985145831075,0.0087,0.00845,45140000.0,46610000.0,https://find-and-update.company-information.service.gov.uk/search/companies?q=Air+Partner+PLC,https://find-and-update.company-information.service.gov.uk/search/companies?q=Air+Partner+PLC,1620586393,14:53:13,20210509
74,2000-03-31,AIR.L,GBP,2000-03-31,2000-03-31,Q1,18446000.0,0.0,0.0,0.0,0.0,0.0,0.0,0.0,17749500.0,17865500.0,10250.0,56000.0,636500.0,0.034506125989374394,580500.0,0.031470237449853625,0.0,666750.0,0.036146047923669086,225250.0,393250.0,0.021318985145831075,0.0087,0.00845,45140000.0,46610000.0,https://find-and-update.company-information.service.gov.uk/search/companies?q=Air+Partner+PLC,https://find-and-update.company-information.service.gov.uk/search/companies?q=Air+Partner+PLC,1620586393,14:53:13,20210509
75,2000-01-31,AIR.L,GBP,2000-01-31,2000-01-31,Q1,18446000.0,0.0,0.0,0.0,0.0,0.0,0.0,0.0,17749500.0,17865500.0,10250.0,56000.0,636500.0,0.034506125989374394,580500.0,0.031470237449853625,0.0,666750.0,0.036146047923669086,225250.0,393250.0,0.021318985145831075,0.0087,0.00845,45140000.0,46610000.0,https://find-and-update.company-information.service.gov.uk/search/companies?q=Air+Partner+PLC,https://find-and-update.company-information.service.gov.uk/search/companies?q=Air+Partner+PLC,1620586393,14:53:13,20210509
76,1999-09-30,AIR.L,GBP,1999-09-30,1999-09-30,Q3,15896250.0,0.0,0.0,0.0,0.0,0.0,0.0,0.0,15206250.0,15297000.0,500.0,51500.0,650750.0,0.04093732798616026,599250.0,0.037697570181646614,0.0,692750.0,0.04357946056459857,239250.0,426750.0,0.026845954234489267,0.00945,0.00915,45125000.0,46580000.0,https://find-and-update.company-information.service.gov.uk/search/companies?q=Air+Partner+PLC,https://find-and-update.company-information.service.gov.uk/search/companies?q=Air+Partner+PLC,1620586393,14:53:13,20210509
77,1999-06-30,AIR.L,GBP,1999-06-30,1999-06-30,Q2,15896250.0,0.0,0.0,0.0,0.0,0.0,0.0,0.0,15206250.0,15297000.0,500.0,51500.0,650750.0,0.04093732798616026,599250.0,0.037697570181646614,0.0,692750.0,0.04357946056459857,239250.0,426750.0,0.026845954234489267,0.00945,0.00915,45125000.0,46580000.0,https://find-and-update.company-information.service.gov.uk/search/companies?q=Air+Partner+PLC,https://find-and-update.company-information.service.gov.uk/search/companies?q=Air+Partner+PLC,1620586393,14:53:13,20210509
78,1999-03-31,AIR.L,GBP,1999-03-31,1999-03-31,Q1,15896250.0,0.0,0.0,0.0,0.0,0.0,0.0,0.0,15206250.0,15297000.0,500.0,51500.0,650750.0,0.04093732798616026,599250.0,0.037697570181646614,0.0,692750.0,0.04357946056459857,239250.0,426750.0,0.026845954234489267,0.00945,0.00915,45125000.0,46580000.0,https://find-and-update.company-information.service.gov.uk/search/companies?q=Air+Partner+PLC,https://find-and-update.company-information.service.gov.uk/search/companies?q=Air+Partner+PLC,1620586393,14:53:13,20210509
79,1999-01-31,AIR.L,GBP,1999-01-31,1999-01-31,Q1,15896250.0,0.0,0.0,0.0,0.0,0.0,0.0,0.0,15206250.0,15297000.0,500.0,51500.0,650750.0,0.04093732798616026,599250.0,0.037697570181646614,0.0,692750.0,0.04357946056459857,239250.0,426750.0,0.026845954234489267,0.00945,0.00915,45125000.0,46580000.0,https://find-and-update.company-information.service.gov.uk/search/companies?q=Air+Partner+PLC,https://find-and-update.company-information.service.gov.uk/search/companies?q=Air+Partner+PLC,1620586393,14:53:13,20210509
80,1998-09-30,AIR.L,GBP,1998-09-30,1998-09-30,Q3,13013500.0,0.0,0.0,0.0,0.0,0.0,0.0,0.0,12234000.0,12310250.0,0.0,40750.0,744000.0,0.057171398931878434,703250.0,0.05404003534790794,0.0,807000.0,0.06201252545433588,276750.0,494000.0,0.03796057939831713,0.01095,0.01065,45055000.0,46360000.0,https://find-and-update.company-information.service.gov.uk/search/companies?q=Air+Partner+PLC,https://find-and-update.company-information.service.gov.uk/search/companies?q=Air+Partner+PLC,1620586393,14:53:13,20210509
81,1998-06-30,AIR.L,GBP,1998-06-30,1998-06-30,Q2,13013500.0,0.0,0.0,0.0,0.0,0.0,0.0,0.0,12234000.0,12310250.0,0.0,40750.0,744000.0,0.057171398931878434,703250.0,0.05404003534790794,0.0,807000.0,0.06201252545433588,276750.0,494000.0,0.03796057939831713,0.01095,0.01065,45055000.0,46360000.0,https://find-and-update.company-information.service.gov.uk/search/companies?q=Air+Partner+PLC,https://find-and-update.company-information.service.gov.uk/search/companies?q=Air+Partner+PLC,1620586393,14:53:13,20210509
82,1998-03-31,AIR.L,GBP,1998-03-31,1998-03-31,Q1,13013500.0,0.0,0.0,0.0,0.0,0.0,0.0,0.0,12234000.0,12310250.0,0.0,40750.0,744000.0,0.057171398931878434,703250.0,0.05404003534790794,0.0,807000.0,0.06201252545433588,276750.0,494000.0,0.03796057939831713,0.01095,0.01065,45055000.0,46360000.0,https://find-and-update.company-information.service.gov.uk/search/companies?q=Air+Partner+PLC,https://find-and-update.company-information.service.gov.uk/search/companies?q=Air+Partner+PLC,1620586393,14:53:13,20210509
83,1998-01-31,AIR.L,GBP,1998-01-31,1998-01-31,Q1,13013500.0,0.0,0.0,0.0,0.0,0.0,0.0,0.0,12234000.0,12310250.0,0.0,40750.0,744000.0,0.057171398931878434,703250.0,0.05404003534790794,0.0,807000.0,0.06201252545433588,276750.0,494000.0,0.03796057939831713,0.01095,0.01065,45055000.0,46360000.0,https://find-and-update.company-information.service.gov.uk/search/companies?q=Air+Partner+PLC,https://find-and-update.company-information.service.gov.uk/search/companies?q=Air+Partner+PLC,1620586393,14:53:13,20210509
84,1997-09-30,AIR.L,GBP,1997-09-30,1997-09-30,Q3,10007000.0,0.0,0.0,0.0,0.0,0.0,0.0,0.0,9454750.0,9517250.0,0.0,37000.0,526750.0,0.05263815329269511,489750.0,0.04894074148096333,0.0,580750.0,0.05803437593684421,206250.0,367000.0,0.03667432797042071,0.00815,0.00775,45030000.0,45030000.0,https://find-and-update.company-information.service.gov.uk/search/companies?q=Air+Partner+PLC,https://find-and-update.company-information.service.gov.uk/search/companies?q=Air+Partner+PLC,1620586393,14:53:13,20210509
85,1997-06-30,AIR.L,GBP,1997-06-30,1997-06-30,Q2,10007000.0,0.0,0.0,0.0,0.0,0.0,0.0,0.0,9454750.0,9517250.0,0.0,37000.0,526750.0,0.05263815329269511,489750.0,0.04894074148096333,0.0,580750.0,0.05803437593684421,206250.0,367000.0,0.03667432797042071,0.00815,0.00775,45030000.0,45030000.0,https://find-and-update.company-information.service.gov.uk/search/companies?q=Air+Partner+PLC,https://find-and-update.company-information.service.gov.uk/search/companies?q=Air+Partner+PLC,1620586393,14:53:13,20210509
86,1997-03-31,AIR.L,GBP,1997-03-31,1997-03-31,Q1,10007000.0,0.0,0.0,0.0,0.0,0.0,0.0,0.0,9454750.0,9517250.0,0.0,37000.0,526750.0,0.05263815329269511,489750.0,0.04894074148096333,0.0,580750.0,0.05803437593684421,206250.0,367000.0,0.03667432797042071,0.00815,0.00775,45030000.0,45030000.0,https://find-and-update.company-information.service.gov.uk/search/companies?q=Air+Partner+PLC,https://find-and-update.company-information.service.gov.uk/search/companies?q=Air+Partner+PLC,1620586393,14:53:13,20210509
87,1997-01-31,AIR.L,GBP,1997-01-31,1997-01-31,Q1,10007000.0,0.0,0.0,0.0,0.0,0.0,0.0,0.0,9454750.0,9517250.0,0.0,37000.0,526750.0,0.05263815329269511,489750.0,0.04894074148096333,0.0,580750.0,0.05803437593684421,206250.0,367000.0,0.03667432797042071,0.00815,0.00775,45030000.0,45030000.0,https://find-and-update.company-information.service.gov.uk/search/companies?q=Air+Partner+PLC,https://find-and-update.company-information.service.gov.uk/search/companies?q=Air+Partner+PLC,1620586393,14:53:13,20210509
88,1996-09-30,AIR.L,GBP,1996-09-30,1996-09-30,Q3,8747500.0,0.0,0.0,0.0,0.0,0.0,0.0,0.0,8189750.0,8254500.0,0.0,51250.0,544250.0,0.06221777650757359,493000.0,0.05635895970277222,0.0,548250.0,0.0626750500142898,201250.0,333500.0,0.03812517862246356,0.00745,0.0073,44900000.0,44900000.0,https://find-and-update.company-information.service.gov.uk/search/companies?q=Air+Partner+PLC,https://find-and-update.company-information.service.gov.uk/search/companies?q=Air+Partner+PLC,1620586393,14:53:13,20210509
89,1996-06-30,AIR.L,GBP,1996-06-30,1996-06-30,Q2,8747500.0,0.0,0.0,0.0,0.0,0.0,0.0,0.0,8189750.0,8254500.0,0.0,51250.0,544250.0,0.06221777650757359,493000.0,0.05635895970277222,0.0,548250.0,0.0626750500142898,201250.0,333500.0,0.03812517862246356,0.00745,0.0073,44900000.0,44900000.0,https://find-and-update.company-information.service.gov.uk/search/companies?q=Air+Partner+PLC,https://find-and-update.company-information.service.gov.uk/search/companies?q=Air+Partner+PLC,1620586393,14:53:13,20210509
90,1996-03-31,AIR.L,GBP,1996-03-31,1996-03-31,Q1,8747500.0,0.0,0.0,0.0,0.0,0.0,0.0,0.0,8189750.0,8254500.0,0.0,51250.0,544250.0,0.06221777650757359,493000.0,0.05635895970277222,0.0,548250.0,0.0626750500142898,201250.0,333500.0,0.03812517862246356,0.00745,0.0073,44900000.0,44900000.0,https://find-and-update.company-information.service.gov.uk/search/companies?q=Air+Partner+PLC,https://find-and-update.company-information.service.gov.uk/search/companies?q=Air+Partner+PLC,1620586393,14:53:13,20210509
91,1996-01-31,AIR.L,GBP,1996-01-31,1996-01-31,Q1,8747500.0,0.0,0.0,0.0,0.0,0.0,0.0,0.0,8189750.0,8254500.0,0.0,51250.0,544250.0,0.06221777650757359,493000.0,0.05635895970277222,0.0,548250.0,0.0626750500142898,201250.0,333500.0,0.03812517862246356,0.00745,0.0073,44900000.0,44900000.0,https://find-and-update.company-information.service.gov.uk/search/companies?q=Air+Partner+PLC,https://find-and-update.company-information.service.gov.uk/search/companies?q=Air+Partner+PLC,1620586393,14:53:13,20210509
92,1995-09-30,AIR.L,GBP,1995-09-30,1995-09-30,Q3,7257000.0,0.0,0.0,0.0,0.0,0.0,0.0,0.0,7013250.0,7039750.0,0.0,17000.0,234250.0,0.03227917872399063,217250.0,0.02993661292545129,0.0,268000.0,0.03692986082403197,97250.0,168250.0,0.02318451150613201,0.0038,0.0038,44410000.0,44410000.0,https://find-and-update.company-information.service.gov.uk/search/companies?q=Air+Partner+PLC,https://find-and-update.company-information.service.gov.uk/search/companies?q=Air+Partner+PLC,1620586393,14:53:13,20210509
93,1995-06-30,AIR.L,GBP,1995-06-30,1995-06-30,Q2,7257000.0,0.0,0.0,0.0,0.0,0.0,0.0,0.0,7013250.0,7039750.0,0.0,17000.0,234250.0,0.03227917872399063,217250.0,0.02993661292545129,0.0,268000.0,0.03692986082403197,97250.0,168250.0,0.02318451150613201,0.0038,0.0038,44410000.0,44410000.0,https://find-and-update.company-information.service.gov.uk/search/companies?q=Air+Partner+PLC,https://find-and-update.company-information.service.gov.uk/search/companies?q=Air+Partner+PLC,1620586393,14:53:13,20210509
94,1995-03-31,AIR.L,GBP,1995-03-31,1995-03-31,Q1,7257000.0,0.0,0.0,0.0,0.0,0.0,0.0,0.0,7013250.0,7039750.0,0.0,17000.0,234250.0,0.03227917872399063,217250.0,0.02993661292545129,0.0,268000.0,0.03692986082403197,97250.0,168250.0,0.02318451150613201,0.0038,0.0038,44410000.0,44410000.0,https://find-and-update.company-information.service.gov.uk/search/companies?q=Air+Partner+PLC,https://find-and-update.company-information.service.gov.uk/search/companies?q=Air+Partner+PLC,1620586393,14:53:13,20210509
95,1995-01-31,AIR.L,GBP,1995-01-31,1995-01-31,Q1,7257000.0,0.0,0.0,0.0,0.0,0.0,0.0,0.0,7013250.0,7039750.0,0.0,17000.0,234250.0,0.03227917872399063,217250.0,0.02993661292545129,0.0,268000.0,0.03692986082403197,97250.0,168250.0,0.02318451150613201,0.0038,0.0038,44410000.0,44410000.0,https://find-and-update.company-information.service.gov.uk/search/companies?q=Air+Partner+PLC,https://find-and-update.company-information.service.gov.uk/search/companies?q=Air+Partner+PLC,1620586393,14:53:13,20210509
96,1994-09-30,AIR.L,GBP,1994-09-30,1994-09-30,Q3,4528500.0,0.0,0.0,0.0,0.0,0.0,0.0,0.0,4385000.0,4403500.0,0.0,18500.0,143500.0,0.03168819697471569,125000.0,0.027602959037208788,0.0,160000.0,0.03533178756762725,55750.0,104250.0,0.02302086783703213,0.00235,0.00235,44335000.0,44335000.0,https://find-and-update.company-information.service.gov.uk/search/companies?q=Air+Partner+PLC,https://find-and-update.company-information.service.gov.uk/search/companies?q=Air+Partner+PLC,1620586393,14:53:13,20210509
97,1994-06-30,AIR.L,GBP,1994-06-30,1994-06-30,Q2,4528500.0,0.0,0.0,0.0,0.0,0.0,0.0,0.0,4385000.0,4403500.0,0.0,18500.0,143500.0,0.03168819697471569,125000.0,0.027602959037208788,0.0,160000.0,0.03533178756762725,55750.0,104250.0,0.02302086783703213,0.00235,0.00235,44335000.0,44335000.0,https://find-and-update.company-information.service.gov.uk/search/companies?q=Air+Partner+PLC,https://find-and-update.company-information.service.gov.uk/search/companies?q=Air+Partner+PLC,1620586393,14:53:13,20210509
98,1994-03-31,AIR.L,GBP,1994-03-31,1994-03-31,Q1,4528500.0,0.0,0.0,0.0,0.0,0.0,0.0,0.0,4385000.0,4403500.0,0.0,18500.0,143500.0,0.03168819697471569,125000.0,0.027602959037208788,0.0,160000.0,0.03533178756762725,55750.0,104250.0,0.02302086783703213,0.00235,0.00235,44335000.0,44335000.0,https://find-and-update.company-information.service.gov.uk/search/companies?q=Air+Partner+PLC,https://find-and-update.company-information.service.gov.uk/search/companies?q=Air+Partner+PLC,1620586393,14:53:13,20210509
99,1994-01-31,AIR.L,GBP,1994-01-31,1994-01-31,Q1,4528500.0,0.0,0.0,0.0,0.0,0.0,0.0,0.0,4385000.0,4403500.0,0.0,18500.0,143500.0,0.03168819697471569,125000.0,0.027602959037208788,0.0,160000.0,0.03533178756762725,55750.0,104250.0,0.02302086783703213,0.00235,0.00235,44335000.0,44335000.0,https://find-and-update.company-information.service.gov.uk/search/companies?q=Air+Partner+PLC,https://find-and-update.company-information.service.gov.uk/search/companies?q=Air+Partner+PLC,1620586393,14:53:13,20210509
100,1993-09-30,AIR.L,GBP,1993-09-30,1993-09-30,Q3,3804000.0,0.0,0.0,0.0,0.0,0.0,0.0,0.0,3666250.0,3684000.0,0.0,17750.0,137750.0,0.036211882229232384,120000.0,0.031545741324921134,0.0,181500.0,0.04771293375394322,58250.0,123250.0,0.03240010515247108,0.0028,0.0028,44295000.0,44295000.0,https://find-and-update.company-information.service.gov.uk/search/companies?q=Air+Partner+PLC,https://find-and-update.company-information.service.gov.uk/search/companies?q=Air+Partner+PLC,1620586393,14:53:13,20210509
101,1993-06-30,AIR.L,GBP,1993-06-30,1993-06-30,Q2,3804000.0,0.0,0.0,0.0,0.0,0.0,0.0,0.0,3666250.0,3684000.0,0.0,17750.0,137750.0,0.036211882229232384,120000.0,0.031545741324921134,0.0,181500.0,0.04771293375394322,58250.0,123250.0,0.03240010515247108,0.0028,0.0028,44295000.0,44295000.0,https://find-and-update.company-information.service.gov.uk/search/companies?q=Air+Partner+PLC,https://find-and-update.company-information.service.gov.uk/search/companies?q=Air+Partner+PLC,1620586393,14:53:13,20210509
102,1993-03-31,AIR.L,GBP,1993-03-31,1993-03-31,Q1,3804000.0,0.0,0.0,0.0,0.0,0.0,0.0,0.0,3666250.0,3684000.0,0.0,17750.0,137750.0,0.036211882229232384,120000.0,0.031545741324921134,0.0,181500.0,0.04771293375394322,58250.0,123250.0,0.03240010515247108,0.0028,0.0028,44295000.0,44295000.0,https://find-and-update.company-information.service.gov.uk/search/companies?q=Air+Partner+PLC,https://find-and-update.company-information.service.gov.uk/search/companies?q=Air+Partner+PLC,1620586393,14:53:13,20210509
103,1993-01-31,AIR.L,GBP,1993-01-31,1993-01-31,Q1,3804000.0,0.0,0.0,0.0,0.0,0.0,0.0,0.0,3666250.0,3684000.0,0.0,17750.0,137750.0,0.036211882229232384,120000.0,0.031545741324921134,0.0,181500.0,0.04771293375394322,58250.0,123250.0,0.03240010515247108,0.0028,0.0028,44295000.0,44295000.0,https://find-and-update.company-information.service.gov.uk/search/companies?q=Air+Partner+PLC,https://find-and-update.company-information.service.gov.uk/search/companies?q=Air+Partner+PLC,1620586393,14:53:13,20210509
104,1992-09-30,AIR.L,GBP,1992-09-30,1992-09-30,Q3,4457250.0,0.0,0.0,0.0,0.0,0.0,0.0,0.0,4256750.0,4276750.0,5500.0,20000.0,200500.0,0.04498289303943014,180500.0,0.04049582141454933,0.0,271750.0,0.06096808570306803,92500.0,179250.0,0.04021537943799428,0.00405,0.00405,44165000.0,44165000.0,https://find-and-update.company-information.service.gov.uk/search/companies?q=Air+Partner+PLC,https://find-and-update.company-information.service.gov.uk/search/companies?q=Air+Partner+PLC,1620586393,14:53:13,20210509
105,1992-06-30,AIR.L,GBP,1992-06-30,1992-06-30,Q2,4457250.0,0.0,0.0,0.0,0.0,0.0,0.0,0.0,4256750.0,4276750.0,5500.0,20000.0,200500.0,0.04498289303943014,180500.0,0.04049582141454933,0.0,271750.0,0.06096808570306803,92500.0,179250.0,0.04021537943799428,0.00405,0.00405,44165000.0,44165000.0,https://find-and-update.company-information.service.gov.uk/search/companies?q=Air+Partner+PLC,https://find-and-update.company-information.service.gov.uk/search/companies?q=Air+Partner+PLC,1620586393,14:53:13,20210509
106,1992-03-31,AIR.L,GBP,1992-03-31,1992-03-31,Q1,4457250.0,0.0,0.0,0.0,0.0,0.0,0.0,0.0,4256750.0,4276750.0,5500.0,20000.0,200500.0,0.04498289303943014,180500.0,0.04049582141454933,0.0,271750.0,0.06096808570306803,92500.0,179250.0,0.04021537943799428,0.00405,0.00405,44165000.0,44165000.0,https://find-and-update.company-information.service.gov.uk/search/companies?q=Air+Partner+PLC,https://find-and-update.company-information.service.gov.uk/search/companies?q=Air+Partner+PLC,1620586393,14:53:13,20210509
107,1992-01-31,AIR.L,GBP,1992-01-31,1992-01-31,Q1,4457250.0,0.0,0.0,0.0,0.0,0.0,0.0,0.0,4256750.0,4276750.0,5500.0,20000.0,200500.0,0.04498289303943014,180500.0,0.04049582141454933,0.0,271750.0,0.06096808570306803,92500.0,179250.0,0.04021537943799428,0.00405,0.00405,44165000.0,44165000.0,https://find-and-update.company-information.service.gov.uk/search/companies?q=Air+Partner+PLC,https://find-and-update.company-information.service.gov.uk/search/companies?q=Air+Partner+PLC,1620586393,14:53:13,20210509
108,1991-09-30,AIR.L,GBP,1991-09-30,1991-09-30,Q3,4835750.0,0.0,0.0,0.0,0.0,0.0,0.0,0.0,4815750.0,4835750.0,0.0,20000.0,20000.0,241.7875,0.0,0.0,0.0,300500.0,0.06214134312154268,103750.0,196750.0,0.04068655327508659,0.004455,0.004455,44165000.0,44165000.0,https://find-and-update.company-information.service.gov.uk/search/companies?q=Air+Partner+PLC,https://find-and-update.company-information.service.gov.uk/search/companies?q=Air+Partner+PLC,1620586393,14:53:13,20210509
109,1991-06-30,AIR.L,GBP,1991-06-30,1991-06-30,Q2,4835750.0,0.0,0.0,0.0,0.0,0.0,0.0,0.0,4815750.0,4835750.0,0.0,20000.0,20000.0,241.7875,0.0,0.0,0.0,300500.0,0.06214134312154268,103750.0,196750.0,0.04068655327508659,0.004455,0.004455,44165000.0,44165000.0,https://find-and-update.company-information.service.gov.uk/search/companies?q=Air+Partner+PLC,https://find-and-update.company-information.service.gov.uk/search/companies?q=Air+Partner+PLC,1620586393,14:53:13,20210509
110,1991-03-31,AIR.L,GBP,1991-03-31,1991-03-31,Q1,4835750.0,0.0,0.0,0.0,0.0,0.0,0.0,0.0,4815750.0,4835750.0,0.0,20000.0,20000.0,241.7875,0.0,0.0,0.0,300500.0,0.06214134312154268,103750.0,196750.0,0.04068655327508659,0.004455,0.004455,44165000.0,44165000.0,https://find-and-update.company-information.service.gov.uk/search/companies?q=Air+Partner+PLC,https://find-and-update.company-information.service.gov.uk/search/companies?q=Air+Partner+PLC,1620586393,14:53:13,20210509
111,1991-01-31,AIR.L,GBP,1991-01-31,1991-01-31,Q1,4835750.0,0.0,0.0,0.0,0.0,0.0,0.0,0.0,4815750.0,4835750.0,0.0,20000.0,20000.0,241.7875,0.0,0.0,0.0,300500.0,0.06214134312154268,103750.0,196750.0,0.04068655327508659,0.004455,0.004455,44165000.0,44165000.0,https://find-and-update.company-information.service.gov.uk/search/companies?q=Air+Partner+PLC,https://find-and-update.company-information.service.gov.uk/search/companies?q=Air+Partner+PLC,1620586393,14:53:13,20210509
112,1990-09-30,AIR.L,GBP,1990-09-30,1990-09-30,Q3,3358000.0,0.0,0.0,0.0,0.0,0.0,0.0,0.0,3341250.0,3358000.0,0.0,16750.0,16750.0,200.47761194029852,0.0,0.0,0.0,205500.0,0.06119714115544967,73250.0,132250.0,0.039383561643835614,0.00311175,0.00311175,42500000.0,42500000.0,https://find-and-update.company-information.service.gov.uk/search/companies?q=Air+Partner+PLC,https://find-and-update.company-information.service.gov.uk/search/companies?q=Air+Partner+PLC,1620586393,14:53:13,20210509
113,1990-06-30,AIR.L,GBP,1990-06-30,1990-06-30,Q2,3358000.0,0.0,0.0,0.0,0.0,0.0,0.0,0.0,3341250.0,3358000.0,0.0,16750.0,16750.0,200.47761194029852,0.0,0.0,0.0,205500.0,0.06119714115544967,73250.0,132250.0,0.039383561643835614,0.00311175,0.00311175,42500000.0,42500000.0,https://find-and-update.company-information.service.gov.uk/search/companies?q=Air+Partner+PLC,https://find-and-update.company-information.service.gov.uk/search/companies?q=Air+Partner+PLC,1620586393,14:53:13,20210509
114,1990-03-31,AIR.L,GBP,1990-03-31,1990-03-31,Q1,3358000.0,0.0,0.0,0.0,0.0,0.0,0.0,0.0,3341250.0,3358000.0,0.0,16750.0,16750.0,200.47761194029852,0.0,0.0,0.0,205500.0,0.06119714115544967,73250.0,132250.0,0.039383561643835614,0.00311175,0.00311175,42500000.0,42500000.0,https://find-and-update.company-information.service.gov.uk/search/companies?q=Air+Partner+PLC,https://find-and-update.company-information.service.gov.uk/search/companies?q=Air+Partner+PLC,1620586393,14:53:13,20210509
115,1990-01-31,AIR.L,GBP,1990-01-31,1990-01-31,Q1,3358000.0,0.0,0.0,0.0,0.0,0.0,0.0,0.0,3341250.0,3358000.0,0.0,16750.0,16750.0,200.47761194029852,0.0,0.0,0.0,205500.0,0.06119714115544967,73250.0,132250.0,0.039383561643835614,0.00311175,0.00311175,42500000.0,42500000.0,https://find-and-update.company-information.service.gov.uk/search/companies?q=Air+Partner+PLC,https://find-and-update.company-information.service.gov.uk/search/companies?q=Air+Partner+PLC,1620586393,14:53:13,20210509
116,1989-09-30,AIR.L,GBP,1989-09-30,1989-09-30,Q3,2620500.0,0.0,0.0,0.0,0.0,0.0,0.0,0.0,313750.0,2620500.0,500.0,12000.0,95250.0,27.511811023622048,0.0,0.0,0.0,82750.0,0.03157794314062202,30250.0,52500.0,0.02003434459072696,0.02625,0.02625,2000000.0,2000000.0,https://find-and-update.company-information.service.gov.uk/search/companies?q=Air+Partner+PLC,https://find-and-update.company-information.service.gov.uk/search/companies?q=Air+Partner+PLC,1620586393,14:53:13,20210509
117,1989-06-30,AIR.L,GBP,1989-06-30,1989-06-30,Q2,2620500.0,0.0,0.0,0.0,0.0,0.0,0.0,0.0,313750.0,2620500.0,500.0,12000.0,95250.0,27.511811023622048,0.0,0.0,0.0,82750.0,0.03157794314062202,30250.0,52500.0,0.02003434459072696,0.02625,0.02625,2000000.0,2000000.0,https://find-and-update.company-information.service.gov.uk/search/companies?q=Air+Partner+PLC,https://find-and-update.company-information.service.gov.uk/search/companies?q=Air+Partner+PLC,1620586393,14:53:13,20210509
118,1989-03-31,AIR.L,GBP,1989-03-31,1989-03-31,Q1,2620500.0,0.0,0.0,0.0,0.0,0.0,0.0,0.0,313750.0,2620500.0,500.0,12000.0,95250.0,27.511811023622048,0.0,0.0,0.0,82750.0,0.03157794314062202,30250.0,52500.0,0.02003434459072696,0.02625,0.02625,2000000.0,2000000.0,https://find-and-update.company-information.service.gov.uk/search/companies?q=Air+Partner+PLC,https://find-and-update.company-information.service.gov.uk/search/companies?q=Air+Partner+PLC,1620586393,14:53:13,20210509
119,1989-01-31,AIR.L,GBP,1989-01-31,1989-01-31,Q1,2620500.0,0.0,0.0,0.0,0.0,0.0,0.0,0.0,313750.0,2620500.0,500.0,12000.0,95250.0,27.511811023622048,0.0,0.0,0.0,82750.0,0.03157794314062202,30250.0,52500.0,0.02003434459072696,0.02625,0.02625,2000000.0,2000000.0,https://find-and-update.company-information.service.gov.uk/search/companies?q=Air+Partner+PLC,https://find-and-update.company-information.service.gov.uk/search/companies?q=Air+Partner+PLC,1620586393,14:53:13,20210509
120,1988-09-30,AIR.L,GBP,1988-09-30,1988-09-30,Q3,1747750.0,0.0,0.0,0.0,0.0,0.0,0.0,0.0,209750.0,1747750.0,0.0,6250.0,6250.0,279.64,0.0,0.0,0.0,31000.0,0.01773709054498641,6750.0,24250.0,0.013874982119868403,0.0194,0.0194,1250000.0,1250000.0,https://find-and-update.company-information.service.gov.uk/search/companies?q=Air+Partner+PLC,https://find-and-update.company-information.service.gov.uk/search/companies?q=Air+Partner+PLC,1620586393,14:53:13,20210509
121,1988-06-30,AIR.L,GBP,1988-06-30,1988-06-30,Q2,1747750.0,0.0,0.0,0.0,0.0,0.0,0.0,0.0,209750.0,1747750.0,0.0,6250.0,6250.0,279.64,0.0,0.0,0.0,31000.0,0.01773709054498641,6750.0,24250.0,0.013874982119868403,0.0194,0.0194,1250000.0,1250000.0,https://find-and-update.company-information.service.gov.uk/search/companies?q=Air+Partner+PLC,https://find-and-update.company-information.service.gov.uk/search/companies?q=Air+Partner+PLC,1620586393,14:53:13,20210509
122,1988-03-31,AIR.L,GBP,1988-03-31,1988-03-31,Q1,1747750.0,0.0,0.0,0.0,0.0,0.0,0.0,0.0,209750.0,1747750.0,0.0,6250.0,6250.0,279.64,0.0,0.0,0.0,31000.0,0.01773709054498641,6750.0,24250.0,0.013874982119868403,0.0194,0.0194,1250000.0,1250000.0,https://find-and-update.company-information.service.gov.uk/search/companies?q=Air+Partner+PLC,https://find-and-update.company-information.service.gov.uk/search/companies?q=Air+Partner+PLC,1620586393,14:53:13,20210509
123,1988-01-31,AIR.L,GBP,1988-01-31,1988-01-31,Q1,1747750.0,0.0,0.0,0.0,0.0,0.0,0.0,0.0,209750.0,1747750.0,0.0,6250.0,6250.0,279.64,0.0,0.0,0.0,31000.0,0.01773709054498641,6750.0,24250.0,0.013874982119868403,0.0194,0.0194,1250000.0,1250000.0,https://find-and-update.company-information.service.gov.uk/search/companies?q=Air+Partner+PLC,https://find-and-update.company-information.service.gov.uk/search/companies?q=Air+Partner+PLC,1620586393,14:53:13,20210509
124,1987-09-30,AIR.L,GBP,1987-09-30,1987-09-30,Q3,1282750.0,0.0,0.0,0.0,0.0,0.0,0.0,0.0,131000.0,1282750.0,0.0,3750.0,3750.0,342.06666666666666,0.0,0.0,0.0,3500.0,0.002728512960436562,1000.0,2500.0,0.0019489378288832587,0.005,0.005,500000.0,500000.0,https://find-and-update.company-information.service.gov.uk/search/companies?q=Air+Partner+PLC,https://find-and-update.company-information.service.gov.uk/search/companies?q=Air+Partner+PLC,1620586393,14:53:13,20210509
125,1987-06-30,AIR.L,GBP,1987-06-30,1987-06-30,Q2,1282750.0,0.0,0.0,0.0,0.0,0.0,0.0,0.0,131000.0,1282750.0,0.0,3750.0,3750.0,342.06666666666666,0.0,0.0,0.0,3500.0,0.002728512960436562,1000.0,2500.0,0.0019489378288832587,0.005,0.005,500000.0,500000.0,https://find-and-update.company-information.service.gov.uk/search/companies?q=Air+Partner+PLC,https://find-and-update.company-information.service.gov.uk/search/companies?q=Air+Partner+PLC,1620586393,14:53:13,20210509
126,1987-03-31,AIR.L,GBP,1987-03-31,1987-03-31,Q1,1282750.0,0.0,0.0,0.0,0.0,0.0,0.0,0.0,131000.0,1282750.0,0.0,3750.0,3750.0,342.06666666666666,0.0,0.0,0.0,3500.0,0.002728512960436562,1000.0,2500.0,0.0019489378288832587,0.005,0.005,500000.0,500000.0,https://find-and-update.company-information.service.gov.uk/search/companies?q=Air+Partner+PLC,https://find-and-update.company-information.service.gov.uk/search/companies?q=Air+Partner+PLC,1620586393,14:53:13,20210509
127,1987-01-31,AIR.L,GBP,1987-01-31,1987-01-31,Q1,1282750.0,0.0,0.0,0.0,0.0,0.0,0.0,0.0,131000.0,1282750.0,0.0,3750.0,3750.0,342.06666666666666,0.0,0.0,0.0,3500.0,0.002728512960436562,1000.0,2500.0,0.0019489378288832587,0.005,0.005,500000.0,500000.0,https://find-and-update.company-information.service.gov.uk/search/companies?q=Air+Partner+PLC,https://find-and-update.company-information.service.gov.uk/search/companies?q=Air+Partner+PLC,1620586393,14:53:13,20210509
128,1986-09-30,AIR.L,GBP,1986-09-30,1986-09-30,Q3,1086750.0,0.0,0.0,0.0,0.0,0.0,0.0,0.0,103750.0,1086750.0,0.0,3250.0,3250.0,334.38461538461536,0.0,0.0,0.0,-750.0,-0.0006901311249137336,0.0,-750.0,-0.0006901311249137336,-0.0015,-0.0015,500000.0,500000.0,https://find-and-update.company-information.service.gov.uk/search/companies?q=Air+Partner+PLC,https://find-and-update.company-information.service.gov.uk/search/companies?q=Air+Partner+PLC,1620586393,14:53:13,20210509
129,1986-06-30,AIR.L,GBP,1986-06-30,1986-06-30,Q2,1086750.0,0.0,0.0,0.0,0.0,0.0,0.0,0.0,103750.0,1086750.0,0.0,3250.0,3250.0,334.38461538461536,0.0,0.0,0.0,-750.0,-0.0006901311249137336,0.0,-750.0,-0.0006901311249137336,-0.0015,-0.0015,500000.0,500000.0,https://find-and-update.company-information.service.gov.uk/search/companies?q=Air+Partner+PLC,https://find-and-update.company-information.service.gov.uk/search/companies?q=Air+Partner+PLC,1620586393,14:53:13,20210509
130,1986-03-31,AIR.L,GBP,1986-03-31,1986-03-31,Q1,1086750.0,0.0,0.0,0.0,0.0,0.0,0.0,0.0,103750.0,1086750.0,0.0,3250.0,3250.0,334.38461538461536,0.0,0.0,0.0,-750.0,-0.0006901311249137336,0.0,-750.0,-0.0006901311249137336,-0.0015,-0.0015,500000.0,500000.0,https://find-and-update.company-information.service.gov.uk/search/companies?q=Air+Partner+PLC,https://find-and-update.company-information.service.gov.uk/search/companies?q=Air+Partner+PLC,1620586393,14:53:13,20210509
131,1986-01-31,AIR.L,GBP,1986-01-31,1986-01-31,Q1,1086750.0,0.0,0.0,0.0,0.0,0.0,0.0,0.0,103750.0,1086750.0,0.0,3250.0,3250.0,334.38461538461536,0.0,0.0,0.0,-750.0,-0.0006901311249137336,0.0,-750.0,-0.0006901311249137336,-0.0015,-0.0015,500000.0,500000.0,https://find-and-update.company-information.service.gov.uk/search/companies?q=Air+Partner+PLC,https://find-and-update.company-information.service.gov.uk/search/companies?q=Air+Partner+PLC,1620586393,14:53:13,20210509
