,date,symbol,reportedCurrency,fillingDate,acceptedDate,period,revenue,costOfRevenue,grossProfit,grossProfitRatio,researchAndDevelopmentExpenses,generalAndAdministrativeExpenses,sellingAndMarketingExpenses,otherExpenses,operatingExpenses,costAndExpenses,interestExpense,depreciationAndAmortization,ebitda,ebitdaratio,operatingIncome,operatingIncomeRatio,totalOtherIncomeExpensesNet,incomeBeforeTax,incomeBeforeTaxRatio,incomeTaxExpense,netIncome,netIncomeRatio,eps,epsdiluted,weightedAverageShsOut,weightedAverageShsOutDil,link,finalLink,timestamp,est_time,est_date
0,2021-01-31,SVB.TO,USD,2021-01-31,2021-01-31,Q1,0.0,10427.0,-10427.0,0.0,0.0,501346.0,0.0,0.0,843965.0,854392.0,0.0,10427.0,-843965.0,0.0,-854392.0,0.0,-2019.0,-856357.0,0.0,2037.0,-858394.0,0.0,-0.03,-0.03,33453738.0,33453738.0,https://www.sedar.com/ModifyCompanyDocumentSearchForm.do?lang=EN&company_search=SILVER BULL RESOURCES INC&document_selection=0&industry_group=A&FromDate=13&FromMonth=05&FromYear=2000&ToDate=13&ToMonth=11&ToYear=2020&Variable=Issuer,https://www.sedar.com/ModifyCompanyDocumentSearchForm.do?lang=EN&company_search=SILVER BULL RESOURCES INC&document_selection=0&industry_group=A&FromDate=13&FromMonth=05&FromYear=2000&ToDate=13&ToMonth=11&ToYear=2020&Variable=Issuer,1620598464,18:14:24,20210509
1,2020-10-31,SVB.TO,USD,2020-10-31,2020-10-31,Q4,0.0,7998.0,-7998.0,0.0,0.0,516524.0,0.0,0.0,684175.0,692173.0,0.0,7998.0,-684175.0,0.0,-692173.0,0.0,579.0,-691557.0,0.0,1250.0,-692807.0,0.0,-0.023452367565026347,-0.023452367565026347,29541026.0,29541026.0,https://www.sedar.com/ModifyCompanyDocumentSearchForm.do?lang=EN&company_search=SILVER BULL RESOURCES INC&document_selection=0&industry_group=A&FromDate=13&FromMonth=05&FromYear=2000&ToDate=13&ToMonth=11&ToYear=2020&Variable=Issuer,https://www.sedar.com/ModifyCompanyDocumentSearchForm.do?lang=EN&company_search=SILVER BULL RESOURCES INC&document_selection=0&industry_group=A&FromDate=13&FromMonth=05&FromYear=2000&ToDate=13&ToMonth=11&ToYear=2020&Variable=Issuer,1620598464,18:14:24,20210509
2,2020-07-31,SVB.TO,USD,2020-07-31,2020-07-31,Q3,0.0,8659.0,-8659.0,0.0,0.0,260161.0,0.0,0.0,484026.0,492685.0,0.0,8659.0,-484026.0,0.0,-492685.0,0.0,7589.0,-485032.0,0.0,1316.0,-486348.0,0.0,-0.016463,-0.016463,29541026.0,29541026.0,https://www.sedar.com/ModifyCompanyDocumentSearchForm.do?lang=EN&company_search=SILVER BULL RESOURCES INC&document_selection=0&industry_group=A&FromDate=13&FromMonth=05&FromYear=2000&ToDate=13&ToMonth=11&ToYear=2020&Variable=Issuer,https://www.sedar.com/ModifyCompanyDocumentSearchForm.do?lang=EN&company_search=SILVER BULL RESOURCES INC&document_selection=0&industry_group=A&FromDate=13&FromMonth=05&FromYear=2000&ToDate=13&ToMonth=11&ToYear=2020&Variable=Issuer,1620598464,18:14:24,20210509
3,2020-04-30,SVB.TO,USD,2020-04-30,2020-04-30,Q2,0.0,8916.0,-8916.0,0.0,0.0,350777.0,0.0,0.0,440473.0,449389.0,0.0,8916.0,-440473.0,0.0,-449389.0,0.0,-26537.0,-473818.0,0.0,4133.0,-477951.0,0.0,-0.016179,-0.016179,29541026.0,29541026.0,https://www.sedar.com/ModifyCompanyDocumentSearchForm.do?lang=EN&company_search=SILVER BULL RESOURCES INC&document_selection=0&industry_group=A&FromDate=13&FromMonth=05&FromYear=2000&ToDate=13&ToMonth=11&ToYear=2020&Variable=Issuer,https://www.sedar.com/ModifyCompanyDocumentSearchForm.do?lang=EN&company_search=SILVER BULL RESOURCES INC&document_selection=0&industry_group=A&FromDate=13&FromMonth=05&FromYear=2000&ToDate=13&ToMonth=11&ToYear=2020&Variable=Issuer,1620598464,18:14:24,20210509
4,2020-01-31,SVB.TO,USD,2020-01-31,2020-01-31,Q1,0.0,9121.0,-9121.0,0.0,0.0,345449.0,0.0,0.0,559557.0,568678.0,0.0,9121.0,-559557.0,0.0,-568678.0,0.0,-4002.0,-567200.0,0.0,1243.0,-568443.0,0.0,-0.019242,-0.019242,29541026.0,29541026.0,https://www.sedar.com/ModifyCompanyDocumentSearchForm.do?lang=EN&company_search=SILVER BULL RESOURCES INC&document_selection=0&industry_group=A&FromDate=13&FromMonth=05&FromYear=2000&ToDate=13&ToMonth=11&ToYear=2020&Variable=Issuer,https://www.sedar.com/ModifyCompanyDocumentSearchForm.do?lang=EN&company_search=SILVER BULL RESOURCES INC&document_selection=0&industry_group=A&FromDate=13&FromMonth=05&FromYear=2000&ToDate=13&ToMonth=11&ToYear=2020&Variable=Issuer,1620598464,18:14:24,20210509
5,2019-10-31,SVB.TO,USD,2019-10-31,2019-10-31,Q4,0.0,21160.0,-21160.0,0.0,0.0,348171.0,0.0,0.0,1120801.0,1141961.0,0.0,21160.0,-1120801.0,0.0,-1141961.0,0.0,17847.0,-1117057.0,0.0,325.0,-1117382.0,0.0,-0.03782475259999433,-0.03782475259999433,29541026.0,29541026.0,https://www.sedar.com/ModifyCompanyDocumentSearchForm.do?lang=EN&company_search=SILVER BULL RESOURCES INC&document_selection=0&industry_group=A&FromDate=13&FromMonth=05&FromYear=2000&ToDate=13&ToMonth=11&ToYear=2020&Variable=Issuer,https://www.sedar.com/ModifyCompanyDocumentSearchForm.do?lang=EN&company_search=SILVER BULL RESOURCES INC&document_selection=0&industry_group=A&FromDate=13&FromMonth=05&FromYear=2000&ToDate=13&ToMonth=11&ToYear=2020&Variable=Issuer,1620598464,18:14:24,20210509
6,2019-07-31,SVB.TO,USD,2019-07-31,2019-07-31,Q3,0.0,8361.0,-8361.0,0.0,0.0,373648.0,0.0,0.0,1496635.0,1504996.0,0.0,8361.0,-1496635.0,0.0,-1504996.0,0.0,-15483.0,-1505477.0,0.0,0.0,-1505477.0,0.0,-0.08,-0.08,29541026.0,29541026.0,https://www.sedar.com/ModifyCompanyDocumentSearchForm.do?lang=EN&company_search=SILVER BULL RESOURCES INC&document_selection=0&industry_group=A&FromDate=13&FromMonth=05&FromYear=2000&ToDate=13&ToMonth=11&ToYear=2020&Variable=Issuer,https://www.sedar.com/ModifyCompanyDocumentSearchForm.do?lang=EN&company_search=SILVER BULL RESOURCES INC&document_selection=0&industry_group=A&FromDate=13&FromMonth=05&FromYear=2000&ToDate=13&ToMonth=11&ToYear=2020&Variable=Issuer,1620598464,18:14:24,20210509
7,2019-04-30,SVB.TO,USD,2019-04-30,2019-04-30,Q2,0.0,7381.0,-7381.0,0.0,0.0,445853.0,0.0,0.0,813623.0,821004.0,0.0,7381.0,-813623.0,0.0,-821004.0,0.0,503692.0,-311047.0,0.0,3312.0,-314359.0,0.0,-0.010656,-0.010656,29501363.0,29501363.0,https://www.sedar.com/ModifyCompanyDocumentSearchForm.do?lang=EN&company_search=SILVER BULL RESOURCES INC&document_selection=0&industry_group=A&FromDate=13&FromMonth=05&FromYear=2000&ToDate=13&ToMonth=11&ToYear=2020&Variable=Issuer,https://www.sedar.com/ModifyCompanyDocumentSearchForm.do?lang=EN&company_search=SILVER BULL RESOURCES INC&document_selection=0&industry_group=A&FromDate=13&FromMonth=05&FromYear=2000&ToDate=13&ToMonth=11&ToYear=2020&Variable=Issuer,1620598464,18:14:24,20210509
8,2019-01-31,SVB.TO,USD,2019-01-31,2019-01-31,Q1,0.0,7217.0,-7217.0,0.0,0.0,418445.0,0.0,0.0,885790.0,893007.0,0.0,7217.0,-885790.0,0.0,-893007.0,0.0,-106791.0,-999679.0,0.0,1672.0,-1001351.0,0.0,-0.034107,-0.034107,29359070.0,29359070.0,https://www.sedar.com/ModifyCompanyDocumentSearchForm.do?lang=EN&company_search=SILVER BULL RESOURCES INC&document_selection=0&industry_group=A&FromDate=13&FromMonth=05&FromYear=2000&ToDate=13&ToMonth=11&ToYear=2020&Variable=Issuer,https://www.sedar.com/ModifyCompanyDocumentSearchForm.do?lang=EN&company_search=SILVER BULL RESOURCES INC&document_selection=0&industry_group=A&FromDate=13&FromMonth=05&FromYear=2000&ToDate=13&ToMonth=11&ToYear=2020&Variable=Issuer,1620598464,18:14:24,20210509
9,2018-10-31,SVB.TO,USD,2018-10-31,2018-10-31,Q4,0.0,6604.0,-6604.0,0.0,0.0,632014.0,0.0,0.0,1372452.0,1379056.0,0.0,6604.0,-1372452.0,0.0,-1379056.0,0.0,114248.0,-1262811.0,0.0,1156.0,-1263967.0,0.0,-0.04278683482422039,-0.04278683482422039,29541026.0,29541026.0,https://www.sedar.com/ModifyCompanyDocumentSearchForm.do?lang=EN&company_search=SILVER BULL RESOURCES INC&document_selection=0&industry_group=A&FromDate=13&FromMonth=05&FromYear=2000&ToDate=13&ToMonth=11&ToYear=2020&Variable=Issuer,https://www.sedar.com/ModifyCompanyDocumentSearchForm.do?lang=EN&company_search=SILVER BULL RESOURCES INC&document_selection=0&industry_group=A&FromDate=13&FromMonth=05&FromYear=2000&ToDate=13&ToMonth=11&ToYear=2020&Variable=Issuer,1620598464,18:14:24,20210509
10,2018-07-31,SVB.TO,USD,2018-07-31,2018-07-31,Q3,0.0,6621.0,-6621.0,0.0,0.0,387845.0,0.0,0.0,596541.0,603162.0,690.0,6621.0,-596541.0,0.0,-603162.0,0.0,678179.0,75626.0,0.0,1000.0,74626.0,0.0,0.002884,0.00282,25873807.0,26463339.0,https://www.sedar.com/ModifyCompanyDocumentSearchForm.do?lang=EN&company_search=SILVER BULL RESOURCES INC&document_selection=0&industry_group=A&FromDate=13&FromMonth=05&FromYear=2000&ToDate=13&ToMonth=11&ToYear=2020&Variable=Issuer,https://www.sedar.com/ModifyCompanyDocumentSearchForm.do?lang=EN&company_search=SILVER BULL RESOURCES INC&document_selection=0&industry_group=A&FromDate=13&FromMonth=05&FromYear=2000&ToDate=13&ToMonth=11&ToYear=2020&Variable=Issuer,1620598464,18:14:24,20210509
11,2018-04-30,SVB.TO,USD,2018-04-30,2018-04-30,Q2,0.0,6763.0,-6763.0,0.0,0.0,378897.0,0.0,0.0,487233.0,493996.0,690.0,6763.0,-487233.0,0.0,-493996.0,0.0,301046.0,-193511.0,0.0,236.0,-193747.0,0.0,-0.007654,-0.007654,25314312.0,25314312.0,https://www.sedar.com/ModifyCompanyDocumentSearchForm.do?lang=EN&company_search=SILVER BULL RESOURCES INC&document_selection=0&industry_group=A&FromDate=13&FromMonth=05&FromYear=2000&ToDate=13&ToMonth=11&ToYear=2020&Variable=Issuer,https://www.sedar.com/ModifyCompanyDocumentSearchForm.do?lang=EN&company_search=SILVER BULL RESOURCES INC&document_selection=0&industry_group=A&FromDate=13&FromMonth=05&FromYear=2000&ToDate=13&ToMonth=11&ToYear=2020&Variable=Issuer,1620598464,18:14:24,20210509
12,2018-01-31,SVB.TO,USD,2018-01-31,2018-01-31,Q1,0.0,7117.0,-7117.0,0.0,0.0,325187.0,0.0,225.0,518693.0,525810.0,949.0,7117.0,-518693.0,0.0,-525810.0,0.0,-1609133.0,-2135252.0,0.0,1326.0,-2136578.0,0.0,-0.08,-0.08,24928156.0,24928156.0,https://www.sedar.com/ModifyCompanyDocumentSearchForm.do?lang=EN&company_search=SILVER BULL RESOURCES INC&document_selection=0&industry_group=A&FromDate=13&FromMonth=05&FromYear=2000&ToDate=13&ToMonth=11&ToYear=2020&Variable=Issuer,https://www.sedar.com/ModifyCompanyDocumentSearchForm.do?lang=EN&company_search=SILVER BULL RESOURCES INC&document_selection=0&industry_group=A&FromDate=13&FromMonth=05&FromYear=2000&ToDate=13&ToMonth=11&ToYear=2020&Variable=Issuer,1620598464,18:14:24,20210509
13,2017-10-31,SVB.TO,USD,2017-10-31,2017-10-31,Q4,0.0,10782.0,-10782.0,0.0,0.0,284991.0,0.0,0.0,497882.0,508664.0,250.0,10782.0,-497882.0,0.0,-508664.0,0.0,-170744.0,-678499.0,0.0,239.0,-678738.0,0.0,-0.02297611464138043,-0.02297611464138043,29541026.0,29541026.0,https://www.sedar.com/ModifyCompanyDocumentSearchForm.do?lang=EN&company_search=SILVER BULL RESOURCES INC&document_selection=0&industry_group=A&FromDate=13&FromMonth=05&FromYear=2000&ToDate=13&ToMonth=11&ToYear=2020&Variable=Issuer,https://www.sedar.com/ModifyCompanyDocumentSearchForm.do?lang=EN&company_search=SILVER BULL RESOURCES INC&document_selection=0&industry_group=A&FromDate=13&FromMonth=05&FromYear=2000&ToDate=13&ToMonth=11&ToYear=2020&Variable=Issuer,1620598464,18:14:24,20210509
14,2017-07-31,SVB.TO,USD,2017-07-31,2017-07-31,Q3,0.0,7384.0,-7384.0,0.0,0.0,292517.0,0.0,0.0,376891.0,384275.0,664.0,7384.0,-376891.0,0.0,-384275.0,0.0,193333.0,-190736.0,0.0,1509.0,-192245.0,0.0,-0.008448,-0.008448,22757305.0,22757305.0,https://www.sedar.com/ModifyCompanyDocumentSearchForm.do?lang=EN&company_search=SILVER BULL RESOURCES INC&document_selection=0&industry_group=A&FromDate=13&FromMonth=05&FromYear=2000&ToDate=13&ToMonth=11&ToYear=2020&Variable=Issuer,https://www.sedar.com/ModifyCompanyDocumentSearchForm.do?lang=EN&company_search=SILVER BULL RESOURCES INC&document_selection=0&industry_group=A&FromDate=13&FromMonth=05&FromYear=2000&ToDate=13&ToMonth=11&ToYear=2020&Variable=Issuer,1620598464,18:14:24,20210509
15,2017-04-30,SVB.TO,USD,2017-04-30,2017-04-30,Q2,0.0,12981.0,-12981.0,0.0,0.0,401429.0,0.0,5417.0,599211.0,612192.0,663.0,12981.0,-599211.0,0.0,-612192.0,0.0,14593.0,-596866.0,0.0,2237.0,-599103.0,0.0,-0.026942,-0.026942,22236870.0,22236870.0,https://www.sedar.com/ModifyCompanyDocumentSearchForm.do?lang=EN&company_search=SILVER BULL RESOURCES INC&document_selection=0&industry_group=A&FromDate=13&FromMonth=05&FromYear=2000&ToDate=13&ToMonth=11&ToYear=2020&Variable=Issuer,https://www.sedar.com/ModifyCompanyDocumentSearchForm.do?lang=EN&company_search=SILVER BULL RESOURCES INC&document_selection=0&industry_group=A&FromDate=13&FromMonth=05&FromYear=2000&ToDate=13&ToMonth=11&ToYear=2020&Variable=Issuer,1620598464,18:14:24,20210509
16,2017-01-31,SVB.TO,USD,2017-01-31,2017-01-31,Q1,0.0,7682.0,-7682.0,0.0,0.0,254664.0,0.0,0.0,563691.0,571373.0,925.0,7682.0,-563691.0,0.0,-571373.0,0.0,-13786.0,-585576.0,0.0,-2118.0,-583458.0,0.0,-0.026238,-0.026238,22236870.0,22236870.0,https://www.sedar.com/ModifyCompanyDocumentSearchForm.do?lang=EN&company_search=SILVER BULL RESOURCES INC&document_selection=0&industry_group=A&FromDate=13&FromMonth=05&FromYear=2000&ToDate=13&ToMonth=11&ToYear=2020&Variable=Issuer,https://www.sedar.com/ModifyCompanyDocumentSearchForm.do?lang=EN&company_search=SILVER BULL RESOURCES INC&document_selection=0&industry_group=A&FromDate=13&FromMonth=05&FromYear=2000&ToDate=13&ToMonth=11&ToYear=2020&Variable=Issuer,1620598464,18:14:24,20210509
17,2016-10-31,SVB.TO,USD,2016-10-31,2016-10-31,Q4,0.0,13624.0,-13624.0,0.0,0.0,244468.0,0.0,0.0,350023.0,363647.0,250.0,13624.0,-350023.0,0.0,-363647.0,0.0,-5912.0,-369540.0,0.0,8618.0,-378158.0,0.0,-0.012801112595073712,-0.012801112595073712,29541026.0,29541026.0,https://www.sedar.com/ModifyCompanyDocumentSearchForm.do?lang=EN&company_search=SILVER BULL RESOURCES INC&document_selection=0&industry_group=A&FromDate=13&FromMonth=05&FromYear=2000&ToDate=13&ToMonth=11&ToYear=2020&Variable=Issuer,https://www.sedar.com/ModifyCompanyDocumentSearchForm.do?lang=EN&company_search=SILVER BULL RESOURCES INC&document_selection=0&industry_group=A&FromDate=13&FromMonth=05&FromYear=2000&ToDate=13&ToMonth=11&ToYear=2020&Variable=Issuer,1620598464,18:14:24,20210509
18,2016-07-31,SVB.TO,USD,2016-07-31,2016-07-31,Q3,0.0,566510.0,-566510.0,0.0,0.0,311316.0,0.0,4387.0,491800.0,1058310.0,715.0,566510.0,-491800.0,0.0,-1058310.0,0.0,-18590.0,-1077467.0,0.0,174.0,-1077641.0,0.0,-0.08,-0.08,20844633.0,20844633.0,https://www.sedar.com/ModifyCompanyDocumentSearchForm.do?lang=EN&company_search=SILVER BULL RESOURCES INC&document_selection=0&industry_group=A&FromDate=13&FromMonth=05&FromYear=2000&ToDate=13&ToMonth=11&ToYear=2020&Variable=Issuer,https://www.sedar.com/ModifyCompanyDocumentSearchForm.do?lang=EN&company_search=SILVER BULL RESOURCES INC&document_selection=0&industry_group=A&FromDate=13&FromMonth=05&FromYear=2000&ToDate=13&ToMonth=11&ToYear=2020&Variable=Issuer,1620598464,18:14:24,20210509
19,2016-04-30,SVB.TO,USD,2016-04-30,2016-04-30,Q2,0.0,0.0,0.0,0.0,0.0,330494.0,0.0,0.0,436111.0,436111.0,714.0,7627.0,-428484.0,0.0,-436111.0,0.0,124099.0,-312436.0,0.0,1516.0,-313952.0,0.0,-0.015789,-0.015789,19884082.0,19884082.0,https://www.sedar.com/ModifyCompanyDocumentSearchForm.do?lang=EN&company_search=SILVER BULL RESOURCES INC&document_selection=0&industry_group=A&FromDate=13&FromMonth=05&FromYear=2000&ToDate=13&ToMonth=11&ToYear=2020&Variable=Issuer,https://www.sedar.com/ModifyCompanyDocumentSearchForm.do?lang=EN&company_search=SILVER BULL RESOURCES INC&document_selection=0&industry_group=A&FromDate=13&FromMonth=05&FromYear=2000&ToDate=13&ToMonth=11&ToYear=2020&Variable=Issuer,1620598464,18:14:24,20210509
20,2016-01-31,SVB.TO,USD,2016-01-31,2016-01-31,Q1,0.0,0.0,0.0,0.0,0.0,304800.0,0.0,0.0,461896.0,461896.0,714.0,50503.0,-411393.0,0.0,-461896.0,0.0,-4014.0,-466333.0,0.0,-1200.0,-465133.0,0.0,-0.023392,-0.023392,19884082.0,19884082.0,https://www.sedar.com/ModifyCompanyDocumentSearchForm.do?lang=EN&company_search=SILVER BULL RESOURCES INC&document_selection=0&industry_group=A&FromDate=13&FromMonth=05&FromYear=2000&ToDate=13&ToMonth=11&ToYear=2020&Variable=Issuer,https://www.sedar.com/ModifyCompanyDocumentSearchForm.do?lang=EN&company_search=SILVER BULL RESOURCES INC&document_selection=0&industry_group=A&FromDate=13&FromMonth=05&FromYear=2000&ToDate=13&ToMonth=11&ToYear=2020&Variable=Issuer,1620598464,18:14:24,20210509
21,2015-10-31,SVB.TO,USD,2015-10-31,2015-10-31,Q4,0.0,0.0,0.0,0.0,0.0,271256.0,0.0,0.0,376062.0,376062.0,0.0,-46060.0,-422122.0,0.0,-376062.0,0.0,-16487669.0,-16863569.0,0.0,-5814.0,-16854699.0,0.0,-0.5705522550232345,-0.5705522550232345,29541026.0,29541026.0,https://www.sedar.com/ModifyCompanyDocumentSearchForm.do?lang=EN&company_search=SILVER BULL RESOURCES INC&document_selection=0&industry_group=A&FromDate=13&FromMonth=05&FromYear=2000&ToDate=13&ToMonth=11&ToYear=2020&Variable=Issuer,https://www.sedar.com/ModifyCompanyDocumentSearchForm.do?lang=EN&company_search=SILVER BULL RESOURCES INC&document_selection=0&industry_group=A&FromDate=13&FromMonth=05&FromYear=2000&ToDate=13&ToMonth=11&ToYear=2020&Variable=Issuer,1620598464,18:14:24,20210509
22,2015-07-31,SVB.TO,USD,2015-07-31,2015-07-31,Q3,0.0,0.0,0.0,0.0,0.0,359108.0,0.0,0.0,613083.0,613083.0,0.0,13479.0,-599604.0,0.0,-613083.0,0.0,-19613.0,-632564.0,0.0,1509.0,-635255.0,0.0,-0.031948,-0.031948,19884082.0,19884082.0,https://www.sedar.com/ModifyCompanyDocumentSearchForm.do?lang=EN&company_search=SILVER BULL RESOURCES INC&document_selection=0&industry_group=A&FromDate=13&FromMonth=05&FromYear=2000&ToDate=13&ToMonth=11&ToYear=2020&Variable=Issuer,https://www.sedar.com/ModifyCompanyDocumentSearchForm.do?lang=EN&company_search=SILVER BULL RESOURCES INC&document_selection=0&industry_group=A&FromDate=13&FromMonth=05&FromYear=2000&ToDate=13&ToMonth=11&ToYear=2020&Variable=Issuer,1620598464,18:14:24,20210509
23,2015-04-30,SVB.TO,USD,2015-04-30,2015-04-30,Q2,0.0,0.0,0.0,0.0,0.0,370898.0,0.0,0.0,524861.0,524861.0,0.0,15393.0,-509468.0,0.0,-524861.0,0.0,6278.0,-518201.0,0.0,3070.0,-532234.0,0.0,-0.026767,-0.026767,19884082.0,19884082.0,https://www.sedar.com/ModifyCompanyDocumentSearchForm.do?lang=EN&company_search=SILVER BULL RESOURCES INC&document_selection=0&industry_group=A&FromDate=13&FromMonth=05&FromYear=2000&ToDate=13&ToMonth=11&ToYear=2020&Variable=Issuer,https://www.sedar.com/ModifyCompanyDocumentSearchForm.do?lang=EN&company_search=SILVER BULL RESOURCES INC&document_selection=0&industry_group=A&FromDate=13&FromMonth=05&FromYear=2000&ToDate=13&ToMonth=11&ToYear=2020&Variable=Issuer,1620598464,18:14:24,20210509
24,2015-01-31,SVB.TO,USD,2015-01-31,2015-01-31,Q1,0.0,0.0,0.0,0.0,0.0,470734.0,0.0,0.0,760908.0,760908.0,0.0,18077.0,-742831.0,0.0,-760908.0,0.0,-98512.0,-859162.0,0.0,1571.0,-723641.0,0.0,-0.036392980073206294,-0.036393,19884082.0,19884082.0,https://www.sedar.com/ModifyCompanyDocumentSearchForm.do?lang=EN&company_search=SILVER BULL RESOURCES INC&document_selection=0&industry_group=A&FromDate=13&FromMonth=05&FromYear=2000&ToDate=13&ToMonth=11&ToYear=2020&Variable=Issuer,https://www.sedar.com/ModifyCompanyDocumentSearchForm.do?lang=EN&company_search=SILVER BULL RESOURCES INC&document_selection=0&industry_group=A&FromDate=13&FromMonth=05&FromYear=2000&ToDate=13&ToMonth=11&ToYear=2020&Variable=Issuer,1620598464,18:14:24,20210509
25,2014-10-31,SVB.TO,USD,2014-10-31,2014-10-31,Q4,0.0,0.0,0.0,0.0,0.0,503947.0,0.0,0.0,1984498.0,1984498.0,0.0,1233516.0,-750982.0,0.0,-1984498.0,0.0,-61026.0,-2045136.0,0.0,-2519.0,-1815087.0,0.0,-0.06144292347869028,-0.06144292347869028,29541026.0,29541026.0,https://www.sedar.com/ModifyCompanyDocumentSearchForm.do?lang=EN&company_search=SILVER BULL RESOURCES INC&document_selection=0&industry_group=A&FromDate=13&FromMonth=05&FromYear=2000&ToDate=13&ToMonth=11&ToYear=2020&Variable=Issuer,https://www.sedar.com/ModifyCompanyDocumentSearchForm.do?lang=EN&company_search=SILVER BULL RESOURCES INC&document_selection=0&industry_group=A&FromDate=13&FromMonth=05&FromYear=2000&ToDate=13&ToMonth=11&ToYear=2020&Variable=Issuer,1620598464,18:14:24,20210509
26,2014-07-31,SVB.TO,USD,2014-07-31,2014-07-31,Q3,0.0,0.0,0.0,0.0,0.0,331912.0,0.0,0.0,663038.0,663038.0,0.0,30241.0,-632797.0,0.0,-663038.0,0.0,-8775.0,-668527.0,0.0,6846.0,-752571.0,0.0,-0.08,-0.08,19884082.0,19884082.0,https://www.sedar.com/ModifyCompanyDocumentSearchForm.do?lang=EN&company_search=SILVER BULL RESOURCES INC&document_selection=0&industry_group=A&FromDate=13&FromMonth=05&FromYear=2000&ToDate=13&ToMonth=11&ToYear=2020&Variable=Issuer,https://www.sedar.com/ModifyCompanyDocumentSearchForm.do?lang=EN&company_search=SILVER BULL RESOURCES INC&document_selection=0&industry_group=A&FromDate=13&FromMonth=05&FromYear=2000&ToDate=13&ToMonth=11&ToYear=2020&Variable=Issuer,1620598464,18:14:24,20210509
27,2014-04-30,SVB.TO,USD,2014-04-30,2014-04-30,Q2,0.0,0.0,0.0,0.0,0.0,415331.0,0.0,0.0,1004512.0,1004512.0,0.0,349513.0,-654999.0,0.0,-1004512.0,0.0,10541.0,-989651.0,0.0,7386.0,-1269204.0,0.0,-0.08,-0.08,19884082.0,19884082.0,https://www.sedar.com/ModifyCompanyDocumentSearchForm.do?lang=EN&company_search=SILVER BULL RESOURCES INC&document_selection=0&industry_group=A&FromDate=13&FromMonth=05&FromYear=2000&ToDate=13&ToMonth=11&ToYear=2020&Variable=Issuer,https://www.sedar.com/ModifyCompanyDocumentSearchForm.do?lang=EN&company_search=SILVER BULL RESOURCES INC&document_selection=0&industry_group=A&FromDate=13&FromMonth=05&FromYear=2000&ToDate=13&ToMonth=11&ToYear=2020&Variable=Issuer,1620598464,18:14:24,20210509
28,2014-01-31,SVB.TO,USD,2014-01-31,2014-01-31,Q1,0.0,0.0,0.0,0.0,0.0,516367.0,0.0,0.0,1033904.0,1033904.0,0.0,917.0,-1032987.0,0.0,-1033904.0,0.0,19752.0,-1011723.0,0.0,3547.0,-1077389.0,0.0,-0.08,-0.08,19884082.0,19884082.0,https://www.sedar.com/ModifyCompanyDocumentSearchForm.do?lang=EN&company_search=SILVER BULL RESOURCES INC&document_selection=0&industry_group=A&FromDate=13&FromMonth=05&FromYear=2000&ToDate=13&ToMonth=11&ToYear=2020&Variable=Issuer,https://www.sedar.com/ModifyCompanyDocumentSearchForm.do?lang=EN&company_search=SILVER BULL RESOURCES INC&document_selection=0&industry_group=A&FromDate=13&FromMonth=05&FromYear=2000&ToDate=13&ToMonth=11&ToYear=2020&Variable=Issuer,1620598464,18:14:24,20210509
29,2013-10-31,SVB.TO,USD,2013-10-31,2013-10-31,Q4,0.0,-5515001.0,5515001.0,0.0,0.0,556846.0,0.0,0.0,1896466.0,-3618535.0,0.0,-819811.0,2798724.0,0.0,3618535.0,0.0,185311.0,-1686889.0,0.0,6021.0,-1692910.0,0.0,-0.057307082022134234,-0.057307082022134234,29541026.0,29541026.0,https://www.sedar.com/ModifyCompanyDocumentSearchForm.do?lang=EN&company_search=SILVER BULL RESOURCES INC&document_selection=0&industry_group=A&FromDate=13&FromMonth=05&FromYear=2000&ToDate=13&ToMonth=11&ToYear=2020&Variable=Issuer,https://www.sedar.com/ModifyCompanyDocumentSearchForm.do?lang=EN&company_search=SILVER BULL RESOURCES INC&document_selection=0&industry_group=A&FromDate=13&FromMonth=05&FromYear=2000&ToDate=13&ToMonth=11&ToYear=2020&Variable=Issuer,1620598464,18:14:24,20210509
30,2013-07-31,SVB.TO,USD,2013-07-31,2013-07-31,Q3,0.0,0.0,0.0,0.0,0.0,633314.0,0.0,0.0,1932369.0,1932369.0,0.0,40939.0,-1891430.0,0.0,-1932369.0,0.0,490509.0,-1440042.0,0.0,18613.0,-1458655.0,0.0,-0.08,-0.08,19884082.0,19884082.0,https://www.sedar.com/ModifyCompanyDocumentSearchForm.do?lang=EN&company_search=SILVER BULL RESOURCES INC&document_selection=0&industry_group=A&FromDate=13&FromMonth=05&FromYear=2000&ToDate=13&ToMonth=11&ToYear=2020&Variable=Issuer,https://www.sedar.com/ModifyCompanyDocumentSearchForm.do?lang=EN&company_search=SILVER BULL RESOURCES INC&document_selection=0&industry_group=A&FromDate=13&FromMonth=05&FromYear=2000&ToDate=13&ToMonth=11&ToYear=2020&Variable=Issuer,1620598464,18:14:24,20210509
31,2013-04-30,SVB.TO,USD,2013-04-30,2013-04-30,Q2,0.0,0.0,0.0,0.0,0.0,689220.0,0.0,0.0,2147042.0,2147042.0,0.0,669359.0,-1477683.0,0.0,-2147042.0,0.0,-36306.0,-2180030.0,0.0,30903.0,-2210933.0,0.0,-0.08,-0.08,19465735.0,19465735.0,https://www.sedar.com/ModifyCompanyDocumentSearchForm.do?lang=EN&company_search=SILVER BULL RESOURCES INC&document_selection=0&industry_group=A&FromDate=13&FromMonth=05&FromYear=2000&ToDate=13&ToMonth=11&ToYear=2020&Variable=Issuer,https://www.sedar.com/ModifyCompanyDocumentSearchForm.do?lang=EN&company_search=SILVER BULL RESOURCES INC&document_selection=0&industry_group=A&FromDate=13&FromMonth=05&FromYear=2000&ToDate=13&ToMonth=11&ToYear=2020&Variable=Issuer,1620598464,18:14:24,20210509
32,2013-01-31,SVB.TO,USD,2013-01-31,2013-01-31,Q1,0.0,0.0,0.0,0.0,0.0,760327.0,0.0,0.0,2182408.0,2182408.0,0.0,1168.0,-2181240.0,0.0,-2182408.0,0.0,83885.0,-2094911.0,0.0,9171.0,-2104082.0,0.0,-0.16,-0.16,17020019.0,17020019.0,https://www.sedar.com/ModifyCompanyDocumentSearchForm.do?lang=EN&company_search=SILVER BULL RESOURCES INC&document_selection=0&industry_group=A&FromDate=13&FromMonth=05&FromYear=2000&ToDate=13&ToMonth=11&ToYear=2020&Variable=Issuer,https://www.sedar.com/ModifyCompanyDocumentSearchForm.do?lang=EN&company_search=SILVER BULL RESOURCES INC&document_selection=0&industry_group=A&FromDate=13&FromMonth=05&FromYear=2000&ToDate=13&ToMonth=11&ToYear=2020&Variable=Issuer,1620598464,18:14:24,20210509
33,2012-10-31,SVB.TO,USD,2012-10-31,2012-10-31,Q4,0.0,0.0,0.0,0.0,0.0,803270.0,0.0,0.0,3826998.0,3826998.0,0.0,1168.0,-3825830.0,0.0,-3826998.0,0.0,157294.0,-3648222.0,0.0,6839.0,-3655061.0,0.0,-0.12372830246315751,-0.12372830246315751,29541026.0,29541026.0,https://www.sedar.com/ModifyCompanyDocumentSearchForm.do?lang=EN&company_search=SILVER BULL RESOURCES INC&document_selection=0&industry_group=A&FromDate=13&FromMonth=05&FromYear=2000&ToDate=13&ToMonth=11&ToYear=2020&Variable=Issuer,https://www.sedar.com/ModifyCompanyDocumentSearchForm.do?lang=EN&company_search=SILVER BULL RESOURCES INC&document_selection=0&industry_group=A&FromDate=13&FromMonth=05&FromYear=2000&ToDate=13&ToMonth=11&ToYear=2020&Variable=Issuer,1620598464,18:14:24,20210509
34,2012-07-31,SVB.TO,USD,2012-07-31,2012-07-31,Q3,0.0,0.0,0.0,0.0,0.0,580742.0,0.0,0.0,2505407.0,2505407.0,0.0,1168.0,-2504239.0,0.0,-2505407.0,0.0,-258644.0,-2691016.0,0.0,24722.0,-2715738.0,0.0,-0.16,-0.16,17020019.0,17020019.0,https://www.sedar.com/ModifyCompanyDocumentSearchForm.do?lang=EN&company_search=SILVER BULL RESOURCES INC&document_selection=0&industry_group=A&FromDate=13&FromMonth=05&FromYear=2000&ToDate=13&ToMonth=11&ToYear=2020&Variable=Issuer,https://www.sedar.com/ModifyCompanyDocumentSearchForm.do?lang=EN&company_search=SILVER BULL RESOURCES INC&document_selection=0&industry_group=A&FromDate=13&FromMonth=05&FromYear=2000&ToDate=13&ToMonth=11&ToYear=2020&Variable=Issuer,1620598464,18:14:24,20210509
35,2012-04-30,SVB.TO,USD,2012-04-30,2012-04-30,Q2,0.0,0.0,0.0,0.0,0.0,780010.0,0.0,0.0,3612507.0,3612507.0,0.0,1133.0,-3611374.0,0.0,-3612507.0,0.0,225541.0,-3324438.0,0.0,71686.0,-3396124.0,0.0,-0.16,-0.16,17020019.0,17020019.0,https://www.sedar.com/ModifyCompanyDocumentSearchForm.do?lang=EN&company_search=SILVER BULL RESOURCES INC&document_selection=0&industry_group=A&FromDate=13&FromMonth=05&FromYear=2000&ToDate=13&ToMonth=11&ToYear=2020&Variable=Issuer,https://www.sedar.com/ModifyCompanyDocumentSearchForm.do?lang=EN&company_search=SILVER BULL RESOURCES INC&document_selection=0&industry_group=A&FromDate=13&FromMonth=05&FromYear=2000&ToDate=13&ToMonth=11&ToYear=2020&Variable=Issuer,1620598464,18:14:24,20210509
36,2012-01-31,SVB.TO,USD,2012-01-31,2012-01-31,Q1,0.0,0.0,0.0,0.0,0.0,798576.0,0.0,0.0,3434849.0,3434849.0,0.0,315.0,-3434534.0,0.0,-3434849.0,0.0,-157056.0,-3588526.0,0.0,4962.0,-3593488.0,0.0,-0.24,-0.24,15818395.0,15818395.0,https://www.sedar.com/ModifyCompanyDocumentSearchForm.do?lang=EN&company_search=SILVER BULL RESOURCES INC&document_selection=0&industry_group=A&FromDate=13&FromMonth=05&FromYear=2000&ToDate=13&ToMonth=11&ToYear=2020&Variable=Issuer,https://www.sedar.com/ModifyCompanyDocumentSearchForm.do?lang=EN&company_search=SILVER BULL RESOURCES INC&document_selection=0&industry_group=A&FromDate=13&FromMonth=05&FromYear=2000&ToDate=13&ToMonth=11&ToYear=2020&Variable=Issuer,1620598464,18:14:24,20210509
37,2011-10-31,SVB.TO,USD,2011-10-31,2011-10-31,Q4,0.0,0.0,0.0,0.0,0.0,548686.0,0.0,0.0,3566766.0,3566766.0,0.0,16210.0,-3550556.0,0.0,-3566766.0,0.0,-2103606.0,-5668737.0,0.0,-3356.0,-5665381.0,0.0,-0.19178010269514675,-0.19178010269514675,29541026.0,29541026.0,https://www.sedar.com/ModifyCompanyDocumentSearchForm.do?lang=EN&company_search=SILVER BULL RESOURCES INC&document_selection=0&industry_group=A&FromDate=13&FromMonth=05&FromYear=2000&ToDate=13&ToMonth=11&ToYear=2020&Variable=Issuer,https://www.sedar.com/ModifyCompanyDocumentSearchForm.do?lang=EN&company_search=SILVER BULL RESOURCES INC&document_selection=0&industry_group=A&FromDate=13&FromMonth=05&FromYear=2000&ToDate=13&ToMonth=11&ToYear=2020&Variable=Issuer,1620598464,18:14:24,20210509
38,2011-07-31,SVB.TO,USD,2011-07-31,2011-07-31,Q3,0.0,0.0,0.0,0.0,0.0,572390.0,0.0,0.0,2966607.0,2966607.0,0.0,2401.0,-2964206.0,0.0,-2966607.0,0.0,-415828.0,-3377026.0,0.0,6826.0,-3383852.0,0.0,-0.24,-0.24,14035525.0,14035525.0,https://www.sedar.com/ModifyCompanyDocumentSearchForm.do?lang=EN&company_search=SILVER BULL RESOURCES INC&document_selection=0&industry_group=A&FromDate=13&FromMonth=05&FromYear=2000&ToDate=13&ToMonth=11&ToYear=2020&Variable=Issuer,https://www.sedar.com/ModifyCompanyDocumentSearchForm.do?lang=EN&company_search=SILVER BULL RESOURCES INC&document_selection=0&industry_group=A&FromDate=13&FromMonth=05&FromYear=2000&ToDate=13&ToMonth=11&ToYear=2020&Variable=Issuer,1620598464,18:14:24,20210509
39,2011-04-30,SVB.TO,USD,2011-04-30,2011-04-30,Q2,0.0,0.0,0.0,0.0,0.0,1214606.0,0.0,0.0,3301638.0,3301638.0,0.0,3245.0,-3298393.0,0.0,-3301638.0,0.0,1738009.0,-1557578.0,0.0,19499.0,-1577077.0,0.0,-0.08,-0.08,13302417.0,13302417.0,https://www.sedar.com/ModifyCompanyDocumentSearchForm.do?lang=EN&company_search=SILVER BULL RESOURCES INC&document_selection=0&industry_group=A&FromDate=13&FromMonth=05&FromYear=2000&ToDate=13&ToMonth=11&ToYear=2020&Variable=Issuer,https://www.sedar.com/ModifyCompanyDocumentSearchForm.do?lang=EN&company_search=SILVER BULL RESOURCES INC&document_selection=0&industry_group=A&FromDate=13&FromMonth=05&FromYear=2000&ToDate=13&ToMonth=11&ToYear=2020&Variable=Issuer,1620598464,18:14:24,20210509
40,2011-01-31,SVB.TO,USD,2011-01-31,2011-01-31,Q1,0.0,0.0,0.0,0.0,0.0,0.0,0.0,0.0,1910370.0,1910370.0,0.0,3430.0,-1906940.0,0.0,-1910370.0,0.0,279767.0,-1607163.0,0.0,3888.0,-1611051.0,0.0,-0.16,-0.16,13247753.0,13247753.0,https://www.sedar.com/ModifyCompanyDocumentSearchForm.do?lang=EN&company_search=SILVER BULL RESOURCES INC&document_selection=0&industry_group=A&FromDate=13&FromMonth=05&FromYear=2000&ToDate=13&ToMonth=11&ToYear=2020&Variable=Issuer,https://www.sedar.com/ModifyCompanyDocumentSearchForm.do?lang=EN&company_search=SILVER BULL RESOURCES INC&document_selection=0&industry_group=A&FromDate=13&FromMonth=05&FromYear=2000&ToDate=13&ToMonth=11&ToYear=2020&Variable=Issuer,1620598464,18:14:24,20210509
41,2010-10-31,SVB.TO,USD,2010-10-31,2010-10-31,Q4,0.0,0.0,0.0,0.0,0.0,2171948.0,0.0,0.0,4401718.0,4401718.0,0.0,3168.0,-4398550.0,0.0,-4401718.0,0.0,783923.0,-3596530.0,0.0,6118.0,-3602648.0,0.0,-0.12195405806149048,-0.12195405806149048,29541026.0,29541026.0,https://www.sedar.com/ModifyCompanyDocumentSearchForm.do?lang=EN&company_search=SILVER BULL RESOURCES INC&document_selection=0&industry_group=A&FromDate=13&FromMonth=05&FromYear=2000&ToDate=13&ToMonth=11&ToYear=2020&Variable=Issuer,https://www.sedar.com/ModifyCompanyDocumentSearchForm.do?lang=EN&company_search=SILVER BULL RESOURCES INC&document_selection=0&industry_group=A&FromDate=13&FromMonth=05&FromYear=2000&ToDate=13&ToMonth=11&ToYear=2020&Variable=Issuer,1620598464,18:14:24,20210509
42,2010-07-31,SVB.TO,USD,2010-07-31,2010-07-31,Q3,0.0,0.0,0.0,0.0,0.0,1543474.0,0.0,0.0,3727315.0,3727315.0,0.0,2666.0,-3724649.0,0.0,-3727315.0,0.0,-761429.0,-4456394.0,0.0,5728.0,-4462122.0,0.0,-0.32,-0.32,13027640.0,13027640.0,https://www.sedar.com/ModifyCompanyDocumentSearchForm.do?lang=EN&company_search=SILVER BULL RESOURCES INC&document_selection=0&industry_group=A&FromDate=13&FromMonth=05&FromYear=2000&ToDate=13&ToMonth=11&ToYear=2020&Variable=Issuer,https://www.sedar.com/ModifyCompanyDocumentSearchForm.do?lang=EN&company_search=SILVER BULL RESOURCES INC&document_selection=0&industry_group=A&FromDate=13&FromMonth=05&FromYear=2000&ToDate=13&ToMonth=11&ToYear=2020&Variable=Issuer,1620598464,18:14:24,20210509
43,2010-04-30,SVB.TO,USD,2010-04-30,2010-04-30,Q2,0.0,0.0,0.0,0.0,0.0,793386.0,0.0,0.0,1436800.0,1436800.0,0.0,4906.0,-1431894.0,0.0,-1436800.0,0.0,1399478.0,-30673.0,0.0,650.0,-31323.0,0.0,-0.003951271810489319,-0.003951271810489319,7927321.0,7927321.0,https://www.sedar.com/ModifyCompanyDocumentSearchForm.do?lang=EN&company_search=SILVER BULL RESOURCES INC&document_selection=0&industry_group=A&FromDate=13&FromMonth=05&FromYear=2000&ToDate=13&ToMonth=11&ToYear=2020&Variable=Issuer,https://www.sedar.com/ModifyCompanyDocumentSearchForm.do?lang=EN&company_search=SILVER BULL RESOURCES INC&document_selection=0&industry_group=A&FromDate=13&FromMonth=05&FromYear=2000&ToDate=13&ToMonth=11&ToYear=2020&Variable=Issuer,1620598464,18:14:24,20210509
44,2010-01-31,SVB.TO,USD,2010-01-31,2010-01-31,Q1,0.0,449369.0,-449369.0,0.0,0.0,0.0,0.0,0.0,822761.0,1272130.0,0.0,4434.0,-1267696.0,0.0,-1272130.0,0.0,0.0,-1324093.0,0.0,-14696.0,-1309397.0,0.0,-0.24,-0.24,6457608.0,6457608.0,https://www.sedar.com/ModifyCompanyDocumentSearchForm.do?lang=EN&company_search=SILVER BULL RESOURCES INC&document_selection=0&industry_group=A&FromDate=13&FromMonth=05&FromYear=2000&ToDate=13&ToMonth=11&ToYear=2020&Variable=Issuer,https://www.sedar.com/ModifyCompanyDocumentSearchForm.do?lang=EN&company_search=SILVER BULL RESOURCES INC&document_selection=0&industry_group=A&FromDate=13&FromMonth=05&FromYear=2000&ToDate=13&ToMonth=11&ToYear=2020&Variable=Issuer,1620598464,18:14:24,20210509
45,2009-10-31,SVB.TO,USD,2009-10-31,2009-10-31,Q4,0.0,-1096203.0,1096203.0,0.0,0.0,837143.0,0.0,0.0,2146563.0,1050360.0,0.0,-127787.0,-1178147.0,0.0,-1050360.0,0.0,251556.0,-798625.0,0.0,8169.0,-932884.0,0.0,-0.03157926877692061,-0.03157926877692061,29541026.0,29541026.0,https://www.sedar.com/ModifyCompanyDocumentSearchForm.do?lang=EN&company_search=SILVER BULL RESOURCES INC&document_selection=0&industry_group=A&FromDate=13&FromMonth=05&FromYear=2000&ToDate=13&ToMonth=11&ToYear=2020&Variable=Issuer,https://www.sedar.com/ModifyCompanyDocumentSearchForm.do?lang=EN&company_search=SILVER BULL RESOURCES INC&document_selection=0&industry_group=A&FromDate=13&FromMonth=05&FromYear=2000&ToDate=13&ToMonth=11&ToYear=2020&Variable=Issuer,1620598464,18:14:24,20210509
46,2009-07-31,SVB.TO,USD,2009-07-31,2009-07-31,Q3,0.0,297815.0,-297815.0,0.0,0.0,586098.0,0.0,0.0,634123.0,931938.0,0.0,48025.0,-883913.0,0.0,-931938.0,0.0,763554.0,-168198.0,0.0,8964.0,-177162.0,0.0,-0.03469010121421816,-0.03469010121421816,5106990.0,5106990.0,https://www.sedar.com/ModifyCompanyDocumentSearchForm.do?lang=EN&company_search=SILVER BULL RESOURCES INC&document_selection=0&industry_group=A&FromDate=13&FromMonth=05&FromYear=2000&ToDate=13&ToMonth=11&ToYear=2020&Variable=Issuer,https://www.sedar.com/ModifyCompanyDocumentSearchForm.do?lang=EN&company_search=SILVER BULL RESOURCES INC&document_selection=0&industry_group=A&FromDate=13&FromMonth=05&FromYear=2000&ToDate=13&ToMonth=11&ToYear=2020&Variable=Issuer,1620598464,18:14:24,20210509
47,2009-04-30,SVB.TO,USD,2009-04-30,2009-04-30,Q2,0.0,320289.0,-320289.0,0.0,0.0,755940.0,0.0,0.0,804923.0,1125212.0,0.0,48983.0,-1076229.0,0.0,-1125212.0,0.0,733120.0,-391763.0,0.0,-12979.0,-378784.0,0.0,-0.08,-0.08,4969336.0,4969336.0,https://www.sedar.com/ModifyCompanyDocumentSearchForm.do?lang=EN&company_search=SILVER BULL RESOURCES INC&document_selection=0&industry_group=A&FromDate=13&FromMonth=05&FromYear=2000&ToDate=13&ToMonth=11&ToYear=2020&Variable=Issuer,https://www.sedar.com/ModifyCompanyDocumentSearchForm.do?lang=EN&company_search=SILVER BULL RESOURCES INC&document_selection=0&industry_group=A&FromDate=13&FromMonth=05&FromYear=2000&ToDate=13&ToMonth=11&ToYear=2020&Variable=Issuer,1620598464,18:14:24,20210509
48,2009-01-31,SVB.TO,USD,2009-01-31,2009-01-31,Q1,0.0,478099.0,-478099.0,0.0,0.0,816078.0,0.0,0.0,867395.0,1345494.0,0.0,51317.0,-1294177.0,0.0,-1345494.0,0.0,-2013150.0,-3357794.0,0.0,3575.0,-3361369.0,0.0,-0.64,-0.64,4963678.0,4963678.0,https://www.sedar.com/ModifyCompanyDocumentSearchForm.do?lang=EN&company_search=SILVER BULL RESOURCES INC&document_selection=0&industry_group=A&FromDate=13&FromMonth=05&FromYear=2000&ToDate=13&ToMonth=11&ToYear=2020&Variable=Issuer,https://www.sedar.com/ModifyCompanyDocumentSearchForm.do?lang=EN&company_search=SILVER BULL RESOURCES INC&document_selection=0&industry_group=A&FromDate=13&FromMonth=05&FromYear=2000&ToDate=13&ToMonth=11&ToYear=2020&Variable=Issuer,1620598464,18:14:24,20210509
49,2008-10-31,SVB.TO,USD,2008-10-31,2008-10-31,Q4,0.0,763165.0,-763165.0,0.0,0.0,0.0,0.0,0.0,1378795.0,2141960.0,0.0,67407.0,-2074553.0,0.0,-2141960.0,0.0,-4709574.0,-6839916.0,0.0,-20986.0,-6818930.0,0.0,-0.2308291526502837,-0.2308291526502837,29541026.0,29541026.0,https://www.sedar.com/ModifyCompanyDocumentSearchForm.do?lang=EN&company_search=SILVER BULL RESOURCES INC&document_selection=0&industry_group=A&FromDate=13&FromMonth=05&FromYear=2000&ToDate=13&ToMonth=11&ToYear=2020&Variable=Issuer,https://www.sedar.com/ModifyCompanyDocumentSearchForm.do?lang=EN&company_search=SILVER BULL RESOURCES INC&document_selection=0&industry_group=A&FromDate=13&FromMonth=05&FromYear=2000&ToDate=13&ToMonth=11&ToYear=2020&Variable=Issuer,1620598464,18:14:24,20210509
50,2008-07-31,SVB.TO,USD,2008-07-31,2008-07-31,Q3,0.0,977461.0,-977461.0,0.0,0.0,0.0,0.0,0.0,1523943.0,2501404.0,0.0,55848.0,-2445556.0,0.0,-2501404.0,0.0,697637.0,-1786835.0,0.0,23447.0,-1810282.0,0.0,-0.4,-0.4,4955622.0,4955622.0,https://www.sedar.com/ModifyCompanyDocumentSearchForm.do?lang=EN&company_search=SILVER BULL RESOURCES INC&document_selection=0&industry_group=A&FromDate=13&FromMonth=05&FromYear=2000&ToDate=13&ToMonth=11&ToYear=2020&Variable=Issuer,https://www.sedar.com/ModifyCompanyDocumentSearchForm.do?lang=EN&company_search=SILVER BULL RESOURCES INC&document_selection=0&industry_group=A&FromDate=13&FromMonth=05&FromYear=2000&ToDate=13&ToMonth=11&ToYear=2020&Variable=Issuer,1620598464,18:14:24,20210509
51,2008-04-30,SVB.TO,USD,2008-04-30,2008-04-30,Q2,0.0,799868.0,-799868.0,0.0,0.0,0.0,0.0,0.0,1388311.0,2188179.0,0.0,52601.0,-2135578.0,0.0,-2188179.0,0.0,481990.0,-1674208.0,0.0,4350.0,-1678558.0,0.0,-0.32,-0.32,4951573.0,4951573.0,https://www.sedar.com/ModifyCompanyDocumentSearchForm.do?lang=EN&company_search=SILVER BULL RESOURCES INC&document_selection=0&industry_group=A&FromDate=13&FromMonth=05&FromYear=2000&ToDate=13&ToMonth=11&ToYear=2020&Variable=Issuer,https://www.sedar.com/ModifyCompanyDocumentSearchForm.do?lang=EN&company_search=SILVER BULL RESOURCES INC&document_selection=0&industry_group=A&FromDate=13&FromMonth=05&FromYear=2000&ToDate=13&ToMonth=11&ToYear=2020&Variable=Issuer,1620598464,18:14:24,20210509
52,2008-01-31,SVB.TO,USD,2008-01-31,2008-01-31,Q1,0.0,633755.0,-633755.0,0.0,0.0,0.0,0.0,0.0,1276583.0,1910338.0,0.0,66622.0,-1843716.0,0.0,-1910338.0,0.0,-156099.0,-1976812.0,0.0,35841.0,-2012653.0,0.0,-0.4,-0.4,4924058.0,4924058.0,https://www.sedar.com/ModifyCompanyDocumentSearchForm.do?lang=EN&company_search=SILVER BULL RESOURCES INC&document_selection=0&industry_group=A&FromDate=13&FromMonth=05&FromYear=2000&ToDate=13&ToMonth=11&ToYear=2020&Variable=Issuer,https://www.sedar.com/ModifyCompanyDocumentSearchForm.do?lang=EN&company_search=SILVER BULL RESOURCES INC&document_selection=0&industry_group=A&FromDate=13&FromMonth=05&FromYear=2000&ToDate=13&ToMonth=11&ToYear=2020&Variable=Issuer,1620598464,18:14:24,20210509
53,2007-10-31,SVB.TO,USD,2007-10-31,2007-10-31,Q4,0.0,551588.0,-551588.0,0.0,0.0,0.0,0.0,0.0,1239318.0,1790906.0,0.0,27272.0,-1763634.0,0.0,-1790906.0,0.0,98012.0,-1567994.0,0.0,0.0,-1622037.0,0.0,-0.05490794395563647,-0.05490794395563647,29541026.0,29541026.0,https://www.sedar.com/ModifyCompanyDocumentSearchForm.do?lang=EN&company_search=SILVER BULL RESOURCES INC&document_selection=0&industry_group=A&FromDate=13&FromMonth=05&FromYear=2000&ToDate=13&ToMonth=11&ToYear=2020&Variable=Issuer,https://www.sedar.com/ModifyCompanyDocumentSearchForm.do?lang=EN&company_search=SILVER BULL RESOURCES INC&document_selection=0&industry_group=A&FromDate=13&FromMonth=05&FromYear=2000&ToDate=13&ToMonth=11&ToYear=2020&Variable=Issuer,1620598464,18:14:24,20210509
54,2007-07-31,SVB.TO,USD,2007-07-31,2007-07-31,Q3,0.0,1004119.0,-1004119.0,0.0,0.0,0.0,0.0,0.0,933375.0,1937494.0,0.0,157925.0,-1779569.0,0.0,-1937494.0,0.0,0.0,-1765382.0,0.0,0.0,-1765382.0,0.0,-0.4,-0.4,4715030.0,4715030.0,https://www.sedar.com/ModifyCompanyDocumentSearchForm.do?lang=EN&company_search=SILVER BULL RESOURCES INC&document_selection=0&industry_group=A&FromDate=13&FromMonth=05&FromYear=2000&ToDate=13&ToMonth=11&ToYear=2020&Variable=Issuer,https://www.sedar.com/ModifyCompanyDocumentSearchForm.do?lang=EN&company_search=SILVER BULL RESOURCES INC&document_selection=0&industry_group=A&FromDate=13&FromMonth=05&FromYear=2000&ToDate=13&ToMonth=11&ToYear=2020&Variable=Issuer,1620598464,18:14:24,20210509
55,2007-04-30,SVB.TO,USD,2007-04-30,2007-04-30,Q2,0.0,0.0,0.0,0.0,621391.0,0.0,0.0,0.0,1379349.0,1379349.0,0.0,40492.0,-1338857.0,0.0,-1379349.0,0.0,-77282.0,-1310313.0,0.0,0.0,-1310313.0,0.0,-0.32,-0.32,4456369.0,4456369.0,https://www.sedar.com/ModifyCompanyDocumentSearchForm.do?lang=EN&company_search=SILVER BULL RESOURCES INC&document_selection=0&industry_group=A&FromDate=13&FromMonth=05&FromYear=2000&ToDate=13&ToMonth=11&ToYear=2020&Variable=Issuer,https://www.sedar.com/ModifyCompanyDocumentSearchForm.do?lang=EN&company_search=SILVER BULL RESOURCES INC&document_selection=0&industry_group=A&FromDate=13&FromMonth=05&FromYear=2000&ToDate=13&ToMonth=11&ToYear=2020&Variable=Issuer,1620598464,18:14:24,20210509
56,2007-01-31,SVB.TO,USD,2007-01-31,2007-01-31,Q1,0.0,356818.0,-356818.0,0.0,0.0,0.0,0.0,0.0,1946398.0,2303216.0,0.0,3785.0,-2299431.0,0.0,-2303216.0,0.0,96.0,-2233824.0,0.0,0.0,-2233824.0,0.0,-0.56,-0.56,4275989.0,4275989.0,https://www.sedar.com/ModifyCompanyDocumentSearchForm.do?lang=EN&company_search=SILVER BULL RESOURCES INC&document_selection=0&industry_group=A&FromDate=13&FromMonth=05&FromYear=2000&ToDate=13&ToMonth=11&ToYear=2020&Variable=Issuer,https://www.sedar.com/ModifyCompanyDocumentSearchForm.do?lang=EN&company_search=SILVER BULL RESOURCES INC&document_selection=0&industry_group=A&FromDate=13&FromMonth=05&FromYear=2000&ToDate=13&ToMonth=11&ToYear=2020&Variable=Issuer,1620598464,18:14:24,20210509
57,2006-10-31,SVB.TO,USD,2006-10-31,2006-10-31,Q4,0.0,0.0,0.0,0.0,0.0,0.0,0.0,0.0,6085388.0,8164165.0,0.0,21852.0,-8142313.0,0.0,-8164165.0,0.0,-14269.0,-8100824.0,0.0,0.0,-8100824.0,0.0,-0.27422283843492773,-0.27422283843492773,29541026.0,29541026.0,https://www.sedar.com/ModifyCompanyDocumentSearchForm.do?lang=EN&company_search=SILVER BULL RESOURCES INC&document_selection=0&industry_group=A&FromDate=13&FromMonth=05&FromYear=2000&ToDate=13&ToMonth=11&ToYear=2020&Variable=Issuer,https://www.sedar.com/ModifyCompanyDocumentSearchForm.do?lang=EN&company_search=SILVER BULL RESOURCES INC&document_selection=0&industry_group=A&FromDate=13&FromMonth=05&FromYear=2000&ToDate=13&ToMonth=11&ToYear=2020&Variable=Issuer,1620598464,18:14:24,20210509
58,2006-07-31,SVB.TO,USD,2006-07-31,2006-07-31,Q3,0.0,0.0,0.0,0.0,599787.0,0.0,0.0,0.0,1205324.0,1205324.0,0.0,26060.0,-1179264.0,0.0,-1205324.0,0.0,34426.0,-1090904.0,0.0,0.0,-1090904.0,0.0,-0.24,-0.24,4264813.0,4264813.0,https://www.sedar.com/ModifyCompanyDocumentSearchForm.do?lang=EN&company_search=SILVER BULL RESOURCES INC&document_selection=0&industry_group=A&FromDate=13&FromMonth=05&FromYear=2000&ToDate=13&ToMonth=11&ToYear=2020&Variable=Issuer,https://www.sedar.com/ModifyCompanyDocumentSearchForm.do?lang=EN&company_search=SILVER BULL RESOURCES INC&document_selection=0&industry_group=A&FromDate=13&FromMonth=05&FromYear=2000&ToDate=13&ToMonth=11&ToYear=2020&Variable=Issuer,1620598464,18:14:24,20210509
59,2006-04-30,SVB.TO,USD,2006-04-30,2006-04-30,Q2,0.0,0.0,0.0,0.0,53710.0,0.0,0.0,0.0,1591747.0,1591747.0,0.0,20843.0,-1570904.0,0.0,-1591747.0,0.0,61500.0,-1534059.0,0.0,0.0,-1534059.0,0.0,-0.4,-0.4,4096266.0,4096266.0,https://www.sedar.com/ModifyCompanyDocumentSearchForm.do?lang=EN&company_search=SILVER BULL RESOURCES INC&document_selection=0&industry_group=A&FromDate=13&FromMonth=05&FromYear=2000&ToDate=13&ToMonth=11&ToYear=2020&Variable=Issuer,https://www.sedar.com/ModifyCompanyDocumentSearchForm.do?lang=EN&company_search=SILVER BULL RESOURCES INC&document_selection=0&industry_group=A&FromDate=13&FromMonth=05&FromYear=2000&ToDate=13&ToMonth=11&ToYear=2020&Variable=Issuer,1620598464,18:14:24,20210509
60,2006-01-31,SVB.TO,USD,2006-01-31,2006-01-31,Q1,0.0,0.0,0.0,0.0,18152.0,0.0,0.0,0.0,456149.0,456149.0,0.0,20600.0,-435549.0,0.0,-456149.0,0.0,-28492.0,-467250.0,0.0,0.0,-467250.0,0.0,-0.16,-0.16,2726370.0,2726370.0,https://www.sedar.com/ModifyCompanyDocumentSearchForm.do?lang=EN&company_search=SILVER BULL RESOURCES INC&document_selection=0&industry_group=A&FromDate=13&FromMonth=05&FromYear=2000&ToDate=13&ToMonth=11&ToYear=2020&Variable=Issuer,https://www.sedar.com/ModifyCompanyDocumentSearchForm.do?lang=EN&company_search=SILVER BULL RESOURCES INC&document_selection=0&industry_group=A&FromDate=13&FromMonth=05&FromYear=2000&ToDate=13&ToMonth=11&ToYear=2020&Variable=Issuer,1620598464,18:14:24,20210509
61,2005-10-31,SVB.TO,USD,2005-10-31,2005-10-31,Q4,0.0,847270.0,-847270.0,0.0,0.0,0.0,0.0,0.0,-122448.0,724822.0,0.0,20630.0,-704192.0,0.0,-724822.0,0.0,138430.0,-586327.0,0.0,0.0,-586327.0,0.0,-0.01984788883094311,-0.01984788883094311,29541026.0,29541026.0,https://www.sedar.com/ModifyCompanyDocumentSearchForm.do?lang=EN&company_search=SILVER BULL RESOURCES INC&document_selection=0&industry_group=A&FromDate=13&FromMonth=05&FromYear=2000&ToDate=13&ToMonth=11&ToYear=2020&Variable=Issuer,https://www.sedar.com/ModifyCompanyDocumentSearchForm.do?lang=EN&company_search=SILVER BULL RESOURCES INC&document_selection=0&industry_group=A&FromDate=13&FromMonth=05&FromYear=2000&ToDate=13&ToMonth=11&ToYear=2020&Variable=Issuer,1620598464,18:14:24,20210509
62,2005-07-31,SVB.TO,USD,2005-07-31,2005-07-31,Q3,0.0,83093.0,-83093.0,0.0,0.0,0.0,0.0,0.0,388379.0,471472.0,0.0,20630.0,-450842.0,0.0,-471472.0,0.0,-3710.0,-472085.0,0.0,0.0,-472085.0,0.0,-0.16,-0.16,2505734.0,2505734.0,https://www.sedar.com/ModifyCompanyDocumentSearchForm.do?lang=EN&company_search=SILVER BULL RESOURCES INC&document_selection=0&industry_group=A&FromDate=13&FromMonth=05&FromYear=2000&ToDate=13&ToMonth=11&ToYear=2020&Variable=Issuer,https://www.sedar.com/ModifyCompanyDocumentSearchForm.do?lang=EN&company_search=SILVER BULL RESOURCES INC&document_selection=0&industry_group=A&FromDate=13&FromMonth=05&FromYear=2000&ToDate=13&ToMonth=11&ToYear=2020&Variable=Issuer,1620598464,18:14:24,20210509
63,2005-04-30,SVB.TO,USD,2005-04-30,2005-04-30,Q2,0.0,0.0,0.0,0.0,271736.0,0.0,0.0,0.0,961911.0,961911.0,0.0,21148.0,-940763.0,0.0,-961911.0,0.0,-31449.0,-982339.0,0.0,0.0,-982339.0,0.0,-0.4,-0.4,2491022.0,2491022.0,https://www.sedar.com/ModifyCompanyDocumentSearchForm.do?lang=EN&company_search=SILVER BULL RESOURCES INC&document_selection=0&industry_group=A&FromDate=13&FromMonth=05&FromYear=2000&ToDate=13&ToMonth=11&ToYear=2020&Variable=Issuer,https://www.sedar.com/ModifyCompanyDocumentSearchForm.do?lang=EN&company_search=SILVER BULL RESOURCES INC&document_selection=0&industry_group=A&FromDate=13&FromMonth=05&FromYear=2000&ToDate=13&ToMonth=11&ToYear=2020&Variable=Issuer,1620598464,18:14:24,20210509
64,2005-01-31,SVB.TO,USD,2005-01-31,2005-01-31,Q1,0.0,0.0,0.0,0.0,464785.0,0.0,0.0,0.0,1309186.0,1309186.0,0.0,21149.0,-1288037.0,0.0,-1309186.0,0.0,32808.0,-1261409.0,0.0,0.0,-1261409.0,0.0,-0.48,-0.48,2478635.0,2478635.0,https://www.sedar.com/ModifyCompanyDocumentSearchForm.do?lang=EN&company_search=SILVER BULL RESOURCES INC&document_selection=0&industry_group=A&FromDate=13&FromMonth=05&FromYear=2000&ToDate=13&ToMonth=11&ToYear=2020&Variable=Issuer,https://www.sedar.com/ModifyCompanyDocumentSearchForm.do?lang=EN&company_search=SILVER BULL RESOURCES INC&document_selection=0&industry_group=A&FromDate=13&FromMonth=05&FromYear=2000&ToDate=13&ToMonth=11&ToYear=2020&Variable=Issuer,1620598464,18:14:24,20210509
65,2004-10-31,SVB.TO,USD,2004-10-31,2004-10-31,Q4,0.0,0.0,0.0,0.0,1675717.0,0.0,0.0,0.0,2344148.0,2344148.0,0.0,19262.0,-2324886.0,0.0,-2344148.0,0.0,14361.0,-2312858.0,0.0,0.0,-2312858.0,0.0,-0.07829308298229046,-0.07829308298229046,29541026.0,29541026.0,https://www.sedar.com/ModifyCompanyDocumentSearchForm.do?lang=EN&company_search=SILVER BULL RESOURCES INC&document_selection=0&industry_group=A&FromDate=13&FromMonth=05&FromYear=2000&ToDate=13&ToMonth=11&ToYear=2020&Variable=Issuer,https://www.sedar.com/ModifyCompanyDocumentSearchForm.do?lang=EN&company_search=SILVER BULL RESOURCES INC&document_selection=0&industry_group=A&FromDate=13&FromMonth=05&FromYear=2000&ToDate=13&ToMonth=11&ToYear=2020&Variable=Issuer,1620598464,18:14:24,20210509
66,2004-07-31,SVB.TO,USD,2004-07-31,2004-07-31,Q3,0.0,0.0,0.0,0.0,1138708.0,0.0,0.0,0.0,1691148.0,1691148.0,0.0,18658.0,-1672490.0,0.0,-1691148.0,0.0,21254.0,-1667248.0,0.0,0.0,-1667248.0,0.0,-0.72,-0.72,2442770.0,2442770.0,https://www.sedar.com/ModifyCompanyDocumentSearchForm.do?lang=EN&company_search=SILVER BULL RESOURCES INC&document_selection=0&industry_group=A&FromDate=13&FromMonth=05&FromYear=2000&ToDate=13&ToMonth=11&ToYear=2020&Variable=Issuer,https://www.sedar.com/ModifyCompanyDocumentSearchForm.do?lang=EN&company_search=SILVER BULL RESOURCES INC&document_selection=0&industry_group=A&FromDate=13&FromMonth=05&FromYear=2000&ToDate=13&ToMonth=11&ToYear=2020&Variable=Issuer,1620598464,18:14:24,20210509
67,2004-04-30,SVB.TO,USD,2004-04-30,2004-04-30,Q2,0.0,0.0,0.0,0.0,526755.0,0.0,0.0,0.0,825885.0,825885.0,0.0,14608.0,-811277.0,0.0,-825885.0,0.0,37898.0,-788206.0,0.0,0.0,-788206.0,0.0,-0.4,-0.4,1939485.0,1939485.0,https://www.sedar.com/ModifyCompanyDocumentSearchForm.do?lang=EN&company_search=SILVER BULL RESOURCES INC&document_selection=0&industry_group=A&FromDate=13&FromMonth=05&FromYear=2000&ToDate=13&ToMonth=11&ToYear=2020&Variable=Issuer,https://www.sedar.com/ModifyCompanyDocumentSearchForm.do?lang=EN&company_search=SILVER BULL RESOURCES INC&document_selection=0&industry_group=A&FromDate=13&FromMonth=05&FromYear=2000&ToDate=13&ToMonth=11&ToYear=2020&Variable=Issuer,1620598464,18:14:24,20210509
68,2004-01-31,SVB.TO,USD,2004-01-31,2004-01-31,Q1,0.0,0.0,0.0,0.0,32874.0,0.0,0.0,0.0,365486.0,365486.0,0.0,10517.0,-354969.0,0.0,-365486.0,0.0,96704.0,0.0,0.0,0.0,-268493.0,0.0,-0.16,-0.16,1487403.0,1487403.0,https://www.sedar.com/ModifyCompanyDocumentSearchForm.do?lang=EN&company_search=SILVER BULL RESOURCES INC&document_selection=0&industry_group=A&FromDate=13&FromMonth=05&FromYear=2000&ToDate=13&ToMonth=11&ToYear=2020&Variable=Issuer,https://www.sedar.com/ModifyCompanyDocumentSearchForm.do?lang=EN&company_search=SILVER BULL RESOURCES INC&document_selection=0&industry_group=A&FromDate=13&FromMonth=05&FromYear=2000&ToDate=13&ToMonth=11&ToYear=2020&Variable=Issuer,1620598464,18:14:24,20210509
69,2003-10-31,SVB.TO,USD,2003-10-31,2003-10-31,Q4,0.0,0.0,0.0,0.0,72612.0,0.0,0.0,0.0,329930.0,329930.0,0.0,-8619.0,-338549.0,0.0,-329930.0,0.0,-7285.0,0.0,0.0,0.0,-336893.0,0.0,-0.011404241680705335,-0.011404241680705335,29541026.0,29541026.0,https://www.sedar.com/ModifyCompanyDocumentSearchForm.do?lang=EN&company_search=SILVER BULL RESOURCES INC&document_selection=0&industry_group=A&FromDate=13&FromMonth=05&FromYear=2000&ToDate=13&ToMonth=11&ToYear=2020&Variable=Issuer,https://www.sedar.com/ModifyCompanyDocumentSearchForm.do?lang=EN&company_search=SILVER BULL RESOURCES INC&document_selection=0&industry_group=A&FromDate=13&FromMonth=05&FromYear=2000&ToDate=13&ToMonth=11&ToYear=2020&Variable=Issuer,1620598464,18:14:24,20210509
70,2003-07-31,SVB.TO,USD,2003-07-31,2003-07-31,Q3,0.0,0.0,0.0,0.0,601.0,0.0,0.0,0.0,202580.0,202580.0,0.0,9062.0,-193518.0,0.0,-202580.0,0.0,3747.0,0.0,0.0,0.0,-198939.0,0.0,-0.16,-0.16,1325797.0,1325797.0,https://www.sedar.com/ModifyCompanyDocumentSearchForm.do?lang=EN&company_search=SILVER BULL RESOURCES INC&document_selection=0&industry_group=A&FromDate=13&FromMonth=05&FromYear=2000&ToDate=13&ToMonth=11&ToYear=2020&Variable=Issuer,https://www.sedar.com/ModifyCompanyDocumentSearchForm.do?lang=EN&company_search=SILVER BULL RESOURCES INC&document_selection=0&industry_group=A&FromDate=13&FromMonth=05&FromYear=2000&ToDate=13&ToMonth=11&ToYear=2020&Variable=Issuer,1620598464,18:14:24,20210509
71,2003-04-30,SVB.TO,USD,2003-04-30,2003-04-30,Q2,0.0,0.0,0.0,0.0,465.0,0.0,0.0,0.0,328605.0,328605.0,0.0,12287.0,-316318.0,0.0,-328605.0,0.0,62969.0,-265720.0,0.0,0.0,-265720.0,0.0,-0.24,-0.24,1316823.0,1316823.0,https://www.sedar.com/ModifyCompanyDocumentSearchForm.do?lang=EN&company_search=SILVER BULL RESOURCES INC&document_selection=0&industry_group=A&FromDate=13&FromMonth=05&FromYear=2000&ToDate=13&ToMonth=11&ToYear=2020&Variable=Issuer,https://www.sedar.com/ModifyCompanyDocumentSearchForm.do?lang=EN&company_search=SILVER BULL RESOURCES INC&document_selection=0&industry_group=A&FromDate=13&FromMonth=05&FromYear=2000&ToDate=13&ToMonth=11&ToYear=2020&Variable=Issuer,1620598464,18:14:24,20210509
72,2003-01-31,SVB.TO,USD,2003-01-31,2003-01-31,Q1,0.0,0.0,0.0,0.0,875.0,0.0,0.0,0.0,318287.0,318287.0,0.0,12278.0,-306009.0,0.0,-318287.0,0.0,13160.0,-305176.0,0.0,0.0,-305176.0,0.0,-0.24,-0.24,1306459.0,1306459.0,https://www.sedar.com/ModifyCompanyDocumentSearchForm.do?lang=EN&company_search=SILVER BULL RESOURCES INC&document_selection=0&industry_group=A&FromDate=13&FromMonth=05&FromYear=2000&ToDate=13&ToMonth=11&ToYear=2020&Variable=Issuer,https://www.sedar.com/ModifyCompanyDocumentSearchForm.do?lang=EN&company_search=SILVER BULL RESOURCES INC&document_selection=0&industry_group=A&FromDate=13&FromMonth=05&FromYear=2000&ToDate=13&ToMonth=11&ToYear=2020&Variable=Issuer,1620598464,18:14:24,20210509
73,2002-10-31,SVB.TO,USD,2002-10-31,2002-10-31,Q4,0.0,0.0,0.0,0.0,0.0,0.0,0.0,0.0,226878.0,226878.0,0.0,8984.0,-217894.0,0.0,-226878.0,0.0,-18991.0,-245795.0,0.0,0.0,-245795.0,0.0,-0.008320462532344001,-0.008320462532344001,29541026.0,29541026.0,https://www.sedar.com/ModifyCompanyDocumentSearchForm.do?lang=EN&company_search=SILVER BULL RESOURCES INC&document_selection=0&industry_group=A&FromDate=13&FromMonth=05&FromYear=2000&ToDate=13&ToMonth=11&ToYear=2020&Variable=Issuer,https://www.sedar.com/ModifyCompanyDocumentSearchForm.do?lang=EN&company_search=SILVER BULL RESOURCES INC&document_selection=0&industry_group=A&FromDate=13&FromMonth=05&FromYear=2000&ToDate=13&ToMonth=11&ToYear=2020&Variable=Issuer,1620598464,18:14:24,20210509
74,2002-07-31,SVB.TO,USD,2002-07-31,2002-07-31,Q3,0.0,0.0,0.0,0.0,0.0,91074.0,8043.0,0.0,138871.0,138871.0,0.0,14368.0,-124503.0,0.0,-138871.0,0.0,27571.0,-111086.0,0.0,0.0,-111086.0,0.0,-0.08,-0.08,1271824.0,1271824.0,https://www.sedar.com/ModifyCompanyDocumentSearchForm.do?lang=EN&company_search=SILVER BULL RESOURCES INC&document_selection=0&industry_group=A&FromDate=13&FromMonth=05&FromYear=2000&ToDate=13&ToMonth=11&ToYear=2020&Variable=Issuer,https://www.sedar.com/ModifyCompanyDocumentSearchForm.do?lang=EN&company_search=SILVER BULL RESOURCES INC&document_selection=0&industry_group=A&FromDate=13&FromMonth=05&FromYear=2000&ToDate=13&ToMonth=11&ToYear=2020&Variable=Issuer,1620598464,18:14:24,20210509
75,2002-04-30,SVB.TO,USD,2002-04-30,2002-04-30,Q2,0.0,0.0,0.0,0.0,0.0,101084.0,0.0,0.0,107322.0,107322.0,0.0,6239.0,-101083.0,0.0,-107322.0,0.0,-20548.0,-127115.0,0.0,0.0,-127115.0,0.0,-0.08,-0.08,1264699.0,1264699.0,https://www.sedar.com/ModifyCompanyDocumentSearchForm.do?lang=EN&company_search=SILVER BULL RESOURCES INC&document_selection=0&industry_group=A&FromDate=13&FromMonth=05&FromYear=2000&ToDate=13&ToMonth=11&ToYear=2020&Variable=Issuer,https://www.sedar.com/ModifyCompanyDocumentSearchForm.do?lang=EN&company_search=SILVER BULL RESOURCES INC&document_selection=0&industry_group=A&FromDate=13&FromMonth=05&FromYear=2000&ToDate=13&ToMonth=11&ToYear=2020&Variable=Issuer,1620598464,18:14:24,20210509
76,2002-01-31,SVB.TO,USD,2002-01-31,2002-01-31,Q1,0.0,0.0,0.0,0.0,0.0,190343.0,0.0,0.0,196581.0,196581.0,0.0,6238.0,-190343.0,0.0,-196581.0,0.0,-87284.0,-281769.0,0.0,0.0,-281769.0,0.0,-0.24,-0.24,1260949.0,1260949.0,https://www.sedar.com/ModifyCompanyDocumentSearchForm.do?lang=EN&company_search=SILVER BULL RESOURCES INC&document_selection=0&industry_group=A&FromDate=13&FromMonth=05&FromYear=2000&ToDate=13&ToMonth=11&ToYear=2020&Variable=Issuer,https://www.sedar.com/ModifyCompanyDocumentSearchForm.do?lang=EN&company_search=SILVER BULL RESOURCES INC&document_selection=0&industry_group=A&FromDate=13&FromMonth=05&FromYear=2000&ToDate=13&ToMonth=11&ToYear=2020&Variable=Issuer,1620598464,18:14:24,20210509
77,2001-10-31,SVB.TO,USD,2001-10-31,2001-10-31,Q4,0.0,0.0,0.0,0.0,0.0,24598.0,0.0,0.0,128248.0,128248.0,0.0,7125.0,-121123.0,0.0,-128248.0,0.0,-51935.0,-175627.0,0.0,0.0,-175627.0,0.0,-0.0059451895814316,-0.0059451895814316,29541026.0,29541026.0,https://www.sedar.com/ModifyCompanyDocumentSearchForm.do?lang=EN&company_search=SILVER BULL RESOURCES INC&document_selection=0&industry_group=A&FromDate=13&FromMonth=05&FromYear=2000&ToDate=13&ToMonth=11&ToYear=2020&Variable=Issuer,https://www.sedar.com/ModifyCompanyDocumentSearchForm.do?lang=EN&company_search=SILVER BULL RESOURCES INC&document_selection=0&industry_group=A&FromDate=13&FromMonth=05&FromYear=2000&ToDate=13&ToMonth=11&ToYear=2020&Variable=Issuer,1620598464,18:14:24,20210509
78,2001-07-31,SVB.TO,USD,2001-07-31,2001-07-31,Q3,1.0,0.0,0.0,0.0,0.0,461715.0,0.0,0.0,468840.0,468840.0,0.0,7124.0,-461715.0,-461715.0,-468839.0,-468839.0,48823.0,-418508.0,-418508.0,0.0,-418508.0,-418508.0,-0.32,-0.32,1231824.0,1231824.0,https://www.sedar.com/ModifyCompanyDocumentSearchForm.do?lang=EN&company_search=SILVER BULL RESOURCES INC&document_selection=0&industry_group=A&FromDate=13&FromMonth=05&FromYear=2000&ToDate=13&ToMonth=11&ToYear=2020&Variable=Issuer,https://www.sedar.com/ModifyCompanyDocumentSearchForm.do?lang=EN&company_search=SILVER BULL RESOURCES INC&document_selection=0&industry_group=A&FromDate=13&FromMonth=05&FromYear=2000&ToDate=13&ToMonth=11&ToYear=2020&Variable=Issuer,1620598464,18:14:24,20210509
79,2001-04-30,SVB.TO,USD,2001-04-30,2001-04-30,Q2,1.0,0.0,0.0,0.0,0.0,916716.0,0.0,0.0,923842.0,923842.0,0.0,7125.0,-916716.0,-916716.0,-923841.0,-923841.0,17210.0,-904542.0,-904542.0,0.0,-904542.0,-904542.0,-0.72,-0.72,1221866.0,1221866.0,https://www.sedar.com/ModifyCompanyDocumentSearchForm.do?lang=EN&company_search=SILVER BULL RESOURCES INC&document_selection=0&industry_group=A&FromDate=13&FromMonth=05&FromYear=2000&ToDate=13&ToMonth=11&ToYear=2020&Variable=Issuer,https://www.sedar.com/ModifyCompanyDocumentSearchForm.do?lang=EN&company_search=SILVER BULL RESOURCES INC&document_selection=0&industry_group=A&FromDate=13&FromMonth=05&FromYear=2000&ToDate=13&ToMonth=11&ToYear=2020&Variable=Issuer,1620598464,18:14:24,20210509
80,2001-01-31,SVB.TO,USD,2001-01-31,2001-01-31,Q1,1.0,0.0,0.0,0.0,0.0,278353.0,0.0,0.0,285477.0,285477.0,0.0,7124.0,-278352.0,-278352.0,-285476.0,-285476.0,0.0,0.0,0.0,0.0,-283313.0,-283313.0,-0.24,-0.24,1071740.0,1071740.0,https://www.sedar.com/ModifyCompanyDocumentSearchForm.do?lang=EN&company_search=SILVER BULL RESOURCES INC&document_selection=0&industry_group=A&FromDate=13&FromMonth=05&FromYear=2000&ToDate=13&ToMonth=11&ToYear=2020&Variable=Issuer,https://www.sedar.com/ModifyCompanyDocumentSearchForm.do?lang=EN&company_search=SILVER BULL RESOURCES INC&document_selection=0&industry_group=A&FromDate=13&FromMonth=05&FromYear=2000&ToDate=13&ToMonth=11&ToYear=2020&Variable=Issuer,1620598464,18:14:24,20210509
81,2000-10-31,SVB.TO,USD,2000-10-31,2000-10-31,Q4,0.0,0.0,0.0,0.0,0.0,211722.0,0.0,0.0,220055.0,220055.0,0.0,8333.0,-211722.0,0.0,-220055.0,0.0,-76708.0,0.0,0.0,0.0,-293136.0,0.0,-0.009923013506707587,-0.009923013506707587,29541026.0,29541026.0,https://www.sedar.com/ModifyCompanyDocumentSearchForm.do?lang=EN&company_search=SILVER BULL RESOURCES INC&document_selection=0&industry_group=A&FromDate=13&FromMonth=05&FromYear=2000&ToDate=13&ToMonth=11&ToYear=2020&Variable=Issuer,https://www.sedar.com/ModifyCompanyDocumentSearchForm.do?lang=EN&company_search=SILVER BULL RESOURCES INC&document_selection=0&industry_group=A&FromDate=13&FromMonth=05&FromYear=2000&ToDate=13&ToMonth=11&ToYear=2020&Variable=Issuer,1620598464,18:14:24,20210509
82,2000-07-31,SVB.TO,USD,2000-07-31,2000-07-31,Q3,1.0,0.0,0.0,0.0,0.0,121329.0,0.0,0.0,127161.0,127161.0,0.0,5832.0,-121328.0,-121328.0,-127160.0,-127160.0,0.0,0.0,0.0,0.0,-125286.0,-125286.0,-0.08,-0.08,1040032.0,1040032.0,https://www.sedar.com/ModifyCompanyDocumentSearchForm.do?lang=EN&company_search=SILVER BULL RESOURCES INC&document_selection=0&industry_group=A&FromDate=13&FromMonth=05&FromYear=2000&ToDate=13&ToMonth=11&ToYear=2020&Variable=Issuer,https://www.sedar.com/ModifyCompanyDocumentSearchForm.do?lang=EN&company_search=SILVER BULL RESOURCES INC&document_selection=0&industry_group=A&FromDate=13&FromMonth=05&FromYear=2000&ToDate=13&ToMonth=11&ToYear=2020&Variable=Issuer,1620598464,18:14:24,20210509
83,2000-04-30,SVB.TO,USD,2000-04-30,2000-04-30,Q2,1.0,0.0,0.0,0.0,0.0,326859.0,0.0,0.0,332951.0,332951.0,0.0,6092.0,-326858.0,-326858.0,-332950.0,-332950.0,76728.0,0.0,0.0,0.0,-254647.0,-254647.0,-0.24,-0.24,1027636.0,1027636.0,https://www.sedar.com/ModifyCompanyDocumentSearchForm.do?lang=EN&company_search=SILVER BULL RESOURCES INC&document_selection=0&industry_group=A&FromDate=13&FromMonth=05&FromYear=2000&ToDate=13&ToMonth=11&ToYear=2020&Variable=Issuer,https://www.sedar.com/ModifyCompanyDocumentSearchForm.do?lang=EN&company_search=SILVER BULL RESOURCES INC&document_selection=0&industry_group=A&FromDate=13&FromMonth=05&FromYear=2000&ToDate=13&ToMonth=11&ToYear=2020&Variable=Issuer,1620598464,18:14:24,20210509
84,2000-01-31,SVB.TO,USD,2000-01-31,2000-01-31,Q1,1.0,0.0,0.0,0.0,0.0,205199.0,0.0,0.0,210772.0,210772.0,0.0,5573.0,-205198.0,-205198.0,-210771.0,-210771.0,0.0,0.0,0.0,0.0,-209139.0,-209139.0,-0.24,-0.24,964386.0,964386.0,https://www.sedar.com/ModifyCompanyDocumentSearchForm.do?lang=EN&company_search=SILVER BULL RESOURCES INC&document_selection=0&industry_group=A&FromDate=13&FromMonth=05&FromYear=2000&ToDate=13&ToMonth=11&ToYear=2020&Variable=Issuer,https://www.sedar.com/ModifyCompanyDocumentSearchForm.do?lang=EN&company_search=SILVER BULL RESOURCES INC&document_selection=0&industry_group=A&FromDate=13&FromMonth=05&FromYear=2000&ToDate=13&ToMonth=11&ToYear=2020&Variable=Issuer,1620598464,18:14:24,20210509
