,date,symbol,reportedCurrency,fillingDate,acceptedDate,period,revenue,costOfRevenue,grossProfit,grossProfitRatio,researchAndDevelopmentExpenses,generalAndAdministrativeExpenses,sellingAndMarketingExpenses,otherExpenses,operatingExpenses,costAndExpenses,interestExpense,depreciationAndAmortization,ebitda,ebitdaratio,operatingIncome,operatingIncomeRatio,totalOtherIncomeExpensesNet,incomeBeforeTax,incomeBeforeTaxRatio,incomeTaxExpense,netIncome,netIncomeRatio,eps,epsdiluted,weightedAverageShsOut,weightedAverageShsOutDil,link,finalLink,timestamp,est_time,est_date
0,2019-06-30,1109.HK,CNY,2019-06-30,2019-06-30,Q2,36933987250.0,22933993250.0,13999994000.0,0.37905449810323416,0,1436186750.0,1267500250.0,140618500.0,0.0,25626993750.0,282499500.0,190258250.0,11497251750.0,0.31129191852959226,11306993500.0,0.30614061307447926,0,15248524750.0,0.41285888379137836,6660625000.0,7240375000.0,0.1960355634226846,1.03,1.03,6964272912,6964272912,https://www1.hkexnews.hk/search/titlesearch.xhtml,https://www1.hkexnews.hk/search/titlesearch.xhtml,1620585078,14:31:18,20210509
1,2019-03-31,1109.HK,CNY,2019-03-31,2019-03-31,Q1,36933987250.0,22933993250.0,13999994000.0,0.37905449810323416,0,1436186750.0,1267500250.0,140618500.0,0.0,25626993750.0,282499500.0,190258250.0,11497251750.0,0.31129191852959226,11306993500.0,0.30614061307447926,0,15248524750.0,0.41285888379137836,6660625000.0,7240375000.0,0.1960355634226846,1.03,1.03,6964272912,6964272912,https://www1.hkexnews.hk/search/titlesearch.xhtml,https://www1.hkexnews.hk/search/titlesearch.xhtml,1620585078,14:31:18,20210509
2,2019-01-31,1109.HK,CNY,2019-01-31,2019-01-31,Q1,36933987250.0,22933993250.0,13999994000.0,0.37905449810323416,0,1436186750.0,1267500250.0,140618500.0,0.0,25626993750.0,282499500.0,190258250.0,11497251750.0,0.31129191852959226,11306993500.0,0.30614061307447926,0,15248524750.0,0.41285888379137836,6660625000.0,7240375000.0,0.1960355634226846,1.03,1.03,6964272912,6964272912,https://www1.hkexnews.hk/search/titlesearch.xhtml,https://www1.hkexnews.hk/search/titlesearch.xhtml,1620585078,14:31:18,20210509
3,2018-06-30,1109.HK,CNY,2018-06-30,2018-06-30,Q2,30297231500.0,17151809250.0,13145422250.0,0.4338819621192121,0,1039860250.0,1044284750.0,102878500.0,0.0,19224855500.0,398261750.0,141231250.0,11213607250.0,0.3701198655725359,11072376000.0,0.36545834229111,0,12931571250.0,0.42682352841380905,6112259000.0,6131375000.0,0.20237410140923273,0.875,0.875,6930939579,6930939579,https://www1.hkexnews.hk/search/titlesearch.xhtml,https://www1.hkexnews.hk/search/titlesearch.xhtml,1620585078,14:31:18,20210509
4,2018-03-31,1109.HK,CNY,2018-03-31,2018-03-31,Q1,30297231500.0,17151809250.0,13145422250.0,0.4338819621192121,0,1039860250.0,1044284750.0,102878500.0,0.0,19224855500.0,398261750.0,141231250.0,11213607250.0,0.3701198655725359,11072376000.0,0.36545834229111,0,12931571250.0,0.42682352841380905,6112259000.0,6131375000.0,0.20237410140923273,0.875,0.875,6930939579,6930939579,https://www1.hkexnews.hk/search/titlesearch.xhtml,https://www1.hkexnews.hk/search/titlesearch.xhtml,1620585078,14:31:18,20210509
5,2018-01-31,1109.HK,CNY,2018-01-31,2018-01-31,Q1,30297231500.0,17151809250.0,13145422250.0,0.4338819621192121,0,1039860250.0,1044284750.0,102878500.0,0.0,19224855500.0,398261750.0,141231250.0,11213607250.0,0.3701198655725359,11072376000.0,0.36545834229111,0,12931571250.0,0.42682352841380905,6112259000.0,6131375000.0,0.20237410140923273,0.875,0.875,6930939579,6930939579,https://www1.hkexnews.hk/search/titlesearch.xhtml,https://www1.hkexnews.hk/search/titlesearch.xhtml,1620585078,14:31:18,20210509
6,2017-06-30,1109.HK,CNY,2017-06-30,2017-06-30,Q2,24773219370.328526,14800934118.46339,9972285251.865135,0.4025429679845801,0,881386436.1525053,814307660.3391608,121527350.67597926,0.0,16490048018.134905,322750099.501031,112704175.562612,8395875527.756232,0.3389093440884059,8283171352.193621,0.33435990810764676,0,9629172661.337482,0.38869282661221544,4321257387.280801,4808226211.862178,0.19408967966517524,0.69355375,0.69355375,6930939579,6930939579,https://www1.hkexnews.hk/search/titlesearch.xhtml,https://www1.hkexnews.hk/search/titlesearch.xhtml,1620585078,14:31:18,20210509
7,2017-03-31,1109.HK,CNY,2017-03-31,2017-03-31,Q1,24773219370.328526,14800934118.46339,9972285251.865135,0.4025429679845801,0,881386436.1525053,814307660.3391608,121527350.67597926,0.0,16490048018.134905,322750099.501031,112704175.562612,8395875527.756232,0.3389093440884059,8283171352.193621,0.33435990810764676,0,9629172661.337482,0.38869282661221544,4321257387.280801,4808226211.862178,0.19408967966517524,0.69355375,0.69355375,6930939579,6930939579,https://www1.hkexnews.hk/search/titlesearch.xhtml,https://www1.hkexnews.hk/search/titlesearch.xhtml,1620585078,14:31:18,20210509
8,2017-01-31,1109.HK,CNY,2017-01-31,2017-01-31,Q1,24773219370.328526,14800934118.46339,9972285251.865135,0.4025429679845801,0,881386436.1525053,814307660.3391608,121527350.67597926,0.0,16490048018.134905,322750099.501031,112704175.562612,8395875527.756232,0.3389093440884059,8283171352.193621,0.33435990810764676,0,9629172661.337482,0.38869282661221544,4321257387.280801,4808226211.862178,0.19408967966517524,0.69355375,0.69355375,6930939579,6930939579,https://www1.hkexnews.hk/search/titlesearch.xhtml,https://www1.hkexnews.hk/search/titlesearch.xhtml,1620585078,14:31:18,20210509
9,2016-06-30,1109.HK,CNY,2016-06-30,2016-06-30,Q2,24473061106.294827,16215432943.67848,8257628162.616345,0.33741705325503246,0,690123699.7191471,726496554.6541945,145248317.70458576,0.0,17613780476.077183,277916888.54459226,106538235.924456,6965818866.142097,0.2846321036787011,6859280630.217642,0.2802788176119634,0,8593028385.442053,0.3511219274172368,3556575617.683696,4365288788.30784,0.17837118002312446,0.62991625,0.6298265,6930939579,6930939579,https://www1.hkexnews.hk/search/titlesearch.xhtml,https://www1.hkexnews.hk/search/titlesearch.xhtml,1620585078,14:31:18,20210509
10,2016-03-31,1109.HK,CNY,2016-03-31,2016-03-31,Q1,24473061106.294827,16215432943.67848,8257628162.616345,0.33741705325503246,0,690123699.7191471,726496554.6541945,145248317.70458576,0.0,17613780476.077183,277916888.54459226,106538235.924456,6965818866.142097,0.2846321036787011,6859280630.217642,0.2802788176119634,0,8593028385.442053,0.3511219274172368,3556575617.683696,4365288788.30784,0.17837118002312446,0.62991625,0.6298265,6930939579,6930939579,https://www1.hkexnews.hk/search/titlesearch.xhtml,https://www1.hkexnews.hk/search/titlesearch.xhtml,1620585078,14:31:18,20210509
11,2016-01-31,1109.HK,CNY,2016-01-31,2016-01-31,Q1,24473061106.294827,16215432943.67848,8257628162.616345,0.33741705325503246,0,690123699.7191471,726496554.6541945,145248317.70458576,0.0,17613780476.077183,277916888.54459226,106538235.924456,6965818866.142097,0.2846321036787011,6859280630.217642,0.2802788176119634,0,8593028385.442053,0.3511219274172368,3556575617.683696,4365288788.30784,0.17837118002312446,0.62991625,0.6298265,6930939579,6930939579,https://www1.hkexnews.hk/search/titlesearch.xhtml,https://www1.hkexnews.hk/search/titlesearch.xhtml,1620585078,14:31:18,20210509
12,2015-09-30,1109.HK,CNY,2015-09-30,2015-09-30,Q3,21644850086.096943,14883397784.444195,6761452301.652749,0.3123815722796716,0,629304070.1711955,692054377.7387798,92819148.942798,0.0,16200150434.389246,246892417.18649626,89692791.6495755,5534392443.357274,0.2556909574953425,5444699651.707699,0.25154711767696525,0,6807954092.569016,0.3145299720482677,2751335097.833742,3669284804.895557,0.16952230162372134,0.542622,0.54241275,6762139237,6764443157,https://www1.hkexnews.hk/search/titlesearch.xhtml,https://www1.hkexnews.hk/search/titlesearch.xhtml,1620585078,14:31:18,20210509
13,2015-06-30,1109.HK,CNY,2015-06-30,2015-06-30,Q2,21644850086.096943,14883397784.444195,6761452301.652749,0.3123815722796716,0,629304070.1711955,692054377.7387798,92819148.942798,0.0,16200150434.389246,246892417.18649626,89692791.6495755,5534392443.357274,0.2556909574953425,5444699651.707699,0.25154711767696525,0,6807954092.569016,0.3145299720482677,2751335097.833742,3669284804.895557,0.16952230162372134,0.542622,0.54241275,6762139237,6764443157,https://www1.hkexnews.hk/search/titlesearch.xhtml,https://www1.hkexnews.hk/search/titlesearch.xhtml,1620585078,14:31:18,20210509
14,2015-03-31,1109.HK,CNY,2015-03-31,2015-03-31,Q1,21644850086.096943,14883397784.444195,6761452301.652749,0.3123815722796716,0,629304070.1711955,692054377.7387798,92819148.942798,0.0,16200150434.389246,246892417.18649626,89692791.6495755,5534392443.357274,0.2556909574953425,5444699651.707699,0.25154711767696525,0,6807954092.569016,0.3145299720482677,2751335097.833742,3669284804.895557,0.16952230162372134,0.542622,0.54241275,6762139237,6764443157,https://www1.hkexnews.hk/search/titlesearch.xhtml,https://www1.hkexnews.hk/search/titlesearch.xhtml,1620585078,14:31:18,20210509
15,2015-01-31,1109.HK,CNY,2015-01-31,2015-01-31,Q1,21644850086.096943,14883397784.444195,6761452301.652749,0.3123815722796716,0,629304070.1711955,692054377.7387798,92819148.942798,0.0,16200150434.389246,246892417.18649626,89692791.6495755,5534392443.357274,0.2556909574953425,5444699651.707699,0.25154711767696525,0,6807954092.569016,0.3145299720482677,2751335097.833742,3669284804.895557,0.16952230162372134,0.542622,0.54241275,6762139237,6764443157,https://www1.hkexnews.hk/search/titlesearch.xhtml,https://www1.hkexnews.hk/search/titlesearch.xhtml,1620585078,14:31:18,20210509
16,2014-09-30,1109.HK,CNY,2014-09-30,2014-09-30,Q3,17668321815.757637,12262044428.6973,5406277387.060336,0.3059870339376943,0,436489877.3998207,591457776.583176,42818541.2547455,0.0,13275614749.257479,153686475.536749,88822249.898161,4481529316.398319,0.25364770707319984,4392707066.500158,0.24862050353772064,0,5354757559.433956,0.30307109046758884,2148019872.562795,2940372691.410082,0.16642059851930513,0.50417325,0.5037735,5831082598,5835686956,https://www1.hkexnews.hk/search/titlesearch.xhtml,https://www1.hkexnews.hk/search/titlesearch.xhtml,1620585078,14:31:18,20210509
17,2014-06-30,1109.HK,CNY,2014-06-30,2014-06-30,Q2,17668321815.757637,12262044428.6973,5406277387.060336,0.3059870339376943,0,436489877.3998207,591457776.583176,42818541.2547455,0.0,13275614749.257479,153686475.536749,88822249.898161,4481529316.398319,0.25364770707319984,4392707066.500158,0.24862050353772064,0,5354757559.433956,0.30307109046758884,2148019872.562795,2940372691.410082,0.16642059851930513,0.50417325,0.5037735,5831082598,5835686956,https://www1.hkexnews.hk/search/titlesearch.xhtml,https://www1.hkexnews.hk/search/titlesearch.xhtml,1620585078,14:31:18,20210509
18,2014-03-31,1109.HK,CNY,2014-03-31,2014-03-31,Q1,17668321815.757637,12262044428.6973,5406277387.060336,0.3059870339376943,0,436489877.3998207,591457776.583176,42818541.2547455,0.0,13275614749.257479,153686475.536749,88822249.898161,4481529316.398319,0.25364770707319984,4392707066.500158,0.24862050353772064,0,5354757559.433956,0.30307109046758884,2148019872.562795,2940372691.410082,0.16642059851930513,0.50417325,0.5037735,5831082598,5835686956,https://www1.hkexnews.hk/search/titlesearch.xhtml,https://www1.hkexnews.hk/search/titlesearch.xhtml,1620585078,14:31:18,20210509
19,2014-01-31,1109.HK,CNY,2014-01-31,2014-01-31,Q1,17668321815.757637,12262044428.6973,5406277387.060336,0.3059870339376943,0,436489877.3998207,591457776.583176,42818541.2547455,0.0,13275614749.257479,153686475.536749,88822249.898161,4481529316.398319,0.25364770707319984,4392707066.500158,0.24862050353772064,0,5354757559.433956,0.30307109046758884,2148019872.562795,2940372691.410082,0.16642059851930513,0.50417325,0.5037735,5831082598,5835686956,https://www1.hkexnews.hk/search/titlesearch.xhtml,https://www1.hkexnews.hk/search/titlesearch.xhtml,1620585078,14:31:18,20210509
20,2013-09-30,1109.HK,CNY,2013-09-30,2013-09-30,Q3,13945913829.412485,10017976878.454784,3927936950.957701,0.2816550424019921,0,355570793.0991355,411490612.46977973,37811301.364829,0.0,10776429719.960545,95003446.4609215,71983590.9664692,3241467700.41841,0.23243135875269974,3169484109.4519405,0.22726973278490886,0,4742792521.275731,0.34008474305018244,1775944011.769636,2870889988.5062957,0.20585886472720596,0.49248175,0.4918955,5828915050,5835844941,https://www1.hkexnews.hk/search/titlesearch.xhtml,https://www1.hkexnews.hk/search/titlesearch.xhtml,1620585078,14:31:18,20210509
21,2013-06-30,1109.HK,CNY,2013-06-30,2013-06-30,Q2,13945913829.412485,10017976878.454784,3927936950.957701,0.2816550424019921,0,355570793.0991355,411490612.46977973,37811301.364829,0.0,10776429719.960545,95003446.4609215,71983590.9664692,3241467700.41841,0.23243135875269974,3169484109.4519405,0.22726973278490886,0,4742792521.275731,0.34008474305018244,1775944011.769636,2870889988.5062957,0.20585886472720596,0.49248175,0.4918955,5828915050,5835844941,https://www1.hkexnews.hk/search/titlesearch.xhtml,https://www1.hkexnews.hk/search/titlesearch.xhtml,1620585078,14:31:18,20210509
22,2013-03-31,1109.HK,CNY,2013-03-31,2013-03-31,Q1,13945913829.412485,10017976878.454784,3927936950.957701,0.2816550424019921,0,355570793.0991355,411490612.46977973,37811301.364829,0.0,10776429719.960545,95003446.4609215,71983590.9664692,3241467700.41841,0.23243135875269974,3169484109.4519405,0.22726973278490886,0,4742792521.275731,0.34008474305018244,1775944011.769636,2870889988.5062957,0.20585886472720596,0.49248175,0.4918955,5828915050,5835844941,https://www1.hkexnews.hk/search/titlesearch.xhtml,https://www1.hkexnews.hk/search/titlesearch.xhtml,1620585078,14:31:18,20210509
23,2013-01-31,1109.HK,CNY,2013-01-31,2013-01-31,Q1,13945913829.412485,10017976878.454784,3927936950.957701,0.2816550424019921,0,355570793.0991355,411490612.46977973,37811301.364829,0.0,10776429719.960545,95003446.4609215,71983590.9664692,3241467700.41841,0.23243135875269974,3169484109.4519405,0.22726973278490886,0,4742792521.275731,0.34008474305018244,1775944011.769636,2870889988.5062957,0.20585886472720596,0.49248175,0.4918955,5828915050,5835844941,https://www1.hkexnews.hk/search/titlesearch.xhtml,https://www1.hkexnews.hk/search/titlesearch.xhtml,1620585078,14:31:18,20210509
24,2012-09-30,1109.HK,CNY,2012-09-30,2012-09-30,Q3,8930323994.009563,5569364305.669613,3360959688.339951,0.3763536116488577,0,364160537.7747378,382811229.73442775,37891590.5940965,0.0,6295402859.566767,109920960.70790026,66819366.9913595,2701740501.4341574,0.30253555226512246,2634921134.4427977,0.29505325184285536,0,3521720955.3847165,0.39435534004668554,1267785677.5091138,2127441023.8720887,0.23822663380401093,0.36616175,0.36555775,5810018346,5818624996,https://www1.hkexnews.hk/search/titlesearch.xhtml,https://www1.hkexnews.hk/search/titlesearch.xhtml,1620585078,14:31:18,20210509
25,2012-06-30,1109.HK,CNY,2012-06-30,2012-06-30,Q2,8930323994.009563,5569364305.669613,3360959688.339951,0.3763536116488577,0,364160537.7747378,382811229.73442775,37891590.5940965,0.0,6295402859.566767,109920960.70790026,66819366.9913595,2701740501.4341574,0.30253555226512246,2634921134.4427977,0.29505325184285536,0,3521720955.3847165,0.39435534004668554,1267785677.5091138,2127441023.8720887,0.23822663380401093,0.36616175,0.36555775,5810018346,5818624996,https://www1.hkexnews.hk/search/titlesearch.xhtml,https://www1.hkexnews.hk/search/titlesearch.xhtml,1620585078,14:31:18,20210509
26,2012-03-31,1109.HK,CNY,2012-03-31,2012-03-31,Q1,8930323994.009563,5569364305.669613,3360959688.339951,0.3763536116488577,0,364160537.7747378,382811229.73442775,37891590.5940965,0.0,6295402859.566767,109920960.70790026,66819366.9913595,2701740501.4341574,0.30253555226512246,2634921134.4427977,0.29505325184285536,0,3521720955.3847165,0.39435534004668554,1267785677.5091138,2127441023.8720887,0.23822663380401093,0.36616175,0.36555775,5810018346,5818624996,https://www1.hkexnews.hk/search/titlesearch.xhtml,https://www1.hkexnews.hk/search/titlesearch.xhtml,1620585078,14:31:18,20210509
27,2012-01-31,1109.HK,CNY,2012-01-31,2012-01-31,Q1,8930323994.009563,5569364305.669613,3360959688.339951,0.3763536116488577,0,364160537.7747378,382811229.73442775,37891590.5940965,0.0,6295402859.566767,109920960.70790026,66819366.9913595,2701740501.4341574,0.30253555226512246,2634921134.4427977,0.29505325184285536,0,3521720955.3847165,0.39435534004668554,1267785677.5091138,2127441023.8720887,0.23822663380401093,0.36616175,0.36555775,5810018346,5818624996,https://www1.hkexnews.hk/search/titlesearch.xhtml,https://www1.hkexnews.hk/search/titlesearch.xhtml,1620585078,14:31:18,20210509
28,2011-09-30,1109.HK,CNY,2011-09-30,2011-09-30,Q3,7242435462.5146475,4372900417.058346,2869535045.4563017,0.3962113380655476,0,425867689.32613957,312786329.950938,0.0,0.0,4202097365.8202095,141379115.2117645,64353124.7987947,3104691221.493233,0.4286805505637537,3040338096.6944385,0.41979498642833635,0,2908131097.9692755,0.4015404918719901,1240504272.6347916,1632816405.4753594,0.22545128830301361,0.2988445,0.29783275,5464557214,5481683508,https://www1.hkexnews.hk/search/titlesearch.xhtml,https://www1.hkexnews.hk/search/titlesearch.xhtml,1620585078,14:31:18,20210509
29,2011-06-30,1109.HK,CNY,2011-06-30,2011-06-30,Q2,7242435462.5146475,4372900417.058346,2869535045.4563017,0.3962113380655476,0,425867689.32613957,312786329.950938,0.0,0.0,4202097365.8202095,141379115.2117645,64353124.7987947,3104691221.493233,0.4286805505637537,3040338096.6944385,0.41979498642833635,0,2908131097.9692755,0.4015404918719901,1240504272.6347916,1632816405.4753594,0.22545128830301361,0.2988445,0.29783275,5464557214,5481683508,https://www1.hkexnews.hk/search/titlesearch.xhtml,https://www1.hkexnews.hk/search/titlesearch.xhtml,1620585078,14:31:18,20210509
30,2011-03-31,1109.HK,CNY,2011-03-31,2011-03-31,Q1,7242435462.5146475,4372900417.058346,2869535045.4563017,0.3962113380655476,0,425867689.32613957,312786329.950938,0.0,0.0,4202097365.8202095,141379115.2117645,64353124.7987947,3104691221.493233,0.4286805505637537,3040338096.6944385,0.41979498642833635,0,2908131097.9692755,0.4015404918719901,1240504272.6347916,1632816405.4753594,0.22545128830301361,0.2988445,0.29783275,5464557214,5481683508,https://www1.hkexnews.hk/search/titlesearch.xhtml,https://www1.hkexnews.hk/search/titlesearch.xhtml,1620585078,14:31:18,20210509
31,2011-01-31,1109.HK,CNY,2011-01-31,2011-01-31,Q1,7242435462.5146475,4372900417.058346,2869535045.4563017,0.3962113380655476,0,425867689.32613957,312786329.950938,0.0,0.0,4202097365.8202095,141379115.2117645,64353124.7987947,3104691221.493233,0.4286805505637537,3040338096.6944385,0.41979498642833635,0,2908131097.9692755,0.4015404918719901,1240504272.6347916,1632816405.4753594,0.22545128830301361,0.2988445,0.29783275,5464557214,5481683508,https://www1.hkexnews.hk/search/titlesearch.xhtml,https://www1.hkexnews.hk/search/titlesearch.xhtml,1620585078,14:31:18,20210509
32,2010-09-30,1109.HK,CNY,2010-09-30,2010-09-30,Q3,5481757894.549585,3318745019.870328,2163012874.679257,0.39458380254806624,0,219212083.2479945,153631878.3983985,20692022.90718775,-845099500.0,2971374063.359678,64863909.740309,51703425.236839,2562087256.4267454,0.4673842416452181,2510383831.1899066,0.457952335634147,34052500,2474540313.1319294,0.4514136451725314,910977174.3576467,1283977093.1783402,0.23422725298666983,0.2552415,0.253963,5030169590,5055142523,https://www1.hkexnews.hk/search/titlesearch.xhtml,https://www1.hkexnews.hk/search/titlesearch.xhtml,1620585078,14:31:18,20210509
33,2010-06-30,1109.HK,CNY,2010-06-30,2010-06-30,Q2,5481757894.549585,3318745019.870328,2163012874.679257,0.39458380254806624,0,219212083.2479945,153631878.3983985,20692022.90718775,-845099500.0,2971374063.359678,64863909.740309,51703425.236839,2562087256.4267454,0.4673842416452181,2510383831.1899066,0.457952335634147,34052500,2474540313.1319294,0.4514136451725314,910977174.3576467,1283977093.1783402,0.23422725298666983,0.2552415,0.253963,5030169590,5055142523,https://www1.hkexnews.hk/search/titlesearch.xhtml,https://www1.hkexnews.hk/search/titlesearch.xhtml,1620585078,14:31:18,20210509
34,2010-03-31,1109.HK,CNY,2010-03-31,2010-03-31,Q1,5481757894.549585,3318745019.870328,2163012874.679257,0.39458380254806624,0,219212083.2479945,153631878.3983985,20692022.90718775,-845099500.0,2971374063.359678,64863909.740309,51703425.236839,2562087256.4267454,0.4673842416452181,2510383831.1899066,0.457952335634147,34052500,2474540313.1319294,0.4514136451725314,910977174.3576467,1283977093.1783402,0.23422725298666983,0.2552415,0.253963,5030169590,5055142523,https://www1.hkexnews.hk/search/titlesearch.xhtml,https://www1.hkexnews.hk/search/titlesearch.xhtml,1620585078,14:31:18,20210509
35,2010-01-31,1109.HK,CNY,2010-01-31,2010-01-31,Q1,5481757894.549585,3318745019.870328,2163012874.679257,0.39458380254806624,0,219212083.2479945,153631878.3983985,20692022.90718775,-845099500.0,2971374063.359678,64863909.740309,51703425.236839,2562087256.4267454,0.4673842416452181,2510383831.1899066,0.457952335634147,34052500,2474540313.1319294,0.4514136451725314,910977174.3576467,1283977093.1783402,0.23422725298666983,0.2552415,0.253963,5030169590,5055142523,https://www1.hkexnews.hk/search/titlesearch.xhtml,https://www1.hkexnews.hk/search/titlesearch.xhtml,1620585078,14:31:18,20210509
36,2009-09-30,1109.HK,CNY,2009-09-30,2009-09-30,Q3,3654161319.5708127,2347013267.23571,1307148052.3351026,0.35771492772755564,0,166402717.17587873,120456250.1776245,0.0,-575134137.4111555,2058738097.1780577,33888713.7913405,24797194.2868068,1620220416.6795616,0.4433905005786278,1595423222.3927548,0.43660448537070606,0,1570664987.9876132,0.4298291319475984,503004869.035231,970455214.1975237,0.26557536171159113,0.19854125,0.19766075,4886605294,4908349866,https://www1.hkexnews.hk/search/titlesearch.xhtml,https://www1.hkexnews.hk/search/titlesearch.xhtml,1620585078,14:31:18,20210509
37,2009-06-30,1109.HK,CNY,2009-06-30,2009-06-30,Q2,3654161319.5708127,2347013267.23571,1307148052.3351026,0.35771492772755564,0,166402717.17587873,120456250.1776245,0.0,-575134137.4111555,2058738097.1780577,33888713.7913405,24797194.2868068,1620220416.6795616,0.4433905005786278,1595423222.3927548,0.43660448537070606,0,1570664987.9876132,0.4298291319475984,503004869.035231,970455214.1975237,0.26557536171159113,0.19854125,0.19766075,4886605294,4908349866,https://www1.hkexnews.hk/search/titlesearch.xhtml,https://www1.hkexnews.hk/search/titlesearch.xhtml,1620585078,14:31:18,20210509
38,2009-03-31,1109.HK,CNY,2009-03-31,2009-03-31,Q1,3654161319.5708127,2347013267.23571,1307148052.3351026,0.35771492772755564,0,166402717.17587873,120456250.1776245,0.0,-575134137.4111555,2058738097.1780577,33888713.7913405,24797194.2868068,1620220416.6795616,0.4433905005786278,1595423222.3927548,0.43660448537070606,0,1570664987.9876132,0.4298291319475984,503004869.035231,970455214.1975237,0.26557536171159113,0.19854125,0.19766075,4886605294,4908349866,https://www1.hkexnews.hk/search/titlesearch.xhtml,https://www1.hkexnews.hk/search/titlesearch.xhtml,1620585078,14:31:18,20210509
39,2009-01-31,1109.HK,CNY,2009-01-31,2009-01-31,Q1,3654161319.5708127,2347013267.23571,1307148052.3351026,0.35771492772755564,0,166402717.17587873,120456250.1776245,0.0,-575134137.4111555,2058738097.1780577,33888713.7913405,24797194.2868068,1620220416.6795616,0.4433905005786278,1595423222.3927548,0.43660448537070606,0,1570664987.9876132,0.4298291319475984,503004869.035231,970455214.1975237,0.26557536171159113,0.19854125,0.19766075,4886605294,4908349866,https://www1.hkexnews.hk/search/titlesearch.xhtml,https://www1.hkexnews.hk/search/titlesearch.xhtml,1620585078,14:31:18,20210509
40,2008-09-30,1109.HK,CNY,2008-09-30,2008-09-30,Q3,2010544983.0163043,1279741250.3658028,730803732.6505017,0.3634853926790134,0,104167199.554069,75148854.3408585,67284750.0,-3208338.1236065,1455848966.1371238,30225957.07915275,10151335.9113712,564847352.7905518,0.2809424099246683,554696016.8791806,0.2758933630258808,0,672907922.9375697,0.3346893148981153,212552895.97268674,448535795.481466,0.22309164891628225,0.10323925,0.10235875,4347896126,4378602552,https://www1.hkexnews.hk/search/titlesearch.xhtml,https://www1.hkexnews.hk/search/titlesearch.xhtml,1620585078,14:31:18,20210509
41,2008-06-30,1109.HK,CNY,2008-06-30,2008-06-30,Q2,2010544983.0163043,1279741250.3658028,730803732.6505017,0.3634853926790134,0,104167199.554069,75148854.3408585,67284750.0,-3208338.1236065,1455848966.1371238,30225957.07915275,10151335.9113712,564847352.7905518,0.2809424099246683,554696016.8791806,0.2758933630258808,0,672907922.9375697,0.3346893148981153,212552895.97268674,448535795.481466,0.22309164891628225,0.10323925,0.10235875,4347896126,4378602552,https://www1.hkexnews.hk/search/titlesearch.xhtml,https://www1.hkexnews.hk/search/titlesearch.xhtml,1620585078,14:31:18,20210509
42,2008-03-31,1109.HK,CNY,2008-03-31,2008-03-31,Q1,2010544983.0163043,1279741250.3658028,730803732.6505017,0.3634853926790134,0,104167199.554069,75148854.3408585,67284750.0,-3208338.1236065,1455848966.1371238,30225957.07915275,10151335.9113712,564847352.7905518,0.2809424099246683,554696016.8791806,0.2758933630258808,0,672907922.9375697,0.3346893148981153,212552895.97268674,448535795.481466,0.22309164891628225,0.10323925,0.10235875,4347896126,4378602552,https://www1.hkexnews.hk/search/titlesearch.xhtml,https://www1.hkexnews.hk/search/titlesearch.xhtml,1620585078,14:31:18,20210509
43,2008-01-31,1109.HK,CNY,2008-01-31,2008-01-31,Q1,2010544983.0163043,1279741250.3658028,730803732.6505017,0.3634853926790134,0,104167199.554069,75148854.3408585,67284750.0,-3208338.1236065,1455848966.1371238,30225957.07915275,10151335.9113712,564847352.7905518,0.2809424099246683,554696016.8791806,0.2758933630258808,0,672907922.9375697,0.3346893148981153,212552895.97268674,448535795.481466,0.22309164891628225,0.10323925,0.10235875,4347896126,4378602552,https://www1.hkexnews.hk/search/titlesearch.xhtml,https://www1.hkexnews.hk/search/titlesearch.xhtml,1620585078,14:31:18,20210509
44,2007-09-30,1109.HK,CNY,2007-09-30,2007-09-30,Q3,1330506949.995768,842522118.244049,487984831.751719,0.36676608998793364,0,64459302.18878324,33140099.831494,0.0,0.0,934340082.9590893,35791935.47141925,7568375.91979425,403735242.9564733,0.30344467043765344,396166867.036679,0.2977563304257367,16928750,649067160.1961542,0.48783447557205073,303566911.753617,335158019.18711877,0.2519024941494554,0.09321125,0.091806,3599933445,3647376794,https://www1.hkexnews.hk/search/titlesearch.xhtml,https://www1.hkexnews.hk/search/titlesearch.xhtml,1620585078,14:31:18,20210509
45,2007-06-30,1109.HK,CNY,2007-06-30,2007-06-30,Q2,1330506949.995768,842522118.244049,487984831.751719,0.36676608998793364,0,64459302.18878324,33140099.831494,0.0,0.0,934340082.9590893,35791935.47141925,7568375.91979425,403735242.9564733,0.30344467043765344,396166867.036679,0.2977563304257367,16928750,649067160.1961542,0.48783447557205073,303566911.753617,335158019.18711877,0.2519024941494554,0.09321125,0.091806,3599933445,3647376794,https://www1.hkexnews.hk/search/titlesearch.xhtml,https://www1.hkexnews.hk/search/titlesearch.xhtml,1620585078,14:31:18,20210509
46,2007-03-31,1109.HK,CNY,2007-03-31,2007-03-31,Q1,1330506949.995768,842522118.244049,487984831.751719,0.36676608998793364,0,64459302.18878324,33140099.831494,0.0,0.0,934340082.9590893,35791935.47141925,7568375.91979425,403735242.9564733,0.30344467043765344,396166867.036679,0.2977563304257367,16928750,649067160.1961542,0.48783447557205073,303566911.753617,335158019.18711877,0.2519024941494554,0.09321125,0.091806,3599933445,3647376794,https://www1.hkexnews.hk/search/titlesearch.xhtml,https://www1.hkexnews.hk/search/titlesearch.xhtml,1620585078,14:31:18,20210509
47,2007-01-31,1109.HK,CNY,2007-01-31,2007-01-31,Q1,1330506949.995768,842522118.244049,487984831.751719,0.36676608998793364,0,64459302.18878324,33140099.831494,0.0,0.0,934340082.9590893,35791935.47141925,7568375.91979425,403735242.9564733,0.30344467043765344,396166867.036679,0.2977563304257367,16928750,649067160.1961542,0.48783447557205073,303566911.753617,335158019.18711877,0.2519024941494554,0.09321125,0.091806,3599933445,3647376794,https://www1.hkexnews.hk/search/titlesearch.xhtml,https://www1.hkexnews.hk/search/titlesearch.xhtml,1620585078,14:31:18,20210509
48,2006-09-30,1109.HK,CNY,2006-09-30,2006-09-30,Q3,986840229.376969,714726380.2803317,272113849.09663725,0.27574255790973723,0,59741895.13277175,27778311.74050025,0.0,0.0,800169994.5348165,44349189.947277,8833289.5582845,195503524.40043724,0.19811061464718183,186670234.84215274,0.18915953087968962,0,286685342.6187872,0.29050836608047786,73141482.5114125,215248450.86157,0.21811884482806787,0.06918625,0.06818375,3109038980,3158759419,https://www1.hkexnews.hk/search/titlesearch.xhtml,https://www1.hkexnews.hk/search/titlesearch.xhtml,1620585078,14:31:18,20210509
49,2006-06-30,1109.HK,CNY,2006-06-30,2006-06-30,Q2,986840229.376969,714726380.2803317,272113849.09663725,0.27574255790973723,0,59741895.13277175,27778311.74050025,0.0,0.0,800169994.5348165,44349189.947277,8833289.5582845,195503524.40043724,0.19811061464718183,186670234.84215274,0.18915953087968962,0,286685342.6187872,0.29050836608047786,73141482.5114125,215248450.86157,0.21811884482806787,0.06918625,0.06818375,3109038980,3158759419,https://www1.hkexnews.hk/search/titlesearch.xhtml,https://www1.hkexnews.hk/search/titlesearch.xhtml,1620585078,14:31:18,20210509
50,2006-03-31,1109.HK,CNY,2006-03-31,2006-03-31,Q1,986840229.376969,714726380.2803317,272113849.09663725,0.27574255790973723,0,59741895.13277175,27778311.74050025,0.0,0.0,800169994.5348165,44349189.947277,8833289.5582845,195503524.40043724,0.19811061464718183,186670234.84215274,0.18915953087968962,0,286685342.6187872,0.29050836608047786,73141482.5114125,215248450.86157,0.21811884482806787,0.06918625,0.06818375,3109038980,3158759419,https://www1.hkexnews.hk/search/titlesearch.xhtml,https://www1.hkexnews.hk/search/titlesearch.xhtml,1620585078,14:31:18,20210509
51,2006-01-31,1109.HK,CNY,2006-01-31,2006-01-31,Q1,986840229.376969,714726380.2803317,272113849.09663725,0.27574255790973723,0,59741895.13277175,27778311.74050025,0.0,0.0,800169994.5348165,44349189.947277,8833289.5582845,195503524.40043724,0.19811061464718183,186670234.84215274,0.18915953087968962,0,286685342.6187872,0.29050836608047786,73141482.5114125,215248450.86157,0.21811884482806787,0.06918625,0.06818375,3109038980,3158759419,https://www1.hkexnews.hk/search/titlesearch.xhtml,https://www1.hkexnews.hk/search/titlesearch.xhtml,1620585078,14:31:18,20210509
52,2005-09-30,1109.HK,CNY,2005-09-30,2005-09-30,Q3,704423804.8285197,567744998.0176637,136678806.810856,0.194029227680811,0,30074203.87441975,12237764.666065,0.0,27017234.93102125,633717182.7294997,17511146.692883,5127130.51186175,75833752.61088176,0.10765359161782193,70706622.09902,0.10037511738580776,0,126281156.8463125,0.17926872428318,12214603.8389635,100063100.56730275,0.14204957283018205,0.064538,0.063497,1552007867,1577024329,https://www1.hkexnews.hk/search/titlesearch.xhtml,https://www1.hkexnews.hk/search/titlesearch.xhtml,1620585078,14:31:18,20210509
53,2005-06-30,1109.HK,CNY,2005-06-30,2005-06-30,Q2,704423804.8285197,567744998.0176637,136678806.810856,0.194029227680811,0,30074203.87441975,12237764.666065,0.0,27017234.93102125,633717182.7294997,17511146.692883,5127130.51186175,75833752.61088176,0.10765359161782193,70706622.09902,0.10037511738580776,0,126281156.8463125,0.17926872428318,12214603.8389635,100063100.56730275,0.14204957283018205,0.064538,0.063497,1552007867,1577024329,https://www1.hkexnews.hk/search/titlesearch.xhtml,https://www1.hkexnews.hk/search/titlesearch.xhtml,1620585078,14:31:18,20210509
54,2005-03-31,1109.HK,CNY,2005-03-31,2005-03-31,Q1,704423804.8285197,567744998.0176637,136678806.810856,0.194029227680811,0,30074203.87441975,12237764.666065,0.0,27017234.93102125,633717182.7294997,17511146.692883,5127130.51186175,75833752.61088176,0.10765359161782193,70706622.09902,0.10037511738580776,0,126281156.8463125,0.17926872428318,12214603.8389635,100063100.56730275,0.14204957283018205,0.064538,0.063497,1552007867,1577024329,https://www1.hkexnews.hk/search/titlesearch.xhtml,https://www1.hkexnews.hk/search/titlesearch.xhtml,1620585078,14:31:18,20210509
55,2005-01-31,1109.HK,CNY,2005-01-31,2005-01-31,Q1,704423804.8285197,567744998.0176637,136678806.810856,0.194029227680811,0,30074203.87441975,12237764.666065,0.0,27017234.93102125,633717182.7294997,17511146.692883,5127130.51186175,75833752.61088176,0.10765359161782193,70706622.09902,0.10037511738580776,0,126281156.8463125,0.17926872428318,12214603.8389635,100063100.56730275,0.14204957283018205,0.064538,0.063497,1552007867,1577024329,https://www1.hkexnews.hk/search/titlesearch.xhtml,https://www1.hkexnews.hk/search/titlesearch.xhtml,1620585078,14:31:18,20210509
56,2004-09-30,1109.HK,CNY,2004-09-30,2004-09-30,Q3,12539224478.13613,10472087052.577797,2067137425.5583324,0.1648536900477914,0,1745136183.1065855,0.0,50141750.0,-240574502.03892925,11976648733.645452,0.0,0.0,562575744.4906763,22.28895326706348,562575744.4906763,0.04486527420189381,0,615996644.5619117,0.04912557755353905,98694172.00235274,427024408.892331,0.03405508926304869,0.2024255,0.1970985,2109538158,2166552703,https://www1.hkexnews.hk/search/titlesearch.xhtml,https://www1.hkexnews.hk/search/titlesearch.xhtml,1620585078,14:31:18,20210509
57,2004-06-30,1109.HK,CNY,2004-06-30,2004-06-30,Q2,12539224478.13613,10472087052.577797,2067137425.5583324,0.1648536900477914,0,1745136183.1065855,0.0,50141750.0,-240574502.03892925,11976648733.645452,0.0,0.0,562575744.4906763,22.28895326706348,562575744.4906763,0.04486527420189381,0,615996644.5619117,0.04912557755353905,98694172.00235274,427024408.892331,0.03405508926304869,0.2024255,0.1970985,2109538158,2166552703,https://www1.hkexnews.hk/search/titlesearch.xhtml,https://www1.hkexnews.hk/search/titlesearch.xhtml,1620585078,14:31:18,20210509
58,2004-03-31,1109.HK,CNY,2004-03-31,2004-03-31,Q1,12539224478.13613,10472087052.577797,2067137425.5583324,0.1648536900477914,0,1745136183.1065855,0.0,50141750.0,-240574502.03892925,11976648733.645452,0.0,0.0,562575744.4906763,22.28895326706348,562575744.4906763,0.04486527420189381,0,615996644.5619117,0.04912557755353905,98694172.00235274,427024408.892331,0.03405508926304869,0.2024255,0.1970985,2109538158,2166552703,https://www1.hkexnews.hk/search/titlesearch.xhtml,https://www1.hkexnews.hk/search/titlesearch.xhtml,1620585078,14:31:18,20210509
59,2004-01-31,1109.HK,CNY,2004-01-31,2004-01-31,Q1,12539224478.13613,10472087052.577797,2067137425.5583324,0.1648536900477914,0,1745136183.1065855,0.0,50141750.0,-240574502.03892925,11976648733.645452,0.0,0.0,562575744.4906763,22.28895326706348,562575744.4906763,0.04486527420189381,0,615996644.5619117,0.04912557755353905,98694172.00235274,427024408.892331,0.03405508926304869,0.2024255,0.1970985,2109538158,2166552703,https://www1.hkexnews.hk/search/titlesearch.xhtml,https://www1.hkexnews.hk/search/titlesearch.xhtml,1620585078,14:31:18,20210509
60,2003-09-30,1109.HK,CNY,2003-09-30,2003-09-30,Q3,9237553165.122786,7495562934.038019,1741990231.0847657,0.18857701817206388,0,1427993616.3894033,0.0,111040750.0,-95674773.1624115,8827881777.26501,0.0,0.0,409671387.857774,22.548690093851015,409671387.857774,0.044348474161374815,0,528065817.59773976,0.05716511809550389,67971047.56677625,387886544.0969065,0.04199018259092755,0.1865895,0.18392375,2078824286,2108952174,https://www1.hkexnews.hk/search/titlesearch.xhtml,https://www1.hkexnews.hk/search/titlesearch.xhtml,1620585078,14:31:18,20210509
61,2003-06-30,1109.HK,CNY,2003-06-30,2003-06-30,Q2,9237553165.122786,7495562934.038019,1741990231.0847657,0.18857701817206388,0,1427993616.3894033,0.0,111040750.0,-95674773.1624115,8827881777.26501,0.0,0.0,409671387.857774,22.548690093851015,409671387.857774,0.044348474161374815,0,528065817.59773976,0.05716511809550389,67971047.56677625,387886544.0969065,0.04199018259092755,0.1865895,0.18392375,2078824286,2108952174,https://www1.hkexnews.hk/search/titlesearch.xhtml,https://www1.hkexnews.hk/search/titlesearch.xhtml,1620585078,14:31:18,20210509
62,2003-03-31,1109.HK,CNY,2003-03-31,2003-03-31,Q1,9237553165.122786,7495562934.038019,1741990231.0847657,0.18857701817206388,0,1427993616.3894033,0.0,111040750.0,-95674773.1624115,8827881777.26501,0.0,0.0,409671387.857774,22.548690093851015,409671387.857774,0.044348474161374815,0,528065817.59773976,0.05716511809550389,67971047.56677625,387886544.0969065,0.04199018259092755,0.1865895,0.18392375,2078824286,2108952174,https://www1.hkexnews.hk/search/titlesearch.xhtml,https://www1.hkexnews.hk/search/titlesearch.xhtml,1620585078,14:31:18,20210509
63,2003-01-31,1109.HK,CNY,2003-01-31,2003-01-31,Q1,9237553165.122786,7495562934.038019,1741990231.0847657,0.18857701817206388,0,1427993616.3894033,0.0,111040750.0,-95674773.1624115,8827881777.26501,0.0,0.0,409671387.857774,22.548690093851015,409671387.857774,0.044348474161374815,0,528065817.59773976,0.05716511809550389,67971047.56677625,387886544.0969065,0.04199018259092755,0.1865895,0.18392375,2078824286,2108952174,https://www1.hkexnews.hk/search/titlesearch.xhtml,https://www1.hkexnews.hk/search/titlesearch.xhtml,1620585078,14:31:18,20210509
64,2002-09-30,1109.HK,CNY,2002-09-30,2002-09-30,Q3,7646842851.230271,6132433875.06394,1514408976.1663318,0.198043690138432,0,1153678117.9824905,0.0,34421000.0,-116930661.80190276,7169181331.244528,0.0,0.0,477661519.98574424,16.00891537475845,477661519.98574424,0.062465193711793765,0,514190810.70367724,0.0672422358752869,82296498.5032645,372218890.83895373,0.04867615277056058,0.1804125,0.1777595,2063154412,2093947761,https://www1.hkexnews.hk/search/titlesearch.xhtml,https://www1.hkexnews.hk/search/titlesearch.xhtml,1620585078,14:31:18,20210509
65,2002-06-30,1109.HK,CNY,2002-06-30,2002-06-30,Q2,7646842851.230271,6132433875.06394,1514408976.1663318,0.198043690138432,0,1153678117.9824905,0.0,34421000.0,-116930661.80190276,7169181331.244528,0.0,0.0,477661519.98574424,16.00891537475845,477661519.98574424,0.062465193711793765,0,514190810.70367724,0.0672422358752869,82296498.5032645,372218890.83895373,0.04867615277056058,0.1804125,0.1777595,2063154412,2093947761,https://www1.hkexnews.hk/search/titlesearch.xhtml,https://www1.hkexnews.hk/search/titlesearch.xhtml,1620585078,14:31:18,20210509
66,2002-03-31,1109.HK,CNY,2002-03-31,2002-03-31,Q1,7646842851.230271,6132433875.06394,1514408976.1663318,0.198043690138432,0,1153678117.9824905,0.0,34421000.0,-116930661.80190276,7169181331.244528,0.0,0.0,477661519.98574424,16.00891537475845,477661519.98574424,0.062465193711793765,0,514190810.70367724,0.0672422358752869,82296498.5032645,372218890.83895373,0.04867615277056058,0.1804125,0.1777595,2063154412,2093947761,https://www1.hkexnews.hk/search/titlesearch.xhtml,https://www1.hkexnews.hk/search/titlesearch.xhtml,1620585078,14:31:18,20210509
67,2002-01-31,1109.HK,CNY,2002-01-31,2002-01-31,Q1,7646842851.230271,6132433875.06394,1514408976.1663318,0.198043690138432,0,1153678117.9824905,0.0,34421000.0,-116930661.80190276,7169181331.244528,0.0,0.0,477661519.98574424,16.00891537475845,477661519.98574424,0.062465193711793765,0,514190810.70367724,0.0672422358752869,82296498.5032645,372218890.83895373,0.04867615277056058,0.1804125,0.1777595,2063154412,2093947761,https://www1.hkexnews.hk/search/titlesearch.xhtml,https://www1.hkexnews.hk/search/titlesearch.xhtml,1620585078,14:31:18,20210509
68,2001-09-30,1109.HK,CNY,2001-09-30,2001-09-30,Q3,6419632038.316426,5174838167.939479,1244793870.3769464,0.19390423982982652,0,844674978.9380165,0.0,-73030250.0,-136290251.982293,5883222894.895203,0.0,0.0,536409143.421223,11.967790103971659,536409143.421223,0.08355761517476294,0,458905781.1292115,0.07148474840772359,69996078.87378825,319650396.28425026,0.04979263521279326,0.1591875,0.1565345,2008011667,2042045763,https://www1.hkexnews.hk/search/titlesearch.xhtml,https://www1.hkexnews.hk/search/titlesearch.xhtml,1620585078,14:31:18,20210509
69,2001-06-30,1109.HK,CNY,2001-06-30,2001-06-30,Q2,6419632038.316426,5174838167.939479,1244793870.3769464,0.19390423982982652,0,844674978.9380165,0.0,-73030250.0,-136290251.982293,5883222894.895203,0.0,0.0,536409143.421223,11.967790103971659,536409143.421223,0.08355761517476294,0,458905781.1292115,0.07148474840772359,69996078.87378825,319650396.28425026,0.04979263521279326,0.1591875,0.1565345,2008011667,2042045763,https://www1.hkexnews.hk/search/titlesearch.xhtml,https://www1.hkexnews.hk/search/titlesearch.xhtml,1620585078,14:31:18,20210509
70,2001-03-31,1109.HK,CNY,2001-03-31,2001-03-31,Q1,6419632038.316426,5174838167.939479,1244793870.3769464,0.19390423982982652,0,844674978.9380165,0.0,-73030250.0,-136290251.982293,5883222894.895203,0.0,0.0,536409143.421223,11.967790103971659,536409143.421223,0.08355761517476294,0,458905781.1292115,0.07148474840772359,69996078.87378825,319650396.28425026,0.04979263521279326,0.1591875,0.1565345,2008011667,2042045763,https://www1.hkexnews.hk/search/titlesearch.xhtml,https://www1.hkexnews.hk/search/titlesearch.xhtml,1620585078,14:31:18,20210509
71,2001-01-31,1109.HK,CNY,2001-01-31,2001-01-31,Q1,6419632038.316426,5174838167.939479,1244793870.3769464,0.19390423982982652,0,844674978.9380165,0.0,-73030250.0,-136290251.982293,5883222894.895203,0.0,0.0,536409143.421223,11.967790103971659,536409143.421223,0.08355761517476294,0,458905781.1292115,0.07148474840772359,69996078.87378825,319650396.28425026,0.04979263521279326,0.1591875,0.1565345,2008011667,2042045763,https://www1.hkexnews.hk/search/titlesearch.xhtml,https://www1.hkexnews.hk/search/titlesearch.xhtml,1620585078,14:31:18,20210509
72,2000-09-30,1109.HK,CNY,2000-09-30,2000-09-30,Q3,4454906473.670039,3343637305.477555,1111269168.1924837,0.24944837220723926,0,642136805.516021,0.0,55037000.0,-192603357.041197,3793170753.952379,0.0,0.0,661735719.7176597,6.7321535485054325,661735719.7176597,0.14854087815956074,0,720077437.8389815,0.16163693718260433,69647897.23814274,439053044.716698,0.09855494100979352,0.2199595,0.2199595,1996063855,1996063855,https://www1.hkexnews.hk/search/titlesearch.xhtml,https://www1.hkexnews.hk/search/titlesearch.xhtml,1620585078,14:31:18,20210509
73,2000-06-30,1109.HK,CNY,2000-06-30,2000-06-30,Q2,4454906473.670039,3343637305.477555,1111269168.1924837,0.24944837220723926,0,642136805.516021,0.0,55037000.0,-192603357.041197,3793170753.952379,0.0,0.0,661735719.7176597,6.7321535485054325,661735719.7176597,0.14854087815956074,0,720077437.8389815,0.16163693718260433,69647897.23814274,439053044.716698,0.09855494100979352,0.2199595,0.2199595,1996063855,1996063855,https://www1.hkexnews.hk/search/titlesearch.xhtml,https://www1.hkexnews.hk/search/titlesearch.xhtml,1620585078,14:31:18,20210509
74,2000-03-31,1109.HK,CNY,2000-03-31,2000-03-31,Q1,4454906473.670039,3343637305.477555,1111269168.1924837,0.24944837220723926,0,642136805.516021,0.0,55037000.0,-192603357.041197,3793170753.952379,0.0,0.0,661735719.7176597,6.7321535485054325,661735719.7176597,0.14854087815956074,0,720077437.8389815,0.16163693718260433,69647897.23814274,439053044.716698,0.09855494100979352,0.2199595,0.2199595,1996063855,1996063855,https://www1.hkexnews.hk/search/titlesearch.xhtml,https://www1.hkexnews.hk/search/titlesearch.xhtml,1620585078,14:31:18,20210509
75,2000-01-31,1109.HK,CNY,2000-01-31,2000-01-31,Q1,4454906473.670039,3343637305.477555,1111269168.1924837,0.24944837220723926,0,642136805.516021,0.0,55037000.0,-192603357.041197,3793170753.952379,0.0,0.0,661735719.7176597,6.7321535485054325,661735719.7176597,0.14854087815956074,0,720077437.8389815,0.16163693718260433,69647897.23814274,439053044.716698,0.09855494100979352,0.2199595,0.2199595,1996063855,1996063855,https://www1.hkexnews.hk/search/titlesearch.xhtml,https://www1.hkexnews.hk/search/titlesearch.xhtml,1620585078,14:31:18,20210509
76,1999-09-30,1109.HK,CNY,1999-09-30,1999-09-30,Q3,3433847757.839195,2447975706.2959185,985872051.5432762,0.28710418197563087,0,452621053.6484743,0.0,0.0,-129737193.97272874,2770859565.971664,0.0,0.0,662988191.8675307,5.179349798322351,662988191.8675307,0.19307442805348102,0,689790852.3853555,0.20087985869805064,73377033.80791375,384000515.340169,0.11182805482960831,0.2102525,0.2102525,1826378481,1826378481,https://www1.hkexnews.hk/search/titlesearch.xhtml,https://www1.hkexnews.hk/search/titlesearch.xhtml,1620585078,14:31:18,20210509
77,1999-06-30,1109.HK,CNY,1999-06-30,1999-06-30,Q2,3433847757.839195,2447975706.2959185,985872051.5432762,0.28710418197563087,0,452621053.6484743,0.0,0.0,-129737193.97272874,2770859565.971664,0.0,0.0,662988191.8675307,5.179349798322351,662988191.8675307,0.19307442805348102,0,689790852.3853555,0.20087985869805064,73377033.80791375,384000515.340169,0.11182805482960831,0.2102525,0.2102525,1826378481,1826378481,https://www1.hkexnews.hk/search/titlesearch.xhtml,https://www1.hkexnews.hk/search/titlesearch.xhtml,1620585078,14:31:18,20210509
78,1999-03-31,1109.HK,CNY,1999-03-31,1999-03-31,Q1,3433847757.839195,2447975706.2959185,985872051.5432762,0.28710418197563087,0,452621053.6484743,0.0,0.0,-129737193.97272874,2770859565.971664,0.0,0.0,662988191.8675307,5.179349798322351,662988191.8675307,0.19307442805348102,0,689790852.3853555,0.20087985869805064,73377033.80791375,384000515.340169,0.11182805482960831,0.2102525,0.2102525,1826378481,1826378481,https://www1.hkexnews.hk/search/titlesearch.xhtml,https://www1.hkexnews.hk/search/titlesearch.xhtml,1620585078,14:31:18,20210509
79,1999-01-31,1109.HK,CNY,1999-01-31,1999-01-31,Q1,3433847757.839195,2447975706.2959185,985872051.5432762,0.28710418197563087,0,452621053.6484743,0.0,0.0,-129737193.97272874,2770859565.971664,0.0,0.0,662988191.8675307,5.179349798322351,662988191.8675307,0.19307442805348102,0,689790852.3853555,0.20087985869805064,73377033.80791375,384000515.340169,0.11182805482960831,0.2102525,0.2102525,1826378481,1826378481,https://www1.hkexnews.hk/search/titlesearch.xhtml,https://www1.hkexnews.hk/search/titlesearch.xhtml,1620585078,14:31:18,20210509
80,1998-09-30,1109.HK,CNY,1998-09-30,1998-09-30,Q3,1462677975.514366,853082598.4491572,609595377.065209,0.4167666343993718,0,249208258.231794,0.0,26335500.0,-177341189.0956965,924949667.5852545,0.0,0.0,537728307.9291117,2.7201059604754705,537728307.9291117,0.36763273730160184,0,565870519.6323928,0.38687293382769267,77210888.89175725,338861700.99646324,0.23167211557779763,0.21639225,0.21372075,1565960494,1585535000,https://www1.hkexnews.hk/search/titlesearch.xhtml,https://www1.hkexnews.hk/search/titlesearch.xhtml,1620585078,14:31:18,20210509
81,1998-06-30,1109.HK,CNY,1998-06-30,1998-06-30,Q2,1462677975.514366,853082598.4491572,609595377.065209,0.4167666343993718,0,249208258.231794,0.0,26335500.0,-177341189.0956965,924949667.5852545,0.0,0.0,537728307.9291117,2.7201059604754705,537728307.9291117,0.36763273730160184,0,565870519.6323928,0.38687293382769267,77210888.89175725,338861700.99646324,0.23167211557779763,0.21639225,0.21372075,1565960494,1585535000,https://www1.hkexnews.hk/search/titlesearch.xhtml,https://www1.hkexnews.hk/search/titlesearch.xhtml,1620585078,14:31:18,20210509
82,1998-03-31,1109.HK,CNY,1998-03-31,1998-03-31,Q1,1462677975.514366,853082598.4491572,609595377.065209,0.4167666343993718,0,249208258.231794,0.0,26335500.0,-177341189.0956965,924949667.5852545,0.0,0.0,537728307.9291117,2.7201059604754705,537728307.9291117,0.36763273730160184,0,565870519.6323928,0.38687293382769267,77210888.89175725,338861700.99646324,0.23167211557779763,0.21639225,0.21372075,1565960494,1585535000,https://www1.hkexnews.hk/search/titlesearch.xhtml,https://www1.hkexnews.hk/search/titlesearch.xhtml,1620585078,14:31:18,20210509
83,1998-01-31,1109.HK,CNY,1998-01-31,1998-01-31,Q1,1462677975.514366,853082598.4491572,609595377.065209,0.4167666343993718,0,249208258.231794,0.0,26335500.0,-177341189.0956965,924949667.5852545,0.0,0.0,537728307.9291117,2.7201059604754705,537728307.9291117,0.36763273730160184,0,565870519.6323928,0.38687293382769267,77210888.89175725,338861700.99646324,0.23167211557779763,0.21639225,0.21372075,1565960494,1585535000,https://www1.hkexnews.hk/search/titlesearch.xhtml,https://www1.hkexnews.hk/search/titlesearch.xhtml,1620585078,14:31:18,20210509
