,date,symbol,reportedCurrency,fillingDate,acceptedDate,period,revenue,costOfRevenue,grossProfit,grossProfitRatio,researchAndDevelopmentExpenses,generalAndAdministrativeExpenses,sellingAndMarketingExpenses,otherExpenses,operatingExpenses,costAndExpenses,interestExpense,depreciationAndAmortization,ebitda,ebitdaratio,operatingIncome,operatingIncomeRatio,totalOtherIncomeExpensesNet,incomeBeforeTax,incomeBeforeTaxRatio,incomeTaxExpense,netIncome,netIncomeRatio,eps,epsdiluted,weightedAverageShsOut,weightedAverageShsOutDil,link,finalLink,timestamp,est_time,est_date
0,2020-12-31,MRD.TO,CAD,2020-12-31,2020-12-31,Q4,80947000.0,45870000.0,35077000.0,0.4333329215412554,0.0,4884000.0,0.0,0.0,18485000.0,64355000.0,4593000.0,234000.0,16826000.0,0.2078644051045746,16592000.0,0.20497362471740768,-7308000.0,1784000.0,0.02203911201156312,1896000.0,-112000.0,-0.0013836213818918552,-0.0034228009703274023,-0.0034228009703274023,32721739,32721739,https://www.sedar.com/ModifyCompanyDocumentSearchForm.do?lang=EN&company_search=Melcor Developments Ltd&document_selection=0&industry_group=A&FromDate=13&FromMonth=05&FromYear=2000&ToDate=13&ToMonth=11&ToYear=2020&Variable=Issuer,https://www.sedar.com/ModifyCompanyDocumentSearchForm.do?lang=EN&company_search=Melcor Developments Ltd&document_selection=0&industry_group=A&FromDate=13&FromMonth=05&FromYear=2000&ToDate=13&ToMonth=11&ToYear=2020&Variable=Issuer,1620595282,17:21:22,20210509
1,2020-09-30,MRD.TO,CAD,2020-09-30,2020-09-30,Q3,73051000.0,46456000.0,26595000.0,0.36406072469918277,0.0,4705000.0,0.0,0.0,7576000.0,54032000.0,7646000.0,504000.0,19523000.0,0.26725164611025176,19019000.0,0.2603523565728053,-854000.0,10644000.0,0.1457064242789284,3118000.0,7526000.0,0.10302391479924984,0.23,0.23,32721739,32721739,https://www.sedar.com/ModifyCompanyDocumentSearchForm.do?lang=EN&company_search=Melcor Developments Ltd&document_selection=0&industry_group=A&FromDate=13&FromMonth=05&FromYear=2000&ToDate=13&ToMonth=11&ToYear=2020&Variable=Issuer,https://www.sedar.com/ModifyCompanyDocumentSearchForm.do?lang=EN&company_search=Melcor Developments Ltd&document_selection=0&industry_group=A&FromDate=13&FromMonth=05&FromYear=2000&ToDate=13&ToMonth=11&ToYear=2020&Variable=Issuer,1620595282,17:21:22,20210509
2,2020-06-30,MRD.TO,CAD,2020-06-30,2020-06-30,Q2,39053000.0,19728000.0,19325000.0,0.4948403451719458,0.0,4328000.0,0.0,0.0,16109000.0,35837000.0,7992000.0,468000.0,3684000.0,0.09433334186874248,3216000.0,0.08234962742939082,-61853000.0,-66171000.0,-1.6943896755690984,-3581000.0,-62590000.0,-1.6026937751261108,-1.88,-1.88,33292553,33292553,https://www.sedar.com/ModifyCompanyDocumentSearchForm.do?lang=EN&company_search=Melcor Developments Ltd&document_selection=0&industry_group=A&FromDate=13&FromMonth=05&FromYear=2000&ToDate=13&ToMonth=11&ToYear=2020&Variable=Issuer,https://www.sedar.com/ModifyCompanyDocumentSearchForm.do?lang=EN&company_search=Melcor Developments Ltd&document_selection=0&industry_group=A&FromDate=13&FromMonth=05&FromYear=2000&ToDate=13&ToMonth=11&ToYear=2020&Variable=Issuer,1620595282,17:21:22,20210509
3,2020-03-31,MRD.TO,CAD,2020-03-31,2020-03-31,Q1,33767000.0,16545000.0,17222000.0,0.510024580211449,0.0,4963000.0,0.0,66411000.0,-61448000.0,-44903000.0,5106000.0,201000.0,78871000.0,2.3357419966239226,78670000.0,2.329789439393491,-6794000.0,66948000.0,1.9826457784227205,308000.0,66640000.0,1.9735244469452424,2.0,2.0,33320000,33320000,https://www.sedar.com/ModifyCompanyDocumentSearchForm.do?lang=EN&company_search=Melcor Developments Ltd&document_selection=0&industry_group=A&FromDate=13&FromMonth=05&FromYear=2000&ToDate=13&ToMonth=11&ToYear=2020&Variable=Issuer,https://www.sedar.com/ModifyCompanyDocumentSearchForm.do?lang=EN&company_search=Melcor Developments Ltd&document_selection=0&industry_group=A&FromDate=13&FromMonth=05&FromYear=2000&ToDate=13&ToMonth=11&ToYear=2020&Variable=Issuer,1620595282,17:21:22,20210509
4,2019-12-31,MRD.TO,CAD,2019-12-31,2019-12-31,Q4,78056000.0,45565000.0,32491000.0,0.41625243414984114,0.0,5539000.0,0.0,-7206000.0,13153000.0,58718000.0,1765000.0,228000.0,19566000.0,0.2506661883775751,19338000.0,0.24774520856820745,10837000.0,24038000.0,0.3079583888490315,7092000.0,16946000.0,0.21710054319975403,0.5178820110997157,0.5178820110997157,32721739,32721739,https://www.sedar.com/ModifyCompanyDocumentSearchForm.do?lang=EN&company_search=Melcor Developments Ltd&document_selection=0&industry_group=A&FromDate=13&FromMonth=05&FromYear=2000&ToDate=13&ToMonth=11&ToYear=2020&Variable=Issuer,https://www.sedar.com/ModifyCompanyDocumentSearchForm.do?lang=EN&company_search=Melcor Developments Ltd&document_selection=0&industry_group=A&FromDate=13&FromMonth=05&FromYear=2000&ToDate=13&ToMonth=11&ToYear=2020&Variable=Issuer,1620595282,17:21:22,20210509
5,2019-09-30,MRD.TO,CAD,2019-09-30,2019-09-30,Q3,53946000.0,30486000.0,23460000.0,0.43487932376821264,0.0,5497000.0,0.0,-3398000.0,8895000.0,39381000.0,7333000.0,525000.0,15090000.0,0.2797241686130575,14565000.0,0.2699922144366589,3361000.0,11020000.0,0.20427835242650058,-5048000.0,16068000.0,0.29785340896452006,0.48,0.48,33475000,33475000,https://www.sedar.com/ModifyCompanyDocumentSearchForm.do?lang=EN&company_search=Melcor Developments Ltd&document_selection=0&industry_group=A&FromDate=13&FromMonth=05&FromYear=2000&ToDate=13&ToMonth=11&ToYear=2020&Variable=Issuer,https://www.sedar.com/ModifyCompanyDocumentSearchForm.do?lang=EN&company_search=Melcor Developments Ltd&document_selection=0&industry_group=A&FromDate=13&FromMonth=05&FromYear=2000&ToDate=13&ToMonth=11&ToYear=2020&Variable=Issuer,1620595282,17:21:22,20210509
6,2019-06-30,MRD.TO,CAD,2019-06-30,2019-06-30,Q2,41085000.0,19059000.0,22026000.0,0.5361080686381892,0.0,5448000.0,0.0,-3146000.0,8594000.0,27653000.0,7095000.0,441000.0,13873000.0,0.3376658147742485,13432000.0,0.3269319703054643,-1896000.0,4832000.0,0.11760983327248388,1695000.0,3137000.0,0.07635390045028599,0.09,0.09,34855556,34855556,https://www.sedar.com/ModifyCompanyDocumentSearchForm.do?lang=EN&company_search=Melcor Developments Ltd&document_selection=0&industry_group=A&FromDate=13&FromMonth=05&FromYear=2000&ToDate=13&ToMonth=11&ToYear=2020&Variable=Issuer,https://www.sedar.com/ModifyCompanyDocumentSearchForm.do?lang=EN&company_search=Melcor Developments Ltd&document_selection=0&industry_group=A&FromDate=13&FromMonth=05&FromYear=2000&ToDate=13&ToMonth=11&ToYear=2020&Variable=Issuer,1620595282,17:21:22,20210509
7,2019-03-31,MRD.TO,CAD,2019-03-31,2019-03-31,Q1,34884000.0,16075000.0,18809000.0,0.5391870198371747,0.0,5671000.0,0.0,-3807000.0,9478000.0,25553000.0,6971000.0,187000.0,9518000.0,0.2728471505561289,9331000.0,0.26748652677445245,-23000.0,2600000.0,0.07453273707143676,1010000.0,1590000.0,0.0455796353629171,0.05,0.05,31800000,31800000,https://www.sedar.com/ModifyCompanyDocumentSearchForm.do?lang=EN&company_search=Melcor Developments Ltd&document_selection=0&industry_group=A&FromDate=13&FromMonth=05&FromYear=2000&ToDate=13&ToMonth=11&ToYear=2020&Variable=Issuer,https://www.sedar.com/ModifyCompanyDocumentSearchForm.do?lang=EN&company_search=Melcor Developments Ltd&document_selection=0&industry_group=A&FromDate=13&FromMonth=05&FromYear=2000&ToDate=13&ToMonth=11&ToYear=2020&Variable=Issuer,1620595282,17:21:22,20210509
8,2018-12-31,MRD.TO,CAD,2018-12-31,2018-12-31,Q4,119982000.0,66510000.0,53472000.0,0.4456668500275041,0.0,5221000.0,0.0,6216000.0,-542000.0,65968000.0,3701000.0,247000.0,54261000.0,0.4522428364254638,54014000.0,0.450184194295811,1034000.0,48897000.0,0.40753613041956294,12371000.0,36526000.0,0.30442899768298576,1.116260966448024,1.116260966448024,32721739,32721739,https://www.sedar.com/ModifyCompanyDocumentSearchForm.do?lang=EN&company_search=Melcor Developments Ltd&document_selection=0&industry_group=A&FromDate=13&FromMonth=05&FromYear=2000&ToDate=13&ToMonth=11&ToYear=2020&Variable=Issuer,https://www.sedar.com/ModifyCompanyDocumentSearchForm.do?lang=EN&company_search=Melcor Developments Ltd&document_selection=0&industry_group=A&FromDate=13&FromMonth=05&FromYear=2000&ToDate=13&ToMonth=11&ToYear=2020&Variable=Issuer,1620595282,17:21:22,20210509
9,2018-09-30,MRD.TO,CAD,2018-09-30,2018-09-30,Q3,60245000.0,32194000.0,28051000.0,0.4656154037679475,0.0,5917000.0,0.0,-643000.0,6560000.0,38754000.0,6539000.0,518000.0,22009000.0,0.3653249232301436,21491000.0,0.35672669931114614,-24000.0,15277000.0,0.25358121005892603,3808000.0,11469000.0,0.1903726450327828,0.34,0.34,33732353,33732353,https://www.sedar.com/ModifyCompanyDocumentSearchForm.do?lang=EN&company_search=Melcor Developments Ltd&document_selection=0&industry_group=A&FromDate=13&FromMonth=05&FromYear=2000&ToDate=13&ToMonth=11&ToYear=2020&Variable=Issuer,https://www.sedar.com/ModifyCompanyDocumentSearchForm.do?lang=EN&company_search=Melcor Developments Ltd&document_selection=0&industry_group=A&FromDate=13&FromMonth=05&FromYear=2000&ToDate=13&ToMonth=11&ToYear=2020&Variable=Issuer,1620595282,17:21:22,20210509
10,2018-06-30,MRD.TO,CAD,2018-06-30,2018-06-30,Q2,42793000.0,22058000.0,20735000.0,0.48454186432360435,0.0,6026000.0,0.0,-3809000.0,9835000.0,31893000.0,6117000.0,455000.0,11355000.0,0.26534713621386674,10900000.0,0.2547145561189914,-1785000.0,3377000.0,0.07891477578108569,1746000.0,1631000.0,0.03811371018624542,0.05,0.05,32620000,32620000,https://www.sedar.com/ModifyCompanyDocumentSearchForm.do?lang=EN&company_search=Melcor Developments Ltd&document_selection=0&industry_group=A&FromDate=13&FromMonth=05&FromYear=2000&ToDate=13&ToMonth=11&ToYear=2020&Variable=Issuer,https://www.sedar.com/ModifyCompanyDocumentSearchForm.do?lang=EN&company_search=Melcor Developments Ltd&document_selection=0&industry_group=A&FromDate=13&FromMonth=05&FromYear=2000&ToDate=13&ToMonth=11&ToYear=2020&Variable=Issuer,1620595282,17:21:22,20210509
11,2018-03-31,MRD.TO,CAD,2018-03-31,2018-03-31,Q1,44414000.0,21461000.0,22953000.0,0.5167965056063404,0.0,5812000.0,0.0,1674000.0,4138000.0,25599000.0,5520000.0,197000.0,19012000.0,0.428063223307966,18815000.0,0.4236276849642005,2073000.0,15690000.0,0.3532669878867024,1043000.0,14647000.0,0.32978340163011666,0.44,0.44,33288636,33288636,https://www.sedar.com/ModifyCompanyDocumentSearchForm.do?lang=EN&company_search=Melcor Developments Ltd&document_selection=0&industry_group=A&FromDate=13&FromMonth=05&FromYear=2000&ToDate=13&ToMonth=11&ToYear=2020&Variable=Issuer,https://www.sedar.com/ModifyCompanyDocumentSearchForm.do?lang=EN&company_search=Melcor Developments Ltd&document_selection=0&industry_group=A&FromDate=13&FromMonth=05&FromYear=2000&ToDate=13&ToMonth=11&ToYear=2020&Variable=Issuer,1620595282,17:21:22,20210509
12,2017-12-31,MRD.TO,CAD,2017-12-31,2017-12-31,Q4,109633000.0,61753000.0,47880000.0,0.43672981675225525,0.0,7229000.0,0.0,1909000.0,5320000.0,67073000.0,4779000.0,261000.0,42821000.0,0.3905849516112849,42560000.0,0.3882042815575602,4004000.0,40695000.0,0.37119298021581093,8611000.0,32084000.0,0.29264911112529984,0.9805102351070033,0.9805102351070033,32721739,32721739,https://www.sedar.com/ModifyCompanyDocumentSearchForm.do?lang=EN&company_search=Melcor Developments Ltd&document_selection=0&industry_group=A&FromDate=13&FromMonth=05&FromYear=2000&ToDate=13&ToMonth=11&ToYear=2020&Variable=Issuer,https://www.sedar.com/ModifyCompanyDocumentSearchForm.do?lang=EN&company_search=Melcor Developments Ltd&document_selection=0&industry_group=A&FromDate=13&FromMonth=05&FromYear=2000&ToDate=13&ToMonth=11&ToYear=2020&Variable=Issuer,1620595282,17:21:22,20210509
13,2017-09-30,MRD.TO,CAD,2017-09-30,2017-09-30,Q3,62795000.0,34942000.0,27853000.0,0.4435544231228601,0.0,5796000.0,0.0,-1769000.0,7565000.0,42507000.0,5585000.0,517000.0,20805000.0,0.3313161875945537,20288000.0,0.32308304801337684,127000.0,15110000.0,0.2406242535233697,3593000.0,11517000.0,0.1834063221594076,0.34,0.34,33873529,33873529,https://www.sedar.com/ModifyCompanyDocumentSearchForm.do?lang=EN&company_search=Melcor Developments Ltd&document_selection=0&industry_group=A&FromDate=13&FromMonth=05&FromYear=2000&ToDate=13&ToMonth=11&ToYear=2020&Variable=Issuer,https://www.sedar.com/ModifyCompanyDocumentSearchForm.do?lang=EN&company_search=Melcor Developments Ltd&document_selection=0&industry_group=A&FromDate=13&FromMonth=05&FromYear=2000&ToDate=13&ToMonth=11&ToYear=2020&Variable=Issuer,1620595282,17:21:22,20210509
14,2017-06-30,MRD.TO,CAD,2017-06-30,2017-06-30,Q2,46955000.0,24967000.0,21988000.0,0.46827813864338197,0.0,6085000.0,0.0,-5897000.0,11982000.0,36949000.0,4936000.0,459000.0,10465000.0,0.2228729634756682,10006000.0,0.21309764668299436,961000.0,6366000.0,0.1355766159088489,2439000.0,3927000.0,0.08363326589287616,0.12,0.12,32725000,32725000,https://www.sedar.com/ModifyCompanyDocumentSearchForm.do?lang=EN&company_search=Melcor Developments Ltd&document_selection=0&industry_group=A&FromDate=13&FromMonth=05&FromYear=2000&ToDate=13&ToMonth=11&ToYear=2020&Variable=Issuer,https://www.sedar.com/ModifyCompanyDocumentSearchForm.do?lang=EN&company_search=Melcor Developments Ltd&document_selection=0&industry_group=A&FromDate=13&FromMonth=05&FromYear=2000&ToDate=13&ToMonth=11&ToYear=2020&Variable=Issuer,1620595282,17:21:22,20210509
15,2017-03-31,MRD.TO,CAD,2017-03-31,2017-03-31,Q1,38567000.0,19920000.0,18647000.0,0.483496253273524,0.0,5803000.0,0.0,-2328000.0,8131000.0,28051000.0,5518000.0,199000.0,10715000.0,0.27782819508906575,10516000.0,0.27266834340239066,-13804000.0,-8486000.0,-0.22003267041771463,517000.0,-9003000.0,-0.23343791324189073,-0.27,-0.27,33344444,33344444,https://www.sedar.com/ModifyCompanyDocumentSearchForm.do?lang=EN&company_search=Melcor Developments Ltd&document_selection=0&industry_group=A&FromDate=13&FromMonth=05&FromYear=2000&ToDate=13&ToMonth=11&ToYear=2020&Variable=Issuer,https://www.sedar.com/ModifyCompanyDocumentSearchForm.do?lang=EN&company_search=Melcor Developments Ltd&document_selection=0&industry_group=A&FromDate=13&FromMonth=05&FromYear=2000&ToDate=13&ToMonth=11&ToYear=2020&Variable=Issuer,1620595282,17:21:22,20210509
16,2016-12-31,MRD.TO,CAD,2016-12-31,2016-12-31,Q4,106391000.0,63333000.0,43058000.0,0.40471468451278775,0.0,6083000.0,0.0,461000.0,5622000.0,68955000.0,-632000.0,268000.0,37704000.0,0.35439087892772886,37436000.0,0.3518718688610879,-2965000.0,34196000.0,0.3214181650703537,10087000.0,24109000.0,0.22660751379345997,0.7367884695859227,0.7367884695859227,32721739,32721739,https://www.sedar.com/ModifyCompanyDocumentSearchForm.do?lang=EN&company_search=Melcor Developments Ltd&document_selection=0&industry_group=A&FromDate=13&FromMonth=05&FromYear=2000&ToDate=13&ToMonth=11&ToYear=2020&Variable=Issuer,https://www.sedar.com/ModifyCompanyDocumentSearchForm.do?lang=EN&company_search=Melcor Developments Ltd&document_selection=0&industry_group=A&FromDate=13&FromMonth=05&FromYear=2000&ToDate=13&ToMonth=11&ToYear=2020&Variable=Issuer,1620595282,17:21:22,20210509
17,2016-09-30,MRD.TO,CAD,2016-09-30,2016-09-30,Q3,63432000.0,34345000.0,29087000.0,0.45855404212384915,0.0,5025000.0,0.0,-3778000.0,8803000.0,43148000.0,9558000.0,564000.0,20848000.0,0.3286669189052844,20284000.0,0.31977550763021817,14205000.0,25268000.0,0.39834783705385296,9008000.0,16260000.0,0.2563374952705259,0.49,0.49,33183673,33183673,https://www.sedar.com/ModifyCompanyDocumentSearchForm.do?lang=EN&company_search=Melcor Developments Ltd&document_selection=0&industry_group=A&FromDate=13&FromMonth=05&FromYear=2000&ToDate=13&ToMonth=11&ToYear=2020&Variable=Issuer,https://www.sedar.com/ModifyCompanyDocumentSearchForm.do?lang=EN&company_search=Melcor Developments Ltd&document_selection=0&industry_group=A&FromDate=13&FromMonth=05&FromYear=2000&ToDate=13&ToMonth=11&ToYear=2020&Variable=Issuer,1620595282,17:21:22,20210509
18,2016-06-30,MRD.TO,CAD,2016-06-30,2016-06-30,Q2,42084000.0,21733000.0,20351000.0,0.48358045813135636,0.0,4807000.0,0.0,-7459000.0,12266000.0,33999000.0,6492000.0,495000.0,8580000.0,0.20387795836897632,8085000.0,0.19211576846307385,2439000.0,4194000.0,0.09965782720273739,2416000.0,1778000.0,0.042248835662009314,0.05,0.05,35560000,35560000,https://www.sedar.com/ModifyCompanyDocumentSearchForm.do?lang=EN&company_search=Melcor Developments Ltd&document_selection=0&industry_group=A&FromDate=13&FromMonth=05&FromYear=2000&ToDate=13&ToMonth=11&ToYear=2020&Variable=Issuer,https://www.sedar.com/ModifyCompanyDocumentSearchForm.do?lang=EN&company_search=Melcor Developments Ltd&document_selection=0&industry_group=A&FromDate=13&FromMonth=05&FromYear=2000&ToDate=13&ToMonth=11&ToYear=2020&Variable=Issuer,1620595282,17:21:22,20210509
19,2016-03-31,MRD.TO,CAD,2016-03-31,2016-03-31,Q1,30554000.0,14636000.0,15918000.0,0.5209792498527198,0.0,4842000.0,0.0,-10690000.0,15532000.0,30168000.0,6389000.0,244000.0,630000.0,0.020619231524513976,386000.0,0.012633370426130785,-1019000.0,-6683000.0,-0.21872749885448714,1031000.0,-7714000.0,-0.2524710348890489,-0.23,-0.23,33539130,33539130,https://www.sedar.com/ModifyCompanyDocumentSearchForm.do?lang=EN&company_search=Melcor Developments Ltd&document_selection=0&industry_group=A&FromDate=13&FromMonth=05&FromYear=2000&ToDate=13&ToMonth=11&ToYear=2020&Variable=Issuer,https://www.sedar.com/ModifyCompanyDocumentSearchForm.do?lang=EN&company_search=Melcor Developments Ltd&document_selection=0&industry_group=A&FromDate=13&FromMonth=05&FromYear=2000&ToDate=13&ToMonth=11&ToYear=2020&Variable=Issuer,1620595282,17:21:22,20210509
20,2015-12-31,MRD.TO,CAD,2015-12-31,2015-12-31,Q4,91721000.0,45936000.0,45785000.0,0.499176851538906,0.0,7136000.0,0.0,6369000.0,767000.0,46703000.0,4010000.0,298000.0,45316000.0,0.49406351871436205,45018000.0,0.4908145353844812,970000.0,40053000.0,0.4366829842675069,7395000.0,32658000.0,0.3560580455947929,0.9980520900799312,0.9980520900799312,32721739,32721739,https://www.sedar.com/ModifyCompanyDocumentSearchForm.do?lang=EN&company_search=Melcor Developments Ltd&document_selection=0&industry_group=A&FromDate=13&FromMonth=05&FromYear=2000&ToDate=13&ToMonth=11&ToYear=2020&Variable=Issuer,https://www.sedar.com/ModifyCompanyDocumentSearchForm.do?lang=EN&company_search=Melcor Developments Ltd&document_selection=0&industry_group=A&FromDate=13&FromMonth=05&FromYear=2000&ToDate=13&ToMonth=11&ToYear=2020&Variable=Issuer,1620595282,17:21:22,20210509
21,2015-09-30,MRD.TO,CAD,2015-09-30,2015-09-30,Q3,87921000.0,52052000.0,35869000.0,0.4079685171915697,0.0,5582000.0,0.0,6884000.0,-1302000.0,50750000.0,6234000.0,608000.0,37779000.0,0.4296925649162316,37171000.0,0.42277726595466386,-195000.0,31407000.0,0.3572184119834852,6584000.0,24823000.0,0.28233300349177104,0.75,0.74,33097333,33544595,https://www.sedar.com/ModifyCompanyDocumentSearchForm.do?lang=EN&company_search=Melcor Developments Ltd&document_selection=0&industry_group=A&FromDate=13&FromMonth=05&FromYear=2000&ToDate=13&ToMonth=11&ToYear=2020&Variable=Issuer,https://www.sedar.com/ModifyCompanyDocumentSearchForm.do?lang=EN&company_search=Melcor Developments Ltd&document_selection=0&industry_group=A&FromDate=13&FromMonth=05&FromYear=2000&ToDate=13&ToMonth=11&ToYear=2020&Variable=Issuer,1620595282,17:21:22,20210509
22,2015-06-30,MRD.TO,CAD,2015-06-30,2015-06-30,Q2,46113000.0,24899000.0,21214000.0,0.4600438054344762,0.0,5964000.0,0.0,-2917000.0,8881000.0,33780000.0,6664000.0,541000.0,12874000.0,0.2791837442803548,12333000.0,0.26745169474985364,6417000.0,12782000.0,0.27718864528441006,8865000.0,3917000.0,0.08494350833821265,0.12,0.12,32641667,32641667,https://www.sedar.com/ModifyCompanyDocumentSearchForm.do?lang=EN&company_search=Melcor Developments Ltd&document_selection=0&industry_group=A&FromDate=13&FromMonth=05&FromYear=2000&ToDate=13&ToMonth=11&ToYear=2020&Variable=Issuer,https://www.sedar.com/ModifyCompanyDocumentSearchForm.do?lang=EN&company_search=Melcor Developments Ltd&document_selection=0&industry_group=A&FromDate=13&FromMonth=05&FromYear=2000&ToDate=13&ToMonth=11&ToYear=2020&Variable=Issuer,1620595282,17:21:22,20210509
23,2015-03-31,MRD.TO,CAD,2015-03-31,2015-03-31,Q1,37554000.0,19775000.0,17779000.0,0.47342493476061137,0.0,5009000.0,0.0,7343000.0,-2334000.0,17441000.0,5196000.0,258000.0,20371000.0,0.5424455450817489,20113000.0,0.535575438035895,643000.0,16282000.0,0.43356233690152846,1722000.0,14560000.0,0.3877083666187357,0.44,0.44,33090909,33090909,https://www.sedar.com/ModifyCompanyDocumentSearchForm.do?lang=EN&company_search=Melcor Developments Ltd&document_selection=0&industry_group=A&FromDate=13&FromMonth=05&FromYear=2000&ToDate=13&ToMonth=11&ToYear=2020&Variable=Issuer,https://www.sedar.com/ModifyCompanyDocumentSearchForm.do?lang=EN&company_search=Melcor Developments Ltd&document_selection=0&industry_group=A&FromDate=13&FromMonth=05&FromYear=2000&ToDate=13&ToMonth=11&ToYear=2020&Variable=Issuer,1620595282,17:21:22,20210509
24,2014-12-31,MRD.TO,CAD,2014-12-31,2014-12-31,Q4,121452000.0,63985000.0,57467000.0,0.4731663537858578,0.0,6596000.0,0.0,2296000.0,4300000.0,68285000.0,5236000.0,378000.0,53545000.0,0.4408737608273227,53167000.0,0.43776142014952407,11212000.0,58563000.0,0.4821904950103745,8486000.0,50077000.0,0.4123192701643448,1.5303893231346903,1.5303893231346903,32721739,32721739,https://www.sedar.com/ModifyCompanyDocumentSearchForm.do?lang=EN&company_search=Melcor Developments Ltd&document_selection=0&industry_group=A&FromDate=13&FromMonth=05&FromYear=2000&ToDate=13&ToMonth=11&ToYear=2020&Variable=Issuer,https://www.sedar.com/ModifyCompanyDocumentSearchForm.do?lang=EN&company_search=Melcor Developments Ltd&document_selection=0&industry_group=A&FromDate=13&FromMonth=05&FromYear=2000&ToDate=13&ToMonth=11&ToYear=2020&Variable=Issuer,1620595282,17:21:22,20210509
25,2014-09-30,MRD.TO,CAD,2014-09-30,2014-09-30,Q3,93484000.0,49338000.0,44146000.0,0.4722305421248556,0.0,6739000.0,0.0,2608000.0,4131000.0,53469000.0,4812000.0,532000.0,40547000.0,0.4337319755252236,40015000.0,0.42804116212399984,-3989000.0,32045000.0,0.34278593128235846,5852000.0,26193000.0,0.28018698386889734,0.83,0.83,31557831,31557831,https://www.sedar.com/ModifyCompanyDocumentSearchForm.do?lang=EN&company_search=Melcor Developments Ltd&document_selection=0&industry_group=A&FromDate=13&FromMonth=05&FromYear=2000&ToDate=13&ToMonth=11&ToYear=2020&Variable=Issuer,https://www.sedar.com/ModifyCompanyDocumentSearchForm.do?lang=EN&company_search=Melcor Developments Ltd&document_selection=0&industry_group=A&FromDate=13&FromMonth=05&FromYear=2000&ToDate=13&ToMonth=11&ToYear=2020&Variable=Issuer,1620595282,17:21:22,20210509
26,2014-06-30,MRD.TO,CAD,2014-06-30,2014-06-30,Q2,66062000.0,34003000.0,32059000.0,0.4852865489994248,0.0,6924000.0,0.0,-377000.0,7301000.0,41304000.0,4619000.0,477000.0,25235000.0,0.3819896460900366,24758000.0,0.3747691562471618,2474000.0,23266000.0,0.35218431170718417,5681000.0,17585000.0,0.2661893372892132,0.57,0.55,30850877,31972727,https://www.sedar.com/ModifyCompanyDocumentSearchForm.do?lang=EN&company_search=Melcor Developments Ltd&document_selection=0&industry_group=A&FromDate=13&FromMonth=05&FromYear=2000&ToDate=13&ToMonth=11&ToYear=2020&Variable=Issuer,https://www.sedar.com/ModifyCompanyDocumentSearchForm.do?lang=EN&company_search=Melcor Developments Ltd&document_selection=0&industry_group=A&FromDate=13&FromMonth=05&FromYear=2000&ToDate=13&ToMonth=11&ToYear=2020&Variable=Issuer,1620595282,17:21:22,20210509
27,2014-03-31,MRD.TO,CAD,2014-03-31,2014-03-31,Q1,32011000.0,15530000.0,16481000.0,0.5148542688450845,0.0,4510000.0,0.0,-2911000.0,7421000.0,22951000.0,4183000.0,211000.0,9271000.0,0.289619193402268,9060000.0,0.2830277092249539,3798000.0,9274000.0,0.28971291118677955,2410000.0,6864000.0,0.21442629096248164,0.22,0.22,31200000,31200000,https://www.sedar.com/ModifyCompanyDocumentSearchForm.do?lang=EN&company_search=Melcor Developments Ltd&document_selection=0&industry_group=A&FromDate=13&FromMonth=05&FromYear=2000&ToDate=13&ToMonth=11&ToYear=2020&Variable=Issuer,https://www.sedar.com/ModifyCompanyDocumentSearchForm.do?lang=EN&company_search=Melcor Developments Ltd&document_selection=0&industry_group=A&FromDate=13&FromMonth=05&FromYear=2000&ToDate=13&ToMonth=11&ToYear=2020&Variable=Issuer,1620595282,17:21:22,20210509
28,2013-12-31,MRD.TO,CAD,2013-12-31,2013-12-31,Q4,152193000.0,88567000.0,63626000.0,0.41806127745691324,0.0,6468000.0,0.0,-6247000.0,11537000.0,100104000.0,4533000.0,269000.0,52358000.0,0.3440237067407831,52089000.0,0.3422562141491396,21122000.0,68041000.0,0.44707049601492843,14132000.0,53909000.0,0.3542147142115603,1.6474980134766064,1.6474980134766064,32721739,32721739,https://www.sedar.com/ModifyCompanyDocumentSearchForm.do?lang=EN&company_search=Melcor Developments Ltd&document_selection=0&industry_group=A&FromDate=13&FromMonth=05&FromYear=2000&ToDate=13&ToMonth=11&ToYear=2020&Variable=Issuer,https://www.sedar.com/ModifyCompanyDocumentSearchForm.do?lang=EN&company_search=Melcor Developments Ltd&document_selection=0&industry_group=A&FromDate=13&FromMonth=05&FromYear=2000&ToDate=13&ToMonth=11&ToYear=2020&Variable=Issuer,1620595282,17:21:22,20210509
29,2013-09-30,MRD.TO,CAD,2013-09-30,2013-09-30,Q3,59195000.0,31697000.0,27498000.0,0.4645324774051863,0.0,10215000.0,0.0,-685000.0,11439000.0,43136000.0,3964000.0,539000.0,16598000.0,0.2803953036574035,16059000.0,0.2712898048821691,13967000.0,26675000.0,0.45062927612129405,4793000.0,21882000.0,0.369659599628347,0.72,0.68,30391667,32179412,https://www.sedar.com/ModifyCompanyDocumentSearchForm.do?lang=EN&company_search=Melcor Developments Ltd&document_selection=0&industry_group=A&FromDate=13&FromMonth=05&FromYear=2000&ToDate=13&ToMonth=11&ToYear=2020&Variable=Issuer,https://www.sedar.com/ModifyCompanyDocumentSearchForm.do?lang=EN&company_search=Melcor Developments Ltd&document_selection=0&industry_group=A&FromDate=13&FromMonth=05&FromYear=2000&ToDate=13&ToMonth=11&ToYear=2020&Variable=Issuer,1620595282,17:21:22,20210509
30,2013-06-30,MRD.TO,CAD,2013-06-30,2013-06-30,Q2,50737000.0,26693000.0,24044000.0,0.4738947907838461,0.0,7640000.0,0.0,-11244000.0,19329000.0,46022000.0,3726000.0,445000.0,5160000.0,0.10170092831661312,4715000.0,0.09293020872341684,7246000.0,8695000.0,0.17137394800638586,-1514000.0,10211000.0,0.20125352306994895,0.34,0.33,30032353,30942424,https://www.sedar.com/ModifyCompanyDocumentSearchForm.do?lang=EN&company_search=Melcor Developments Ltd&document_selection=0&industry_group=A&FromDate=13&FromMonth=05&FromYear=2000&ToDate=13&ToMonth=11&ToYear=2020&Variable=Issuer,https://www.sedar.com/ModifyCompanyDocumentSearchForm.do?lang=EN&company_search=Melcor Developments Ltd&document_selection=0&industry_group=A&FromDate=13&FromMonth=05&FromYear=2000&ToDate=13&ToMonth=11&ToYear=2020&Variable=Issuer,1620595282,17:21:22,20210509
31,2013-03-31,MRD.TO,CAD,2013-03-31,2013-03-31,Q1,41617000.0,21957000.0,19660000.0,0.47240310450056466,0.0,4725000.0,0.0,0.0,4919000.0,26876000.0,4196000.0,194000.0,14935000.0,0.35886777038229567,14741000.0,0.3542062138068578,5271000.0,16433000.0,0.3948626763101617,3810000.0,12626000.0,0.30338563567772786,0.42,0.4,30061905,31565000,https://www.sedar.com/ModifyCompanyDocumentSearchForm.do?lang=EN&company_search=Melcor Developments Ltd&document_selection=0&industry_group=A&FromDate=13&FromMonth=05&FromYear=2000&ToDate=13&ToMonth=11&ToYear=2020&Variable=Issuer,https://www.sedar.com/ModifyCompanyDocumentSearchForm.do?lang=EN&company_search=Melcor Developments Ltd&document_selection=0&industry_group=A&FromDate=13&FromMonth=05&FromYear=2000&ToDate=13&ToMonth=11&ToYear=2020&Variable=Issuer,1620595282,17:21:22,20210509
32,2012-12-31,MRD.TO,CAD,2012-12-31,2012-12-31,Q4,141962000.0,87387000.0,54575000.0,0.3844338625829447,0.0,5971000.0,0.0,0.0,6238000.0,93625000.0,4385000.0,267000.0,48604000.0,0.3423733111677773,48337000.0,0.3404925261689748,29804000.0,73062000.0,0.5146588523689438,17594000.0,55468000.0,0.39072427832800327,1.695142180554646,1.695142180554646,32721739,32721739,https://www.sedar.com/ModifyCompanyDocumentSearchForm.do?lang=EN&company_search=Melcor Developments Ltd&document_selection=0&industry_group=A&FromDate=13&FromMonth=05&FromYear=2000&ToDate=13&ToMonth=11&ToYear=2020&Variable=Issuer,https://www.sedar.com/ModifyCompanyDocumentSearchForm.do?lang=EN&company_search=Melcor Developments Ltd&document_selection=0&industry_group=A&FromDate=13&FromMonth=05&FromYear=2000&ToDate=13&ToMonth=11&ToYear=2020&Variable=Issuer,1620595282,17:21:22,20210509
33,2012-09-30,MRD.TO,CAD,2012-09-30,2012-09-30,Q3,64674000.0,36345000.0,28329000.0,0.43802764634938307,0.0,5238000.0,0.0,0.0,5688000.0,42033000.0,4331000.0,450000.0,23091000.0,0.3570368308748492,22641000.0,0.3500788570368309,12274000.0,31205000.0,0.4824968302563627,6373000.0,24836000.0,0.38401830720227603,0.83,0.78,29922892,31841026,https://www.sedar.com/ModifyCompanyDocumentSearchForm.do?lang=EN&company_search=Melcor Developments Ltd&document_selection=0&industry_group=A&FromDate=13&FromMonth=05&FromYear=2000&ToDate=13&ToMonth=11&ToYear=2020&Variable=Issuer,https://www.sedar.com/ModifyCompanyDocumentSearchForm.do?lang=EN&company_search=Melcor Developments Ltd&document_selection=0&industry_group=A&FromDate=13&FromMonth=05&FromYear=2000&ToDate=13&ToMonth=11&ToYear=2020&Variable=Issuer,1620595282,17:21:22,20210509
34,2012-06-30,MRD.TO,CAD,2012-06-30,2012-06-30,Q2,34973000.0,18387000.0,16586000.0,0.4742515654933806,0.0,5495000.0,0.0,0.0,5884000.0,24271000.0,4061000.0,389000.0,11091000.0,0.3171303577045149,10702000.0,0.3060074914934378,15412000.0,22612000.0,0.6465559145626626,3741000.0,18873000.0,0.5396448688988649,0.63,0.6,29957143,31455000,https://www.sedar.com/ModifyCompanyDocumentSearchForm.do?lang=EN&company_search=Melcor Developments Ltd&document_selection=0&industry_group=A&FromDate=13&FromMonth=05&FromYear=2000&ToDate=13&ToMonth=11&ToYear=2020&Variable=Issuer,https://www.sedar.com/ModifyCompanyDocumentSearchForm.do?lang=EN&company_search=Melcor Developments Ltd&document_selection=0&industry_group=A&FromDate=13&FromMonth=05&FromYear=2000&ToDate=13&ToMonth=11&ToYear=2020&Variable=Issuer,1620595282,17:21:22,20210509
35,2012-03-31,MRD.TO,CAD,2012-03-31,2012-03-31,Q1,33321000.0,18772000.0,14549000.0,0.4366315536748597,0.0,4721000.0,0.0,0.0,4853000.0,23625000.0,4271000.0,132000.0,9828000.0,0.29494913117853605,9696000.0,0.2909876654362114,1615000.0,7511000.0,0.22541340295909487,1663000.0,5857000.0,0.17577503676360254,0.19,0.19,30826316,30826316,https://www.sedar.com/ModifyCompanyDocumentSearchForm.do?lang=EN&company_search=Melcor Developments Ltd&document_selection=0&industry_group=A&FromDate=13&FromMonth=05&FromYear=2000&ToDate=13&ToMonth=11&ToYear=2020&Variable=Issuer,https://www.sedar.com/ModifyCompanyDocumentSearchForm.do?lang=EN&company_search=Melcor Developments Ltd&document_selection=0&industry_group=A&FromDate=13&FromMonth=05&FromYear=2000&ToDate=13&ToMonth=11&ToYear=2020&Variable=Issuer,1620595282,17:21:22,20210509
36,2011-12-31,MRD.TO,CAD,2011-12-31,2011-12-31,Q4,129429000.0,77898000.0,51531000.0,0.3981410657580604,0.0,6806000.0,0.0,0.0,7010000.0,84908000.0,4323000.0,204000.0,44725000.0,0.3455562509174914,44521000.0,0.34398009719614614,24884000.0,65917000.0,0.5092908080878319,14097000.0,51820000.0,0.4003739501966329,1.5836566632354105,1.5836566632354105,32721739,32721739,https://www.sedar.com/ModifyCompanyDocumentSearchForm.do?lang=EN&company_search=Melcor Developments Ltd&document_selection=0&industry_group=A&FromDate=13&FromMonth=05&FromYear=2000&ToDate=13&ToMonth=11&ToYear=2020&Variable=Issuer,https://www.sedar.com/ModifyCompanyDocumentSearchForm.do?lang=EN&company_search=Melcor Developments Ltd&document_selection=0&industry_group=A&FromDate=13&FromMonth=05&FromYear=2000&ToDate=13&ToMonth=11&ToYear=2020&Variable=Issuer,1620595282,17:21:22,20210509
37,2011-09-30,MRD.TO,CAD,2011-09-30,2011-09-30,Q3,41446000.0,22359000.0,19087000.0,0.46052695073107175,0.0,3588000.0,0.0,14560000.0,4012000.0,26371000.0,4232000.0,424000.0,15499000.0,0.373956473483569,15075000.0,0.363726294455436,14560000.0,25974000.0,0.6266949765960527,4834000.0,21140000.0,0.5100612845630459,0.7,0.67,30174000,32399000,https://www.sedar.com/ModifyCompanyDocumentSearchForm.do?lang=EN&company_search=Melcor Developments Ltd&document_selection=0&industry_group=A&FromDate=13&FromMonth=05&FromYear=2000&ToDate=13&ToMonth=11&ToYear=2020&Variable=Issuer,https://www.sedar.com/ModifyCompanyDocumentSearchForm.do?lang=EN&company_search=Melcor Developments Ltd&document_selection=0&industry_group=A&FromDate=13&FromMonth=05&FromYear=2000&ToDate=13&ToMonth=11&ToYear=2020&Variable=Issuer,1620595282,17:21:22,20210509
38,2011-06-30,MRD.TO,CAD,2011-06-30,2011-06-30,Q2,24615000.0,11977000.0,12638000.0,0.5134267722933171,0.0,4403000.0,0.0,0.0,3597000.0,15574000.0,3698000.0,362000.0,9403000.0,0.3820028437944343,9041000.0,0.3672963640056876,0.0,5886000.0,0.23912248628884827,1392000.0,4494000.0,0.18257160268129188,0.15,0.15,29960000,29960000,https://www.sedar.com/ModifyCompanyDocumentSearchForm.do?lang=EN&company_search=Melcor Developments Ltd&document_selection=0&industry_group=A&FromDate=13&FromMonth=05&FromYear=2000&ToDate=13&ToMonth=11&ToYear=2020&Variable=Issuer,https://www.sedar.com/ModifyCompanyDocumentSearchForm.do?lang=EN&company_search=Melcor Developments Ltd&document_selection=0&industry_group=A&FromDate=13&FromMonth=05&FromYear=2000&ToDate=13&ToMonth=11&ToYear=2020&Variable=Issuer,1620595282,17:21:22,20210509
39,2011-03-31,MRD.TO,CAD,2011-03-31,2011-03-31,Q1,24859000.0,13558000.0,11301000.0,0.4546039663703286,0.0,3753000.0,0.0,0.0,2823000.0,16381000.0,3965000.0,130000.0,8608000.0,0.34627297960497205,8478000.0,0.34104348525684863,0.0,5078000.0,0.2042720946136208,1138000.0,3940000.0,0.15849390562774046,0.13,0.13,30307692,30307692,https://www.sedar.com/ModifyCompanyDocumentSearchForm.do?lang=EN&company_search=Melcor Developments Ltd&document_selection=0&industry_group=A&FromDate=13&FromMonth=05&FromYear=2000&ToDate=13&ToMonth=11&ToYear=2020&Variable=Issuer,https://www.sedar.com/ModifyCompanyDocumentSearchForm.do?lang=EN&company_search=Melcor Developments Ltd&document_selection=0&industry_group=A&FromDate=13&FromMonth=05&FromYear=2000&ToDate=13&ToMonth=11&ToYear=2020&Variable=Issuer,1620595282,17:21:22,20210509
40,2010-12-31,MRD.TO,CAD,2010-12-31,2010-12-31,Q4,85253000.0,40118000.0,45135000.0,0.5294241844861765,0.0,4966000.0,0.0,0.0,7540000.0,47658000.0,3687000.0,-4614000.0,32981000.0,0.38686028644153286,37595000.0,0.4409815490363975,1650000.0,36090000.0,0.42332821132394166,8896000.0,27194000.0,0.3189799772442026,0.831068299884673,0.831068299884673,32721739,32721739,https://www.sedar.com/ModifyCompanyDocumentSearchForm.do?lang=EN&company_search=Melcor Developments Ltd&document_selection=0&industry_group=A&FromDate=13&FromMonth=05&FromYear=2000&ToDate=13&ToMonth=11&ToYear=2020&Variable=Issuer,https://www.sedar.com/ModifyCompanyDocumentSearchForm.do?lang=EN&company_search=Melcor Developments Ltd&document_selection=0&industry_group=A&FromDate=13&FromMonth=05&FromYear=2000&ToDate=13&ToMonth=11&ToYear=2020&Variable=Issuer,1620595282,17:21:22,20210509
41,2010-09-30,MRD.TO,CAD,2010-09-30,2010-09-30,Q3,41757000.0,22079000.0,19678000.0,0.4712503292861077,0.0,3793000.0,0.0,0.0,6386000.0,28465000.0,3118000.0,0.0,16422000.0,0.3932753789783749,13292000.0,0.31831788682137124,7000.0,10718000.0,0.2566755274564744,2994000.0,7724000.0,0.18497497425581338,0.26,0.26,29707692,29707692,https://www.sedar.com/ModifyCompanyDocumentSearchForm.do?lang=EN&company_search=Melcor Developments Ltd&document_selection=0&industry_group=A&FromDate=13&FromMonth=05&FromYear=2000&ToDate=13&ToMonth=11&ToYear=2020&Variable=Issuer,https://www.sedar.com/ModifyCompanyDocumentSearchForm.do?lang=EN&company_search=Melcor Developments Ltd&document_selection=0&industry_group=A&FromDate=13&FromMonth=05&FromYear=2000&ToDate=13&ToMonth=11&ToYear=2020&Variable=Issuer,1620595282,17:21:22,20210509
42,2010-06-30,MRD.TO,CAD,2010-06-30,2010-06-30,Q2,35770000.0,19568000.0,16202000.0,0.45294939893765723,0.0,3427000.0,0.0,0.0,6170000.0,25738000.0,2992000.0,0.0,13365000.0,0.37363712608331,10032000.0,0.2804584847637685,7000.0,7637000.0,0.21350293542074364,2136000.0,5501000.0,0.15378809057869725,0.18,0.18,30561111,30561111,https://www.sedar.com/ModifyCompanyDocumentSearchForm.do?lang=EN&company_search=Melcor Developments Ltd&document_selection=0&industry_group=A&FromDate=13&FromMonth=05&FromYear=2000&ToDate=13&ToMonth=11&ToYear=2020&Variable=Issuer,https://www.sedar.com/ModifyCompanyDocumentSearchForm.do?lang=EN&company_search=Melcor Developments Ltd&document_selection=0&industry_group=A&FromDate=13&FromMonth=05&FromYear=2000&ToDate=13&ToMonth=11&ToYear=2020&Variable=Issuer,1620595282,17:21:22,20210509
43,2010-03-31,MRD.TO,CAD,2010-03-31,2010-03-31,Q1,30247000.0,16786000.0,13461000.0,0.4450358713260819,0.0,2698000.0,0.0,0.0,4549000.0,21335000.0,2945000.0,1172000.0,10084000.0,0.3333884352167157,8912000.0,0.2946407908222303,2474000.0,6438000.0,0.21284755512943432,1801000.0,4637000.0,0.15330445994644096,0.15,0.15,30913333,30913333,https://www.sedar.com/ModifyCompanyDocumentSearchForm.do?lang=EN&company_search=Melcor Developments Ltd&document_selection=0&industry_group=A&FromDate=13&FromMonth=05&FromYear=2000&ToDate=13&ToMonth=11&ToYear=2020&Variable=Issuer,https://www.sedar.com/ModifyCompanyDocumentSearchForm.do?lang=EN&company_search=Melcor Developments Ltd&document_selection=0&industry_group=A&FromDate=13&FromMonth=05&FromYear=2000&ToDate=13&ToMonth=11&ToYear=2020&Variable=Issuer,1620595282,17:21:22,20210509
44,2009-12-31,MRD.TO,CAD,2009-12-31,2009-12-31,Q4,48872000.0,27648000.0,21224000.0,0.43427729579309216,0.0,3540000.0,0.0,0.0,6089000.0,33737000.0,2969000.0,5563000.0,20698000.0,0.4235144868227206,15135000.0,0.3096865280733344,141000.0,12461000.0,0.2549721722049435,2543000.0,9918000.0,0.20293828777213946,0.3031012502116712,0.3031012502116712,32721739,32721739,https://www.sedar.com/ModifyCompanyDocumentSearchForm.do?lang=EN&company_search=Melcor Developments Ltd&document_selection=0&industry_group=A&FromDate=13&FromMonth=05&FromYear=2000&ToDate=13&ToMonth=11&ToYear=2020&Variable=Issuer,https://www.sedar.com/ModifyCompanyDocumentSearchForm.do?lang=EN&company_search=Melcor Developments Ltd&document_selection=0&industry_group=A&FromDate=13&FromMonth=05&FromYear=2000&ToDate=13&ToMonth=11&ToYear=2020&Variable=Issuer,1620595282,17:21:22,20210509
45,2009-09-30,MRD.TO,CAD,2009-09-30,2009-09-30,Q3,44374000.0,24572000.0,19802000.0,0.4462523099112093,0.0,2566000.0,0.0,0.0,4577000.0,29149000.0,2936000.0,32000.0,15257000.0,0.3438274665344571,15225000.0,0.3431063235227836,240000.0,13228000.0,0.2981024924505341,3851000.0,9377000.0,0.21131743813945103,0.32,0.31,29303125,30248387,https://www.sedar.com/ModifyCompanyDocumentSearchForm.do?lang=EN&company_search=Melcor Developments Ltd&document_selection=0&industry_group=A&FromDate=13&FromMonth=05&FromYear=2000&ToDate=13&ToMonth=11&ToYear=2020&Variable=Issuer,https://www.sedar.com/ModifyCompanyDocumentSearchForm.do?lang=EN&company_search=Melcor Developments Ltd&document_selection=0&industry_group=A&FromDate=13&FromMonth=05&FromYear=2000&ToDate=13&ToMonth=11&ToYear=2020&Variable=Issuer,1620595282,17:21:22,20210509
46,2009-06-30,MRD.TO,CAD,2009-06-30,2009-06-30,Q2,27279000.0,15240000.0,12039000.0,0.44132849444627736,0.0,2689000.0,0.0,0.0,4659000.0,19899000.0,2784000.0,-1643000.0,5737000.0,0.21030829575864218,7380000.0,0.2705377763114484,19000.0,5253000.0,0.19256570988672606,1507000.0,3746000.0,0.1373217493309872,0.12,0.12,31216667,31216667,https://www.sedar.com/ModifyCompanyDocumentSearchForm.do?lang=EN&company_search=Melcor Developments Ltd&document_selection=0&industry_group=A&FromDate=13&FromMonth=05&FromYear=2000&ToDate=13&ToMonth=11&ToYear=2020&Variable=Issuer,https://www.sedar.com/ModifyCompanyDocumentSearchForm.do?lang=EN&company_search=Melcor Developments Ltd&document_selection=0&industry_group=A&FromDate=13&FromMonth=05&FromYear=2000&ToDate=13&ToMonth=11&ToYear=2020&Variable=Issuer,1620595282,17:21:22,20210509
47,2009-03-31,MRD.TO,CAD,2009-03-31,2009-03-31,Q1,16083000.0,9764000.0,6319000.0,0.39289933470123733,0.0,2306000.0,0.0,0.0,4017000.0,13781000.0,2802000.0,1711000.0,4013000.0,0.24951812472797363,2302000.0,0.14313250015544363,339000.0,254000.0,0.015793073431573712,71000.0,183000.0,0.011378474165267674,0.01,0.01,29779830,29779830,https://www.sedar.com/ModifyCompanyDocumentSearchForm.do?lang=EN&company_search=Melcor Developments Ltd&document_selection=0&industry_group=A&FromDate=13&FromMonth=05&FromYear=2000&ToDate=13&ToMonth=11&ToYear=2020&Variable=Issuer,https://www.sedar.com/ModifyCompanyDocumentSearchForm.do?lang=EN&company_search=Melcor Developments Ltd&document_selection=0&industry_group=A&FromDate=13&FromMonth=05&FromYear=2000&ToDate=13&ToMonth=11&ToYear=2020&Variable=Issuer,1620595282,17:21:22,20210509
48,2008-12-31,MRD.TO,CAD,2008-12-31,2008-12-31,Q4,41758000.0,17009000.0,24749000.0,0.5926768523396715,0.0,2714000.0,0.0,0.0,6163000.0,23172000.0,2820000.0,-3059000.0,15527000.0,0.37183294219071794,18586000.0,0.4450883663010681,50000.0,17153000.0,0.41077158867761865,2749000.0,14404000.0,0.3449398917572681,0.4401966533624634,0.4401966533624634,32721739,32721739,https://www.sedar.com/ModifyCompanyDocumentSearchForm.do?lang=EN&company_search=Melcor Developments Ltd&document_selection=0&industry_group=A&FromDate=13&FromMonth=05&FromYear=2000&ToDate=13&ToMonth=11&ToYear=2020&Variable=Issuer,https://www.sedar.com/ModifyCompanyDocumentSearchForm.do?lang=EN&company_search=Melcor Developments Ltd&document_selection=0&industry_group=A&FromDate=13&FromMonth=05&FromYear=2000&ToDate=13&ToMonth=11&ToYear=2020&Variable=Issuer,1620595282,17:21:22,20210509
49,2008-09-30,MRD.TO,CAD,2008-09-30,2008-09-30,Q3,25967000.0,19864000.0,6103000.0,0.2350290753648862,0.0,3119000.0,0.0,0.0,4202000.0,24066000.0,2920000.0,1083000.0,2984000.0,0.11491508453036546,1901000.0,0.07320830284591982,22035000.0,22933000.0,0.8831593946162437,4391000.0,18542000.0,0.7140601532714599,0.59,0.58,31427119,31968966,https://www.sedar.com/ModifyCompanyDocumentSearchForm.do?lang=EN&company_search=Melcor Developments Ltd&document_selection=0&industry_group=A&FromDate=13&FromMonth=05&FromYear=2000&ToDate=13&ToMonth=11&ToYear=2020&Variable=Issuer,https://www.sedar.com/ModifyCompanyDocumentSearchForm.do?lang=EN&company_search=Melcor Developments Ltd&document_selection=0&industry_group=A&FromDate=13&FromMonth=05&FromYear=2000&ToDate=13&ToMonth=11&ToYear=2020&Variable=Issuer,1620595282,17:21:22,20210509
50,2008-06-30,MRD.TO,CAD,2008-06-30,2008-06-30,Q2,19779000.0,9785000.0,9994000.0,0.505283381364073,0.0,2820000.0,0.0,0.0,3952000.0,13737000.0,3234000.0,1132000.0,7174000.0,0.36270792254411244,6042000.0,0.30547550432276654,1089000.0,5256000.0,0.2657363870772031,1554000.0,3702000.0,0.18716820870620354,0.12,0.12,30850000,30850000,https://www.sedar.com/ModifyCompanyDocumentSearchForm.do?lang=EN&company_search=Melcor Developments Ltd&document_selection=0&industry_group=A&FromDate=13&FromMonth=05&FromYear=2000&ToDate=13&ToMonth=11&ToYear=2020&Variable=Issuer,https://www.sedar.com/ModifyCompanyDocumentSearchForm.do?lang=EN&company_search=Melcor Developments Ltd&document_selection=0&industry_group=A&FromDate=13&FromMonth=05&FromYear=2000&ToDate=13&ToMonth=11&ToYear=2020&Variable=Issuer,1620595282,17:21:22,20210509
51,2008-03-31,MRD.TO,CAD,2008-03-31,2008-03-31,Q1,20932000.0,9679000.0,11253000.0,0.5375979361742786,0.0,3096000.0,0.0,0.0,4011000.0,13690000.0,3057000.0,915000.0,8157000.0,0.38969042614179245,7242000.0,0.34597745079304415,0.0,6205000.0,0.29643607873112937,1832000.0,4373000.0,0.20891458054653161,0.14,0.14,31189830,31189830,https://www.sedar.com/ModifyCompanyDocumentSearchForm.do?lang=EN&company_search=Melcor Developments Ltd&document_selection=0&industry_group=A&FromDate=13&FromMonth=05&FromYear=2000&ToDate=13&ToMonth=11&ToYear=2020&Variable=Issuer,https://www.sedar.com/ModifyCompanyDocumentSearchForm.do?lang=EN&company_search=Melcor Developments Ltd&document_selection=0&industry_group=A&FromDate=13&FromMonth=05&FromYear=2000&ToDate=13&ToMonth=11&ToYear=2020&Variable=Issuer,1620595282,17:21:22,20210509
52,2007-12-31,MRD.TO,CAD,2007-12-31,2007-12-31,Q4,67693000.0,29886000.0,37807000.0,0.5585067879987591,0.0,3173000.0,0.0,0.0,4116000.0,34002000.0,2893000.0,943000.0,34634000.0,0.5116334037492798,33691000.0,0.49770286440252315,0.0,32780000.0,0.48424504749383246,7517000.0,25263000.0,0.37319959227689714,0.7720555438694746,0.7720555438694746,32721739,32721739,https://www.sedar.com/ModifyCompanyDocumentSearchForm.do?lang=EN&company_search=Melcor Developments Ltd&document_selection=0&industry_group=A&FromDate=13&FromMonth=05&FromYear=2000&ToDate=13&ToMonth=11&ToYear=2020&Variable=Issuer,https://www.sedar.com/ModifyCompanyDocumentSearchForm.do?lang=EN&company_search=Melcor Developments Ltd&document_selection=0&industry_group=A&FromDate=13&FromMonth=05&FromYear=2000&ToDate=13&ToMonth=11&ToYear=2020&Variable=Issuer,1620595282,17:21:22,20210509
53,2007-09-30,MRD.TO,CAD,2007-09-30,2007-09-30,Q3,55954000.0,27046000.0,28908000.0,0.5166386674768559,0.0,3642000.0,0.0,0.0,4605000.0,31651000.0,2506000.0,963000.0,25266000.0,0.45154948707867176,24303000.0,0.4343389212567466,119000.0,23549000.0,0.42086356650105444,7536000.0,16013000.0,0.28618150623726635,0.51,0.5,31153430,31153430,https://www.sedar.com/ModifyCompanyDocumentSearchForm.do?lang=EN&company_search=Melcor Developments Ltd&document_selection=0&industry_group=A&FromDate=13&FromMonth=05&FromYear=2000&ToDate=13&ToMonth=11&ToYear=2020&Variable=Issuer,https://www.sedar.com/ModifyCompanyDocumentSearchForm.do?lang=EN&company_search=Melcor Developments Ltd&document_selection=0&industry_group=A&FromDate=13&FromMonth=05&FromYear=2000&ToDate=13&ToMonth=11&ToYear=2020&Variable=Issuer,1620595282,17:21:22,20210509
54,2007-06-30,MRD.TO,CAD,2007-06-30,2007-06-30,Q2,50526000.0,22047000.0,28479000.0,0.5636503978149864,0.0,3768000.0,0.0,0.0,4532000.0,26579000.0,2044000.0,764000.0,24711000.0,0.4890749317183232,23947000.0,0.4739540038791909,2000.0,23466000.0,0.46443415271345445,7513000.0,15953000.0,0.31573843169853144,0.51,0.5,31110830,31110830,https://www.sedar.com/ModifyCompanyDocumentSearchForm.do?lang=EN&company_search=Melcor Developments Ltd&document_selection=0&industry_group=A&FromDate=13&FromMonth=05&FromYear=2000&ToDate=13&ToMonth=11&ToYear=2020&Variable=Issuer,https://www.sedar.com/ModifyCompanyDocumentSearchForm.do?lang=EN&company_search=Melcor Developments Ltd&document_selection=0&industry_group=A&FromDate=13&FromMonth=05&FromYear=2000&ToDate=13&ToMonth=11&ToYear=2020&Variable=Issuer,1620595282,17:21:22,20210509
55,2007-03-31,MRD.TO,CAD,2007-03-31,2007-03-31,Q1,32851000.0,19594000.0,13257000.0,0.4035493592280296,0.0,3231000.0,0.0,0.0,3779000.0,23373000.0,0.0,548000.0,10026000.0,0.30519618885269856,9478000.0,0.28851480929043255,0.0,9549000.0,0.29067608291985025,3108000.0,6441000.0,0.19606709080393292,0.21,0.21,31099630,31099630,https://www.sedar.com/ModifyCompanyDocumentSearchForm.do?lang=EN&company_search=Melcor Developments Ltd&document_selection=0&industry_group=A&FromDate=13&FromMonth=05&FromYear=2000&ToDate=13&ToMonth=11&ToYear=2020&Variable=Issuer,https://www.sedar.com/ModifyCompanyDocumentSearchForm.do?lang=EN&company_search=Melcor Developments Ltd&document_selection=0&industry_group=A&FromDate=13&FromMonth=05&FromYear=2000&ToDate=13&ToMonth=11&ToYear=2020&Variable=Issuer,1620595282,17:21:22,20210509
56,2006-12-31,MRD.TO,CAD,2006-12-31,2006-12-31,Q4,85891000.0,44563000.0,41328000.0,0.4811679919898476,0.0,4562000.0,0.0,0.0,5258000.0,49821000.0,1710000.0,696000.0,36766000.0,0.42805416167002364,36070000.0,0.41995086796055464,11003000.0,46731000.0,0.5440733022086133,13155000.0,33576000.0,0.39091406550162416,1.0261068337474362,1.0261068337474362,32721739,32721739,https://www.sedar.com/ModifyCompanyDocumentSearchForm.do?lang=EN&company_search=Melcor Developments Ltd&document_selection=0&industry_group=A&FromDate=13&FromMonth=05&FromYear=2000&ToDate=13&ToMonth=11&ToYear=2020&Variable=Issuer,https://www.sedar.com/ModifyCompanyDocumentSearchForm.do?lang=EN&company_search=Melcor Developments Ltd&document_selection=0&industry_group=A&FromDate=13&FromMonth=05&FromYear=2000&ToDate=13&ToMonth=11&ToYear=2020&Variable=Issuer,1620595282,17:21:22,20210509
57,2006-09-30,MRD.TO,CAD,2006-09-30,2006-09-30,Q3,45133000.0,27624000.0,17509000.0,0.38794230385748785,0.0,2684000.0,0.0,0.0,3290000.0,30914000.0,1796000.0,606000.0,14825000.0,0.3284736224048922,14219000.0,0.315046639930871,3000.0,13608000.0,0.30150887377307073,4430000.0,9178000.0,0.20335452994482972,0.29,0.29,31017320,31017320,https://www.sedar.com/ModifyCompanyDocumentSearchForm.do?lang=EN&company_search=Melcor Developments Ltd&document_selection=0&industry_group=A&FromDate=13&FromMonth=05&FromYear=2000&ToDate=13&ToMonth=11&ToYear=2020&Variable=Issuer,https://www.sedar.com/ModifyCompanyDocumentSearchForm.do?lang=EN&company_search=Melcor Developments Ltd&document_selection=0&industry_group=A&FromDate=13&FromMonth=05&FromYear=2000&ToDate=13&ToMonth=11&ToYear=2020&Variable=Issuer,1620595282,17:21:22,20210509
58,2006-06-30,MRD.TO,CAD,2006-06-30,2006-06-30,Q2,37950000.0,22873000.0,15077000.0,0.3972859025032938,0.0,2381000.0,0.0,0.0,2894000.0,25767000.0,1574000.0,513000.0,12696000.0,0.33454545454545453,12183000.0,0.32102766798418975,-1000.0,11718000.0,0.30877470355731224,3806000.0,7912000.0,0.2084848484848485,0.26,0.25,30940320,30940320,https://www.sedar.com/ModifyCompanyDocumentSearchForm.do?lang=EN&company_search=Melcor Developments Ltd&document_selection=0&industry_group=A&FromDate=13&FromMonth=05&FromYear=2000&ToDate=13&ToMonth=11&ToYear=2020&Variable=Issuer,https://www.sedar.com/ModifyCompanyDocumentSearchForm.do?lang=EN&company_search=Melcor Developments Ltd&document_selection=0&industry_group=A&FromDate=13&FromMonth=05&FromYear=2000&ToDate=13&ToMonth=11&ToYear=2020&Variable=Issuer,1620595282,17:21:22,20210509
59,2006-03-31,MRD.TO,CAD,2006-03-31,2006-03-31,Q1,34428000.0,20826000.0,13602000.0,0.39508539560822586,0.0,2159000.0,0.0,0.0,2584000.0,23410000.0,1347000.0,425000.0,11443000.0,0.3323748112001859,11018000.0,0.3200302079702568,113000.0,10563000.0,0.3068142209829209,3458000.0,7105000.0,0.2063727198791681,0.23,0.23,30755620,30755620,https://www.sedar.com/ModifyCompanyDocumentSearchForm.do?lang=EN&company_search=Melcor Developments Ltd&document_selection=0&industry_group=A&FromDate=13&FromMonth=05&FromYear=2000&ToDate=13&ToMonth=11&ToYear=2020&Variable=Issuer,https://www.sedar.com/ModifyCompanyDocumentSearchForm.do?lang=EN&company_search=Melcor Developments Ltd&document_selection=0&industry_group=A&FromDate=13&FromMonth=05&FromYear=2000&ToDate=13&ToMonth=11&ToYear=2020&Variable=Issuer,1620595282,17:21:22,20210509
60,2005-12-31,MRD.TO,CAD,2005-12-31,2005-12-31,Q4,69506000.0,42664000.0,26842000.0,0.38618248784277615,0.0,795000.0,0.0,0.0,2477000.0,45141000.0,1190000.0,-1181000.0,23184000.0,0.33355393778954334,24365000.0,0.3505452766667626,1946000.0,23687000.0,0.3407907231030415,8301000.0,15386000.0,0.22136218455960638,0.47020728329872685,0.47020728329872685,32721739,32721739,https://www.sedar.com/ModifyCompanyDocumentSearchForm.do?lang=EN&company_search=Melcor Developments Ltd&document_selection=0&industry_group=A&FromDate=13&FromMonth=05&FromYear=2000&ToDate=13&ToMonth=11&ToYear=2020&Variable=Issuer,https://www.sedar.com/ModifyCompanyDocumentSearchForm.do?lang=EN&company_search=Melcor Developments Ltd&document_selection=0&industry_group=A&FromDate=13&FromMonth=05&FromYear=2000&ToDate=13&ToMonth=11&ToYear=2020&Variable=Issuer,1620595282,17:21:22,20210509
61,2005-09-30,MRD.TO,CAD,2005-09-30,2005-09-30,Q3,52355000.0,21083000.0,31272000.0,0.5973068474835259,0.0,3906000.0,0.0,0.0,3906000.0,24989000.0,0.0,508000.0,27874000.0,0.5324037818737465,27366000.0,0.522700792665457,0.0,26843000.0,0.5127112978703084,8323000.0,18520000.0,0.3537388979085092,0.613,0.595,30445830,30445830,https://www.sedar.com/ModifyCompanyDocumentSearchForm.do?lang=EN&company_search=Melcor Developments Ltd&document_selection=0&industry_group=A&FromDate=13&FromMonth=05&FromYear=2000&ToDate=13&ToMonth=11&ToYear=2020&Variable=Issuer,https://www.sedar.com/ModifyCompanyDocumentSearchForm.do?lang=EN&company_search=Melcor Developments Ltd&document_selection=0&industry_group=A&FromDate=13&FromMonth=05&FromYear=2000&ToDate=13&ToMonth=11&ToYear=2020&Variable=Issuer,1620595282,17:21:22,20210509
62,2005-06-30,MRD.TO,CAD,2005-06-30,2005-06-30,Q2,24095000.0,13589000.0,10506000.0,0.4360240713841046,0.0,2326000.0,0.0,0.0,2326000.0,15915000.0,952000.0,405000.0,8585000.0,0.3562979871342602,8180000.0,0.3394895206474372,0.0,7701000.0,0.31960987756796017,2404000.0,5297000.0,0.21983814069308985,0.174,0.173,30398830,30398830,https://www.sedar.com/ModifyCompanyDocumentSearchForm.do?lang=EN&company_search=Melcor Developments Ltd&document_selection=0&industry_group=A&FromDate=13&FromMonth=05&FromYear=2000&ToDate=13&ToMonth=11&ToYear=2020&Variable=Issuer,https://www.sedar.com/ModifyCompanyDocumentSearchForm.do?lang=EN&company_search=Melcor Developments Ltd&document_selection=0&industry_group=A&FromDate=13&FromMonth=05&FromYear=2000&ToDate=13&ToMonth=11&ToYear=2020&Variable=Issuer,1620595282,17:21:22,20210509
63,2005-03-31,MRD.TO,CAD,2005-03-31,2005-03-31,Q1,15593000.0,9241000.0,6352000.0,0.40736227794523183,0.0,2230000.0,0.0,0.0,2230000.0,11471000.0,744000.0,335000.0,4457000.0,0.28583338677611747,4122000.0,0.2643493875456936,0.0,3730000.0,0.23920990187904828,1157000.0,2573000.0,0.16500994035785288,0.086,0.085,29948830,29948830,https://www.sedar.com/ModifyCompanyDocumentSearchForm.do?lang=EN&company_search=Melcor Developments Ltd&document_selection=0&industry_group=A&FromDate=13&FromMonth=05&FromYear=2000&ToDate=13&ToMonth=11&ToYear=2020&Variable=Issuer,https://www.sedar.com/ModifyCompanyDocumentSearchForm.do?lang=EN&company_search=Melcor Developments Ltd&document_selection=0&industry_group=A&FromDate=13&FromMonth=05&FromYear=2000&ToDate=13&ToMonth=11&ToYear=2020&Variable=Issuer,1620595282,17:21:22,20210509
64,2004-12-31,MRD.TO,CAD,2004-12-31,2004-12-31,Q4,35891000.0,19947000.0,15944000.0,0.44423393051182747,0.0,1714000.0,0.0,0.0,1714000.0,21661000.0,603000.0,376000.0,14606000.0,0.406954389679864,14230000.0,0.39647822573904323,0.0,14042000.0,0.3912401437686328,4333000.0,9709000.0,0.27051349920592904,0.29671405911525667,0.29671405911525667,32721739,32721739,https://www.sedar.com/ModifyCompanyDocumentSearchForm.do?lang=EN&company_search=Melcor Developments Ltd&document_selection=0&industry_group=A&FromDate=13&FromMonth=05&FromYear=2000&ToDate=13&ToMonth=11&ToYear=2020&Variable=Issuer,https://www.sedar.com/ModifyCompanyDocumentSearchForm.do?lang=EN&company_search=Melcor Developments Ltd&document_selection=0&industry_group=A&FromDate=13&FromMonth=05&FromYear=2000&ToDate=13&ToMonth=11&ToYear=2020&Variable=Issuer,1620595282,17:21:22,20210509
65,2004-09-30,MRD.TO,CAD,2004-09-30,2004-09-30,Q3,21468000.0,13610000.0,7858000.0,0.3660331656418856,0.0,1742000.0,0.0,0.0,1742000.0,15352000.0,0.0,721000.0,6837000.0,0.31847400782560087,6116000.0,0.2848891373206633,0.0,5908000.0,0.2752002981181293,1835000.0,4073000.0,0.1897242407303894,0.131,0.129,31052430,31052430,https://www.sedar.com/ModifyCompanyDocumentSearchForm.do?lang=EN&company_search=Melcor Developments Ltd&document_selection=0&industry_group=A&FromDate=13&FromMonth=05&FromYear=2000&ToDate=13&ToMonth=11&ToYear=2020&Variable=Issuer,https://www.sedar.com/ModifyCompanyDocumentSearchForm.do?lang=EN&company_search=Melcor Developments Ltd&document_selection=0&industry_group=A&FromDate=13&FromMonth=05&FromYear=2000&ToDate=13&ToMonth=11&ToYear=2020&Variable=Issuer,1620595282,17:21:22,20210509
66,2004-06-30,MRD.TO,CAD,2004-06-30,2004-06-30,Q2,15356000.0,9045000.0,6311000.0,0.4109794217244074,0.0,1806000.0,0.0,0.0,1806000.0,10851000.0,632000.0,83000.0,4588000.0,0.2987757228444908,4505000.0,0.293370669445168,0.0,4220000.0,0.2748111487366502,1311000.0,2909000.0,0.1894373534774681,0.094,0.092,30982430,30982430,https://www.sedar.com/ModifyCompanyDocumentSearchForm.do?lang=EN&company_search=Melcor Developments Ltd&document_selection=0&industry_group=A&FromDate=13&FromMonth=05&FromYear=2000&ToDate=13&ToMonth=11&ToYear=2020&Variable=Issuer,https://www.sedar.com/ModifyCompanyDocumentSearchForm.do?lang=EN&company_search=Melcor Developments Ltd&document_selection=0&industry_group=A&FromDate=13&FromMonth=05&FromYear=2000&ToDate=13&ToMonth=11&ToYear=2020&Variable=Issuer,1620595282,17:21:22,20210509
67,2004-03-31,MRD.TO,CAD,2004-03-31,2004-03-31,Q1,15624000.0,9505000.0,6119000.0,0.3916410650281618,0.0,1770000.0,0.0,0.0,1770000.0,11275000.0,601000.0,306000.0,4655000.0,0.2979390681003584,4349000.0,0.2783538146441372,0.0,4153000.0,0.2658090117767537,1407000.0,2746000.0,0.1757552483358935,0.089,0.088,30859230,30859230,https://www.sedar.com/ModifyCompanyDocumentSearchForm.do?lang=EN&company_search=Melcor Developments Ltd&document_selection=0&industry_group=A&FromDate=13&FromMonth=05&FromYear=2000&ToDate=13&ToMonth=11&ToYear=2020&Variable=Issuer,https://www.sedar.com/ModifyCompanyDocumentSearchForm.do?lang=EN&company_search=Melcor Developments Ltd&document_selection=0&industry_group=A&FromDate=13&FromMonth=05&FromYear=2000&ToDate=13&ToMonth=11&ToYear=2020&Variable=Issuer,1620595282,17:21:22,20210509
68,2003-12-31,MRD.TO,CAD,2003-12-31,2003-12-31,Q4,19592000.0,9468000.0,10124000.0,0.5167415271539404,0.0,1542000.0,0.0,0.0,1542000.0,11010000.0,640000.0,234000.0,8816000.0,0.4499795835034708,8582000.0,0.4380359330338914,1000.0,8476000.0,0.43262556145365455,2431000.0,6045000.0,0.30854430379746833,0.18473957022883167,0.18473957022883167,32721739,32721739,https://www.sedar.com/ModifyCompanyDocumentSearchForm.do?lang=EN&company_search=Melcor Developments Ltd&document_selection=0&industry_group=A&FromDate=13&FromMonth=05&FromYear=2000&ToDate=13&ToMonth=11&ToYear=2020&Variable=Issuer,https://www.sedar.com/ModifyCompanyDocumentSearchForm.do?lang=EN&company_search=Melcor Developments Ltd&document_selection=0&industry_group=A&FromDate=13&FromMonth=05&FromYear=2000&ToDate=13&ToMonth=11&ToYear=2020&Variable=Issuer,1620595282,17:21:22,20210509
69,2003-09-30,MRD.TO,CAD,2003-09-30,2003-09-30,Q3,29995000.0,18059000.0,11936000.0,0.39793298883147193,0.0,2051000.0,0.0,0.0,2051000.0,20110000.0,609000.0,333000.0,10218000.0,0.3406567761293549,9885000.0,0.3295549258209702,-21000.0,10009000.0,0.33368894815802636,3506000.0,6503000.0,0.21680280046674447,0.212,0.207,30749630,30749630,https://www.sedar.com/ModifyCompanyDocumentSearchForm.do?lang=EN&company_search=Melcor Developments Ltd&document_selection=0&industry_group=A&FromDate=13&FromMonth=05&FromYear=2000&ToDate=13&ToMonth=11&ToYear=2020&Variable=Issuer,https://www.sedar.com/ModifyCompanyDocumentSearchForm.do?lang=EN&company_search=Melcor Developments Ltd&document_selection=0&industry_group=A&FromDate=13&FromMonth=05&FromYear=2000&ToDate=13&ToMonth=11&ToYear=2020&Variable=Issuer,1620595282,17:21:22,20210509
70,2003-06-30,MRD.TO,CAD,2003-06-30,2003-06-30,Q2,9554000.0,5513000.0,4041000.0,0.4229642034749843,0.0,2230000.0,0.0,0.0,2230000.0,7743000.0,0.0,306000.0,2117000.0,0.22158258321122043,1811000.0,0.18955411346033074,1598000.0,3447000.0,0.36079129160561024,1206000.0,2241000.0,0.23456144023445677,0.073,0.071,30735930,30735930,https://www.sedar.com/ModifyCompanyDocumentSearchForm.do?lang=EN&company_search=Melcor Developments Ltd&document_selection=0&industry_group=A&FromDate=13&FromMonth=05&FromYear=2000&ToDate=13&ToMonth=11&ToYear=2020&Variable=Issuer,https://www.sedar.com/ModifyCompanyDocumentSearchForm.do?lang=EN&company_search=Melcor Developments Ltd&document_selection=0&industry_group=A&FromDate=13&FromMonth=05&FromYear=2000&ToDate=13&ToMonth=11&ToYear=2020&Variable=Issuer,1620595282,17:21:22,20210509
71,2003-03-31,MRD.TO,CAD,2003-03-31,2003-03-31,Q1,20894000.0,13514000.0,7380000.0,0.35321144826265916,0.0,1761000.0,0.0,0.0,1761000.0,15275000.0,0.0,218000.0,5837000.0,0.27936249641045274,5619000.0,0.268928879104049,0.0,5569000.0,0.2665358476117546,1952000.0,3617000.0,0.17311189815257969,0.118,0.118,30579130,30579130,https://www.sedar.com/ModifyCompanyDocumentSearchForm.do?lang=EN&company_search=Melcor Developments Ltd&document_selection=0&industry_group=A&FromDate=13&FromMonth=05&FromYear=2000&ToDate=13&ToMonth=11&ToYear=2020&Variable=Issuer,https://www.sedar.com/ModifyCompanyDocumentSearchForm.do?lang=EN&company_search=Melcor Developments Ltd&document_selection=0&industry_group=A&FromDate=13&FromMonth=05&FromYear=2000&ToDate=13&ToMonth=11&ToYear=2020&Variable=Issuer,1620595282,17:21:22,20210509
72,2002-12-31,MRD.TO,CAD,2002-12-31,2002-12-31,Q4,38279000.0,21143000.0,17136000.0,0.4476605971942841,0.0,3291000.0,0.0,0.0,3291000.0,24434000.0,505000.0,203000.0,14048000.0,0.366989733274119,13845000.0,0.3616865644348076,992000.0,14893000.0,0.38906450011755794,5545000.0,9348000.0,0.24420700645262416,0.2856816381305407,0.2856816381305407,32721739,32721739,https://www.sedar.com/ModifyCompanyDocumentSearchForm.do?lang=EN&company_search=Melcor Developments Ltd&document_selection=0&industry_group=A&FromDate=13&FromMonth=05&FromYear=2000&ToDate=13&ToMonth=11&ToYear=2020&Variable=Issuer,https://www.sedar.com/ModifyCompanyDocumentSearchForm.do?lang=EN&company_search=Melcor Developments Ltd&document_selection=0&industry_group=A&FromDate=13&FromMonth=05&FromYear=2000&ToDate=13&ToMonth=11&ToYear=2020&Variable=Issuer,1620595282,17:21:22,20210509
73,2002-09-30,MRD.TO,CAD,2002-09-30,2002-09-30,Q3,27088000.0,17520000.0,9568000.0,0.3532191376255168,0.0,1690000.0,0.0,0.0,1690000.0,19210000.0,316000.0,274000.0,8152000.0,0.30094506792675724,7878000.0,0.2908298877731837,0.0,7949000.0,0.2934509746012995,2781000.0,5168000.0,0.19078558771411694,0.17,0.165,30511930,30511930,https://www.sedar.com/ModifyCompanyDocumentSearchForm.do?lang=EN&company_search=Melcor Developments Ltd&document_selection=0&industry_group=A&FromDate=13&FromMonth=05&FromYear=2000&ToDate=13&ToMonth=11&ToYear=2020&Variable=Issuer,https://www.sedar.com/ModifyCompanyDocumentSearchForm.do?lang=EN&company_search=Melcor Developments Ltd&document_selection=0&industry_group=A&FromDate=13&FromMonth=05&FromYear=2000&ToDate=13&ToMonth=11&ToYear=2020&Variable=Issuer,1620595282,17:21:22,20210509
74,2002-06-30,MRD.TO,CAD,2002-06-30,2002-06-30,Q2,19023000.0,12314000.0,6709000.0,0.3526783367502497,0.0,1625000.0,0.0,0.0,1625000.0,13939000.0,352000.0,253000.0,5337000.0,0.28055511748935497,5084000.0,0.267255427640225,12000.0,5149000.0,0.270672344004626,1782000.0,3367000.0,0.17699626767597118,0.11,0.108,30402230,30402230,https://www.sedar.com/ModifyCompanyDocumentSearchForm.do?lang=EN&company_search=Melcor Developments Ltd&document_selection=0&industry_group=A&FromDate=13&FromMonth=05&FromYear=2000&ToDate=13&ToMonth=11&ToYear=2020&Variable=Issuer,https://www.sedar.com/ModifyCompanyDocumentSearchForm.do?lang=EN&company_search=Melcor Developments Ltd&document_selection=0&industry_group=A&FromDate=13&FromMonth=05&FromYear=2000&ToDate=13&ToMonth=11&ToYear=2020&Variable=Issuer,1620595282,17:21:22,20210509
75,2002-03-31,MRD.TO,CAD,2002-03-31,2002-03-31,Q1,26175000.0,16653000.0,9522000.0,0.36378223495702006,0.0,1456000.0,0.0,0.0,1456000.0,18109000.0,357000.0,176000.0,8242000.0,0.3148806112702961,8066000.0,0.30815663801337156,0.0,8072000.0,0.3083858643744031,2866000.0,5206000.0,0.19889207258834765,0.171,0.17,30402230,30402230,https://www.sedar.com/ModifyCompanyDocumentSearchForm.do?lang=EN&company_search=Melcor Developments Ltd&document_selection=0&industry_group=A&FromDate=13&FromMonth=05&FromYear=2000&ToDate=13&ToMonth=11&ToYear=2020&Variable=Issuer,https://www.sedar.com/ModifyCompanyDocumentSearchForm.do?lang=EN&company_search=Melcor Developments Ltd&document_selection=0&industry_group=A&FromDate=13&FromMonth=05&FromYear=2000&ToDate=13&ToMonth=11&ToYear=2020&Variable=Issuer,1620595282,17:21:22,20210509
76,2001-12-31,MRD.TO,CAD,2001-12-31,2001-12-31,Q4,32163000.0,19121000.0,13042000.0,0.40549699965799213,0.0,2722000.0,0.0,0.0,2722000.0,21843000.0,338000.0,194000.0,10514000.0,0.326897366539191,10320000.0,0.3208655908963716,0.0,10353000.0,0.3218916145881914,3072000.0,7281000.0,0.22637813636787613,0.2225126237942305,0.2225126237942305,32721739,32721739,https://www.sedar.com/ModifyCompanyDocumentSearchForm.do?lang=EN&company_search=Melcor Developments Ltd&document_selection=0&industry_group=A&FromDate=13&FromMonth=05&FromYear=2000&ToDate=13&ToMonth=11&ToYear=2020&Variable=Issuer,https://www.sedar.com/ModifyCompanyDocumentSearchForm.do?lang=EN&company_search=Melcor Developments Ltd&document_selection=0&industry_group=A&FromDate=13&FromMonth=05&FromYear=2000&ToDate=13&ToMonth=11&ToYear=2020&Variable=Issuer,1620595282,17:21:22,20210509
77,2001-09-30,MRD.TO,CAD,2001-09-30,2001-09-30,Q3,25888000.0,16741000.0,9147000.0,0.3533297280593325,0.0,1535000.0,0.0,0.0,1535000.0,18276000.0,468000.0,268000.0,7880000.0,0.30438813349814586,7612000.0,0.29403584672435107,16000.0,7565000.0,0.29222033374536466,3026000.0,4539000.0,0.1753322002472188,0.149,0.147,30385030,30385030,https://www.sedar.com/ModifyCompanyDocumentSearchForm.do?lang=EN&company_search=Melcor Developments Ltd&document_selection=0&industry_group=A&FromDate=13&FromMonth=05&FromYear=2000&ToDate=13&ToMonth=11&ToYear=2020&Variable=Issuer,https://www.sedar.com/ModifyCompanyDocumentSearchForm.do?lang=EN&company_search=Melcor Developments Ltd&document_selection=0&industry_group=A&FromDate=13&FromMonth=05&FromYear=2000&ToDate=13&ToMonth=11&ToYear=2020&Variable=Issuer,1620595282,17:21:22,20210509
78,2001-06-30,MRD.TO,CAD,2001-06-30,2001-06-30,Q2,17486000.0,9995000.0,7491000.0,0.4283998627473407,0.0,1414000.0,0.0,0.0,1414000.0,11409000.0,503000.0,227000.0,6304000.0,0.3605169850165847,6077000.0,0.347535170993938,18000.0,5966000.0,0.34118723550268787,2387000.0,3579000.0,0.20467802813679514,0.118,0.117,30385030,30385030,https://www.sedar.com/ModifyCompanyDocumentSearchForm.do?lang=EN&company_search=Melcor Developments Ltd&document_selection=0&industry_group=A&FromDate=13&FromMonth=05&FromYear=2000&ToDate=13&ToMonth=11&ToYear=2020&Variable=Issuer,https://www.sedar.com/ModifyCompanyDocumentSearchForm.do?lang=EN&company_search=Melcor Developments Ltd&document_selection=0&industry_group=A&FromDate=13&FromMonth=05&FromYear=2000&ToDate=13&ToMonth=11&ToYear=2020&Variable=Issuer,1620595282,17:21:22,20210509
79,2001-03-31,MRD.TO,CAD,2001-03-31,2001-03-31,Q1,7070000.0,4612000.0,2458000.0,0.34766619519094766,0.0,1167000.0,0.0,0.0,1310000.0,5922000.0,456000.0,143000.0,1291000.0,0.1826025459688826,1148000.0,0.16237623762376238,0.0,958000.0,0.1355021216407355,386000.0,572000.0,0.0809052333804809,0.019,0.019,30385030,30385030,https://www.sedar.com/ModifyCompanyDocumentSearchForm.do?lang=EN&company_search=Melcor Developments Ltd&document_selection=0&industry_group=A&FromDate=13&FromMonth=05&FromYear=2000&ToDate=13&ToMonth=11&ToYear=2020&Variable=Issuer,https://www.sedar.com/ModifyCompanyDocumentSearchForm.do?lang=EN&company_search=Melcor Developments Ltd&document_selection=0&industry_group=A&FromDate=13&FromMonth=05&FromYear=2000&ToDate=13&ToMonth=11&ToYear=2020&Variable=Issuer,1620595282,17:21:22,20210509
80,2000-12-31,MRD.TO,CAD,2000-12-31,2000-12-31,Q4,30026000.0,17086000.0,12940000.0,0.43095983480983147,0.0,1385000.0,0.0,0.0,1540000.0,18626000.0,455000.0,155000.0,11555000.0,0.3848331446080064,11400000.0,0.37967095184173716,2000.0,11208000.0,0.3732764937054553,4415000.0,6793000.0,0.22623726104043163,0.2075989909949468,0.2075989909949468,32721739,32721739,https://www.sedar.com/ModifyCompanyDocumentSearchForm.do?lang=EN&company_search=Melcor Developments Ltd&document_selection=0&industry_group=A&FromDate=13&FromMonth=05&FromYear=2000&ToDate=13&ToMonth=11&ToYear=2020&Variable=Issuer,https://www.sedar.com/ModifyCompanyDocumentSearchForm.do?lang=EN&company_search=Melcor Developments Ltd&document_selection=0&industry_group=A&FromDate=13&FromMonth=05&FromYear=2000&ToDate=13&ToMonth=11&ToYear=2020&Variable=Issuer,1620595282,17:21:22,20210509
81,2000-09-30,MRD.TO,CAD,2000-09-30,2000-09-30,Q3,13195000.0,8955000.0,4240000.0,0.3213338385752179,0.0,1337000.0,0.0,0.0,1530000.0,10485000.0,383000.0,193000.0,2903000.0,0.22000757862826828,2710000.0,0.20538082607048125,4070000.0,6785000.0,0.5142099280030314,4948000.0,1837000.0,0.1392194012883668,0.059,0.059,30460000,30460000,https://www.sedar.com/ModifyCompanyDocumentSearchForm.do?lang=EN&company_search=Melcor Developments Ltd&document_selection=0&industry_group=A&FromDate=13&FromMonth=05&FromYear=2000&ToDate=13&ToMonth=11&ToYear=2020&Variable=Issuer,https://www.sedar.com/ModifyCompanyDocumentSearchForm.do?lang=EN&company_search=Melcor Developments Ltd&document_selection=0&industry_group=A&FromDate=13&FromMonth=05&FromYear=2000&ToDate=13&ToMonth=11&ToYear=2020&Variable=Issuer,1620595282,17:21:22,20210509
82,2000-06-30,MRD.TO,CAD,2000-06-30,2000-06-30,Q2,11600000.0,7300000.0,4300000.0,0.3706896551724138,0.0,1700000.0,0.0,0.0,1900000.0,9200000.0,0.0,200000.0,2600000.0,0.22413793103448276,2400000.0,0.20689655172413793,500000.0,2700000.0,0.23275862068965517,1200000.0,1500000.0,0.12931034482758622,0.048,0.048,31250000,31250000,https://www.sedar.com/ModifyCompanyDocumentSearchForm.do?lang=EN&company_search=Melcor Developments Ltd&document_selection=0&industry_group=A&FromDate=13&FromMonth=05&FromYear=2000&ToDate=13&ToMonth=11&ToYear=2020&Variable=Issuer,https://www.sedar.com/ModifyCompanyDocumentSearchForm.do?lang=EN&company_search=Melcor Developments Ltd&document_selection=0&industry_group=A&FromDate=13&FromMonth=05&FromYear=2000&ToDate=13&ToMonth=11&ToYear=2020&Variable=Issuer,1620595282,17:21:22,20210509
83,2000-03-31,MRD.TO,CAD,2000-03-31,2000-03-31,Q1,6400000.0,3700000.0,2700000.0,0.421875,0.0,1400000.0,0.0,0.0,1600000.0,5300000.0,300000.0,200000.0,1300000.0,0.203125,1100000.0,0.171875,-200000.0,1000000.0,0.15625,500000.0,500000.0,0.078125,0.018,0.018,27777778,27777778,https://www.sedar.com/ModifyCompanyDocumentSearchForm.do?lang=EN&company_search=Melcor Developments Ltd&document_selection=0&industry_group=A&FromDate=13&FromMonth=05&FromYear=2000&ToDate=13&ToMonth=11&ToYear=2020&Variable=Issuer,https://www.sedar.com/ModifyCompanyDocumentSearchForm.do?lang=EN&company_search=Melcor Developments Ltd&document_selection=0&industry_group=A&FromDate=13&FromMonth=05&FromYear=2000&ToDate=13&ToMonth=11&ToYear=2020&Variable=Issuer,1620595282,17:21:22,20210509
84,1999-12-31,MRD.TO,CAD,1999-12-31,1999-12-31,Q4,21100000.0,12600000.0,8500000.0,0.4028436018957346,0.0,1100000.0,0.0,0.0,1200000.0,13800000.0,0.0,100000.0,7400000.0,0.35071090047393366,7300000.0,0.3459715639810427,0.0,7600000.0,0.36018957345971564,3300000.0,4300000.0,0.2037914691943128,0.13141110868221276,0.13141110868221276,32721739,32721739,https://www.sedar.com/ModifyCompanyDocumentSearchForm.do?lang=EN&company_search=Melcor Developments Ltd&document_selection=0&industry_group=A&FromDate=13&FromMonth=05&FromYear=2000&ToDate=13&ToMonth=11&ToYear=2020&Variable=Issuer,https://www.sedar.com/ModifyCompanyDocumentSearchForm.do?lang=EN&company_search=Melcor Developments Ltd&document_selection=0&industry_group=A&FromDate=13&FromMonth=05&FromYear=2000&ToDate=13&ToMonth=11&ToYear=2020&Variable=Issuer,1620595282,17:21:22,20210509
85,1999-09-30,MRD.TO,CAD,1999-09-30,1999-09-30,Q3,10100000.0,5400000.0,4700000.0,0.46534653465346537,0.0,1400000.0,0.0,0.0,1700000.0,7100000.0,300000.0,300000.0,3300000.0,0.32673267326732675,3000000.0,0.297029702970297,-100000.0,2900000.0,0.2871287128712871,1300000.0,1600000.0,0.15841584158415842,0.052,0.052,30769231,30769231,https://www.sedar.com/ModifyCompanyDocumentSearchForm.do?lang=EN&company_search=Melcor Developments Ltd&document_selection=0&industry_group=A&FromDate=13&FromMonth=05&FromYear=2000&ToDate=13&ToMonth=11&ToYear=2020&Variable=Issuer,https://www.sedar.com/ModifyCompanyDocumentSearchForm.do?lang=EN&company_search=Melcor Developments Ltd&document_selection=0&industry_group=A&FromDate=13&FromMonth=05&FromYear=2000&ToDate=13&ToMonth=11&ToYear=2020&Variable=Issuer,1620595282,17:21:22,20210509
86,1999-06-30,MRD.TO,CAD,1999-06-30,1999-06-30,Q2,11600000.0,7100000.0,4500000.0,0.3879310344827586,0.0,1500000.0,0.0,0.0,1700000.0,8800000.0,0.0,200000.0,3000000.0,0.25862068965517243,2800000.0,0.2413793103448276,400000.0,3000000.0,0.25862068965517243,1400000.0,1600000.0,0.13793103448275862,0.053,0.053,30188679,30188679,https://www.sedar.com/ModifyCompanyDocumentSearchForm.do?lang=EN&company_search=Melcor Developments Ltd&document_selection=0&industry_group=A&FromDate=13&FromMonth=05&FromYear=2000&ToDate=13&ToMonth=11&ToYear=2020&Variable=Issuer,https://www.sedar.com/ModifyCompanyDocumentSearchForm.do?lang=EN&company_search=Melcor Developments Ltd&document_selection=0&industry_group=A&FromDate=13&FromMonth=05&FromYear=2000&ToDate=13&ToMonth=11&ToYear=2020&Variable=Issuer,1620595282,17:21:22,20210509
87,1999-03-31,MRD.TO,CAD,1999-03-31,1999-03-31,Q1,3800000.0,2100000.0,1700000.0,0.4473684210526316,0.0,1000000.0,0.0,0.0,1200000.0,3300000.0,300000.0,200000.0,700000.0,0.18421052631578946,500000.0,0.13157894736842105,400000.0,600000.0,0.15789473684210525,300000.0,300000.0,0.07894736842105263,0.009,0.009,33333333,33333333,https://www.sedar.com/ModifyCompanyDocumentSearchForm.do?lang=EN&company_search=Melcor Developments Ltd&document_selection=0&industry_group=A&FromDate=13&FromMonth=05&FromYear=2000&ToDate=13&ToMonth=11&ToYear=2020&Variable=Issuer,https://www.sedar.com/ModifyCompanyDocumentSearchForm.do?lang=EN&company_search=Melcor Developments Ltd&document_selection=0&industry_group=A&FromDate=13&FromMonth=05&FromYear=2000&ToDate=13&ToMonth=11&ToYear=2020&Variable=Issuer,1620595282,17:21:22,20210509
88,1998-12-31,MRD.TO,CAD,1998-12-31,1998-12-31,Q4,31500000.0,18400000.0,13100000.0,0.4158730158730159,0.0,1400000.0,0.0,0.0,1500000.0,19900000.0,400000.0,100000.0,11700000.0,0.37142857142857144,11600000.0,0.3682539682539683,400000.0,11700000.0,0.37142857142857144,5100000.0,6500000.0,0.20634920634920634,0.19864469917078673,0.19864469917078673,32721739,32721739,https://www.sedar.com/ModifyCompanyDocumentSearchForm.do?lang=EN&company_search=Melcor Developments Ltd&document_selection=0&industry_group=A&FromDate=13&FromMonth=05&FromYear=2000&ToDate=13&ToMonth=11&ToYear=2020&Variable=Issuer,https://www.sedar.com/ModifyCompanyDocumentSearchForm.do?lang=EN&company_search=Melcor Developments Ltd&document_selection=0&industry_group=A&FromDate=13&FromMonth=05&FromYear=2000&ToDate=13&ToMonth=11&ToYear=2020&Variable=Issuer,1620595282,17:21:22,20210509
89,1998-09-30,MRD.TO,CAD,1998-09-30,1998-09-30,Q3,11500000.0,7000000.0,4500000.0,0.391304347826087,0.0,1200000.0,0.0,0.0,1400000.0,8400000.0,400000.0,200000.0,3300000.0,0.28695652173913044,3100000.0,0.26956521739130435,400000.0,3100000.0,0.26956521739130435,1400000.0,1700000.0,0.14782608695652175,0.054,0.054,31481481,31481481,https://www.sedar.com/ModifyCompanyDocumentSearchForm.do?lang=EN&company_search=Melcor Developments Ltd&document_selection=0&industry_group=A&FromDate=13&FromMonth=05&FromYear=2000&ToDate=13&ToMonth=11&ToYear=2020&Variable=Issuer,https://www.sedar.com/ModifyCompanyDocumentSearchForm.do?lang=EN&company_search=Melcor Developments Ltd&document_selection=0&industry_group=A&FromDate=13&FromMonth=05&FromYear=2000&ToDate=13&ToMonth=11&ToYear=2020&Variable=Issuer,1620595282,17:21:22,20210509
90,1998-06-30,MRD.TO,CAD,1998-06-30,1998-06-30,Q2,6900000.0,3800000.0,3100000.0,0.4492753623188406,0.0,1500000.0,0.0,0.0,1700000.0,5500000.0,0.0,300000.0,1700000.0,0.2463768115942029,1400000.0,0.2028985507246377,300000.0,1300000.0,0.18840579710144928,600000.0,700000.0,0.10144927536231885,0.022,0.022,31818182,31818182,https://www.sedar.com/ModifyCompanyDocumentSearchForm.do?lang=EN&company_search=Melcor Developments Ltd&document_selection=0&industry_group=A&FromDate=13&FromMonth=05&FromYear=2000&ToDate=13&ToMonth=11&ToYear=2020&Variable=Issuer,https://www.sedar.com/ModifyCompanyDocumentSearchForm.do?lang=EN&company_search=Melcor Developments Ltd&document_selection=0&industry_group=A&FromDate=13&FromMonth=05&FromYear=2000&ToDate=13&ToMonth=11&ToYear=2020&Variable=Issuer,1620595282,17:21:22,20210509
91,1998-03-31,MRD.TO,CAD,1998-03-31,1998-03-31,Q1,7800000.0,4900000.0,2900000.0,0.3717948717948718,0.0,1100000.0,0.0,0.0,1200000.0,6100000.0,0.0,100000.0,1800000.0,0.23076923076923078,1700000.0,0.21794871794871795,200000.0,1500000.0,0.19230769230769232,700000.0,800000.0,0.10256410256410256,0.026,0.026,30769231,30769231,https://www.sedar.com/ModifyCompanyDocumentSearchForm.do?lang=EN&company_search=Melcor Developments Ltd&document_selection=0&industry_group=A&FromDate=13&FromMonth=05&FromYear=2000&ToDate=13&ToMonth=11&ToYear=2020&Variable=Issuer,https://www.sedar.com/ModifyCompanyDocumentSearchForm.do?lang=EN&company_search=Melcor Developments Ltd&document_selection=0&industry_group=A&FromDate=13&FromMonth=05&FromYear=2000&ToDate=13&ToMonth=11&ToYear=2020&Variable=Issuer,1620595282,17:21:22,20210509
92,1997-12-31,MRD.TO,CAD,1997-12-31,1997-12-31,Q4,25500000.0,14800000.0,10700000.0,0.4196078431372549,0.0,1900000.0,0.0,0.0,2100000.0,16900000.0,0.0,200000.0,8800000.0,0.34509803921568627,8600000.0,0.33725490196078434,200000.0,8500000.0,0.3333333333333333,3700000.0,4700000.0,0.1843137254901961,0.14363539786195348,0.14363539786195348,32721739,32721739,https://www.sedar.com/ModifyCompanyDocumentSearchForm.do?lang=EN&company_search=Melcor Developments Ltd&document_selection=0&industry_group=A&FromDate=13&FromMonth=05&FromYear=2000&ToDate=13&ToMonth=11&ToYear=2020&Variable=Issuer,https://www.sedar.com/ModifyCompanyDocumentSearchForm.do?lang=EN&company_search=Melcor Developments Ltd&document_selection=0&industry_group=A&FromDate=13&FromMonth=05&FromYear=2000&ToDate=13&ToMonth=11&ToYear=2020&Variable=Issuer,1620595282,17:21:22,20210509
93,1997-09-30,MRD.TO,CAD,1997-09-30,1997-09-30,Q3,10100000.0,6100000.0,4000000.0,0.39603960396039606,0.0,900000.0,0.0,0.0,1100000.0,7200000.0,0.0,200000.0,3100000.0,0.3069306930693069,2900000.0,0.2871287128712871,200000.0,2700000.0,0.26732673267326734,1200000.0,1500000.0,0.1485148514851485,0.047,0.047,31914894,31914894,https://www.sedar.com/ModifyCompanyDocumentSearchForm.do?lang=EN&company_search=Melcor Developments Ltd&document_selection=0&industry_group=A&FromDate=13&FromMonth=05&FromYear=2000&ToDate=13&ToMonth=11&ToYear=2020&Variable=Issuer,https://www.sedar.com/ModifyCompanyDocumentSearchForm.do?lang=EN&company_search=Melcor Developments Ltd&document_selection=0&industry_group=A&FromDate=13&FromMonth=05&FromYear=2000&ToDate=13&ToMonth=11&ToYear=2020&Variable=Issuer,1620595282,17:21:22,20210509
94,1997-06-30,MRD.TO,CAD,1997-06-30,1997-06-30,Q2,9000000.0,4600000.0,4400000.0,0.4888888888888889,0.0,900000.0,0.0,0.0,1100000.0,5700000.0,400000.0,200000.0,3500000.0,0.3888888888888889,3300000.0,0.36666666666666664,100000.0,3100000.0,0.34444444444444444,1400000.0,1800000.0,0.2,0.051,0.05,35294118,36000000,https://www.sedar.com/ModifyCompanyDocumentSearchForm.do?lang=EN&company_search=Melcor Developments Ltd&document_selection=0&industry_group=A&FromDate=13&FromMonth=05&FromYear=2000&ToDate=13&ToMonth=11&ToYear=2020&Variable=Issuer,https://www.sedar.com/ModifyCompanyDocumentSearchForm.do?lang=EN&company_search=Melcor Developments Ltd&document_selection=0&industry_group=A&FromDate=13&FromMonth=05&FromYear=2000&ToDate=13&ToMonth=11&ToYear=2020&Variable=Issuer,1620595282,17:21:22,20210509
95,1997-03-31,MRD.TO,CAD,1997-03-31,1997-03-31,Q1,6000000.0,3600000.0,2400000.0,0.4,0.0,800000.0,0.0,0.0,900000.0,4500000.0,400000.0,100000.0,1600000.0,0.26666666666666666,1500000.0,0.25,100000.0,1100000.0,0.18333333333333332,500000.0,600000.0,0.1,0.019,0.019,31578947,31578947,https://www.sedar.com/ModifyCompanyDocumentSearchForm.do?lang=EN&company_search=Melcor Developments Ltd&document_selection=0&industry_group=A&FromDate=13&FromMonth=05&FromYear=2000&ToDate=13&ToMonth=11&ToYear=2020&Variable=Issuer,https://www.sedar.com/ModifyCompanyDocumentSearchForm.do?lang=EN&company_search=Melcor Developments Ltd&document_selection=0&industry_group=A&FromDate=13&FromMonth=05&FromYear=2000&ToDate=13&ToMonth=11&ToYear=2020&Variable=Issuer,1620595282,17:21:22,20210509
96,1996-12-31,MRD.TO,CAD,1996-12-31,1996-12-31,Q4,8900000.0,1100000.0,7800000.0,0.8764044943820225,0.0,2900000.0,0.0,0.0,3100000.0,4200000.0,0.0,200000.0,4900000.0,0.550561797752809,4700000.0,0.5280898876404494,100000.0,3300000.0,0.3707865168539326,1300000.0,1900000.0,0.21348314606741572,0.05806537360376843,0.05806537360376843,32721739,32721739,https://www.sedar.com/ModifyCompanyDocumentSearchForm.do?lang=EN&company_search=Melcor Developments Ltd&document_selection=0&industry_group=A&FromDate=13&FromMonth=05&FromYear=2000&ToDate=13&ToMonth=11&ToYear=2020&Variable=Issuer,https://www.sedar.com/ModifyCompanyDocumentSearchForm.do?lang=EN&company_search=Melcor Developments Ltd&document_selection=0&industry_group=A&FromDate=13&FromMonth=05&FromYear=2000&ToDate=13&ToMonth=11&ToYear=2020&Variable=Issuer,1620595282,17:21:22,20210509
97,1996-09-30,MRD.TO,CAD,1996-09-30,1996-09-30,Q3,8300000.0,7000000.0,1300000.0,0.1566265060240964,0.0,100000.0,0.0,0.0,300000.0,7300000.0,0.0,200000.0,1200000.0,0.14457831325301204,1000000.0,0.12048192771084337,-100000.0,900000.0,0.10843373493975904,400000.0,500000.0,0.060240963855421686,0.015,0.015,33333333,33333333,https://www.sedar.com/ModifyCompanyDocumentSearchForm.do?lang=EN&company_search=Melcor Developments Ltd&document_selection=0&industry_group=A&FromDate=13&FromMonth=05&FromYear=2000&ToDate=13&ToMonth=11&ToYear=2020&Variable=Issuer,https://www.sedar.com/ModifyCompanyDocumentSearchForm.do?lang=EN&company_search=Melcor Developments Ltd&document_selection=0&industry_group=A&FromDate=13&FromMonth=05&FromYear=2000&ToDate=13&ToMonth=11&ToYear=2020&Variable=Issuer,1620595282,17:21:22,20210509
98,1996-06-30,MRD.TO,CAD,1996-06-30,1996-06-30,Q2,12900000.0,9700000.0,3200000.0,0.24806201550387597,0.0,100000.0,0.0,0.0,300000.0,10000000.0,0.0,200000.0,3100000.0,0.24031007751937986,2900000.0,0.2248062015503876,0.0,2900000.0,0.2248062015503876,1300000.0,1600000.0,0.12403100775193798,0.049,0.049,32653061,32653061,https://www.sedar.com/ModifyCompanyDocumentSearchForm.do?lang=EN&company_search=Melcor Developments Ltd&document_selection=0&industry_group=A&FromDate=13&FromMonth=05&FromYear=2000&ToDate=13&ToMonth=11&ToYear=2020&Variable=Issuer,https://www.sedar.com/ModifyCompanyDocumentSearchForm.do?lang=EN&company_search=Melcor Developments Ltd&document_selection=0&industry_group=A&FromDate=13&FromMonth=05&FromYear=2000&ToDate=13&ToMonth=11&ToYear=2020&Variable=Issuer,1620595282,17:21:22,20210509
99,1996-03-31,MRD.TO,CAD,1996-03-31,1996-03-31,Q1,3900000.0,3600000.0,300000.0,0.07692307692307693,0.0,200000.0,0.0,0.0,300000.0,3900000.0,0.0,100000.0,100000.0,0.02564102564102564,0.0,0.0,0.0,0.0,0.0,100000.0,0.0,0.0,-0.001,-0.001,32040000,32040000,https://www.sedar.com/ModifyCompanyDocumentSearchForm.do?lang=EN&company_search=Melcor Developments Ltd&document_selection=0&industry_group=A&FromDate=13&FromMonth=05&FromYear=2000&ToDate=13&ToMonth=11&ToYear=2020&Variable=Issuer,https://www.sedar.com/ModifyCompanyDocumentSearchForm.do?lang=EN&company_search=Melcor Developments Ltd&document_selection=0&industry_group=A&FromDate=13&FromMonth=05&FromYear=2000&ToDate=13&ToMonth=11&ToYear=2020&Variable=Issuer,1620595282,17:21:22,20210509
100,1995-12-31,MRD.TO,CAD,1995-12-31,1995-12-31,Q4,10800000.0,3700000.0,7100000.0,0.6574074074074074,0.0,4000000.0,0.0,0.0,4200000.0,7900000.0,0.0,200000.0,3100000.0,0.28703703703703703,2900000.0,0.26851851851851855,-900000.0,2000000.0,0.18518518518518517,1000000.0,1000000.0,0.09259259259259259,0.030560722949351804,0.030560722949351804,32721739,32721739,https://www.sedar.com/ModifyCompanyDocumentSearchForm.do?lang=EN&company_search=Melcor Developments Ltd&document_selection=0&industry_group=A&FromDate=13&FromMonth=05&FromYear=2000&ToDate=13&ToMonth=11&ToYear=2020&Variable=Issuer,https://www.sedar.com/ModifyCompanyDocumentSearchForm.do?lang=EN&company_search=Melcor Developments Ltd&document_selection=0&industry_group=A&FromDate=13&FromMonth=05&FromYear=2000&ToDate=13&ToMonth=11&ToYear=2020&Variable=Issuer,1620595282,17:21:22,20210509
101,1995-09-30,MRD.TO,CAD,1995-09-30,1995-09-30,Q3,6500000.0,4900000.0,1600000.0,0.24615384615384617,0.0,200000.0,0.0,0.0,400000.0,5300000.0,0.0,200000.0,1400000.0,0.2153846153846154,1200000.0,0.18461538461538463,0.0,1200000.0,0.18461538461538463,500000.0,700000.0,0.1076923076923077,0.022,0.021,31818182,33333333,https://www.sedar.com/ModifyCompanyDocumentSearchForm.do?lang=EN&company_search=Melcor Developments Ltd&document_selection=0&industry_group=A&FromDate=13&FromMonth=05&FromYear=2000&ToDate=13&ToMonth=11&ToYear=2020&Variable=Issuer,https://www.sedar.com/ModifyCompanyDocumentSearchForm.do?lang=EN&company_search=Melcor Developments Ltd&document_selection=0&industry_group=A&FromDate=13&FromMonth=05&FromYear=2000&ToDate=13&ToMonth=11&ToYear=2020&Variable=Issuer,1620595282,17:21:22,20210509
102,1995-06-30,MRD.TO,CAD,1995-06-30,1995-06-30,Q2,6400000.0,5500000.0,900000.0,0.140625,0.0,200000.0,0.0,0.0,400000.0,5900000.0,0.0,200000.0,700000.0,0.109375,500000.0,0.078125,200000.0,700000.0,0.109375,300000.0,400000.0,0.0625,0.011,0.011,36363636,36363636,https://www.sedar.com/ModifyCompanyDocumentSearchForm.do?lang=EN&company_search=Melcor Developments Ltd&document_selection=0&industry_group=A&FromDate=13&FromMonth=05&FromYear=2000&ToDate=13&ToMonth=11&ToYear=2020&Variable=Issuer,https://www.sedar.com/ModifyCompanyDocumentSearchForm.do?lang=EN&company_search=Melcor Developments Ltd&document_selection=0&industry_group=A&FromDate=13&FromMonth=05&FromYear=2000&ToDate=13&ToMonth=11&ToYear=2020&Variable=Issuer,1620595282,17:21:22,20210509
103,1995-03-31,MRD.TO,CAD,1995-03-31,1995-03-31,Q1,5600000.0,4600000.0,1000000.0,0.17857142857142858,0.0,200000.0,0.0,0.0,300000.0,4900000.0,0.0,100000.0,800000.0,0.14285714285714285,700000.0,0.125,100000.0,800000.0,0.14285714285714285,400000.0,400000.0,0.07142857142857142,0.012,0.012,33333333,33333333,https://www.sedar.com/ModifyCompanyDocumentSearchForm.do?lang=EN&company_search=Melcor Developments Ltd&document_selection=0&industry_group=A&FromDate=13&FromMonth=05&FromYear=2000&ToDate=13&ToMonth=11&ToYear=2020&Variable=Issuer,https://www.sedar.com/ModifyCompanyDocumentSearchForm.do?lang=EN&company_search=Melcor Developments Ltd&document_selection=0&industry_group=A&FromDate=13&FromMonth=05&FromYear=2000&ToDate=13&ToMonth=11&ToYear=2020&Variable=Issuer,1620595282,17:21:22,20210509
104,1994-12-31,MRD.TO,CAD,1994-12-31,1994-12-31,Q4,21100000.0,9300000.0,11800000.0,0.5592417061611374,0.0,4400000.0,0.0,0.0,4600000.0,13900000.0,1600000.0,200000.0,7400000.0,0.35071090047393366,7200000.0,0.3412322274881517,2700000.0,8300000.0,0.3933649289099526,3400000.0,4900000.0,0.23222748815165878,0.14974754245182384,0.14974754245182384,32721739,32721739,https://www.sedar.com/ModifyCompanyDocumentSearchForm.do?lang=EN&company_search=Melcor Developments Ltd&document_selection=0&industry_group=A&FromDate=13&FromMonth=05&FromYear=2000&ToDate=13&ToMonth=11&ToYear=2020&Variable=Issuer,https://www.sedar.com/ModifyCompanyDocumentSearchForm.do?lang=EN&company_search=Melcor Developments Ltd&document_selection=0&industry_group=A&FromDate=13&FromMonth=05&FromYear=2000&ToDate=13&ToMonth=11&ToYear=2020&Variable=Issuer,1620595282,17:21:22,20210509
105,1994-09-30,MRD.TO,CAD,1994-09-30,1994-09-30,Q3,7600000.0,6400000.0,1200000.0,0.15789473684210525,0.0,100000.0,0.0,0.0,300000.0,6700000.0,0.0,100000.0,1000000.0,0.13157894736842105,900000.0,0.11842105263157894,0.0,900000.0,0.11842105263157894,400000.0,500000.0,0.06578947368421052,0.016,0.015,31250000,33333333,https://www.sedar.com/ModifyCompanyDocumentSearchForm.do?lang=EN&company_search=Melcor Developments Ltd&document_selection=0&industry_group=A&FromDate=13&FromMonth=05&FromYear=2000&ToDate=13&ToMonth=11&ToYear=2020&Variable=Issuer,https://www.sedar.com/ModifyCompanyDocumentSearchForm.do?lang=EN&company_search=Melcor Developments Ltd&document_selection=0&industry_group=A&FromDate=13&FromMonth=05&FromYear=2000&ToDate=13&ToMonth=11&ToYear=2020&Variable=Issuer,1620595282,17:21:22,20210509
106,1994-06-30,MRD.TO,CAD,1994-06-30,1994-06-30,Q2,9500000.0,7800000.0,1700000.0,0.17894736842105263,0.0,200000.0,0.0,0.0,400000.0,8200000.0,0.0,200000.0,1500000.0,0.15789473684210525,1300000.0,0.1368421052631579,0.0,1300000.0,0.1368421052631579,600000.0,700000.0,0.07368421052631578,0.022,0.022,31818182,31818182,https://www.sedar.com/ModifyCompanyDocumentSearchForm.do?lang=EN&company_search=Melcor Developments Ltd&document_selection=0&industry_group=A&FromDate=13&FromMonth=05&FromYear=2000&ToDate=13&ToMonth=11&ToYear=2020&Variable=Issuer,https://www.sedar.com/ModifyCompanyDocumentSearchForm.do?lang=EN&company_search=Melcor Developments Ltd&document_selection=0&industry_group=A&FromDate=13&FromMonth=05&FromYear=2000&ToDate=13&ToMonth=11&ToYear=2020&Variable=Issuer,1620595282,17:21:22,20210509
107,1994-03-31,MRD.TO,CAD,1994-03-31,1994-03-31,Q1,6100000.0,5300000.0,800000.0,0.13114754098360656,0.0,200000.0,0.0,0.0,400000.0,5700000.0,100000.0,200000.0,600000.0,0.09836065573770492,400000.0,0.06557377049180328,100000.0,400000.0,0.06557377049180328,200000.0,200000.0,0.03278688524590164,0.005,0.005,40000000,40000000,https://www.sedar.com/ModifyCompanyDocumentSearchForm.do?lang=EN&company_search=Melcor Developments Ltd&document_selection=0&industry_group=A&FromDate=13&FromMonth=05&FromYear=2000&ToDate=13&ToMonth=11&ToYear=2020&Variable=Issuer,https://www.sedar.com/ModifyCompanyDocumentSearchForm.do?lang=EN&company_search=Melcor Developments Ltd&document_selection=0&industry_group=A&FromDate=13&FromMonth=05&FromYear=2000&ToDate=13&ToMonth=11&ToYear=2020&Variable=Issuer,1620595282,17:21:22,20210509
108,1993-12-31,MRD.TO,CAD,1993-12-31,1993-12-31,Q4,14100000.0,4100000.0,10000000.0,0.7092198581560284,0.0,4100000.0,0.0,0.0,4200000.0,8300000.0,1800000.0,100000.0,5900000.0,0.41843971631205673,5800000.0,0.41134751773049644,600000.0,4600000.0,0.3262411347517731,2000000.0,2600000.0,0.18439716312056736,0.07945787966831469,0.07945787966831469,32721739,32721739,https://www.sedar.com/ModifyCompanyDocumentSearchForm.do?lang=EN&company_search=Melcor Developments Ltd&document_selection=0&industry_group=A&FromDate=13&FromMonth=05&FromYear=2000&ToDate=13&ToMonth=11&ToYear=2020&Variable=Issuer,https://www.sedar.com/ModifyCompanyDocumentSearchForm.do?lang=EN&company_search=Melcor Developments Ltd&document_selection=0&industry_group=A&FromDate=13&FromMonth=05&FromYear=2000&ToDate=13&ToMonth=11&ToYear=2020&Variable=Issuer,1620595282,17:21:22,20210509
109,1993-09-30,MRD.TO,CAD,1993-09-30,1993-09-30,Q3,9100000.0,7100000.0,2000000.0,0.21978021978021978,0.0,200000.0,0.0,0.0,400000.0,7500000.0,100000.0,200000.0,1800000.0,0.1978021978021978,1600000.0,0.17582417582417584,0.0,1500000.0,0.16483516483516483,700000.0,800000.0,0.08791208791208792,0.026,0.025,30769231,32000000,https://www.sedar.com/ModifyCompanyDocumentSearchForm.do?lang=EN&company_search=Melcor Developments Ltd&document_selection=0&industry_group=A&FromDate=13&FromMonth=05&FromYear=2000&ToDate=13&ToMonth=11&ToYear=2020&Variable=Issuer,https://www.sedar.com/ModifyCompanyDocumentSearchForm.do?lang=EN&company_search=Melcor Developments Ltd&document_selection=0&industry_group=A&FromDate=13&FromMonth=05&FromYear=2000&ToDate=13&ToMonth=11&ToYear=2020&Variable=Issuer,1620595282,17:21:22,20210509
110,1993-06-30,MRD.TO,CAD,1993-06-30,1993-06-30,Q2,11000000.0,8600000.0,2400000.0,0.21818181818181817,0.0,400000.0,0.0,0.0,600000.0,9200000.0,100000.0,200000.0,2000000.0,0.18181818181818182,1800000.0,0.16363636363636364,0.0,1700000.0,0.15454545454545454,800000.0,900000.0,0.08181818181818182,0.029,0.028,31034483,32142857,https://www.sedar.com/ModifyCompanyDocumentSearchForm.do?lang=EN&company_search=Melcor Developments Ltd&document_selection=0&industry_group=A&FromDate=13&FromMonth=05&FromYear=2000&ToDate=13&ToMonth=11&ToYear=2020&Variable=Issuer,https://www.sedar.com/ModifyCompanyDocumentSearchForm.do?lang=EN&company_search=Melcor Developments Ltd&document_selection=0&industry_group=A&FromDate=13&FromMonth=05&FromYear=2000&ToDate=13&ToMonth=11&ToYear=2020&Variable=Issuer,1620595282,17:21:22,20210509
111,1993-03-31,MRD.TO,CAD,1993-03-31,1993-03-31,Q1,7300000.0,6400000.0,900000.0,0.1232876712328767,0.0,200000.0,0.0,0.0,400000.0,6800000.0,100000.0,200000.0,700000.0,0.0958904109589041,500000.0,0.0684931506849315,0.0,400000.0,0.0547945205479452,200000.0,200000.0,0.0273972602739726,0.006,0.005,33333333,33333333,https://www.sedar.com/ModifyCompanyDocumentSearchForm.do?lang=EN&company_search=Melcor Developments Ltd&document_selection=0&industry_group=A&FromDate=13&FromMonth=05&FromYear=2000&ToDate=13&ToMonth=11&ToYear=2020&Variable=Issuer,https://www.sedar.com/ModifyCompanyDocumentSearchForm.do?lang=EN&company_search=Melcor Developments Ltd&document_selection=0&industry_group=A&FromDate=13&FromMonth=05&FromYear=2000&ToDate=13&ToMonth=11&ToYear=2020&Variable=Issuer,1620595282,17:21:22,20210509
