,date,symbol,reportedCurrency,fillingDate,acceptedDate,period,revenue,costOfRevenue,grossProfit,grossProfitRatio,researchAndDevelopmentExpenses,generalAndAdministrativeExpenses,sellingAndMarketingExpenses,otherExpenses,operatingExpenses,costAndExpenses,interestExpense,depreciationAndAmortization,ebitda,ebitdaratio,operatingIncome,operatingIncomeRatio,totalOtherIncomeExpensesNet,incomeBeforeTax,incomeBeforeTaxRatio,incomeTaxExpense,netIncome,netIncomeRatio,eps,epsdiluted,weightedAverageShsOut,weightedAverageShsOutDil,link,finalLink,timestamp,est_time,est_date
0,2016-03-31,GBIM,USD,2016-05-12 00:00:00,2016-05-11 18:16:10,Q1,942750.0,0.0,0.0,0.0,852622.0,933251.0,0.0,0.0,1804958.0,1804958.0,0.0,19085.0,-843123.0,-0.8943229912490056,-862208.0,-0.914566958366481,0.0,-862208.0,-0.914566958366481,0.0,-862208.0,-0.914566958366481,-0.15,-0.15,5751574.0,5751574.0,https://www.sec.gov/Archives/edgar/data/1245104/000156459016019134/0001564590-16-019134-index.html,https://www.sec.gov/Archives/edgar/data/1245104/000156459016019134/gbim-10q_20160331.htm,1620592407,16:33:27,20210509
1,2015-12-31,GBIM,USD,2016-03-16 00:00:00,2016-03-15 18:01:51,Q4,1047914.0,0.0,1047914.0,1.0,674151.0,1149242.0,0.0,0.0,1842946.0,1842946.0,0.0,19553.0,-775479.0,-0.7400216048263503,-795032.0,-0.7586805787497829,0.0,-795032.0,-0.7586805787497829,0.0,-795032.0,-0.7586805787497829,-0.1382285962068818,-0.1382285962068818,5751574.0,5751574.0,https://www.sec.gov/Archives/edgar/data/1245104/000156459016014874/0001564590-16-014874-index.html,https://www.sec.gov/Archives/edgar/data/1245104/000156459016014874/gbim-10k_20151231.htm,1620592407,16:33:27,20210509
2,2015-09-30,GBIM,USD,2015-11-13 00:00:00,2015-11-12 18:06:40,Q3,2944947.0,0.0,2944947.0,1.0,1000408.0,1030404.0,0.0,0.0,2051345.0,2051345.0,0.0,20533.0,914135.0,0.3104079631993377,893602.0,0.30343568152499856,0.0,893602.0,0.30343568152499856,0.0,893602.0,0.30343568152499856,0.16,0.13,5751574.0,6946413.0,https://www.sec.gov/Archives/edgar/data/1245104/000156459015010642/0001564590-15-010642-index.html,https://www.sec.gov/Archives/edgar/data/1245104/000156459015010642/gbim-10q_20150930.htm,1620592407,16:33:27,20210509
3,2015-06-30,GBIM,USD,2015-08-14 00:00:00,2015-08-13 18:01:24,Q2,1277047.0,0.0,1277047.0,1.0,1332703.0,1181072.0,0.0,0.0,2581994.0,2581994.0,0.0,68219.0,-1236728.0,-0.9684279435290949,-1304947.0,-1.0218472773515774,0.0,-1304947.0,-1.0218472773515774,0.0,-1304947.0,-1.0218472773515774,-0.23,-0.23,5751574.0,5751574.0,https://www.sec.gov/Archives/edgar/data/1245104/000156459015007298/0001564590-15-007298-index.html,https://www.sec.gov/Archives/edgar/data/1245104/000156459015007298/gbim-10q_20150630.htm,1620592407,16:33:27,20210509
4,2015-03-31,GBIM,USD,2015-05-14 00:00:00,2015-05-13 18:23:51,Q1,1187825.0,0.0,1187825.0,1.0,1475876.0,1193447.0,0.0,0.0,2748353.0,2748353.0,0.0,79030.0,-1481498.0,-1.2472359143813272,-1560528.0,-1.3137692841959043,0.0,-1560528.0,-1.3137692841959043,0.0,-1560528.0,-1.3137692841959043,-0.27,-0.27,5751574.0,5751574.0,https://www.sec.gov/Archives/edgar/data/1245104/000156459015004214/0001564590-15-004214-index.html,https://www.sec.gov/Archives/edgar/data/1245104/000156459015004214/gbim-10q_20150331.htm,1620592407,16:33:27,20210509
5,2014-12-31,GBIM,USD,2015-03-17,2015-03-16 19:20:41,Q4,1510679.0,0.0,1510679.0,1.0,1775022.0,1399849.0,0.0,0.0,3252169.0,3252169.0,0.0,77298.0,-1664192.0,-1.101618543714449,-1741490.0,-1.1527862636602482,0.0,-1741490.0,-1.1527862636602482,0.0,-1741490.0,-1.1527862636602482,-0.3095356547485424,-0.3095356547485424,5626137.0,5626137.0,https://www.sec.gov/Archives/edgar/data/1245104/000156459015001755/0001564590-15-001755-index.htm,https://www.sec.gov/Archives/edgar/data/1245104/000156459015001755/gbim-10k_20141231.htm,1620592407,16:33:27,20210509
6,2014-09-30,GBIM,USD,2014-11-12 00:00:00,2014-11-12 08:58:42,Q3,1306338.0,0.0,1306338.0,1.0,1759408.0,1006744.0,0.0,0.0,2842738.0,2842738.0,176809.0,76586.0,-1459814.0,-1.1174856736924135,-1536400.0,-1.176112154740963,-4647700.0,-6360909.0,-4.869267371844041,0.0,-6360909.0,-4.869267371844041,-1.18,-1.18,5626137.0,5626137.0,https://www.sec.gov/Archives/edgar/data/1245104/000156459014005485/0001564590-14-005485-index.html,https://www.sec.gov/Archives/edgar/data/1245104/000156459014005485/gbim-10q_20140930.htm,1620592407,16:33:27,20210509
7,2014-06-30,GBIM,USD,2014-08-15 00:00:00,2014-08-14 20:40:23,Q2,1731018.0,0.0,1731018.0,1.0,2140207.0,855693.0,0.0,0.0,3067315.0,3067315.0,2227167.0,71415.0,-1264882.0,-0.7307156829102874,-1336297.0,-0.7719717530378079,-2150491.0,-5713955.0,-3.300921769733186,0.0,-5713955.0,-3.300921769733186,-93.32,-93.32,98067.0,98067.0,https://www.sec.gov/Archives/edgar/data/1245104/000156459014003821/0001564590-14-003821-index.html,https://www.sec.gov/Archives/edgar/data/1245104/000156459014003821/gbim-10q_20140630.htm,1620592407,16:33:27,20210509
