,date,symbol,reportedCurrency,fillingDate,acceptedDate,period,revenue,costOfRevenue,grossProfit,grossProfitRatio,researchAndDevelopmentExpenses,generalAndAdministrativeExpenses,sellingAndMarketingExpenses,otherExpenses,operatingExpenses,costAndExpenses,interestExpense,depreciationAndAmortization,ebitda,ebitdaratio,operatingIncome,operatingIncomeRatio,totalOtherIncomeExpensesNet,incomeBeforeTax,incomeBeforeTaxRatio,incomeTaxExpense,netIncome,netIncomeRatio,eps,epsdiluted,weightedAverageShsOut,weightedAverageShsOutDil,link,finalLink,timestamp,est_time,est_date
0,2019-06-30,HMU.DE,EUR,2019-06-30,2019-06-30,Q2,53855626.15,51625450.475,2230175.675,0.04141026359601614,0.0,0.0,0.0,0.0,1171910.385,53328699.4125,268460.59,18500.0,545426.7375,0.010127572112537774,526926.7375,0.009784061112434028,0.0,369578.7425,0.006862398024500547,241229.7125,154118.5675,0.0028616985544044223,0.03482375,0.03482375,4425684.0,4425684.0,https://www.bundesanzeiger.de/pub/de/suche;wwwsid=627BFD7A56A5CB624C47FDDEAB2FC509.web07-pub?0,https://www.bundesanzeiger.de/pub/de/suche;wwwsid=627BFD7A56A5CB624C47FDDEAB2FC509.web07-pub?0,1620593154,16:45:54,20210509
1,2019-03-31,HMU.DE,EUR,2019-03-31,2019-03-31,Q1,53855626.15,51625450.475,2230175.675,0.04141026359601614,0.0,0.0,0.0,0.0,1171910.385,53328699.4125,268460.59,18500.0,545426.7375,0.010127572112537774,526926.7375,0.009784061112434028,0.0,369578.7425,0.006862398024500547,241229.7125,154118.5675,0.0028616985544044223,0.03482375,0.03482375,4425684.0,4425684.0,https://www.bundesanzeiger.de/pub/de/suche;wwwsid=627BFD7A56A5CB624C47FDDEAB2FC509.web07-pub?0,https://www.bundesanzeiger.de/pub/de/suche;wwwsid=627BFD7A56A5CB624C47FDDEAB2FC509.web07-pub?0,1620593154,16:45:54,20210509
2,2019-01-31,HMU.DE,EUR,2019-01-31,2019-01-31,Q1,53855626.15,51625450.475,2230175.675,0.04141026359601614,0.0,0.0,0.0,0.0,1171910.385,53328699.4125,268460.59,18500.0,545426.7375,0.010127572112537774,526926.7375,0.009784061112434028,0.0,369578.7425,0.006862398024500547,241229.7125,154118.5675,0.0028616985544044223,0.03482375,0.03482375,4425684.0,4425684.0,https://www.bundesanzeiger.de/pub/de/suche;wwwsid=627BFD7A56A5CB624C47FDDEAB2FC509.web07-pub?0,https://www.bundesanzeiger.de/pub/de/suche;wwwsid=627BFD7A56A5CB624C47FDDEAB2FC509.web07-pub?0,1620593154,16:45:54,20210509
3,2018-06-30,HMU.DE,EUR,2018-06-30,2018-06-30,Q2,63550920.78,61750774.5025,1800146.2775,0.028326045561664324,0.0,0.0,0.0,0.0,1033011.47,63024145.515,282459.925,23250.0,550025.265,0.008654874835001564,526775.265,0.008289026477265149,0.0,327258.4475,0.0051495469063760745,-35973.685,362176.83,0.005699002084545407,0.08183525,0.08183525,4425684.0,4425684.0,https://www.bundesanzeiger.de/pub/de/suche;wwwsid=627BFD7A56A5CB624C47FDDEAB2FC509.web07-pub?0,https://www.bundesanzeiger.de/pub/de/suche;wwwsid=627BFD7A56A5CB624C47FDDEAB2FC509.web07-pub?0,1620593154,16:45:54,20210509
4,2018-03-31,HMU.DE,EUR,2018-03-31,2018-03-31,Q1,63550920.78,61750774.5025,1800146.2775,0.028326045561664324,0.0,0.0,0.0,0.0,1033011.47,63024145.515,282459.925,23250.0,550025.265,0.008654874835001564,526775.265,0.008289026477265149,0.0,327258.4475,0.0051495469063760745,-35973.685,362176.83,0.005699002084545407,0.08183525,0.08183525,4425684.0,4425684.0,https://www.bundesanzeiger.de/pub/de/suche;wwwsid=627BFD7A56A5CB624C47FDDEAB2FC509.web07-pub?0,https://www.bundesanzeiger.de/pub/de/suche;wwwsid=627BFD7A56A5CB624C47FDDEAB2FC509.web07-pub?0,1620593154,16:45:54,20210509
5,2018-01-31,HMU.DE,EUR,2018-01-31,2018-01-31,Q1,63550920.78,61750774.5025,1800146.2775,0.028326045561664324,0.0,0.0,0.0,0.0,1033011.47,63024145.515,282459.925,23250.0,550025.265,0.008654874835001564,526775.265,0.008289026477265149,0.0,327258.4475,0.0051495469063760745,-35973.685,362176.83,0.005699002084545407,0.08183525,0.08183525,4425684.0,4425684.0,https://www.bundesanzeiger.de/pub/de/suche;wwwsid=627BFD7A56A5CB624C47FDDEAB2FC509.web07-pub?0,https://www.bundesanzeiger.de/pub/de/suche;wwwsid=627BFD7A56A5CB624C47FDDEAB2FC509.web07-pub?0,1620593154,16:45:54,20210509
6,2017-06-30,HMU.DE,EUR,2017-06-30,2017-06-30,Q2,55242743.035,53416225.6125,1826517.4225,0.03306348168378928,0.0,0.0,0.0,0.0,1110855.0975,54852801.3925,279850.505,453750.0,843691.6425000001,0.015272442969847906,389941.6425,0.007058694428930615,0.0,-171690.315,-0.0031079252326630964,-351604.285,179913.9675,0.0032567891747521008,0.04274775,0.04274775,4208746.0,4208746.0,https://www.bundesanzeiger.de/pub/de/suche;wwwsid=627BFD7A56A5CB624C47FDDEAB2FC509.web07-pub?0,https://www.bundesanzeiger.de/pub/de/suche;wwwsid=627BFD7A56A5CB624C47FDDEAB2FC509.web07-pub?0,1620593154,16:45:54,20210509
7,2017-03-31,HMU.DE,EUR,2017-03-31,2017-03-31,Q1,55242743.035,53416225.6125,1826517.4225,0.03306348168378928,0.0,0.0,0.0,0.0,1110855.0975,54852801.3925,279850.505,453750.0,843691.6425000001,0.015272442969847906,389941.6425,0.007058694428930615,0.0,-171690.315,-0.0031079252326630964,-351604.285,179913.9675,0.0032567891747521008,0.04274775,0.04274775,4208746.0,4208746.0,https://www.bundesanzeiger.de/pub/de/suche;wwwsid=627BFD7A56A5CB624C47FDDEAB2FC509.web07-pub?0,https://www.bundesanzeiger.de/pub/de/suche;wwwsid=627BFD7A56A5CB624C47FDDEAB2FC509.web07-pub?0,1620593154,16:45:54,20210509
8,2017-01-31,HMU.DE,EUR,2017-01-31,2017-01-31,Q1,55242743.035,53416225.6125,1826517.4225,0.03306348168378928,0.0,0.0,0.0,0.0,1110855.0975,54852801.3925,279850.505,453750.0,843691.6425000001,0.015272442969847906,389941.6425,0.007058694428930615,0.0,-171690.315,-0.0031079252326630964,-351604.285,179913.9675,0.0032567891747521008,0.04274775,0.04274775,4208746.0,4208746.0,https://www.bundesanzeiger.de/pub/de/suche;wwwsid=627BFD7A56A5CB624C47FDDEAB2FC509.web07-pub?0,https://www.bundesanzeiger.de/pub/de/suche;wwwsid=627BFD7A56A5CB624C47FDDEAB2FC509.web07-pub?0,1620593154,16:45:54,20210509
9,2016-06-30,HMU.DE,EUR,2016-06-30,2016-06-30,Q2,44504461.52,42820171.8725,1684289.6475,0.037845411223391426,0.0,93000.0,0.0,0.0,749400.6625,44126428.475,299172.24,36000.0,414033.045,0.009303180644348125,378033.045,0.008494272980476676,0.0,144317.5225,0.0032427652772552855,77003.4775,67314.045,0.0015125235246302108,0.01600625,0.01600625,4205496.0,4205496.0,https://www.bundesanzeiger.de/pub/de/suche;wwwsid=627BFD7A56A5CB624C47FDDEAB2FC509.web07-pub?0,https://www.bundesanzeiger.de/pub/de/suche;wwwsid=627BFD7A56A5CB624C47FDDEAB2FC509.web07-pub?0,1620593154,16:45:54,20210509
10,2016-03-31,HMU.DE,EUR,2016-03-31,2016-03-31,Q1,44504461.52,42820171.8725,1684289.6475,0.037845411223391426,0.0,93000.0,0.0,0.0,749400.6625,44126428.475,299172.24,36000.0,414033.045,0.009303180644348125,378033.045,0.008494272980476676,0.0,144317.5225,0.0032427652772552855,77003.4775,67314.045,0.0015125235246302108,0.01600625,0.01600625,4205496.0,4205496.0,https://www.bundesanzeiger.de/pub/de/suche;wwwsid=627BFD7A56A5CB624C47FDDEAB2FC509.web07-pub?0,https://www.bundesanzeiger.de/pub/de/suche;wwwsid=627BFD7A56A5CB624C47FDDEAB2FC509.web07-pub?0,1620593154,16:45:54,20210509
11,2016-01-31,HMU.DE,EUR,2016-01-31,2016-01-31,Q1,44504461.52,42820171.8725,1684289.6475,0.037845411223391426,0.0,93000.0,0.0,0.0,749400.6625,44126428.475,299172.24,36000.0,414033.045,0.009303180644348125,378033.045,0.008494272980476676,0.0,144317.5225,0.0032427652772552855,77003.4775,67314.045,0.0015125235246302108,0.01600625,0.01600625,4205496.0,4205496.0,https://www.bundesanzeiger.de/pub/de/suche;wwwsid=627BFD7A56A5CB624C47FDDEAB2FC509.web07-pub?0,https://www.bundesanzeiger.de/pub/de/suche;wwwsid=627BFD7A56A5CB624C47FDDEAB2FC509.web07-pub?0,1620593154,16:45:54,20210509
12,2015-09-30,HMU.DE,EUR,2015-09-30,2015-09-30,Q3,27994815.81,27555372.265,439443.545,0.015697318674374947,0.0,0.0,0.0,0.0,677731.405,27438664.085,261837.04,30000.0,586151.725,0.02093786681713481,556151.725,0.0198662398343531,0.0,131097.0025,0.004682902841360042,86438.2025,44658.8,0.001595252503288394,0.01063025,0.01063025,4201096.0,4201096.0,https://www.bundesanzeiger.de/pub/de/suche;wwwsid=627BFD7A56A5CB624C47FDDEAB2FC509.web07-pub?0,https://www.bundesanzeiger.de/pub/de/suche;wwwsid=627BFD7A56A5CB624C47FDDEAB2FC509.web07-pub?0,1620593154,16:45:54,20210509
13,2015-06-30,HMU.DE,EUR,2015-06-30,2015-06-30,Q2,27994815.81,27555372.265,439443.545,0.015697318674374947,0.0,0.0,0.0,0.0,677731.405,27438664.085,261837.04,30000.0,586151.725,0.02093786681713481,556151.725,0.0198662398343531,0.0,131097.0025,0.004682902841360042,86438.2025,44658.8,0.001595252503288394,0.01063025,0.01063025,4201096.0,4201096.0,https://www.bundesanzeiger.de/pub/de/suche;wwwsid=627BFD7A56A5CB624C47FDDEAB2FC509.web07-pub?0,https://www.bundesanzeiger.de/pub/de/suche;wwwsid=627BFD7A56A5CB624C47FDDEAB2FC509.web07-pub?0,1620593154,16:45:54,20210509
14,2015-03-31,HMU.DE,EUR,2015-03-31,2015-03-31,Q1,27994815.81,27555372.265,439443.545,0.015697318674374947,0.0,0.0,0.0,0.0,677731.405,27438664.085,261837.04,30000.0,586151.725,0.02093786681713481,556151.725,0.0198662398343531,0.0,131097.0025,0.004682902841360042,86438.2025,44658.8,0.001595252503288394,0.01063025,0.01063025,4201096.0,4201096.0,https://www.bundesanzeiger.de/pub/de/suche;wwwsid=627BFD7A56A5CB624C47FDDEAB2FC509.web07-pub?0,https://www.bundesanzeiger.de/pub/de/suche;wwwsid=627BFD7A56A5CB624C47FDDEAB2FC509.web07-pub?0,1620593154,16:45:54,20210509
15,2015-01-31,HMU.DE,EUR,2015-01-31,2015-01-31,Q1,27994815.81,27555372.265,439443.545,0.015697318674374947,0.0,0.0,0.0,0.0,677731.405,27438664.085,261837.04,30000.0,586151.725,0.02093786681713481,556151.725,0.0198662398343531,0.0,131097.0025,0.004682902841360042,86438.2025,44658.8,0.001595252503288394,0.01063025,0.01063025,4201096.0,4201096.0,https://www.bundesanzeiger.de/pub/de/suche;wwwsid=627BFD7A56A5CB624C47FDDEAB2FC509.web07-pub?0,https://www.bundesanzeiger.de/pub/de/suche;wwwsid=627BFD7A56A5CB624C47FDDEAB2FC509.web07-pub?0,1620593154,16:45:54,20210509
16,2014-09-30,HMU.DE,EUR,2014-09-30,2014-09-30,Q3,32058663.94,30659525.1275,1399138.8125,0.04364307929733394,0.0,113500.0,0.0,0.0,433196.9225,31793203.4275,175649.9375,30750.0,296210.5125,0.009239639962987179,265460.5125,0.008280460876249479,0.0,137582.405,0.004291582620457763,-14716.155,226034.41,0.0070506497221168975,0.05484025,0.05484025,4121693.0,4121693.0,https://www.bundesanzeiger.de/pub/de/suche;wwwsid=627BFD7A56A5CB624C47FDDEAB2FC509.web07-pub?0,https://www.bundesanzeiger.de/pub/de/suche;wwwsid=627BFD7A56A5CB624C47FDDEAB2FC509.web07-pub?0,1620593154,16:45:54,20210509
17,2014-06-30,HMU.DE,EUR,2014-06-30,2014-06-30,Q2,32058663.94,30659525.1275,1399138.8125,0.04364307929733394,0.0,113500.0,0.0,0.0,433196.9225,31793203.4275,175649.9375,30750.0,296210.5125,0.009239639962987179,265460.5125,0.008280460876249479,0.0,137582.405,0.004291582620457763,-14716.155,226034.41,0.0070506497221168975,0.05484025,0.05484025,4121693.0,4121693.0,https://www.bundesanzeiger.de/pub/de/suche;wwwsid=627BFD7A56A5CB624C47FDDEAB2FC509.web07-pub?0,https://www.bundesanzeiger.de/pub/de/suche;wwwsid=627BFD7A56A5CB624C47FDDEAB2FC509.web07-pub?0,1620593154,16:45:54,20210509
18,2014-03-31,HMU.DE,EUR,2014-03-31,2014-03-31,Q1,32058663.94,30659525.1275,1399138.8125,0.04364307929733394,0.0,113500.0,0.0,0.0,433196.9225,31793203.4275,175649.9375,30750.0,296210.5125,0.009239639962987179,265460.5125,0.008280460876249479,0.0,137582.405,0.004291582620457763,-14716.155,226034.41,0.0070506497221168975,0.05484025,0.05484025,4121693.0,4121693.0,https://www.bundesanzeiger.de/pub/de/suche;wwwsid=627BFD7A56A5CB624C47FDDEAB2FC509.web07-pub?0,https://www.bundesanzeiger.de/pub/de/suche;wwwsid=627BFD7A56A5CB624C47FDDEAB2FC509.web07-pub?0,1620593154,16:45:54,20210509
19,2014-01-31,HMU.DE,EUR,2014-01-31,2014-01-31,Q1,32058663.94,30659525.1275,1399138.8125,0.04364307929733394,0.0,113500.0,0.0,0.0,433196.9225,31793203.4275,175649.9375,30750.0,296210.5125,0.009239639962987179,265460.5125,0.008280460876249479,0.0,137582.405,0.004291582620457763,-14716.155,226034.41,0.0070506497221168975,0.05484025,0.05484025,4121693.0,4121693.0,https://www.bundesanzeiger.de/pub/de/suche;wwwsid=627BFD7A56A5CB624C47FDDEAB2FC509.web07-pub?0,https://www.bundesanzeiger.de/pub/de/suche;wwwsid=627BFD7A56A5CB624C47FDDEAB2FC509.web07-pub?0,1620593154,16:45:54,20210509
20,2013-09-30,HMU.DE,EUR,2013-09-30,2013-09-30,Q3,29570688.705,29031635.4275,539053.2775,0.018229310885439522,0.0,187000.0,0.0,0.0,873345.905,30631884.675,188949.5775,315750.0,-745445.97,-0.02520894854484587,-1061195.97,-0.0358867519315019,0.0,-1265152.195,-0.0427839949086502,3415.1875,-1250190.3125,-0.04227802487023611,-0.3033195,-0.3033195,4121693.0,4121693.0,https://www.bundesanzeiger.de/pub/de/suche;wwwsid=627BFD7A56A5CB624C47FDDEAB2FC509.web07-pub?0,https://www.bundesanzeiger.de/pub/de/suche;wwwsid=627BFD7A56A5CB624C47FDDEAB2FC509.web07-pub?0,1620593154,16:45:54,20210509
21,2013-06-30,HMU.DE,EUR,2013-06-30,2013-06-30,Q2,29570688.705,29031635.4275,539053.2775,0.018229310885439522,0.0,187000.0,0.0,0.0,873345.905,30631884.675,188949.5775,315750.0,-745445.97,-0.02520894854484587,-1061195.97,-0.0358867519315019,0.0,-1265152.195,-0.0427839949086502,3415.1875,-1250190.3125,-0.04227802487023611,-0.3033195,-0.3033195,4121693.0,4121693.0,https://www.bundesanzeiger.de/pub/de/suche;wwwsid=627BFD7A56A5CB624C47FDDEAB2FC509.web07-pub?0,https://www.bundesanzeiger.de/pub/de/suche;wwwsid=627BFD7A56A5CB624C47FDDEAB2FC509.web07-pub?0,1620593154,16:45:54,20210509
22,2013-03-31,HMU.DE,EUR,2013-03-31,2013-03-31,Q1,29570688.705,29031635.4275,539053.2775,0.018229310885439522,0.0,187000.0,0.0,0.0,873345.905,30631884.675,188949.5775,315750.0,-745445.97,-0.02520894854484587,-1061195.97,-0.0358867519315019,0.0,-1265152.195,-0.0427839949086502,3415.1875,-1250190.3125,-0.04227802487023611,-0.3033195,-0.3033195,4121693.0,4121693.0,https://www.bundesanzeiger.de/pub/de/suche;wwwsid=627BFD7A56A5CB624C47FDDEAB2FC509.web07-pub?0,https://www.bundesanzeiger.de/pub/de/suche;wwwsid=627BFD7A56A5CB624C47FDDEAB2FC509.web07-pub?0,1620593154,16:45:54,20210509
23,2013-01-31,HMU.DE,EUR,2013-01-31,2013-01-31,Q1,29570688.705,29031635.4275,539053.2775,0.018229310885439522,0.0,187000.0,0.0,0.0,873345.905,30631884.675,188949.5775,315750.0,-745445.97,-0.02520894854484587,-1061195.97,-0.0358867519315019,0.0,-1265152.195,-0.0427839949086502,3415.1875,-1250190.3125,-0.04227802487023611,-0.3033195,-0.3033195,4121693.0,4121693.0,https://www.bundesanzeiger.de/pub/de/suche;wwwsid=627BFD7A56A5CB624C47FDDEAB2FC509.web07-pub?0,https://www.bundesanzeiger.de/pub/de/suche;wwwsid=627BFD7A56A5CB624C47FDDEAB2FC509.web07-pub?0,1620593154,16:45:54,20210509
24,2012-09-30,HMU.DE,EUR,2012-09-30,2012-09-30,Q3,22461544.535,21697967.585,763576.95,0.03399485502032953,0.0,57000.0,0.0,0.0,432139.505,22662761.8525,123568.5825,119000.0,-82217.3175,-0.0036603590359464123,-201217.3175,-0.008958302808894527,0.0,84385.0975,0.003756869763275164,32120.89,52648.19,0.0023439256333402454,0.0127735,0.0127735,4121693.0,4121693.0,https://www.bundesanzeiger.de/pub/de/suche;wwwsid=627BFD7A56A5CB624C47FDDEAB2FC509.web07-pub?0,https://www.bundesanzeiger.de/pub/de/suche;wwwsid=627BFD7A56A5CB624C47FDDEAB2FC509.web07-pub?0,1620593154,16:45:54,20210509
25,2012-06-30,HMU.DE,EUR,2012-06-30,2012-06-30,Q2,22461544.535,21697967.585,763576.95,0.03399485502032953,0.0,57000.0,0.0,0.0,432139.505,22662761.8525,123568.5825,119000.0,-82217.3175,-0.0036603590359464123,-201217.3175,-0.008958302808894527,0.0,84385.0975,0.003756869763275164,32120.89,52648.19,0.0023439256333402454,0.0127735,0.0127735,4121693.0,4121693.0,https://www.bundesanzeiger.de/pub/de/suche;wwwsid=627BFD7A56A5CB624C47FDDEAB2FC509.web07-pub?0,https://www.bundesanzeiger.de/pub/de/suche;wwwsid=627BFD7A56A5CB624C47FDDEAB2FC509.web07-pub?0,1620593154,16:45:54,20210509
26,2012-03-31,HMU.DE,EUR,2012-03-31,2012-03-31,Q1,22461544.535,21697967.585,763576.95,0.03399485502032953,0.0,57000.0,0.0,0.0,432139.505,22662761.8525,123568.5825,119000.0,-82217.3175,-0.0036603590359464123,-201217.3175,-0.008958302808894527,0.0,84385.0975,0.003756869763275164,32120.89,52648.19,0.0023439256333402454,0.0127735,0.0127735,4121693.0,4121693.0,https://www.bundesanzeiger.de/pub/de/suche;wwwsid=627BFD7A56A5CB624C47FDDEAB2FC509.web07-pub?0,https://www.bundesanzeiger.de/pub/de/suche;wwwsid=627BFD7A56A5CB624C47FDDEAB2FC509.web07-pub?0,1620593154,16:45:54,20210509
27,2012-01-31,HMU.DE,EUR,2012-01-31,2012-01-31,Q1,22461544.535,21697967.585,763576.95,0.03399485502032953,0.0,57000.0,0.0,0.0,432139.505,22662761.8525,123568.5825,119000.0,-82217.3175,-0.0036603590359464123,-201217.3175,-0.008958302808894527,0.0,84385.0975,0.003756869763275164,32120.89,52648.19,0.0023439256333402454,0.0127735,0.0127735,4121693.0,4121693.0,https://www.bundesanzeiger.de/pub/de/suche;wwwsid=627BFD7A56A5CB624C47FDDEAB2FC509.web07-pub?0,https://www.bundesanzeiger.de/pub/de/suche;wwwsid=627BFD7A56A5CB624C47FDDEAB2FC509.web07-pub?0,1620593154,16:45:54,20210509
28,2011-09-30,HMU.DE,EUR,2011-09-30,2011-09-30,Q3,26667330.255,25832272.4775,835057.7775,0.031313887423861285,0.0,0.0,0.0,0.0,609810.6275,26756225.0375,0.0,114233.4525,25338.67,0.0009501764802739906,-88894.7825,-0.0033334713917728097,0.0,-257017.1125,-0.009637901883778204,2505.525,-170020.1125,-0.006375595564843691,-0.04531825,-0.04531825,3751693.0,3751693.0,https://www.bundesanzeiger.de/pub/de/suche;wwwsid=627BFD7A56A5CB624C47FDDEAB2FC509.web07-pub?0,https://www.bundesanzeiger.de/pub/de/suche;wwwsid=627BFD7A56A5CB624C47FDDEAB2FC509.web07-pub?0,1620593154,16:45:54,20210509
29,2011-06-30,HMU.DE,EUR,2011-06-30,2011-06-30,Q2,26667330.255,25832272.4775,835057.7775,0.031313887423861285,0.0,0.0,0.0,0.0,609810.6275,26756225.0375,0.0,114233.4525,25338.67,0.0009501764802739906,-88894.7825,-0.0033334713917728097,0.0,-257017.1125,-0.009637901883778204,2505.525,-170020.1125,-0.006375595564843691,-0.04531825,-0.04531825,3751693.0,3751693.0,https://www.bundesanzeiger.de/pub/de/suche;wwwsid=627BFD7A56A5CB624C47FDDEAB2FC509.web07-pub?0,https://www.bundesanzeiger.de/pub/de/suche;wwwsid=627BFD7A56A5CB624C47FDDEAB2FC509.web07-pub?0,1620593154,16:45:54,20210509
30,2011-03-31,HMU.DE,EUR,2011-03-31,2011-03-31,Q1,26667330.255,25832272.4775,835057.7775,0.031313887423861285,0.0,0.0,0.0,0.0,609810.6275,26756225.0375,0.0,114233.4525,25338.67,0.0009501764802739906,-88894.7825,-0.0033334713917728097,0.0,-257017.1125,-0.009637901883778204,2505.525,-170020.1125,-0.006375595564843691,-0.04531825,-0.04531825,3751693.0,3751693.0,https://www.bundesanzeiger.de/pub/de/suche;wwwsid=627BFD7A56A5CB624C47FDDEAB2FC509.web07-pub?0,https://www.bundesanzeiger.de/pub/de/suche;wwwsid=627BFD7A56A5CB624C47FDDEAB2FC509.web07-pub?0,1620593154,16:45:54,20210509
31,2011-01-31,HMU.DE,EUR,2011-01-31,2011-01-31,Q1,26667330.255,25832272.4775,835057.7775,0.031313887423861285,0.0,0.0,0.0,0.0,609810.6275,26756225.0375,0.0,114233.4525,25338.67,0.0009501764802739906,-88894.7825,-0.0033334713917728097,0.0,-257017.1125,-0.009637901883778204,2505.525,-170020.1125,-0.006375595564843691,-0.04531825,-0.04531825,3751693.0,3751693.0,https://www.bundesanzeiger.de/pub/de/suche;wwwsid=627BFD7A56A5CB624C47FDDEAB2FC509.web07-pub?0,https://www.bundesanzeiger.de/pub/de/suche;wwwsid=627BFD7A56A5CB624C47FDDEAB2FC509.web07-pub?0,1620593154,16:45:54,20210509
32,2010-09-30,HMU.DE,EUR,2010-09-30,2010-09-30,Q3,37929959.8675,72993254.4625,-35063294.595,-0.9244221380008292,0.0,0.0,0.0,0.0,714119.7625,73896440.325,0.0,84458.62,-35882021.837500006,-0.9460073768294505,-35966480.4575,-0.9482340762590052,0.0,341040.7775,0.00899132977444087,194460.145,88517.065,0.002333697829083262,0.02212925,0.02212925,4000000.0,4000000.0,https://www.bundesanzeiger.de/pub/de/suche;wwwsid=627BFD7A56A5CB624C47FDDEAB2FC509.web07-pub?0,https://www.bundesanzeiger.de/pub/de/suche;wwwsid=627BFD7A56A5CB624C47FDDEAB2FC509.web07-pub?0,1620593154,16:45:54,20210509
33,2010-06-30,HMU.DE,EUR,2010-06-30,2010-06-30,Q2,37929959.8675,72993254.4625,-35063294.595,-0.9244221380008292,0.0,0.0,0.0,0.0,714119.7625,73896440.325,0.0,84458.62,-35882021.837500006,-0.9460073768294505,-35966480.4575,-0.9482340762590052,0.0,341040.7775,0.00899132977444087,194460.145,88517.065,0.002333697829083262,0.02212925,0.02212925,4000000.0,4000000.0,https://www.bundesanzeiger.de/pub/de/suche;wwwsid=627BFD7A56A5CB624C47FDDEAB2FC509.web07-pub?0,https://www.bundesanzeiger.de/pub/de/suche;wwwsid=627BFD7A56A5CB624C47FDDEAB2FC509.web07-pub?0,1620593154,16:45:54,20210509
34,2010-03-31,HMU.DE,EUR,2010-03-31,2010-03-31,Q1,37929959.8675,72993254.4625,-35063294.595,-0.9244221380008292,0.0,0.0,0.0,0.0,714119.7625,73896440.325,0.0,84458.62,-35882021.837500006,-0.9460073768294505,-35966480.4575,-0.9482340762590052,0.0,341040.7775,0.00899132977444087,194460.145,88517.065,0.002333697829083262,0.02212925,0.02212925,4000000.0,4000000.0,https://www.bundesanzeiger.de/pub/de/suche;wwwsid=627BFD7A56A5CB624C47FDDEAB2FC509.web07-pub?0,https://www.bundesanzeiger.de/pub/de/suche;wwwsid=627BFD7A56A5CB624C47FDDEAB2FC509.web07-pub?0,1620593154,16:45:54,20210509
35,2010-01-31,HMU.DE,EUR,2010-01-31,2010-01-31,Q1,37929959.8675,72993254.4625,-35063294.595,-0.9244221380008292,0.0,0.0,0.0,0.0,714119.7625,73896440.325,0.0,84458.62,-35882021.837500006,-0.9460073768294505,-35966480.4575,-0.9482340762590052,0.0,341040.7775,0.00899132977444087,194460.145,88517.065,0.002333697829083262,0.02212925,0.02212925,4000000.0,4000000.0,https://www.bundesanzeiger.de/pub/de/suche;wwwsid=627BFD7A56A5CB624C47FDDEAB2FC509.web07-pub?0,https://www.bundesanzeiger.de/pub/de/suche;wwwsid=627BFD7A56A5CB624C47FDDEAB2FC509.web07-pub?0,1620593154,16:45:54,20210509
36,2009-09-30,HMU.DE,EUR,2009-09-30,2009-09-30,Q3,18769591.1075,17510169.355,1259421.7525,0.06709905108144615,0.0,0.0,0.0,0.0,885574.4225,18659248.155,0.0,15995.0625,126338.015,0.006730994526008482,110342.9525,0.005878814933582058,0.0,79204.415,0.004219826342852577,53378.3875,-4111.7775,-0.00021906590700087258,-0.001028,-0.001028,4000000.0,4000000.0,https://www.bundesanzeiger.de/pub/de/suche;wwwsid=627BFD7A56A5CB624C47FDDEAB2FC509.web07-pub?0,https://www.bundesanzeiger.de/pub/de/suche;wwwsid=627BFD7A56A5CB624C47FDDEAB2FC509.web07-pub?0,1620593154,16:45:54,20210509
37,2009-06-30,HMU.DE,EUR,2009-06-30,2009-06-30,Q2,18769591.1075,17510169.355,1259421.7525,0.06709905108144615,0.0,0.0,0.0,0.0,885574.4225,18659248.155,0.0,15995.0625,126338.015,0.006730994526008482,110342.9525,0.005878814933582058,0.0,79204.415,0.004219826342852577,53378.3875,-4111.7775,-0.00021906590700087258,-0.001028,-0.001028,4000000.0,4000000.0,https://www.bundesanzeiger.de/pub/de/suche;wwwsid=627BFD7A56A5CB624C47FDDEAB2FC509.web07-pub?0,https://www.bundesanzeiger.de/pub/de/suche;wwwsid=627BFD7A56A5CB624C47FDDEAB2FC509.web07-pub?0,1620593154,16:45:54,20210509
38,2009-03-31,HMU.DE,EUR,2009-03-31,2009-03-31,Q1,18769591.1075,17510169.355,1259421.7525,0.06709905108144615,0.0,0.0,0.0,0.0,885574.4225,18659248.155,0.0,15995.0625,126338.015,0.006730994526008482,110342.9525,0.005878814933582058,0.0,79204.415,0.004219826342852577,53378.3875,-4111.7775,-0.00021906590700087258,-0.001028,-0.001028,4000000.0,4000000.0,https://www.bundesanzeiger.de/pub/de/suche;wwwsid=627BFD7A56A5CB624C47FDDEAB2FC509.web07-pub?0,https://www.bundesanzeiger.de/pub/de/suche;wwwsid=627BFD7A56A5CB624C47FDDEAB2FC509.web07-pub?0,1620593154,16:45:54,20210509
39,2009-01-31,HMU.DE,EUR,2009-01-31,2009-01-31,Q1,18769591.1075,17510169.355,1259421.7525,0.06709905108144615,0.0,0.0,0.0,0.0,885574.4225,18659248.155,0.0,15995.0625,126338.015,0.006730994526008482,110342.9525,0.005878814933582058,0.0,79204.415,0.004219826342852577,53378.3875,-4111.7775,-0.00021906590700087258,-0.001028,-0.001028,4000000.0,4000000.0,https://www.bundesanzeiger.de/pub/de/suche;wwwsid=627BFD7A56A5CB624C47FDDEAB2FC509.web07-pub?0,https://www.bundesanzeiger.de/pub/de/suche;wwwsid=627BFD7A56A5CB624C47FDDEAB2FC509.web07-pub?0,1620593154,16:45:54,20210509
40,2008-09-30,HMU.DE,EUR,2008-09-30,2008-09-30,Q3,41955269.7125,40070804.405,1884465.3075,0.04491605751585836,0.0,0.0,0.0,0.0,2020184.83,41588647.625,0.0,9899.36,376521.4475,0.008974354117614469,366622.0875,0.008738403781272082,0.0,282439.515,0.0067319198979157325,123400.72,167016.045,0.003980812092127723,0.041754,0.041754,4000000.0,4000000.0,https://www.bundesanzeiger.de/pub/de/suche;wwwsid=627BFD7A56A5CB624C47FDDEAB2FC509.web07-pub?0,https://www.bundesanzeiger.de/pub/de/suche;wwwsid=627BFD7A56A5CB624C47FDDEAB2FC509.web07-pub?0,1620593154,16:45:54,20210509
41,2008-06-30,HMU.DE,EUR,2008-06-30,2008-06-30,Q2,41955269.7125,40070804.405,1884465.3075,0.04491605751585836,0.0,0.0,0.0,0.0,2020184.83,41588647.625,0.0,9899.36,376521.4475,0.008974354117614469,366622.0875,0.008738403781272082,0.0,282439.515,0.0067319198979157325,123400.72,167016.045,0.003980812092127723,0.041754,0.041754,4000000.0,4000000.0,https://www.bundesanzeiger.de/pub/de/suche;wwwsid=627BFD7A56A5CB624C47FDDEAB2FC509.web07-pub?0,https://www.bundesanzeiger.de/pub/de/suche;wwwsid=627BFD7A56A5CB624C47FDDEAB2FC509.web07-pub?0,1620593154,16:45:54,20210509
42,2008-03-31,HMU.DE,EUR,2008-03-31,2008-03-31,Q1,41955269.7125,40070804.405,1884465.3075,0.04491605751585836,0.0,0.0,0.0,0.0,2020184.83,41588647.625,0.0,9899.36,376521.4475,0.008974354117614469,366622.0875,0.008738403781272082,0.0,282439.515,0.0067319198979157325,123400.72,167016.045,0.003980812092127723,0.041754,0.041754,4000000.0,4000000.0,https://www.bundesanzeiger.de/pub/de/suche;wwwsid=627BFD7A56A5CB624C47FDDEAB2FC509.web07-pub?0,https://www.bundesanzeiger.de/pub/de/suche;wwwsid=627BFD7A56A5CB624C47FDDEAB2FC509.web07-pub?0,1620593154,16:45:54,20210509
43,2008-01-31,HMU.DE,EUR,2008-01-31,2008-01-31,Q1,41955269.7125,40070804.405,1884465.3075,0.04491605751585836,0.0,0.0,0.0,0.0,2020184.83,41588647.625,0.0,9899.36,376521.4475,0.008974354117614469,366622.0875,0.008738403781272082,0.0,282439.515,0.0067319198979157325,123400.72,167016.045,0.003980812092127723,0.041754,0.041754,4000000.0,4000000.0,https://www.bundesanzeiger.de/pub/de/suche;wwwsid=627BFD7A56A5CB624C47FDDEAB2FC509.web07-pub?0,https://www.bundesanzeiger.de/pub/de/suche;wwwsid=627BFD7A56A5CB624C47FDDEAB2FC509.web07-pub?0,1620593154,16:45:54,20210509
