,date,symbol,reportedCurrency,fillingDate,acceptedDate,period,revenue,costOfRevenue,grossProfit,grossProfitRatio,researchAndDevelopmentExpenses,generalAndAdministrativeExpenses,sellingAndMarketingExpenses,otherExpenses,operatingExpenses,costAndExpenses,interestExpense,depreciationAndAmortization,ebitda,ebitdaratio,operatingIncome,operatingIncomeRatio,totalOtherIncomeExpensesNet,incomeBeforeTax,incomeBeforeTaxRatio,incomeTaxExpense,netIncome,netIncomeRatio,eps,epsdiluted,weightedAverageShsOut,weightedAverageShsOutDil,link,finalLink,timestamp,est_time,est_date
0,2020-12-31,EXK,USD,2020-12-31,2020-12-31,Q4,60747000.0,39933000.0,20814000.0,0.34263420415823004,0.0,3829000.0,0.0,0.0,8735000.0,48668000.0,-107000.0,0.0,22100000.0,0.3638039738587914,12079000.0,0.1988410950334996,2627000.0,14748000.0,0.24277742110721517,-5175000.0,19923000.0,0.3279668131759593,0.12749473203516482,0.12749473203516482,156265280,156265280,,,1620591895,16:24:55,20210509
1,2020-09-30,EXK,USD,2020-09-30,2020-09-30,Q3,35586000.0,29295000.0,6291000.0,0.17678300455235205,0.0,3651000.0,0.0,0.0,5898000.0,35193000.0,359000.0,0.0,8689000.0,0.24416905524644522,393000.0,0.011043668858539876,1568000.0,1602000.0,0.04501770359129995,1151000.0,451000.0,0.012673523295678075,0.002886,0.002886,156265280,156265280,,,1620591895,16:24:55,20210509
2,2020-06-30,EXK,USD,2020-07-09 00:00:00,2020-07-09 06:51:47,Q2,20201000.0,17085000.0,3116000.0,0.15424978961437552,0.0,3083000.0,0.0,0.0,7713000.0,24798000.0,356000.0,0.0,-384000.0,-0.0190089599524776,-4597000.0,-0.22756299193109253,1345000.0,-3608000.0,-0.17860501955348745,-319000.0,-3289000.0,-0.16281372209296568,-0.02,-0.02,147862393,147862393,https://www.sec.gov/Archives/edgar/data/1277866/000117184320004850/0001171843-20-004850-index.html,https://www.sec.gov/Archives/edgar/data/1277866/000117184320004850/f6k_070820.htm,1620591895,16:24:55,20210509
3,2020-03-31,EXK,USD,2020-04-02 00:00:00,2020-04-02 06:51:16,Q1,21927000.0,24813000.0,-2886000.0,-0.1316185524695581,0.0,1950000.0,0.0,0.0,5732000.0,30545000.0,310000.0,0.0,-2350000.0,-0.10717380398595339,-8618000.0,-0.3930314224472112,-4868000.0,-13796000.0,-0.6291786382086013,2130000.0,-15926000.0,-0.7263191499065079,-0.11,-0.11,141810208,141810208,https://www.sec.gov/Archives/edgar/data/1277866/000117184320002293/0001171843-20-002293-index.html,https://www.sec.gov/Archives/edgar/data/1277866/000117184320002293/f6k_040220.htm,1620591895,16:24:55,20210509
4,2019-12-31,EXK,USD,2020-01-10 00:00:00,2020-01-10 06:51:12,Q4,34610000.0,38401000.0,-3791000.0,-0.10953481652701531,0.0,2508000.0,0.0,0.0,7533000.0,45934000.0,22000.0,0.0,-1009000.0,-0.0291534238659347,-11324000.0,-0.32718867379370126,-2143000.0,-13489000.0,-0.38974284888760474,4408000.0,-17897000.0,-0.5171048829817971,-0.12993334238759954,-0.12993334238759954,137739857,137739857,https://www.sec.gov/Archives/edgar/data/1277866/000117184320000142/0001171843-20-000142-index.html,https://www.sec.gov/Archives/edgar/data/1277866/000117184320000142/f6k_011020.htm,1620591895,16:24:55,20210509
5,2019-09-30,EXK,USD,2019-10-09 00:00:00,2019-10-09 06:51:16,Q3,28589000.0,30303000.0,-1714000.0,-0.05995312882577215,0.0,2260000.0,0.0,0.0,4065000.0,34368000.0,177000.0,0.0,1415000.0,0.04949456084508028,-5779000.0,-0.20214068347966002,-867000.0,-6823000.0,-0.23865822519150723,-55000.0,-6768000.0,-0.2367344083388716,-0.05,-0.05,137739857,137739857,https://www.sec.gov/Archives/edgar/data/1277866/000117184319006419/0001171843-19-006419-index.html,https://www.sec.gov/Archives/edgar/data/1277866/000117184319006419/f6k_100819.htm,1620591895,16:24:55,20210509
6,2019-06-30,EXK,USD,2019-07-02 00:00:00,2019-07-02 13:50:23,Q2,29382000.0,35487000.0,-6105000.0,-0.20778027363692056,0.0,1926000.0,0.0,0.0,5216000.0,40703000.0,103000.0,0.0,-4007000.0,-0.13637601252467496,-11321000.0,-0.3853039275747056,662000.0,-10762000.0,-0.3662786740181063,-639000.0,-10123000.0,-0.3445306650330134,-0.08,-0.08,132158891,132158891,https://www.sec.gov/Archives/edgar/data/1277866/000117184319004347/0001171843-19-004347-index.html,https://www.sec.gov/Archives/edgar/data/1277866/000117184319004347/f6k_070219.htm,1620591895,16:24:55,20210509
7,2019-03-31,EXK,USD,2019-04-01 00:00:00,2019-04-01 15:29:44,Q1,29143000.0,34894000.0,-5751000.0,-0.19733726795456885,0.0,2969000.0,0.0,0.0,5375000.0,40269000.0,92000.0,0.0,-3899000.0,-0.13378855986000068,-11126000.0,-0.38177263836941977,-1712000.0,-12930000.0,-0.4436742957142367,348000.0,-13278000.0,-0.4556154136499331,-0.1,-0.1,131395790,131395790,https://www.sec.gov/Archives/edgar/data/1277866/000106299319001485/0001062993-19-001485-index.html,https://www.sec.gov/Archives/edgar/data/1277866/000106299319001485/form6k.htm,1620591895,16:24:55,20210509
8,2018-12-31,EXK,USD,2019-01-10 00:00:00,2019-01-10 06:50:25,Q4,33833000.0,33436000.0,397000.0,0.0117341057547365,0.0,1709000.0,0.0,0.0,3896000.0,37332000.0,0.0,0.0,3457000.0,0.10217834658469542,-3499000.0,-0.10341973812549878,-1319000.0,-4719000.0,-0.13947920669169153,-1058000.0,-3661000.0,-0.10820796264002601,-0.02842271236041962,-0.02842271236041962,128805441,128805441,https://www.sec.gov/Archives/edgar/data/1277866/000117184319000218/0001171843-19-000218-index.html,https://www.sec.gov/Archives/edgar/data/1277866/000117184319000218/f6k_010919.htm,1620591895,16:24:55,20210509
9,2018-09-30,EXK,USD,2018-10-11 00:00:00,2018-10-11 06:50:25,Q3,37581000.0,42361000.0,-4780000.0,-0.12719193209334503,0.0,1249000.0,0.0,0.0,5281000.0,47642000.0,62000.0,0.0,3139000.0,0.0835262499667385,-10061000.0,-0.26771506878475826,2005000.0,-8118000.0,-0.2160134110321705,-2666000.0,-5452000.0,-0.14507330832069396,-0.04,-0.04,128805441,128805441,https://www.sec.gov/Archives/edgar/data/1277866/000117184318006944/0001171843-18-006944-index.html,https://www.sec.gov/Archives/edgar/data/1277866/000117184318006944/f6k_101118.htm,1620591895,16:24:55,20210509
10,2018-06-30,EXK,USD,2018-07-10 00:00:00,2018-07-10 06:50:20,Q2,38765000.0,34149000.0,4616000.0,0.11907648652134657,0.0,3151000.0,0.0,0.0,7641000.0,41790000.0,49000.0,0.0,4914000.0,0.12676383335483038,-3025000.0,-0.07803430929962595,-3027000.0,-6101000.0,-0.15738423835934476,-450000.0,-5651000.0,-0.14577582871146652,-0.04,-0.04,127570254,127570254,https://www.sec.gov/Archives/edgar/data/1277866/000117184318005115/0001171843-18-005115-index.html,https://www.sec.gov/Archives/edgar/data/1277866/000117184318005115/f6k_070918.htm,1620591895,16:24:55,20210509
11,2018-03-31,EXK,USD,2018-04-06 00:00:00,2018-04-06 16:32:46,Q1,40330000.0,37055000.0,3275000.0,0.08120505826927846,0.0,2318000.0,0.0,0.0,4341000.0,41396000.0,49000.0,0.0,8771000.0,0.21748078353582942,-1066000.0,-0.026431936523679644,2342000.0,1227000.0,0.030424001983635013,-1098000.0,2325000.0,0.057649392511777836,0.018236951892332803,0.018188522794908964,127488410,127827863,https://www.sec.gov/Archives/edgar/data/1277866/000106299318001536/0001062993-18-001536-index.html,https://www.sec.gov/Archives/edgar/data/1277866/000106299318001536/form6k.htm,1620591895,16:24:55,20210509
12,2017-12-31,EXK,USD,2018-01-10 00:00:00,2018-01-10 06:56:19,Q4,41640000.0,33753000.0,7887000.0,0.18940922190201728,0.0,1816000.0,0.0,0.0,4374000.0,38127000.0,-610000.0,0.0,7819000.0,0.187776176753122,3513000.0,0.08436599423631123,-1638000.0,1856000.0,0.04457252641690682,-813000.0,2669000.0,0.06409702209414025,0.0209404925181872,0.0209404925181872,127456410,127456410,https://www.sec.gov/Archives/edgar/data/1277866/000117184318000276/0001171843-18-000276-index.html,https://www.sec.gov/Archives/edgar/data/1277866/000117184318000276/f6k_011018.htm,1620591895,16:24:55,20210509
13,2017-09-30,EXK,USD,2017-10-10 00:00:00,2017-10-10 06:56:16,Q3,39782000.0,32480000.0,7302000.0,0.1835503494042532,0.0,1493000.0,0.0,0.0,5037000.0,37517000.0,166000.0,0.0,6805000.0,0.1710572620783269,2265000.0,0.05693529737067015,-731000.0,1368000.0,0.034387411392086877,372000.0,996000.0,0.02503644864511588,0.00781443632375963,0.007790306352858735,127456410,127851198,https://www.sec.gov/Archives/edgar/data/1277866/000117184317005979/0001171843-17-005979-index.html,https://www.sec.gov/Archives/edgar/data/1277866/000117184317005979/f6k_100717.htm,1620591895,16:24:55,20210509
14,2017-06-30,EXK,USD,2017-07-12 00:00:00,2017-07-12 06:55:40,Q2,32636000.0,27186000.0,5450000.0,0.16699350410589534,0.0,2409000.0,0.0,0.0,6196000.0,33382000.0,208000.0,0.0,2587000.0,0.07926829268292683,-746000.0,-0.022858193406054664,1080000.0,126000.0,0.003860767250888589,142000.0,-16000.0,-0.0004902561588429955,-0.000126,-0.000126,127207961,127207961,https://www.sec.gov/Archives/edgar/data/1277866/000110262417000315/0001102624-17-000315-index.html,https://www.sec.gov/Archives/edgar/data/1277866/000110262417000315/endeavoursilvercorp6k.htm,1620591895,16:24:55,20210509
15,2017-03-31,EXK,USD,2017-04-03 00:00:00,2017-04-03 06:56:32,Q1,36441000.0,28601000.0,7840000.0,0.21514228478911115,0.0,1914000.0,0.0,0.0,5291000.0,33892000.0,236000.0,0.0,6731000.0,0.18470953047391675,2549000.0,0.06994868417441892,2224000.0,4537000.0,0.12450262067451497,-1498000.0,6035000.0,0.16561016437529158,0.04748387995055445,0.04695627152669809,127095764,128523833,https://www.sec.gov/Archives/edgar/data/1277866/000110262417000169/0001102624-17-000169-index.html,https://www.sec.gov/Archives/edgar/data/1277866/000110262417000169/endeavoursilvercorp6k.htm,1620591895,16:24:55,20210509
16,2016-12-31,EXK,USD,2017-01-10 00:00:00,2017-01-10 06:59:29,Q4,28650000.0,24153000.0,4497000.0,0.15696335078534032,0.0,1193000.0,0.0,0.0,6268000.0,30421000.0,-861000.0,0.0,-1234000.0,-0.043071553228621294,-1771000.0,-0.06181500872600349,-2147000.0,-4080000.0,-0.1424083769633508,1124000.0,-5204000.0,-0.18164048865619548,-0.04153975151070713,-0.04153975151070713,125277591,125277591,https://www.sec.gov/Archives/edgar/data/1277866/000110262417000012/0001102624-17-000012-index.html,https://www.sec.gov/Archives/edgar/data/1277866/000110262417000012/endeavoursilvercorp6k.htm,1620591895,16:24:55,20210509
17,2016-09-30,EXK,USD,2016-10-11 00:00:00,2016-10-11 06:56:08,Q3,42066000.0,26833000.0,15233000.0,0.3621214282318262,0.0,2764000.0,0.0,0.0,5188000.0,32021000.0,345000.0,0.0,12879000.0,0.3061617458279846,10045000.0,0.2387914230019493,-2076000.0,7624000.0,0.18123900537250986,2038000.0,5586000.0,0.13279132791327913,0.04458898000361453,0.04384104433417368,125277591,127414848,https://www.sec.gov/Archives/edgar/data/1277866/000110262416003460/0001102624-16-003460-index.html,https://www.sec.gov/Archives/edgar/data/1277866/000110262416003460/endeavoursilvercorp6k.htm,1620591895,16:24:55,20210509
18,2016-06-30,EXK,USD,2016-08-03 00:00:00,2016-08-03 12:01:34,Q2,44510000.0,31625000.0,12885000.0,0.28948550887441027,0.0,3101000.0,0.0,0.0,5063000.0,36688000.0,294000.0,0.0,12033000.0,0.2703437429791058,7822000.0,0.17573578971017748,-1890000.0,5638000.0,0.1266681644574253,3939000.0,1699000.0,0.038171197483711526,0.015003995531335019,0.014817502657404417,113236504,114661697,https://www.sec.gov/Archives/edgar/data/1277866/000106299316010783/0001062993-16-010783-index.html,https://www.sec.gov/Archives/edgar/data/1277866/000106299316010783/form6k.htm,1620591895,16:24:55,20210509
19,2016-03-31,EXK,USD,2016-04-08 00:00:00,2016-04-08 06:31:12,Q1,41541000.0,35263000.0,6278000.0,0.1511278014491707,0.0,1978000.0,0.0,0.0,3227000.0,38490000.0,287000.0,0.0,8273000.0,0.1991526443754363,3051000.0,0.07344551166317614,373000.0,3137000.0,0.07551575551864423,1308000.0,1829000.0,0.04402879083315279,0.017477905881983294,0.017407210053079714,104646404,105071404,https://www.sec.gov/Archives/edgar/data/1277866/000110262416002514/0001102624-16-002514-index.html,https://www.sec.gov/Archives/edgar/data/1277866/000110262416002514/endeavour6k.htm,1620591895,16:24:55,20210509
20,2015-12-31,EXK,USD,2016-01-12 00:00:00,2016-01-12 07:03:58,Q4,41991000.0,43261000.0,-1270000.0,-0.030244576218713536,0.0,1422000.0,0.0,0.0,3213000.0,46474000.0,-981000.0,0.0,5086000.0,0.12112119263651736,-4483000.0,-0.10676097258936439,-134923000.0,-139631000.0,-3.3252601747993618,-3386000.0,-136245000.0,-3.2446238479674214,-1.3360378542980043,-1.3360378542980043,101976901,101976901,https://www.sec.gov/Archives/edgar/data/1277866/000110262416001933/0001102624-16-001933-index.html,https://www.sec.gov/Archives/edgar/data/1277866/000110262416001933/endeavoursilvercorp6k.htm,1620591895,16:24:55,20210509
21,2015-09-30,EXK,USD,2015-10-08 00:00:00,2015-10-08 07:05:53,Q3,42737000.0,40628000.0,2109000.0,0.04934833984603505,0.0,1750000.0,0.0,0.0,2985000.0,43613000.0,370000.0,0.0,8973000.0,0.20995858389685754,-876000.0,-0.020497461216276294,-7628000.0,-8874000.0,-0.20764208999227834,5205000.0,-14079000.0,-0.3294335119451529,-0.14,-0.14,101976901,101976901,https://www.sec.gov/Archives/edgar/data/1277866/000110262415001549/0001102624-15-001549-index.html,https://www.sec.gov/Archives/edgar/data/1277866/000110262415001549/endeavoursilvercorp6k.htm,1620591895,16:24:55,20210509
22,2015-06-30,EXK,USD,2015-07-09 00:00:00,2015-07-09 07:31:15,Q2,47719000.0,40883000.0,6836000.0,0.14325530711037532,0.0,2519000.0,0.0,0.0,5053000.0,45936000.0,354000.0,0.0,11240000.0,0.2355455898069951,1783000.0,0.03736457176386764,-374000.0,1055000.0,0.02210859406106582,2029000.0,-974000.0,-0.02041115698149584,-0.01,-0.01,101976901,101976901,https://www.sec.gov/Archives/edgar/data/1277866/000110262415001087/0001102624-15-001087-index.html,https://www.sec.gov/Archives/edgar/data/1277866/000110262415001087/endeavoursilvercorp6k.htm,1620591895,16:24:55,20210509
23,2015-03-31,EXK,USD,2015-04-01 00:00:00,2015-04-01 14:15:07,Q1,51109000.0,42044000.0,9065000.0,0.17736602164002427,0.0,1790000.0,0.0,0.0,2903000.0,44947000.0,313000.0,0.0,16680000.0,0.3263613062278659,6162000.0,0.1205658494589994,-313000.0,5536000.0,0.1083175174626778,4179000.0,1357000.0,0.026551096675732258,0.01,0.01,101976901,101976901,https://www.sec.gov/Archives/edgar/data/1277866/000106299315001721/0001062993-15-001721-index.html,https://www.sec.gov/Archives/edgar/data/1277866/000106299315001721/form6k.htm,1620591895,16:24:55,20210509
24,2014-12-31,EXK,USD,2015-04-01 00:00:00,2015-04-01 14:15:07,Q4,48677000.0,46376000.0,2301000.0,0.04727078497031452,0.0,1487000.0,0.0,0.0,4285000.0,50661000.0,0.0,0.0,96494000.0,1.982332518437866,-1984000.0,-0.040758469092179055,-84634000.0,-86900000.0,-1.785237381104012,-20005000.0,-66895000.0,-1.3742629989522772,-0.6588825967737693,-0.6588825967737693,101527951,101527951,https://www.sec.gov/Archives/edgar/data/1277866/000106299315001721/0001062993-15-001721-index.html,https://www.sec.gov/Archives/edgar/data/1277866/000106299315001721/form6k.htm,1620591895,16:24:55,20210509
25,2014-09-30,EXK,USD,2014-10-09 00:00:00,2014-10-09 16:43:13,Q3,40477000.0,44068000.0,-3591000.0,-0.088717049188428,0.0,2110000.0,0.0,0.0,7065000.0,51133000.0,359000.0,0.0,3815000.0,0.09425105615534748,-10656000.0,-0.26326061714059834,-1581000.0,-12596000.0,-0.3111890703362403,-1210000.0,-11386000.0,-0.28129555055957706,-0.11,-0.11,101527951,101527951,https://www.sec.gov/Archives/edgar/data/1277866/000110262414001634/0001102624-14-001634-index.html,https://www.sec.gov/Archives/edgar/data/1277866/000110262414001634/endeavour6k.htm,1620591895,16:24:55,20210509
26,2014-06-30,EXK,USD,2014-07-09 00:00:00,2014-07-09 11:45:29,Q2,54774000.0,50420000.0,4354000.0,0.07949026910578011,0.0,3473000.0,0.0,0.0,6323000.0,56743000.0,256000.0,0.0,12807000.0,0.2338153138350312,-1969000.0,-0.03594771241830065,542000.0,-1683000.0,-0.030726256983240222,-1394000.0,-289000.0,-0.005276225946617008,-0.0028518777241538147,-0.0028319891657697803,101336743,102048413,https://www.sec.gov/Archives/edgar/data/1277866/000110262414001089/0001102624-14-001089-index.html,https://www.sec.gov/Archives/edgar/data/1277866/000110262414001089/endeavoursilver6k.htm,1620591895,16:24:55,20210509
27,2014-03-31,EXK,USD,2014-04-01 00:00:00,2014-04-01 16:50:22,Q1,53000000.0,41695000.0,11305000.0,0.21330188679245282,0.0,2400000.0,0.0,0.0,4606000.0,46301000.0,446000.0,0.0,20854000.0,0.39347169811320754,6699000.0,0.12639622641509435,-1548000.0,4705000.0,0.08877358490566038,668000.0,4037000.0,0.07616981132075472,0.04017148977129088,0.03979868745368116,100494157,101435506,https://www.sec.gov/Archives/edgar/data/1277866/000106299314001858/0001062993-14-001858-index.html,https://www.sec.gov/Archives/edgar/data/1277866/000106299314001858/form6k.htm,1620591895,16:24:55,20210509
28,2013-12-31,EXK,USD,2014-03-28 00:00:00,2014-03-28 16:29:47,Q4,67857000.0,57996000.0,9861000.0,0.14532030593748618,0.0,2167000.0,0.0,0.0,4409000.0,62405000.0,0.0,0.0,147914000.0,2.1797898521891623,5452000.0,0.08034543230617328,-138885000.0,-133816000.0,-1.972029414798768,-18058000.0,-115758000.0,-1.705910959812547,-1.160585801166441,-1.160585801166441,99741010,99741010,https://www.sec.gov/Archives/edgar/data/1277866/000106299314001692/0001062993-14-001692-index.html,https://www.sec.gov/Archives/edgar/data/1277866/000106299314001692/form6k.htm,1620591895,16:24:55,20210509
29,2013-09-30,EXK,USD,2013-10-09 00:00:00,2013-10-09 11:24:29,Q3,67803000.0,46055000.0,21748000.0,0.3207527690515169,0.0,2416000.0,0.0,0.0,4318000.0,50373000.0,313000.0,0.0,30078000.0,0.44360868988097873,17430000.0,0.25706827131542853,-750000.0,16367000.0,0.2413904989454744,4070000.0,12297000.0,0.1813636564753772,0.1232893069761375,0.12219048336754706,99741010,100637952,https://www.sec.gov/Archives/edgar/data/1277866/000119907313000679/0001199073-13-000679-index.html,https://www.sec.gov/Archives/edgar/data/1277866/000119907313000679/edr6k.htm,1620591895,16:24:55,20210509
30,2013-06-30,EXK,USD,2013-07-10 00:00:00,2013-07-10 11:52:52,Q2,71250000.0,64836000.0,6414000.0,0.09002105263157895,0.0,3787000.0,0.0,0.0,8765000.0,73601000.0,531000.0,0.0,10877000.0,0.15265964912280702,-2351000.0,-0.03299649122807018,5726000.0,2844000.0,0.03991578947368421,3205000.0,-361000.0,-0.005066666666666666,-0.00362,-0.00362,99710933,99710933,https://www.sec.gov/Archives/edgar/data/1277866/000119907313000534/0001199073-13-000534-index.html,https://www.sec.gov/Archives/edgar/data/1277866/000119907313000534/edr6k.htm,1620591895,16:24:55,20210509
31,2013-03-31,EXK,USD,2013-04-02 00:00:00,2013-04-02 14:41:44,Q1,69873000.0,50981000.0,18892000.0,0.2703762540609391,0.0,3130000.0,0.0,0.0,7320000.0,58301000.0,247000.0,0.0,23720000.0,0.33947304395116856,11572000.0,0.16561475820417043,7321000.0,18646000.0,0.26685558083952315,4289000.0,14357000.0,0.20547278634093283,0.14,0.13,99660016,101507642,https://www.sec.gov/Archives/edgar/data/1277866/000106299313001643/0001062993-13-001643-index.html,https://www.sec.gov/Archives/edgar/data/1277866/000106299313001643/form6k.htm,1620591895,16:24:55,20210509
32,2012-12-31,EXK,USD,2013-01-14 00:00:00,2013-01-14 13:34:31,Q4,66719000.0,52145000.0,14574000.0,0.21843852575728054,0.0,3520000.0,0.0,0.0,7447000.0,59592000.0,-191000.0,0.0,17273000.0,0.25889176996058094,7127000.0,0.10682114540086032,10426000.0,17292000.0,0.2591765464110673,2471000.0,14821000.0,0.22214061961360332,0.15175092885882463,0.15175092885882463,97666618,97666618,https://www.sec.gov/Archives/edgar/data/1277866/000119907313000052/0001199073-13-000052-index.html,https://www.sec.gov/Archives/edgar/data/1277866/000119907313000052/endeavour6k.htm,1620591895,16:24:55,20210509
33,2012-09-30,EXK,USD,2012-10-09 00:00:00,2012-10-09 12:19:19,Q3,51880000.0,31438000.0,20442000.0,0.3940246723207402,3420000.0,2808000.0,0.0,0.0,6270000.0,37708000.0,181000.0,0.0,20599000.0,0.3970508866615266,14172000.0,0.2731688511950655,-8370000.0,5621000.0,0.10834618350038551,5605000.0,16000.0,0.00030840400925212025,0.00016382260722901248,0.00016109143474324418,97666618,99322475,https://www.sec.gov/Archives/edgar/data/1277866/000119907312000838/0001199073-12-000838-index.html,https://www.sec.gov/Archives/edgar/data/1277866/000119907312000838/endeavour6k.htm,1620591895,16:24:55,20210509
34,2012-06-30,EXK,USD,2012-07-10 00:00:00,2012-07-10 10:47:06,Q2,40434000.0,20916000.0,19518000.0,0.4827125686303606,2110000.0,3950000.0,0.0,0.0,6087000.0,27003000.0,5000.0,0.0,17817000.0,0.4406440124647574,13431000.0,0.3321709452441015,-1420000.0,12006000.0,0.29692832764505117,4501000.0,7505000.0,0.18561111935499827,0.09,0.06,87999485,90775352,https://www.sec.gov/Archives/edgar/data/1277866/000119907312000565/0001199073-12-000565-index.html,https://www.sec.gov/Archives/edgar/data/1277866/000119907312000565/d6k.htm,1620591895,16:24:55,20210509
35,2012-03-31,EXK,USD,2012-05-08 00:00:00,2012-05-08 16:51:20,Q1,49046000.0,25627000.0,23419000.0,0.4774905191045141,1812000.0,2720000.0,0.0,0.0,4549000.0,30176000.0,5000.0,0.0,27697000.0,0.5647147575745218,18870000.0,0.3847408555233862,6016000.0,25167000.0,0.5131305305223668,5392000.0,19775000.0,0.40319292093137055,0.23,0.22,87728391,90926807,https://www.sec.gov/Archives/edgar/data/1277866/000119907312000418/0001199073-12-000418-index.html,https://www.sec.gov/Archives/edgar/data/1277866/000119907312000418/d6k.htm,1620591895,16:24:55,20210509
36,2011-12-31,EXK,USD,2012-01-10 00:00:00,2012-01-10 10:35:18,Q4,17506000.0,10652000.0,6854000.0,0.39152290643208043,0.0,4210000.0,0.0,0.0,6307000.0,16959000.0,0.0,0.0,4673000.0,0.26693705015423286,547000.0,0.031246429795498687,-1774000.0,-1250000.0,-0.0714040900262767,543000.0,-1793000.0,-0.1024220267336913,-0.021054653794793102,-0.021054653794793102,85159320,85159320,https://www.sec.gov/Archives/edgar/data/1277866/000119907312000016/0001199073-12-000016-index.html,https://www.sec.gov/Archives/edgar/data/1277866/000119907312000016/d6k.htm,1620591895,16:24:55,20210509
37,2011-09-30,EXK,USD,2011-10-12 00:00:00,2011-10-11 21:54:22,Q3,38776000.0,16644000.0,22132000.0,0.5707654219104601,3707000.0,2306000.0,0.0,-8000.0,6065000.0,22709000.0,0.0,0.0,20952000.0,0.5403342273571281,16067000.0,0.4143542397359191,-7128000.0,8947000.0,0.2307355064988653,5850000.0,3097000.0,0.07986899112853311,0.03636712928191536,0.035354042308937,85159320,87599601,https://www.sec.gov/Archives/edgar/data/1277866/000119907311000967/0001199073-11-000967-index.html,https://www.sec.gov/Archives/edgar/data/1277866/000119907311000967/d6k.htm,1620591895,16:24:55,20210509
38,2011-06-30,EXK,USD,2011-07-06 00:00:00,2011-07-06 17:30:11,Q2,36363000.0,17119000.0,19244000.0,0.5292192613370734,1943000.0,3539000.0,0.0,0.0,5492000.0,22611000.0,7000.0,0.0,24366000.0,0.670076726342711,13752000.0,0.3781866182658197,2664000.0,22743000.0,0.625443445260292,5777000.0,16966000.0,0.46657316503038804,0.2,0.12,83593669,88777750,https://www.sec.gov/Archives/edgar/data/1277866/000106299311002830/0001062993-11-002830-index.html,https://www.sec.gov/Archives/edgar/data/1277866/000106299311002830/form6k.htm,1620591895,16:24:55,20210509
39,2011-03-31,EXK,USD,2011-04-11 00:00:00,2011-04-11 11:28:41,Q1,35352000.0,10804000.0,24548000.0,0.69438787055895,0.0,2280000.0,0.0,0.0,7356000.0,18160000.0,12000.0,0.0,21173000.0,0.5989194387870559,17192000.0,0.4863091197103417,-12042000.0,5138000.0,0.14533831183525683,4653000.0,485000.0,0.013719167232405521,0.005969090449689121,0.005808970878766622,81251910,83491553,https://www.sec.gov/Archives/edgar/data/1277866/000119907311000376/0001199073-11-000376-index.html,https://www.sec.gov/Archives/edgar/data/1277866/000119907311000376/d6k.htm,1620591895,16:24:55,20210509
40,2010-12-31,EXK,USD,2011-03-23 00:00:00,2011-03-22 19:35:24,Q4,28475000.0,11223000.0,17252000.0,0.6058647936786655,0.0,2953000.0,0.0,0.0,8992000.0,20215000.0,0.0,0.0,12200000.0,0.42844600526777876,8260000.0,0.2900790166812994,1201000.0,9461000.0,0.3322563652326602,3817000.0,5644000.0,0.1982089552238806,0.08615243806896729,0.08615243806896729,65511785,65511785,https://www.sec.gov/Archives/edgar/data/1277866/000106299311001110/0001062993-11-001110-index.html,https://www.sec.gov/Archives/edgar/data/1277866/000106299311001110/form40f.htm,1620591895,16:24:55,20210509
41,2010-09-30,EXK,USD,2010-10-04 00:00:00,2010-10-04 16:11:52,Q3,20091000.0,10858000.0,9233000.0,0.4595590065203325,0.0,2479000.0,0.0,0.0,7645000.0,18503000.0,0.0,0.0,4897000.0,0.24374097854760837,1588000.0,0.07904036633318401,668000.0,2256000.0,0.11228908466477527,2129000.0,127000.0,0.00632123836543726,0.001938582500843169,0.001938582500843169,65511785,65511785,https://www.sec.gov/Archives/edgar/data/1277866/000119907310000874/0001199073-10-000874-index.html,https://www.sec.gov/Archives/edgar/data/1277866/000119907310000874/d6k.htm,1620591895,16:24:55,20210509
42,2010-06-30,EXK,USD,2010-07-07 00:00:00,2010-07-07 09:30:17,Q2,19692000.0,10267000.0,9425000.0,0.4786207596993703,0.0,2871000.0,0.0,0.0,7678000.0,17945000.0,0.0,0.0,5039000.0,0.2558907170424538,1747000.0,0.08871622994109284,-264000.0,1483000.0,0.07530977046516352,1895000.0,-412000.0,-0.020922201909404834,-0.01,-0.01,62355945,62355945,https://www.sec.gov/Archives/edgar/data/1277866/000119907310000614/0001199073-10-000614-index.html,https://www.sec.gov/Archives/edgar/data/1277866/000119907310000614/d6k.htm,1620591895,16:24:55,20210509
43,2010-03-31,EXK,USD,2010-04-07 00:00:00,2010-04-06 17:45:44,Q1,18252000.0,9166000.0,9086000.0,0.49780845934692086,0.0,1861000.0,0.0,0.0,5983000.0,15149000.0,0.0,0.0,6161000.0,0.3375520490905106,3103000.0,0.17000876616261232,243000.0,3346000.0,0.18332237563006792,1626000.0,1720000.0,0.09423624808240193,0.03,0.03,61156943,61156943,https://www.sec.gov/Archives/edgar/data/1277866/000106299310001117/0001062993-10-001117-index.html,https://www.sec.gov/Archives/edgar/data/1277866/000106299310001117/form6k.htm,1620591895,16:24:55,20210509
44,2009-12-31,EXK,USD,2010-01-13 00:00:00,2010-01-13 12:32:30,Q4,24250000.0,11439000.0,12811000.0,0.5282886597938145,0.0,2284000.0,0.0,0.0,8011000.0,19450000.0,0.0,0.0,6940000.0,0.2861855670103093,4800000.0,0.1979381443298969,2438000.0,7238000.0,0.2984742268041237,4105000.0,3133000.0,0.1291958762886598,0.06015459827758934,0.06015459827758934,52082469,52082469,https://www.sec.gov/Archives/edgar/data/1277866/000119907310000021/0001199073-10-000021-index.html,https://www.sec.gov/Archives/edgar/data/1277866/000119907310000021/d6k.htm,1620591895,16:24:55,20210509
45,2009-09-30,EXK,USD,2009-10-07 00:00:00,2009-10-07 10:01:43,Q3,9796000.0,6516000.0,3280000.0,0.33483054307880766,0.0,1257000.0,0.0,0.0,3901000.0,10417000.0,0.0,0.0,2500000.0,0.25520620661494486,-621000.0,-0.0633932217231523,-1124000.0,-1745000.0,-0.17813393221723153,-258000.0,-1487000.0,-0.1517966516945692,-0.03,-0.03,52082469,52082469,https://www.sec.gov/Archives/edgar/data/1277866/000119907309000789/0001199073-09-000789-index.html,https://www.sec.gov/Archives/edgar/data/1277866/000119907309000789/d6k.htm,1620591895,16:24:55,20210509
46,2009-06-30,EXK,USD,2009-07-08 00:00:00,2009-07-08 11:33:44,Q2,8236000.0,5640000.0,2596000.0,0.31520155415250123,0.0,1443000.0,0.0,0.0,4710000.0,10350000.0,0.0,0.0,-377000.0,-0.045774647887323945,-2114000.0,-0.2566779990286547,677000.0,-1437000.0,-0.17447790189412335,395000.0,-1832000.0,-0.22243807673627974,-0.04,-0.04,51806160,51806160,https://www.sec.gov/Archives/edgar/data/1277866/000119907309000553/0001199073-09-000553-index.html,https://www.sec.gov/Archives/edgar/data/1277866/000119907309000553/d6k.htm,1620591895,16:24:55,20210509
47,2009-03-31,EXK,USD,2009-04-01 00:00:00,2009-04-01 12:58:11,Q1,8487000.0,5883000.0,2604000.0,0.3068221986567692,0.0,1173000.0,0.0,0.0,3767000.0,9650000.0,0.0,0.0,1853000.0,0.2183339224696595,-1163000.0,-0.13703310946152938,-726000.0,-1889000.0,-0.22257570401790974,-149000.0,-1740000.0,-0.2050194414987628,-0.03,-0.03,50080632,50080632,https://www.sec.gov/Archives/edgar/data/1277866/000106299309001091/0001062993-09-001091-index.html,https://www.sec.gov/Archives/edgar/data/1277866/000106299309001091/form6k.htm,1620591895,16:24:55,20210509
48,2008-12-31,EXK,USD,2009-01-02 00:00:00,2008-12-31 17:54:41,Q4,7900000.0,7226000.0,674000.0,0.08531645569620253,0.0,1092000.0,0.0,0.0,4321000.0,11547000.0,0.0,0.0,894000.0,0.11316455696202532,-3647000.0,-0.46164556962025316,-2627000.0,-6274000.0,-0.7941772151898734,-1125000.0,-5149000.0,-0.6517721518987342,-0.10499489829605657,-0.10499489829605657,49040478,49040478,https://www.sec.gov/Archives/edgar/data/1277866/000119907308001032/0001199073-08-001032-index.html,https://www.sec.gov/Archives/edgar/data/1277866/000119907308001032/d6k.htm,1620591895,16:24:55,20210509
49,2008-09-30,EXK,USD,2008-10-15 00:00:00,2008-10-14 17:35:32,Q3,10613000.0,7648000.0,2965000.0,0.2793743522095543,0.0,1822000.0,0.0,0.0,7528000.0,15176000.0,0.0,2558000.0,-2005000.0,-0.188919249976444,-4563000.0,-0.4299444078017526,-2390000.0,-6953000.0,-0.6551399227362669,474000.0,-7427000.0,-0.6998021294638651,-0.15,-0.15,49040478,49040478,https://www.sec.gov/Archives/edgar/data/1277866/000119907308000817/0001199073-08-000817-index.html,https://www.sec.gov/Archives/edgar/data/1277866/000119907308000817/d6k.htm,1620591895,16:24:55,20210509
50,2008-06-30,EXK,USD,2008-07-09 00:00:00,2008-07-09 15:52:54,Q2,10060000.0,6361000.0,3699000.0,0.36769383697813124,0.0,2105000.0,0.0,0.0,6535000.0,12896000.0,0.0,1769000.0,-1067000.0,-0.10606361829025845,-2836000.0,-0.2819085487077535,470000.0,-2366000.0,-0.23518886679920478,1051000.0,-3417000.0,-0.339662027833002,-0.07,-0.07,49033794,49033794,https://www.sec.gov/Archives/edgar/data/1277866/000119907308000554/0001199073-08-000554-index.html,https://www.sec.gov/Archives/edgar/data/1277866/000119907308000554/d6k.htm,1620591895,16:24:55,20210509
51,2008-03-31,EXK,USD,2008-04-01 00:00:00,2008-04-01 12:10:48,Q1,10729000.0,6567000.0,4162000.0,0.3879205890576941,0.0,2408000.0,0.0,0.0,5996000.0,12563000.0,0.0,1505000.0,-329000.0,-0.030664554012489513,-1834000.0,-0.17093857768664367,424000.0,-1410000.0,-0.13141951719638365,601000.0,-2011000.0,-0.18743592133470036,-0.04,-0.04,48995948,48995948,https://www.sec.gov/Archives/edgar/data/1277866/000127956908000416/0001279569-08-000416-index.html,https://www.sec.gov/Archives/edgar/data/1277866/000127956908000416/endeavour6k.htm,1620591895,16:24:55,20210509
52,2007-12-31,EXK,USD,2008-04-01 00:00:00,2008-04-01 12:10:48,Q4,10997843.674456,8789303.988719,2208539.685737,0.20081570088749634,0.0,1766673.650282,0.0,0.0,5006668.815471,13795972.80419,0.0,1489982.473811,-1308146.6559230003,-0.11894574015098526,-2798129.129734,-0.2544252503091164,-282755.237712,-4563884.367446,-0.4149799272057528,1148980.862208,-4228462.530218,-0.3844810542305837,-0.0891286461041183,-0.0891286461041183,47442239,47442239,https://www.sec.gov/Archives/edgar/data/1277866/000127956908000416/0001279569-08-000416-index.html,https://www.sec.gov/Archives/edgar/data/1277866/000127956908000416/endeavour6k.htm,1620591895,16:24:55,20210509
53,2007-09-30,EXK,USD,2007-10-16 00:00:00,2007-10-16 16:33:24,Q3,7693272.56245,6878502.215955,814770.346495,0.10590686081652723,0.0,656620.668815,0.0,0.0,3392206.889605,10270709.10556,0.0,1626670.414869,-950766.128241,-0.12358409513288048,-2577436.54311,-0.33502472740796657,437413.376309,-2140023.166801,-0.2781681201893474,1514431.90975,-3654455.076551,-0.47501957676476786,-0.080077,-0.080077,47442239,47442239,https://www.sec.gov/Archives/edgar/data/1277866/000106299307004051/0001062993-07-004051-index.html,https://www.sec.gov/Archives/edgar/data/1277866/000106299307004051/form6k.htm,1620591895,16:24:55,20210509
54,2007-06-30,EXK,USD,2007-07-11 00:00:00,2007-07-11 16:43:39,Q2,6374199.154533,5083386.566463,1290812.58807,0.20250584532678761,0.0,5194198.215124,0.0,0.0,7130916.862377,12214303.42884,0.0,606732.340169,-5233371.934138,-0.8210242270852641,-5840104.274307,-0.9162098849945441,1986634.100517,-3853470.173791,-0.6045418538657695,-1780981.681541,-2072488.49225,-0.32513707871461056,-0.049967,-0.049967,45512687,45512687,https://www.sec.gov/Archives/edgar/data/1277866/000106299307002621/0001062993-07-002621-index.html,https://www.sec.gov/Archives/edgar/data/1277866/000106299307002621/form6k.htm,1620591895,16:24:55,20210509
55,2007-03-31,EXK,USD,2007-04-03 00:00:00,2007-04-02 18:27:37,Q1,7227095.180305,3565566.920943,3661528.259362,0.5066389978286511,0.0,1883242.891817,0.0,0.0,4611146.84466,8176713.765603,0.0,958614.771151,8996.185853000032,0.0012447858549747746,-949618.585298,-0.1313969944502549,485804.43828,-463813.280166,-0.06417699900092169,290883.321775,-2237101.248266,-0.3095436260978631,-0.05,-0.05,43077054,43077054,https://www.sec.gov/Archives/edgar/data/1277866/000106299307001163/0001062993-07-001163-index.html,https://www.sec.gov/Archives/edgar/data/1277866/000106299307001163/form6k.htm,1620591895,16:24:55,20210509
56,2006-12-31,EXK,USD,2006-12-31,2006-12-31,Q4,5459030.634718,-4721617.409995,10180648.044713,1.8649186505689772,0.0,1261518.5091,0.0,0.0,11168640.33145,6447022.921456,0.0,984037.536246,-3954.750492000021,-0.0007244418939232265,-987992.286738,-0.18098309990323716,896962.34961,168509.727048,0.03086806767053521,329225.366531,-160715.639484,-0.029440325625192647,-0.004005563365148335,-0.004005563365148335,40123105,40123105,,,1620591895,16:24:55,20210509
57,2006-09-30,EXK,USD,2006-09-30,2006-09-30,Q3,2848786.494716,1941899.516389,906886.978327,0.31834150435952874,0.0,581569.048898,0.0,0.0,899879.992835,2841779.509224,0.0,315270.943285,322277.928777,0.11312814399210651,7006.985492,0.002459638693526781,122119.828049,75073.43722,0.026352777703505716,230224.78954,-155151.35232,-0.05446226054770289,-0.003867,-0.003867,40123105,40123105,,,1620591895,16:24:55,20210509
58,2006-06-30,EXK,USD,2006-06-30,2006-06-30,Q2,4768443.72644,1580506.192784,3187937.533656,0.6685488424618642,0.0,2363130.497218,0.0,0.0,3196015.078083,4776521.270867,0.0,852111.418471,844033.8740450001,0.17700405466987326,-8077.544426,-0.0016939582155938518,-526835.397595,0.0,0.0,0.0,-1256506.910788,-0.2635046113307237,-0.0359,-0.0359,35000000,35000000,,,1620591895,16:24:55,20210509
59,2006-03-31,EXK,USD,2006-03-31,2006-03-31,Q1,2218219.248585,1351003.602676,867215.645908,0.3909512761018533,0.0,2070681.077372,0.0,0.0,2485846.628924,3836850.231601,0.0,415165.551553,-1203465.431463,-0.5425367362719845,-1618630.983016,-0.729698375869979,21444.50163,0.0,0.0,0.0,-1654657.745754,-0.7459396751739056,-0.051467,-0.051467,32150000,32150000,,,1620591895,16:24:55,20210509
60,2005-08-31,EXK,USD,2005-08-31,2005-08-31,Q4,0.0,0.0,0.0,0.0,0.0,316022.732056,0.0,0.0,364179.330667,364179.330667,0.0,0.0,197225.005262,0.0,-364179.330667,0.0,-513247.737318,0.0,0.0,0.0,-861796.674384,0.0,-0.042096,-0.042096,20471980,20471980,,,1620591895,16:24:55,20210509
61,2005-05-31,EXK,USD,2005-05-31,2005-05-31,Q3,0.0,0.0,0.0,0.0,0.0,832372.535582,0.0,0.0,832372.535582,832372.535582,0.0,0.0,-740119.216486,0.0,-832372.535582,0.0,-92253.319095,0.0,0.0,0.0,-921978.547408,0.0,-0.039845,-0.039845,23139080,23139080,,,1620591895,16:24:55,20210509
62,2005-02-28,EXK,USD,2005-02-28,2005-02-28,Q2,0.0,0.0,0.0,0.0,0.0,963940.219537,0.0,0.0,956270.163917,956270.163917,0.0,0.0,-1197838.858381,0.0,-956270.163917,0.0,241568.694464,0.0,0.0,0.0,-465547.770999,0.0,-0.020471421925215522,-0.020471421925215522,22741350,22741350,,,1620591895,16:24:55,20210509
63,2004-11-30,EXK,USD,2004-11-30,2004-11-30,Q1,0.0,0.0,0.0,0.0,0.0,195730.901067,0.0,0.0,236334.082889,236334.082889,0.0,0.0,-236334.082889,0.0,-236334.082889,0.0,0.0,0.0,0.0,0.0,-383054.144875,0.0,-0.016844,-0.016844,22741350,22741350,,,1620591895,16:24:55,20210509
64,2004-08-31,EXK,USD,2004-08-31,2004-08-31,Q4,0.0,0.0,0.0,0.0,0.0,208639.577048,0.0,0.0,254110.674346,254110.674346,0.0,0.0,-237348.020843,0.0,-254110.674346,0.0,-16762.653503,0.0,0.0,0.0,-306925.526404,0.0,-0.060944,-0.060944,18088268,18088268,,,1620591895,16:24:55,20210509
65,2004-05-31,EXK,USD,2004-05-31,2004-05-31,Q3,0.0,0.0,0.0,0.0,0.0,635742.072813,0.0,0.0,780542.425132,780542.425132,0.0,0.0,-774892.102173,0.0,-780542.425132,0.0,-5650.322959,0.0,0.0,0.0,-776775.543159,0.0,-0.05138,-0.05138,11131550,11131550,,,1620591895,16:24:55,20210509
