,date,symbol,reportedCurrency,fillingDate,acceptedDate,period,revenue,costOfRevenue,grossProfit,grossProfitRatio,researchAndDevelopmentExpenses,generalAndAdministrativeExpenses,sellingAndMarketingExpenses,otherExpenses,operatingExpenses,costAndExpenses,interestExpense,depreciationAndAmortization,ebitda,ebitdaratio,operatingIncome,operatingIncomeRatio,totalOtherIncomeExpensesNet,incomeBeforeTax,incomeBeforeTaxRatio,incomeTaxExpense,netIncome,netIncomeRatio,eps,epsdiluted,weightedAverageShsOut,weightedAverageShsOutDil,link,finalLink,timestamp,est_time,est_date
0,2020-12-31,CNSL,USD,2021-02-26,2021-02-26 11:50:58,Q4,326124000,138927000,187197000,0.5740055929646393,0.0,77682000.0,0.0,26258000.0,158522000,297449000,48376000.0,80840000.0,109515000,0.3358078522279869,28675000.0,0.0879266781960236,9907000.0,-9794000.0,-0.030031521752462254,-2956000.0,-6920000.0,-0.02121892286369602,-0.09,-0.09,77515000.0,77515000.0,https://www.sec.gov/Archives/edgar/data/1304421/000155837021001947/0001558370-21-001947-index.htm,https://www.sec.gov/Archives/edgar/data/1304421/000155837021001947/cnsl-20201231x10k.htm,1620590501,16:01:41,20210509
1,2020-09-30,CNSL,USD,2020-10-30,2020-10-30 16:58:15,Q3,327066000,144428000,182638000,0.558413286614934,0.0,65066000.0,0.0,1957000.0,145286000,289714000,0.0,80220000.0,117572000,0.3594748460555362,37352000.0,0.11420324949704341,13467000.0,19158000.0,0.058575333418942964,4576000.0,14510000.0,0.04436413445604251,0.2,0.2,71153000.0,71153000.0,https://www.sec.gov/Archives/edgar/data/1304421/000155837020012166/0001558370-20-012166-index.htm,https://www.sec.gov/Archives/edgar/data/1304421/000155837020012166/cnsl-20200930x10q.htm,1620590501,16:01:41,20210509
2,2020-06-30,CNSL,USD,2020-07-31,2020-07-31 15:34:53,Q2,325176000,139534000,185642000,0.5708969911678599,0.0,64796000.0,0.0,709000.0,145862000,285396000,0.0,81066000.0,120846000,0.3716325928112776,39780000.0,0.12233375156838143,9889000.0,18210000.0,0.05600044283710975,4275000.0,13840000.0,0.04256156665928605,0.19,0.19,71153000.0,71153000.0,https://www.sec.gov/Archives/edgar/data/1304421/000155837020008887/0001558370-20-008887-index.htm,https://www.sec.gov/Archives/edgar/data/1304421/000155837020008887/cnsl-20200630x10q.htm,1620590501,16:01:41,20210509
3,2020-03-31,CNSL,USD,2020-05-01 00:00:00,2020-05-01 17:10:41,Q1,325662000,137755000,187907000,0.5770000798373774,0.0,67817000.0,0.0,4594000.0,150555000,288310000,0.0,82738000.0,120090000,0.3687565635536231,37352000.0,0.11469560464530709,15407000.0,20664000.0,0.06345229102566464,5041000.0,15547000.0,0.04773968101897059,0.22,0.22,71153000.0,71153000.0,https://www.sec.gov/Archives/edgar/data/1304421/000155837020004939/0001558370-20-004939-index.html,https://www.sec.gov/Archives/edgar/data/1304421/000155837020004939/cnsl-20200501x10q.htm,1620590501,16:01:41,20210509
4,2019-12-31,CNSL,USD,2020-02-28 00:00:00,2020-02-28 15:40:01,Q4,331035000,136201000,194834000,0.588560122041476,0.0,76473000.0,0.0,-7769000.0,168115000,304316000,0.0,91642000.0,118361000,0.3575482954974549,26719000.0,0.08071351971845878,2854000.0,-3817000.0,-0.011530502816922682,2005000.0,-5988000.0,-0.018088721736372288,-0.08,-0.08,70909000.0,70909000.0,https://www.sec.gov/Archives/edgar/data/1304421/000155837020001763/0001558370-20-001763-index.html,https://www.sec.gov/Archives/edgar/data/1304421/000155837020001763/cnsl-20191231x10k829a6e.htm,1620590501,16:01:41,20210509
5,2019-09-30,CNSL,USD,2019-11-01 00:00:00,2019-11-01 15:27:23,Q3,333326000,146636000,186690000,0.5600823218110799,0.0,70100000.0,0.0,-74000.0,163148000,309784000,0.0,93048000.0,116590000,0.3497776951092924,23542000.0,0.07062755380618374,12301000.0,1593000.0,0.004779105140313087,1204000.0,257000.0,0.0007710169623731722,0.003629,0.003629,70813000.0,70813000.0,https://www.sec.gov/Archives/edgar/data/1304421/000155837019009695/0001558370-19-009695-index.html,https://www.sec.gov/Archives/edgar/data/1304421/000155837019009695/cnsl-20190930x10q391aa1.htm,1620590501,16:01:41,20210509
6,2019-06-30,CNSL,USD,2019-08-02 00:00:00,2019-08-02 14:47:16,Q2,333532000,143780000,189752000,0.5689169255123946,0.0,78148000.0,0.0,-1652000.0,175452000,319232000,0.0,97304000.0,111604000,0.334612570907739,14300000.0,0.04287444682968951,9347000.0,-11090000.0,-0.03325018289099697,-3778000.0,-7387000.0,-0.022147799911252892,-0.1,-0.1,70813000.0,70813000.0,https://www.sec.gov/Archives/edgar/data/1304421/000155837019006936/0001558370-19-006936-index.html,https://www.sec.gov/Archives/edgar/data/1304421/000155837019006936/cnsl-20190630x10q.htm,1620590501,16:01:41,20210509
7,2019-03-31,CNSL,USD,2019-04-26 00:00:00,2019-04-26 15:31:46,Q1,338649000,148319000,190330000,0.5620273498519116,0.0,74367000.0,0.0,-1369000.0,173610000,321929000,0.0,99243000.0,115963000,0.342428295964258,16720000.0,0.04937265428216236,7232000.0,-10331000.0,-0.03050651264288393,-3145000.0,-7265000.0,-0.02145289075119076,-0.11,-0.11,70813000.0,70813000.0,https://www.sec.gov/Archives/edgar/data/1304421/000155837019003389/0001558370-19-003389-index.html,https://www.sec.gov/Archives/edgar/data/1304421/000155837019003389/cnsl-20190331x10q.htm,1620590501,16:01:41,20210509
8,2018-12-31,CNSL,USD,2019-02-26 00:00:00,2019-02-25 18:59:48,Q4,344750000,154656000,190094000,0.5513966642494561,0.0,81315000.0,0.0,-646000.0,185224000,339880000,0.0,103909000.0,108779000,0.31553009427121104,4870000.0,0.014126178390137781,9754000.0,-20875000.0,-0.06055112400290065,-6877000.0,-13979000.0,-0.040548223350253806,-0.2,-0.2,70658000.0,70658000.0,https://www.sec.gov/Archives/edgar/data/1304421/000155837019001019/0001558370-19-001019-index.html,https://www.sec.gov/Archives/edgar/data/1304421/000155837019001019/cnsl-20181231x10k.htm,1620590501,16:01:41,20210509
9,2018-09-30,CNSL,USD,2018-11-02 00:00:00,2018-11-02 16:41:14,Q3,348064000,152942000,195122000,0.5605923048634733,0.0,85544000.0,0.0,715000.0,194663000,347605000,0.0,0.0,101036000,0.2902799485152156,459000.0,0.001318722993472465,9257000.0,-23808000.0,-0.06840121356991817,-8993000.0,-14914000.0,-0.04284844166590052,-0.21,-0.21,70598000.0,70598000.0,https://www.sec.gov/Archives/edgar/data/1304421/000155837018008383/0001558370-18-008383-index.html,https://www.sec.gov/Archives/edgar/data/1304421/000155837018008383/cnsl-20180930x10q.htm,1620590501,16:01:41,20210509
10,2018-06-30,CNSL,USD,2018-08-03 00:00:00,2018-08-03 17:16:47,Q2,350221000,151358000,198863000,0.5678214613058612,0.0,81128000.0,0.0,640000.0,192869000,344227000,0.0,111741000.0,117735000,0.33617344476773237,5994000.0,0.01711490744415669,12276000.0,-14569000.0,-0.04159944720619266,-4009000.0,-10643000.0,-0.030389382704064005,-0.15,-0.15,70598000.0,70598000.0,https://www.sec.gov/Archives/edgar/data/1304421/000155837018006371/0001558370-18-006371-index.html,https://www.sec.gov/Archives/edgar/data/1304421/000155837018006371/cnsl-20180630x10q.htm,1620590501,16:01:41,20210509
11,2018-03-31,CNSL,USD,2018-05-07 00:00:00,2018-05-04 19:51:46,Q1,356039000,152916000,203123000,0.570507725277287,0.0,85618000.0,0.0,606000.0,193517000,346433000,0.0,107899000.0,117505000,0.3300340693013968,9606000.0,0.026980190372403023,7664000.0,-15446000.0,-0.04338288782970405,-4248000.0,-11298000.0,-0.03173247874530599,-0.16,-0.16,70598000.0,70598000.0,https://www.sec.gov/Archives/edgar/data/1304421/000155837018004078/0001558370-18-004078-index.html,https://www.sec.gov/Archives/edgar/data/1304421/000155837018004078/cnsl-20180331x10q.htm,1620590501,16:01:41,20210509
12,2017-12-31,CNSL,USD,2018-03-01 00:00:00,2018-03-01 17:27:43,Q4,356360000,158975000,197385000,0.5538921315523628,0.0,83122000.0,0.0,-319000.0,187911000,346886000,0.0,104789000.0,114263000,0.3206392412167471,9474000.0,0.026585475361993488,5375000.0,-15041000.0,-0.04220731844202492,-115065000.0,99806000.0,0.28007071500729597,1.41,1.41,70516000.0,70516000.0,https://www.sec.gov/Archives/edgar/data/1304421/000155837018001412/0001558370-18-001412-index.html,https://www.sec.gov/Archives/edgar/data/1304421/000155837018001412/cnsl-20171231x10k.htm,1620590501,16:01:41,20210509
13,2017-09-30,CNSL,USD,2017-11-06 00:00:00,2017-11-03 19:16:43,Q3,363329000,145323000,218006000,0.6000236700070735,0.0,94459000.0,0.0,28000.0,198865000,344188000,0.0,104406000.0,123547000,0.34004167022175497,19141000.0,0.05268227969691382,-17517000.0,-34683000.0,-0.09545893666621712,-6289000.0,-28448000.0,-0.07829818153794495,-0.41,-0.41,69830000.0,69830000.0,https://www.sec.gov/Archives/edgar/data/1304421/000155837017008153/0001558370-17-008153-index.html,https://www.sec.gov/Archives/edgar/data/1304421/000155837017008153/cnsl-20170930x10q.htm,1620590501,16:01:41,20210509
14,2017-06-30,CNSL,USD,2017-08-04 00:00:00,2017-08-04 15:01:30,Q2,169950000,70376000,99574000,0.5859017358046484,0.0,35720000.0,0.0,119000.0,76203000,146579000,0.0,40483000.0,63854000,0.37572227125625185,23371000.0,0.1375169167402177,6522000.0,-4025000.0,-0.023683436304795528,-1399000.0,-2728000.0,-0.01605177993527508,-0.06,-0.06,50412000.0,50412000.0,https://www.sec.gov/Archives/edgar/data/1304421/000155837017005955/0001558370-17-005955-index.html,https://www.sec.gov/Archives/edgar/data/1304421/000155837017005955/cnsl-20170630x10q.htm,1620590501,16:01:41,20210509
15,2017-03-31,CNSL,USD,2017-05-05 00:00:00,2017-05-05 13:31:34,Q1,169935000,71391000,98544000,0.5798923117662635,0.0,36433000.0,0.0,-73000.0,78628000,150019000,0.0,0.0,58162000,0.3422602759878777,19916000.0,0.11719775208167829,3876000.0,-5879000.0,-0.03459558066319475,-2174000.0,-3685000.0,-0.02168476182069615,-0.07,-0.07,50410000.0,50410000.0,https://www.sec.gov/Archives/edgar/data/1304421/000155837017003632/0001558370-17-003632-index.html,https://www.sec.gov/Archives/edgar/data/1304421/000155837017003632/cnsl-20170331x10q.htm,1620590501,16:01:41,20210509
16,2016-12-31,CNSL,USD,2017-03-01 00:00:00,2017-02-28 21:37:31,Q4,175919000,76663000,99256000,0.5642142122226707,0.0,37447000.0,0.0,1505000.0,80602000,157265000,0.0,43155000.0,61809000,0.3513492004843138,18654000.0,0.10603743768438884,2068000.0,723000.0,0.004109846008674447,675000.0,-6000.0,-3.410660588111574e-05,-0.000119,-0.000119,50326000.0,50326000.0,https://www.sec.gov/Archives/edgar/data/1304421/000155837017001183/0001558370-17-001183-index.html,https://www.sec.gov/Archives/edgar/data/1304421/000155837017001183/cnsl-20161231x10k.htm,1620590501,16:01:41,20210509
17,2016-09-30,CNSL,USD,2016-11-04 00:00:00,2016-11-04 15:02:56,Q3,191541000,85646000,105895000,0.552858134811868,0.0,39935000.0,0.0,-316000.0,83159000,168805000,0.0,43224000.0,65960000,0.34436491403929187,22736000.0,0.11870043489383474,8419000.0,12080000.0,0.06306743725886364,4991000.0,7012000.0,0.03660835017045959,0.14,0.14,50294000.0,50294000.0,https://www.sec.gov/Archives/edgar/data/1304421/000155837016009340/0001558370-16-009340-index.html,https://www.sec.gov/Archives/edgar/data/1304421/000155837016009340/cnsl-20160930x10q.htm,1620590501,16:01:41,20210509
18,2016-06-30,CNSL,USD,2016-08-05 00:00:00,2016-08-05 15:24:23,Q2,186871000,80763000,106108000,0.567814160570661,0.0,39053000.0,0.0,-72000.0,82544000,163307000,0.0,43491000.0,67055000,0.35883042312611374,23564000.0,0.12609768235841837,8022000.0,12480000.0,0.06678403818677055,12323000.0,76000.0,0.0004066976684450771,0.001511,0.001511,50294000.0,50294000.0,https://www.sec.gov/Archives/edgar/data/1304421/000155837016007531/0001558370-16-007531-index.html,https://www.sec.gov/Archives/edgar/data/1304421/000155837016007531/cnsl-20160630x10q.htm,1620590501,16:01:41,20210509
19,2016-03-31,CNSL,USD,2016-05-06 00:00:00,2016-05-06 16:20:28,Q1,188846000,79720000,109126000,0.5778570899039429,0.0,40676000.0,0.0,14000.0,84816000,164536000,0.0,44140000.0,68450000,0.3624646537390254,24310000.0,0.12872922910731496,7211000.0,12875000.0,0.06817724495091239,4973000.0,7849000.0,0.04156296665007466,0.15,0.15,50289000.0,50289000.0,https://www.sec.gov/Archives/edgar/data/1304421/000155837016005559/0001558370-16-005559-index.html,https://www.sec.gov/Archives/edgar/data/1304421/000155837016005559/cnsl-20160331x10q.htm,1620590501,16:01:41,20210509
20,2015-12-31,CNSL,USD,2016-02-29 00:00:00,2016-02-26 19:03:20,Q4,188191000,78923000,109268000,0.5806228778209372,0.0,42545000.0,0.0,-1294000.0,89203000,168126000,0.0,46658000.0,66723000,0.35454936739801585,20065000.0,0.10662040161325462,8992000.0,9716000.0,0.051628398807594414,5033000.0,4682000.0,0.024878979334824726,0.09,0.09,50206000.0,50206000.0,https://www.sec.gov/Archives/edgar/data/1304421/000155837016003635/0001558370-16-003635-index.html,https://www.sec.gov/Archives/edgar/data/1304421/000155837016003635/cnsl-20151231x10k.htm,1620590501,16:01:41,20210509
21,2015-09-30,CNSL,USD,2015-11-06 00:00:00,2015-11-06 14:03:00,Q3,193958000,83209000,110749000,0.5709947514410336,0.0,50649000.0,0.0,-110000.0,96706000,179915000,0.0,46057000.0,60100000,0.309860897720125,14043000.0,0.07240227265696697,10096000.0,4965000.0,0.025598325410655914,2220000.0,2595000.0,0.013379185184421369,0.05,0.05,50174000.0,50174000.0,https://www.sec.gov/Archives/edgar/data/1304421/000155837015002420/0001558370-15-002420-index.html,https://www.sec.gov/Archives/edgar/data/1304421/000155837015002420/cnsl-20150930x10q.htm,1620590501,16:01:41,20210509
22,2015-06-30,CNSL,USD,2015-08-07 00:00:00,2015-08-07 13:45:18,Q2,201010000,86376000,114634000,0.5702900353216258,0.0,43085000.0,0.0,-40000.0,86736000,173112000,0.0,43651000.0,71549000,0.3559474653002338,27898000.0,0.13878911496940452,-32501000.0,-25032000.0,-0.12453111785483309,-9104000.0,-15968000.0,-0.07943883388886125,-0.32,-0.32,50175000.0,50175000.0,https://www.sec.gov/Archives/edgar/data/1304421/000110465915057636/0001104659-15-057636-index.html,https://www.sec.gov/Archives/edgar/data/1304421/000110465915057636/a15-11872_110q.htm,1620590501,16:01:41,20210509
23,2015-03-31,CNSL,USD,2015-05-07 00:00:00,2015-05-07 16:46:35,Q1,192578000,79892000,112686000,0.5851447205807517,0.0,41948000.0,0.0,-57000.0,85504000,165396000,0.0,0.0,64734000,0.33614431555006286,27182000.0,0.14114800236787173,5947000.0,12455000.0,0.06467509268971533,4626000.0,7810000.0,0.0405549958977661,0.15,0.15,50148000.0,50148000.0,https://www.sec.gov/Archives/edgar/data/1304421/000110465915035633/0001104659-15-035633-index.html,https://www.sec.gov/Archives/edgar/data/1304421/000110465915035633/a15-6814_110q.htm,1620590501,16:01:41,20210509
24,2014-12-31,CNSL,USD,2015-03-02,2015-02-27 18:43:59,Q4,186014000,75008000,111006000,0.5967615340780802,0.0,42691000.0,0.0,-106000.0,85611000,160619000,0.0,42920000.0,68315000,0.3672573032137366,25395000.0,0.1365219822163923,-15161000.0,-12023000.0,-0.06463491995226166,-1353000.0,-10706000.0,-0.05755480770264604,-0.22,-0.22,50053000.0,50053000.0,https://www.sec.gov/Archives/edgar/data/1304421/000110465915015377/a14-26241_110k.htm,https://www.sec.gov/Archives/edgar/data/1304421/000110465915015377/a14-26241_110k.htm,1620590501,16:01:41,20210509
25,2014-09-30,CNSL,USD,2014-11-10 00:00:00,2014-11-10 15:41:11,Q3,149040000,56435000,92605000,0.6213432635534085,0.0,32659000.0,0.0,293000.0,67627000,124062000,0.0,34968000.0,59946000,0.40221417069243154,24978000.0,0.1675925925925926,7879000.0,12136000.0,0.08142780461621041,4387000.0,7642000.0,0.05127482555018787,0.19,0.19,39877000.0,39877000.0,https://www.sec.gov/Archives/edgar/data/1304421/000110465914078920/0001104659-14-078920-index.html,https://www.sec.gov/Archives/edgar/data/1304421/000110465914078920/a14-19616_110q.htm,1620590501,16:01:41,20210509
26,2014-06-30,CNSL,USD,2014-08-01 00:00:00,2014-08-01 16:29:01,Q2,151036000,55918000,95118000,0.6297703858682698,0.0,32711000.0,0.0,-252000.0,68716000,124634000,0.0,36005000.0,62407000,0.4131928811674038,26402000.0,0.17480600651500305,8084000.0,14758000.0,0.09771180380836357,4871000.0,9807000.0,0.06493153950051643,0.24,0.24,39877000.0,39877000.0,https://www.sec.gov/Archives/edgar/data/1304421/000110465914056061/0001104659-14-056061-index.html,https://www.sec.gov/Archives/edgar/data/1304421/000110465914056061/a14-13853_110q.htm,1620590501,16:01:41,20210509
27,2014-03-31,CNSL,USD,2014-05-02 00:00:00,2014-05-02 16:05:10,Q1,149648000,55300000,94348000,0.630466160590185,0.0,32864000.0,0.0,-903000.0,68406000,123706000,0.0,35542000.0,61484000,0.4108574788837806,25942000.0,0.17335346947503474,7433000.0,13544000.0,0.09050572008981075,5122000.0,8324000.0,0.05562386400085534,0.2,0.2,41620000.0,41620000.0,https://www.sec.gov/Archives/edgar/data/1304421/000110465914034092/0001104659-14-034092-index.html,https://www.sec.gov/Archives/edgar/data/1304421/000110465914034092/a14-7871_110q.htm,1620590501,16:01:41,20210509
28,2013-12-31,CNSL,USD,2014-03-05,2014-03-05 16:01:11,Q4,147956000,55678000,92278000,0.6236854199897267,0.0,35029000.0,0.0,256000.0,69997000,125675000,0.0,34968000.0,57249000,0.3869326015842548,22281000.0,0.15059206791208196,3066000.0,5509000.0,0.03723404255319149,2293000.0,3140000.0,0.021222525615723593,0.08,0.08,39790000.0,39790000.0,https://www.sec.gov/Archives/edgar/data/1304421/000110465914016384/a13-24828_110k.htm,https://www.sec.gov/Archives/edgar/data/1304421/000110465914016384/a13-24828_110k.htm,1620590501,16:01:41,20210509
29,2013-09-30,CNSL,USD,2013-11-07 00:00:00,2013-11-07 16:47:47,Q3,150773000,55780000,94993000,0.6300398612483668,0.0,33715000.0,0.0,-687000.0,68471000,124251000,0.0,0.0,51946000,0.3445311826388014,26522000.0,0.17590682681912545,8645000.0,14535000.0,0.09640320216484384,4205000.0,11694000.0,0.07756030589031193,0.29,0.29,39755000.0,39755000.0,https://www.sec.gov/Archives/edgar/data/1304421/000110465913082354/0001104659-13-082354-index.html,https://www.sec.gov/Archives/edgar/data/1304421/000110465913082354/a13-19517_110q.htm,1620590501,16:01:41,20210509
30,2013-06-30,CNSL,USD,2013-08-08 00:00:00,2013-08-08 14:19:42,Q2,151320000,55942000,95378000,0.6303066349458102,0.0,33544000.0,0.0,82000.0,68253000,124195000,0.0,0.0,53319000,0.3523592386994449,27125000.0,0.1792558815754692,8597000.0,15025000.0,0.09929288924134284,5465000.0,9194000.0,0.06075865715040973,0.22,0.22,39755000.0,39755000.0,https://www.sec.gov/Archives/edgar/data/1304421/000110465913061608/0001104659-13-061608-index.html,https://www.sec.gov/Archives/edgar/data/1304421/000110465913061608/a13-13569_110q.htm,1620590501,16:01:41,20210509
31,2013-03-31,CNSL,USD,2013-05-09 00:00:00,2013-05-09 15:18:58,Q1,156295000,58332000,97963000,0.6267826865862631,0.0,34275000.0,0.0,-107000.0,69386000,127718000,0.0,0.0,55083000,0.3524297002463291,28577000.0,0.18284014203909274,8498000.0,12475000.0,0.0798170127003423,5593000.0,6783000.0,0.04339870117406187,0.17,0.17,39755000.0,39755000.0,https://www.sec.gov/Archives/edgar/data/1304421/000110465913039538/0001104659-13-039538-index.html,https://www.sec.gov/Archives/edgar/data/1304421/000110465913039538/a13-8480_110q.htm,1620590501,16:01:41,20210509
32,2012-12-31,CNSL,USD,2013-03-12 00:00:00,2013-03-12 15:16:13,Q4,160076000,61764000,98312000,0.6141582748194607,0.0,16616000.0,0.0,9380000.0,56334000,118098000,0.0,38670000.0,80648000,0.503810689922287,41978000.0,0.2622379369799345,-18798000.0,2693000.0,0.0168232589519978,1122000.0,1406000.0,0.008783327919238361,0.051658,0.05,39877998.0,39877998.0,https://www.sec.gov/Archives/edgar/data/1304421/000110465913019701/0001104659-13-019701-index.html,https://www.sec.gov/Archives/edgar/data/1304421/000110465913019701/a12-29323_110k.htm,1620590501,16:01:41,20210509
33,2012-09-30,CNSL,USD,2012-11-02 00:00:00,2012-11-02 17:21:11,Q3,157012000,59589000,97423000,0.6204812371028966,0.0,50093000.0,0.0,0.0,87345000,146934000,20624000.0,0.0,47330000,0.3014419280055028,10078000.0,0.06418617685272464,8461000.0,-2085000.0,-0.013279239803327134,-1895000.0,-311000.0,-0.0019807403255802103,-0.01,-0.01,39439000.0,39439000.0,https://www.sec.gov/Archives/edgar/data/1304421/000110465912073761/0001104659-12-073761-index.html,https://www.sec.gov/Archives/edgar/data/1304421/000110465912073761/a12-19976_110q.htm,1620590501,16:01:41,20210509
34,2012-06-30,CNSL,USD,2012-08-06 00:00:00,2012-08-06 10:48:03,Q2,93005000,36526000,56479000,0.6072684264286866,0.0,20558000.0,0.0,0.0,42427000,78953000,16935000.0,21869000.0,35921000,0.3862265469598409,14052000.0,0.15108865114778774,6947000.0,4106000.0,0.04414816407720015,1200000.0,2786000.0,0.02995537874307833,0.09,0.09,29689000.0,29689000.0,https://www.sec.gov/Archives/edgar/data/1304421/000110465912054430/0001104659-12-054430-index.html,https://www.sec.gov/Archives/edgar/data/1304421/000110465912054430/a12-13821_110q.htm,1620590501,16:01:41,20210509
35,2012-03-31,CNSL,USD,2012-05-04,2012-05-04 10:15:44,Q1,93364000,35864000,57500000,0.615869071590763,0.0,24350000.0,0.0,0.0,46487000,82351000,14600000.0,22137000.0,33150000,0.35506190823015293,11013000.0,0.1179576710509404,6480000.0,2893000.0,0.030986247375862218,1009000.0,1759000.0,0.018840238207446125,0.06,0.06,29689000.0,29689000.0,https://www.sec.gov/Archives/edgar/data/1304421/000110465912015589/a11-30031_110k.htm,https://www.sec.gov/Archives/edgar/data/1304421/000110465912015589/a11-30031_110k.htm,1620590501,16:01:41,20210509
36,2011-12-31,CNSL,USD,2011-12-31,2011-12-31,Q4,93651000,35400000,58251000,0.6220008328795208,0.0,20056000.0,0.0,0.0,42495000,77895000,11753000.0,22439000.0,38195000,0.4078440166148786,15756000.0,0.16824166319633532,8296000.0,12441000.0,0.132844283563443,4435000.0,7876000.0,0.08409947571301961,0.26528343831048534,0.26528343831048534,29689000.0,29689000.0,https://www.sec.gov/Archives/edgar/data/1304421/000110465912015589/0001104659-12-015589-index.html,https://www.sec.gov/Archives/edgar/data/1304421/000110465912015589/a11-30031_110k.htm,1620590501,16:01:41,20210509
37,2011-09-30,CNSL,USD,2011-11-03 00:00:00,2011-11-03 12:30:10,Q3,92548000,33913000,58635000,0.6335631240005186,0.0,21257000.0,0.0,0.0,43418000,77331000,13447000.0,22161000.0,37378000,0.40387690711846824,15217000.0,0.16442278601374422,6919000.0,8689000.0,0.09388641569780005,2723000.0,5818000.0,0.06286467562778233,0.19,0.19,29593000.0,29593000.0,https://www.sec.gov/Archives/edgar/data/1304421/000110465911060457/0001104659-11-060457-index.html,https://www.sec.gov/Archives/edgar/data/1304421/000110465911060457/a11-25626_110q.htm,1620590501,16:01:41,20210509
38,2011-06-30,CNSL,USD,2011-08-04 00:00:00,2011-08-04 14:52:07,Q2,92623000,34267000,58356000,0.6300378955550997,0.0,21687000.0,0.0,0.0,43674000,77941000,12434000.0,21987000.0,36669000,0.39589518802025414,14682000.0,0.15851354415210045,6307000.0,8592000.0,0.09276313658594518,3079000.0,5351000.0,0.05777182773177288,0.18,0.18,29593000.0,29593000.0,https://www.sec.gov/Archives/edgar/data/1304421/000110465911043653/0001104659-11-043653-index.html,https://www.sec.gov/Archives/edgar/data/1304421/000110465911043653/a11-13799_110q.htm,1620590501,16:01:41,20210509
39,2011-03-31,CNSL,USD,2011-05-06 00:00:00,2011-05-06 11:06:19,Q1,95441000,35684000,59757000,0.626114562923691,0.0,20699000.0,0.0,0.0,42857000,78541000,11976000.0,22158000.0,39058000,0.4092371203151685,16900000.0,0.17707274651355287,7144000.0,12105000.0,0.12683228381932293,4608000.0,7365000.0,0.07716809337706017,0.25,0.25,29593000.0,29593000.0,https://www.sec.gov/Archives/edgar/data/1304421/000110465911026659/0001104659-11-026659-index.html,https://www.sec.gov/Archives/edgar/data/1304421/000110465911026659/a11-8129_110q.htm,1620590501,16:01:41,20210509
40,2010-12-31,CNSL,USD,2011-03-04,2011-03-04 16:29:40,Q4,93751000,34342000,59409000,0.6336892406480997,0.0,22146000.0,0.0,0.0,44368000,78710000,12986000.0,22222000.0,37263000,0.39746776034388964,15041000.0,0.16043562202003178,6960000.0,8936000.0,0.095316316625956,1976000.0,6788000.0,0.0724045610180158,0.22937856925624303,0.22937856925624303,29593000.0,29593000.0,https://www.sec.gov/Archives/edgar/data/1304421/000110465911012456/a11-7197_110k.htm,https://www.sec.gov/Archives/edgar/data/1304421/000110465911012456/a11-7197_110k.htm,1620590501,16:01:41,20210509
41,2010-09-30,CNSL,USD,2010-11-05 00:00:00,2010-11-05 09:57:23,Q3,95576000,36371000,59205000,0.6194546748137608,0.0,21686000.0,0.0,0.0,43604000,79975000,11764000.0,21918000.0,37519000,0.39255670879718757,15601000.0,0.163231355151921,7040000.0,10918000.0,0.114233698836528,-1049000.0,11837000.0,0.12384908345191262,0.4,0.4,29483000.0,29483000.0,https://www.sec.gov/Archives/edgar/data/1304421/000110465910056340/0001104659-10-056340-index.html,https://www.sec.gov/Archives/edgar/data/1304421/000110465910056340/a10-17653_110q.htm,1620590501,16:01:41,20210509
42,2010-06-30,CNSL,USD,2010-08-06 00:00:00,2010-08-06 09:29:53,Q2,95737000,35649000,60088000,0.6276361281427243,0.0,21390000.0,0.0,0.0,42850000,78499000,13069000.0,21460000.0,38698000,0.404211537858926,17238000.0,0.18005577780795304,6620000.0,10811000.0,0.11292394789893145,3638000.0,7049000.0,0.07362879555448781,0.236364,0.236364,29483000.0,29483000.0,https://www.sec.gov/Archives/edgar/data/1304421/000110465910042576/0001104659-10-042576-index.html,https://www.sec.gov/Archives/edgar/data/1304421/000110465910042576/a10-13053_110q.htm,1620590501,16:01:41,20210509
43,2010-03-31,CNSL,USD,2010-05-07 00:00:00,2010-05-07 13:23:05,Q1,98302000,35940000,62362000,0.6343919757482045,0.0,22803000.0,0.0,0.0,44345000,80285000,12921000.0,21542000.0,39559000,0.4024231450021363,18017000.0,0.18328213057720086,6366000.0,11478000.0,0.11676262944802751,4427000.0,6920000.0,0.07039531240463062,0.232039,0.23,29822604.0,29822604.0,https://www.sec.gov/Archives/edgar/data/1304421/000110465910026799/0001104659-10-026799-index.html,https://www.sec.gov/Archives/edgar/data/1304421/000110465910026799/a10-9629_110q.htm,1620590501,16:01:41,20210509
44,2009-12-31,CNSL,USD,2010-03-08 00:00:00,2010-03-08 17:26:48,Q4,100825000,36865000,63960000,0.6343664765683115,0.0,25447000.0,0.0,0.0,46675000,83540000,14150000.0,21228000.0,38513000,0.38197867592363005,17285000.0,0.17143565583932557,6485000.0,9629000.0,0.09550210761219935,2333000.0,7035000.0,0.06977436151748079,0.23589489368534014,0.23589489368534014,29822604.0,29822604.0,https://www.sec.gov/Archives/edgar/data/1304421/000095012310022157/0000950123-10-022157-index.html,https://www.sec.gov/Archives/edgar/data/1304421/000095012310022157/c97463e10vk.htm,1620590501,16:01:41,20210509
45,2009-09-30,CNSL,USD,2009-11-06 00:00:00,2009-11-06 15:05:54,Q3,101590000,36151000,65439000,0.6441480460675263,0.0,25600000.0,0.0,0.0,46941000,83092000,14785000.0,21341000.0,39839000,0.3921547396397283,18498000.0,0.18208485087114873,6054000.0,9777000.0,0.0962397873806477,2494000.0,7057000.0,0.06946549857269416,0.24,0.24,29389000.0,29389000.0,https://www.sec.gov/Archives/edgar/data/1304421/000095012309059223/0000950123-09-059223-index.html,https://www.sec.gov/Archives/edgar/data/1304421/000095012309059223/c92161e10vq.htm,1620590501,16:01:41,20210509
46,2009-06-30,CNSL,USD,2009-08-07 00:00:00,2009-08-07 11:02:22,Q2,102042000,36344000,65698000,0.6438329315379941,0.0,25850000.0,0.0,0.0,46831000,83175000,14564000.0,20981000.0,39848000,0.39050587013190646,18867000.0,0.1848944552243194,8527000.0,12845000.0,0.12587953979733835,5186000.0,7523000.0,0.07372454479528037,0.26,0.25,29389150.0,29674395.0,https://www.sec.gov/Archives/edgar/data/1304421/000095012309031794/0000950123-09-031794-index.html,https://www.sec.gov/Archives/edgar/data/1304421/000095012309031794/c88929e10vq.htm,1620590501,16:01:41,20210509
47,2009-03-31,CNSL,USD,2009-05-08 00:00:00,2009-05-08 15:51:00,Q1,101710000,36100000,65610000,0.6450693147183167,0.0,27877000.0,0.0,0.0,49554000,85654000,14492000.0,21677000.0,37733000,0.37098613705633665,16056000.0,0.15786058401337136,4497000.0,6083000.0,0.05980729525120441,2386000.0,3697000.0,0.03634844164782224,0.1258065554573468,0.12504519232014843,29386386.0,29565311.0,https://www.sec.gov/Archives/edgar/data/1304421/000136231009006933/0001362310-09-006933-index.html,https://www.sec.gov/Archives/edgar/data/1304421/000136231009006933/c85010e10vq.htm,1620590501,16:01:41,20210509
48,2008-12-31,CNSL,USD,2009-03-16 00:00:00,2009-03-16 16:33:41,Q4,102742000,35814000,66928000,0.6514181152790485,0.0,27552000.0,0.0,0.0,57218000,93032000,0.0,22497000.0,32207000,0.3134745284304374,9710000.0,0.09450857487687606,-1156000.0,-4367000.0,-0.04250452589982675,-771000.0,3644000.0,0.035467481653072744,0.124002999211948,0.124002999211948,29386386.0,29386386.0,https://www.sec.gov/Archives/edgar/data/1304421/000136231009003899/0001362310-09-003899-index.html,https://www.sec.gov/Archives/edgar/data/1304421/000136231009003899/c82549e10vk.htm,1620590501,16:01:41,20210509
49,2008-09-30,CNSL,USD,2008-11-07 00:00:00,2008-11-07 14:53:03,Q3,103824000,37778000,66046000,0.6361342271536446,0.0,26162000.0,0.0,0.0,49003000,86781000,0.0,23154000.0,40197000,0.38716481738326397,17043000.0,0.16415279704114655,5931000.0,9233000.0,0.08892934196332254,4262000.0,4971000.0,0.0478791030975497,0.16957044541663469,0.16834020855154036,29315250.0,29529487.0,https://www.sec.gov/Archives/edgar/data/1304421/000136231008006863/0001362310-08-006863-index.html,https://www.sec.gov/Archives/edgar/data/1304421/000136231008006863/c76831e10vq.htm,1620590501,16:01:41,20210509
50,2008-06-30,CNSL,USD,2008-08-08 00:00:00,2008-08-07 18:19:54,Q2,106444000,36108000,70336000,0.6607793769493818,0.0,26911000.0,0.0,0.0,49261000,85369000,0.0,22663000.0,43738000,0.41090150689564464,21075000.0,0.1979914321145391,-4508000.0,450000.0,0.004227575062943896,270000.0,180000.0,0.0016910300251775582,0.0061401488986107915,0.006095642665299436,29315250.0,29529290.0,https://www.sec.gov/Archives/edgar/data/1304421/000136231008004299/0001362310-08-004299-index.html,https://www.sec.gov/Archives/edgar/data/1304421/000136231008004299/c74379e10vq.htm,1620590501,16:01:41,20210509
51,2008-03-31,CNSL,USD,2008-05-08 00:00:00,2008-05-08 15:38:23,Q1,105414000,33863000,71551000,0.6787618342914603,0.0,28144000.0,0.0,0.0,51015000,84878000,0.0,23364000.0,43900000,0.4164532225321115,20536000.0,0.19481283321001006,4377000.0,6587000.0,0.06248695619177718,2878000.0,3709000.0,0.0351850797806743,0.13,0.13,28530769.0,28530769.0,https://www.sec.gov/Archives/edgar/data/1304421/000136231008002568/0001362310-08-002568-index.html,https://www.sec.gov/Archives/edgar/data/1304421/000136231008002568/c73264e10vq.htm,1620590501,16:01:41,20210509
52,2007-12-31,CNSL,USD,2008-03-17,2008-03-17 17:16:15,Q4,85004000,28175000,56829000,0.6685450096466049,0.0,23267000.0,0.0,0.0,39341000,67516000,0.0,27018000.0,44506000,0.5235753611594749,17488000.0,0.20573149498847113,1540000.0,-3112000.0,-0.036610041880382097,-2082000.0,-1030000.0,-0.012117076843442662,-0.036101375325705384,-0.036101375325705384,28530769.0,28530769.0,https://www.sec.gov/Archives/edgar/data/1304421/000095012308003048/y51440e10vk.htm,https://www.sec.gov/Archives/edgar/data/1304421/000095012308003048/y51440e10vk.htm,1620590501,16:01:41,20210509
53,2007-09-30,CNSL,USD,2007-11-08 00:00:00,2007-11-08 17:01:24,Q3,80320000,27698000,52622000,0.6551543824701195,0.0,21800000.0,0.0,0.0,38150000,65848000,0.0,17189000.0,31661000,0.39418575697211156,14472000.0,0.1801792828685259,1997000.0,4353000.0,0.05419571713147411,2012000.0,2341000.0,0.029145916334661355,0.09,0.09,26011111.0,26011111.0,https://www.sec.gov/Archives/edgar/data/1304421/000136231007002839/0001362310-07-002839-index.html,https://www.sec.gov/Archives/edgar/data/1304421/000136231007002839/c71488e10vq.htm,1620590501,16:01:41,20210509
54,2007-06-30,CNSL,USD,2007-08-09 00:00:00,2007-08-09 16:00:17,Q2,80944000,25788000,55156000,0.6814093694406009,0.0,22296000.0,0.0,0.0,38902000,64690000,0.0,17446000.0,33700000,0.41633722079462343,16254000.0,0.20080549515714569,1875000.0,6550000.0,0.08092014232061673,1057000.0,5493000.0,0.06786173156750346,0.21,0.21,26157143.0,26157143.0,https://www.sec.gov/Archives/edgar/data/1304421/000136231007001716/0001362310-07-001716-index.html,https://www.sec.gov/Archives/edgar/data/1304421/000136231007001716/c70933e10vq.htm,1620590501,16:01:41,20210509
55,2007-03-31,CNSL,USD,2007-05-10 00:00:00,2007-05-10 16:06:48,Q1,82980000,25629000,57351000,0.6911424439624005,0.0,22299000.0,0.0,0.0,38928000,64557000,0.0,17457000.0,35880000,0.43239334779464933,18423000.0,0.2220173535791757,1455000.0,8306000.0,0.10009640877319836,3687000.0,4619000.0,0.05566401542540371,0.18,0.18,25661111.0,25661111.0,https://www.sec.gov/Archives/edgar/data/1304421/000136231007000772/0001362310-07-000772-index.html,https://www.sec.gov/Archives/edgar/data/1304421/000136231007000772/c70481e10vq.htm,1620590501,16:01:41,20210509
56,2006-12-31,CNSL,USD,2007-03-09,2007-03-09 15:02:10,Q4,81678000,25329000,56349000,0.6898920149856754,0.0,23746000.0,0.0,0.0,51540000,76869000,0.0,17377000.0,22186000,0.2716276108621661,4809000.0,0.0588775435245721,-8137000.0,-3868000.0,-0.04735669335684028,-3347000.0,-521000.0,-0.006378706628467886,-0.020303095996116457,-0.020303095996116457,25661111.0,25661111.0,https://www.sec.gov/Archives/edgar/data/1304421/000136231007000249/c70248e10vk.htm,https://www.sec.gov/Archives/edgar/data/1304421/000136231007000249/c70248e10vk.htm,1620590501,16:01:41,20210509
57,2006-09-30,CNSL,USD,2006-11-09,2006-11-09 09:32:31,Q3,80323000,24140000,56183000,0.6994634164560587,0.0,23764000.0,0.0,0.0,40725000,64865000,0.0,17779000.0,33237000,0.4137918155447381,15458000.0,0.1924479912353871,1848000.0,5928000.0,0.07380202432678062,3913000.0,2015000.0,0.02508621440932236,0.08,0.07,25187500.0,28785714.0,https://www.sec.gov/Archives/edgar/data/1304421/000136231006000312/c70063e10vq.htm,https://www.sec.gov/Archives/edgar/data/1304421/000136231006000312/c70063e10vq.htm,1620590501,16:01:41,20210509
58,2006-06-30,CNSL,USD,2006-08-10,2006-08-10 09:33:50,Q2,79340000,23951000,55389000,0.6981220065540711,0.0,24671000.0,0.0,0.0,41515000,65466000,0.0,17653000.0,31527000,0.3973657675825561,13874000.0,0.17486765817998487,1501000.0,5136000.0,0.0647340559616839,-3089000.0,8225000.0,0.10366775901184774,0.28,0.28,29375000.0,29375000.0,https://www.sec.gov/Archives/edgar/data/1304421/000095012306010316/y24083e10vq.htm,https://www.sec.gov/Archives/edgar/data/1304421/000095012306010316/y24083e10vq.htm,1620590501,16:01:41,20210509
59,2006-03-31,CNSL,USD,2006-05-12,2006-05-12 07:36:49,Q1,79426000,24673000,54753000,0.6893586483015637,0.0,22512000.0,0.0,0.0,39583000,64256000,0.0,17881000.0,33051000,0.41612318384408126,15170000.0,0.19099539193714904,1529000.0,6476000.0,0.08153501372346587,2928000.0,3548000.0,0.04467051091582101,0.12,0.12,29566667.0,29566667.0,https://www.sec.gov/Archives/edgar/data/1304421/000095012306003732/y18588e10vk.htm,https://www.sec.gov/Archives/edgar/data/1304421/000095012306003732/y18588e10vk.htm,1620590501,16:01:41,20210509
60,2005-12-31,CNSL,USD,2006-03-28,2006-03-27 18:03:53,Q4,81225000,26436000,54789000,0.674533702677747,0.0,23274000.0,0.0,0.0,39801000,66237000,0.0,12002000.0,26990000,0.33228685749461373,14988000.0,0.18452446906740536,1030000.0,5137000.0,0.06324407510003077,7234000.0,-2097000.0,-0.025817174515235457,-0.07092446368743559,-0.07092446368743559,29566667.0,29566667.0,https://www.sec.gov/Archives/edgar/data/1304421/000095012306003732/y18588e10vk.htm,https://www.sec.gov/Archives/edgar/data/1304421/000095012306003732/y18588e10vk.htm,1620590501,16:01:41,20210509
61,2005-09-30,CNSL,USD,2005-11-14,2005-11-10 20:22:36,Q3,82168000,25953000,56215000,0.6841471132314283,0.0,32419000.0,0.0,0.0,49339000,75292000,0.0,19988000.0,26864000,0.3269399279524876,6876000.0,0.0836822120533541,1528000.0,-11495000.0,-0.13989630999902639,-1270000.0,-10225000.0,-0.12444017135624574,-0.44077153511651607,-0.3444208902099381,23197959.0,29687514.0,https://www.sec.gov/Archives/edgar/data/1304421/000095012305013501/y14595e10vq.htm,https://www.sec.gov/Archives/edgar/data/1304421/000095012305013501/y14595e10vq.htm,1620590501,16:01:41,20210509
62,2005-06-30,CNSL,USD,2005-06-30,2005-06-30,Q3,78264000,24353000,53911000,0.6888352243688031,0.0,16902000.0,0.0,0.0,34016000,58369000,0.0,0.0,33620000,0.42957170602064804,19895000.0,0.2542037207400593,3389000.0,11544000.0,0.14750076663600123,4385000.0,7159000.0,0.0914724522130226,0.29,0.27,29687514.0,29687514.0,,,1620590501,16:01:41,20210509
63,2005-03-31,CNSL,USD,2005-03-31,2005-03-31,Q3,79772000,24417000,55355000,0.6939151582008725,0.0,25683000.0,0.0,0.0,42501000,66918000,0.0,0.0,29120000,0.365040365040365,12854000.0,0.161134232562804,552000.0,3717000.0,0.0465952965952966,1986000.0,1731000.0,0.021699343127914557,0.06,0.06,29687514.0,29687514.0,,,1620590501,16:01:41,20210509
64,2004-12-31,CNSL,USD,2004-12-31,2004-12-31,Q4,78598000,22574000,56024000,0.7127916740883992,0.0,0.0,0.0,0.0,55773000,78347000,0.0,17038000.0,17289000,0.21996742919667167,251000.0,0.003193465482582254,1491000.0,-9717000.0,-0.12362909997709866,-3430000.0,-6287000.0,-0.0799893127051579,-0.6712099405263366,-0.6712099405263366,9366667.0,9366667.0,,,1620590501,16:01:41,20210509
65,2004-09-30,CNSL,USD,2004-09-30,2004-09-30,Q3,84405000,23223000,61182000,0.7248622711924649,0.0,27768000.0,0.0,0.0,44710000,67933000,0.0,16942000.0,33414000,0.39587702150346543,16472000.0,0.1951543155026361,1329000.0,6329000.0,0.07498370949588294,2842000.0,3487000.0,0.04131271844085066,-0.09,-0.09,9366667.0,9366667.0,,,1620590501,16:01:41,20210509
66,2004-06-30,CNSL,USD,2004-06-30,2004-06-30,Q3,72538000,22401000,50137000,0.6911825525931236,0.0,22441000.0,0.0,0.0,37617000,60018000,0.0,0.0,26857000,0.37024731864677823,12520000.0,0.17259918939038849,839000.0,-464000.0,-0.006396647274531969,-357000.0,-107000.0,-0.0014750889189114672,-0.46,-0.46,8969565.0,8969565.0,,,1620590501,16:01:41,20210509
