,date,symbol,reportedCurrency,fillingDate,acceptedDate,period,revenue,costOfRevenue,grossProfit,grossProfitRatio,researchAndDevelopmentExpenses,generalAndAdministrativeExpenses,sellingAndMarketingExpenses,otherExpenses,operatingExpenses,costAndExpenses,interestExpense,depreciationAndAmortization,ebitda,ebitdaratio,operatingIncome,operatingIncomeRatio,totalOtherIncomeExpensesNet,incomeBeforeTax,incomeBeforeTaxRatio,incomeTaxExpense,netIncome,netIncomeRatio,eps,epsdiluted,weightedAverageShsOut,weightedAverageShsOutDil,link,finalLink,timestamp,est_time,est_date
0,2020-12-31,WSBC,USD,2021-03-05,2021-03-05,Q4,144051000.0,0.0,0.0,0.0,0.0,64908000.0,1675000.0,0.0,0.0,0.0,10766000.0,0.0,0.0,0.0,0.0,0.448160720855808,0.0,64558000.0,0.448160720855808,11703000.0,52855000.0,0.3669186607520947,0.75,0.75,67238005.0,67304442.0,https://www.sec.gov/Archives/edgar/data/203596/000156459021011285/0001564590-21-011285-index.htm,https://www.sec.gov/ix?doc=/Archives/edgar/data/203596/000156459021011285/wsbc-10ka_20201231.htm,1620599932,18:38:52,20210509
1,2020-09-30,WSBC,USD,2020-10-30,2020-10-30,Q3,155205000.0,0.0,0.0,0.0,0.0,50894000.0,1577000.0,0.0,0.0,0.0,13064000.0,0.0,0.0,0.0,0.0,0.3155439579910441,0.0,48974000.0,0.3155439579910441,7669000.0,41305000.0,0.2661318900808608,0.61,0.61,67214759.0,67269303.0,https://www.sec.gov/Archives/edgar/data/203596/000156459020049314/0001564590-20-049314-index.htm,https://www.sec.gov/ix?doc=/Archives/edgar/data/203596/000156459020049314/wsbc-10q_20200930.htm,1620599932,18:38:52,20210509
2,2020-06-30,WSBC,USD,2020-07-29 00:00:00,2020-07-29 16:29:32,Q2,151873000.0,0.0,0.0,0.0,0.0,49306000.0,1567000.0,0.0,163000000.0,0.0,15681000.0,0.0,0.0,0.0,0.0,0.02982755328465231,0.0,4530000.0,0.02982755328465231,42000.0,4488000.0,0.029551006433006524,0.06688063303174857,0.06680385173028004,67104628.0,67181755.0,https://www.sec.gov/Archives/edgar/data/203596/000156459020034299/0001564590-20-034299-index.htm,https://www.sec.gov/Archives/edgar/data/203596/000156459020034299/wsbc-10q_20200630.htm,1620599932,18:38:52,20210509
3,2020-03-31,WSBC,USD,2020-05-08 00:00:00,2020-05-08 16:33:13,Q1,148171000.0,0.0,0.0,0.0,0.0,51396000.0,1138000.0,0.0,138000000.0,0.0,22286000.0,0.0,0.0,0.0,0.0,0.18233662457565922,0.0,27017000.0,0.18233662457565922,3621000.0,23396000.0,0.1578986441341423,0.34667648590719186,0.3461589597571123,67486550.0,67587446.0,https://www.sec.gov/Archives/edgar/data/203596/000156459020023596/0001564590-20-023596-index.html,https://www.sec.gov/Archives/edgar/data/203596/000156459020023596/wsbc-10q_20200331.htm,1620599932,18:38:52,20210509
4,2019-12-31,WSBC,USD,2020-02-28 00:00:00,2020-02-28 16:52:48,Q4,130870000.0,0.0,0.0,0.0,0.0,61100000.0,2060000.0,0.0,104000000.0,0.0,21346000.0,0.0,0.0,0.0,0.0,0.3317949109803622,0.0,43422000.0,0.3317949109803622,7046000.0,36376000.0,0.2779552227401238,0.6016408009582985,0.6006370358780236,60461325.0,60562366.0,https://www.sec.gov/Archives/edgar/data/203596/000156459020007827/0001564590-20-007827-index.html,https://www.sec.gov/Archives/edgar/data/203596/000156459020007827/wsbc-10k_20191231.htm,1620599932,18:38:52,20210509
5,2019-09-30,WSBC,USD,2019-10-31 00:00:00,2019-10-31 16:03:21,Q3,123070000.0,0.0,0.0,0.0,0.0,41420000.0,1505000.0,0.0,97000000.0,0.0,21228000.0,0.0,0.0,0.0,0.0,0.3711790038189648,0.0,45681000.0,0.3711790038189648,8334000.0,37347000.0,0.30346144470626474,0.6828157113542159,0.6821202416510542,54695578.0,54751344.0,https://www.sec.gov/Archives/edgar/data/203596/000156459019039129/0001564590-19-039129-index.html,https://www.sec.gov/Archives/edgar/data/203596/000156459019039129/wsbc-10q_20190930.htm,1620599932,18:38:52,20210509
6,2019-06-30,WSBC,USD,2019-07-31,2019-07-31 16:18:00,Q2,129616000.0,0.0,0.0,0.0,0.0,42506000.0,1254000.0,0.0,96000000.0,0.0,21083000.0,0.0,0.0,0.0,0.0,0.4236899765461054,0.0,54917000.0,0.4236899765461054,10103000.0,44814000.0,0.345744352549068,0.820348103717965,0.8181690565410247,54628029.0,54773521.0,https://www.sec.gov/Archives/edgar/data/203596/000156459019027493/wsbc-10q_20190630.htm,https://www.sec.gov/Archives/edgar/data/203596/000156459019027493/wsbc-10q_20190630.htm,1620599932,18:38:52,20210509
7,2019-03-31,WSBC,USD,2019-05-01 00:00:00,2019-05-01 16:04:47,Q1,126134000.0,0.0,0.0,0.0,0.0,42282000.0,1243000.0,0.0,95000000.0,0.0,20692000.0,0.0,0.0,0.0,0.0,0.3900217229295828,0.0,49195000.0,0.3900217229295828,8858000.0,40337000.0,0.3197948213804367,0.7387932038204933,0.7373368829282063,54598499.0,54706337.0,https://www.sec.gov/Archives/edgar/data/203596/000119312519132903/0001193125-19-132903-index.html,https://www.sec.gov/Archives/edgar/data/203596/000119312519132903/d929002d10q.htm,1620599932,18:38:52,20210509
8,2018-12-31,WSBC,USD,2019-03-01 00:00:00,2019-03-01 16:43:41,Q4,122610000.0,0.0,0.0,0.0,0.0,50505000.0,1401000.0,0.0,92000000.0,0.0,19594000.0,0.0,0.0,0.0,0.0,0.4443764782644156,0.0,54485000.0,0.4443764782644156,10557000.0,43928000.0,0.35827420275670824,0.8045695034823712,0.8029730769130233,54598142.0,54706691.0,https://www.sec.gov/Archives/edgar/data/203596/000119312519061126/0001193125-19-061126-index.html,https://www.sec.gov/Archives/edgar/data/203596/000119312519061126/d624339d10k.htm,1620599932,18:38:52,20210509
9,2018-09-30,WSBC,USD,2018-11-02 00:00:00,2018-11-02 16:12:42,Q3,116157000.0,0.0,0.0,0.0,0.0,39029000.0,1446000.0,0.0,85000000.0,0.0,18460000.0,0.0,0.0,0.0,0.0,0.3357696910216345,0.0,39002000.0,0.3357696910216345,6516000.0,32486000.0,0.27967320092633247,0.65,0.64,50277847.0,50432112.0,https://www.sec.gov/Archives/edgar/data/203596/000119312518317144/0001193125-18-317144-index.html,https://www.sec.gov/Archives/edgar/data/203596/000119312518317144/d619371d10q.htm,1620599932,18:38:52,20210509
10,2018-06-30,WSBC,USD,2018-07-30 00:00:00,2018-07-30 16:17:35,Q2,105755000.0,0.0,0.0,0.0,0.0,35705000.0,1405000.0,0.0,76000000.0,0.0,16541000.0,0.0,0.0,0.0,0.0,0.38299843979008086,0.0,40504000.0,0.38299843979008086,7335000.0,33169000.0,0.31364001702047184,0.7133378302714475,0.7111740235481385,46498305.0,46639780.0,https://www.sec.gov/Archives/edgar/data/203596/000119312518231493/0001193125-18-231493-index.html,https://www.sec.gov/Archives/edgar/data/203596/000119312518231493/d578953d10q.htm,1620599932,18:38:52,20210509
11,2018-03-31,WSBC,USD,2018-04-30 00:00:00,2018-04-30 16:14:10,Q1,97272000.0,0.0,0.0,0.0,0.0,32576000.0,1116000.0,0.0,70000000.0,0.0,13125000.0,0.0,0.0,0.0,0.0,0.41669750801875155,0.0,40533000.0,0.41669750801875155,7004000.0,33529000.0,0.34469323135126245,0.761145662585483,0.7591200935731153,44050701.0,44168242.0,https://www.sec.gov/Archives/edgar/data/203596/000119312518143135/0001193125-18-143135-index.html,https://www.sec.gov/Archives/edgar/data/203596/000119312518143135/d519762d10q.htm,1620599932,18:38:52,20210509
12,2017-12-31,WSBC,USD,2018-02-27 00:00:00,2018-02-27 16:09:22,Q4,91607000.0,0.0,0.0,0.0,0.0,42275000.0,1238000.0,0.0,68000000.0,0.0,11668000.0,0.0,0.0,0.0,0.0,0.42468370321045334,0.0,38904000.0,0.42468370321045334,23006000.0,15898000.0,0.17354568973986703,0.36101938904383135,0.3604190427938556,44036416.0,44109767.0,https://www.sec.gov/Archives/edgar/data/203596/000119312518060835/0001193125-18-060835-index.html,https://www.sec.gov/Archives/edgar/data/203596/000119312518060835/d488809d10k.htm,1620599932,18:38:52,20210509
13,2017-09-30,WSBC,USD,2017-10-30 00:00:00,2017-10-30 15:04:21,Q3,95153000.0,0.0,0.0,0.0,0.0,33630000.0,1599000.0,0.0,70000000.0,0.0,11235000.0,0.0,0.0,0.0,0.0,0.38761783653694576,0.0,36883000.0,0.38761783653694576,10527000.0,26356000.0,0.27698548653221655,0.5985672222944806,0.5978195645094513,44031813.0,44086881.0,https://www.sec.gov/Archives/edgar/data/203596/000119312517324723/0001193125-17-324723-index.html,https://www.sec.gov/Archives/edgar/data/203596/000119312517324723/d435201d10q.htm,1620599932,18:38:52,20210509
14,2017-06-30,WSBC,USD,2017-07-31 00:00:00,2017-07-31 16:01:55,Q2,94261000.0,0.0,0.0,0.0,0.0,32253000.0,2060000.0,0.0,68000000.0,0.0,10021000.0,0.0,0.0,0.0,0.0,0.3818546376550217,0.0,35994000.0,0.3818546376550217,9653000.0,26341000.0,0.279447491539449,0.5987169351293462,0.5978245685721303,43995749.0,44061421.0,https://www.sec.gov/Archives/edgar/data/203596/000119312517242328/0001193125-17-242328-index.html,https://www.sec.gov/Archives/edgar/data/203596/000119312517242328/d366649d10q.htm,1620599932,18:38:52,20210509
15,2017-03-31,WSBC,USD,2017-04-27 00:00:00,2017-04-27 16:07:15,Q1,93603000.0,0.0,0.0,0.0,0.0,32039000.0,824000.0,0.0,66000000.0,0.0,9205000.0,0.0,0.0,0.0,0.0,0.3900302340736942,0.0,36508000.0,0.3900302340736942,10622000.0,25886000.0,0.27655096524684036,0.5890201465778659,0.5880406667171731,43947563.0,44020765.0,https://www.sec.gov/Archives/edgar/data/203596/000119312517142943/0001193125-17-142943-index.html,https://www.sec.gov/Archives/edgar/data/203596/000119312517142943/d361684d10q.htm,1620599932,18:38:52,20210509
16,2016-12-31,WSBC,USD,2017-02-24 00:00:00,2017-02-24 16:07:56,Q4,88890000.0,0.0,0.0,0.0,0.0,40203000.0,1515000.0,0.0,67000000.0,0.0,9130000.0,0.0,0.0,0.0,0.0,0.3676679041511981,0.0,32682000.0,0.3676679041511981,8464000.0,24218000.0,0.27244909438632015,0.5518164611694539,0.5512131731253875,43887781.0,43935815.0,https://www.sec.gov/Archives/edgar/data/203596/000119312517056304/0001193125-17-056304-index.html,https://www.sec.gov/Archives/edgar/data/203596/000119312517056304/d297762d10k.htm,1620599932,18:38:52,20210509
17,2016-09-30,WSBC,USD,2016-11-04 00:00:00,2016-11-04 16:21:31,Q3,83043000.0,0.0,0.0,0.0,0.0,28461000.0,1295000.0,0.0,58000000.0,0.0,8066000.0,0.0,0.0,0.0,0.0,0.27971051142179354,0.0,23228000.0,0.27971051142179354,5793000.0,17435000.0,0.20995147092470165,0.4389971919287162,0.43869039431082846,39715516.0,39743291.0,https://www.sec.gov/Archives/edgar/data/203596/000119312516760210/0001193125-16-760210-index.html,https://www.sec.gov/Archives/edgar/data/203596/000119312516760210/d243299d10q.htm,1620599932,18:38:52,20210509
18,2016-06-30,WSBC,USD,2016-07-28 00:00:00,2016-07-28 16:07:19,Q2,79365000.0,0.0,0.0,0.0,0.0,28162000.0,1608000.0,0.0,56000000.0,0.0,7811000.0,0.0,0.0,0.0,0.0,0.3804447804447804,0.0,30194000.0,0.3804447804447804,8085000.0,22109000.0,0.2785736785736786,0.576151162217993,0.5755994217502539,38373610.0,38410393.0,https://www.sec.gov/Archives/edgar/data/203596/000119312516662197/0001193125-16-662197-index.html,https://www.sec.gov/Archives/edgar/data/203596/000119312516662197/d209126d10q.htm,1620599932,18:38:52,20210509
19,2016-03-31,WSBC,USD,2016-05-03 00:00:00,2016-05-03 17:10:05,Q1,79235000.0,0.0,0.0,0.0,0.0,27423000.0,973000.0,0.0,55000000.0,0.0,7759000.0,0.0,0.0,0.0,0.0,0.3984097936517953,0.0,31568000.0,0.3984097936517953,8694000.0,22874000.0,0.2886855556256705,0.5958790770298359,0.5956411587259477,38386983.0,38402316.0,https://www.sec.gov/Archives/edgar/data/203596/000119312516575179/0001193125-16-575179-index.html,https://www.sec.gov/Archives/edgar/data/203596/000119312516575179/d165517d10q.htm,1620599932,18:38:52,20210509
20,2015-12-31,WSBC,USD,2016-02-26 00:00:00,2016-02-26 16:35:02,Q4,76183000.0,0.0,0.0,0.0,0.0,35808000.0,1425000.0,0.0,56000000.0,0.0,7040000.0,0.0,0.0,0.0,0.0,0.4091070186262027,0.0,31167000.0,0.4091070186262027,8165000.0,23002000.0,0.3019308769673024,0.5973339615701474,0.5968534907353429,38507772.0,38538771.0,https://www.sec.gov/Archives/edgar/data/203596/000119312516482126/0001193125-16-482126-index.html,https://www.sec.gov/Archives/edgar/data/203596/000119312516482126/d41442d10k.htm,1620599932,18:38:52,20210509
21,2015-09-30,WSBC,USD,2015-10-29 00:00:00,2015-10-29 09:28:45,Q3,78795000.0,0.0,0.0,0.0,0.0,26924000.0,1514000.0,0.0,55000000.0,0.0,6326000.0,0.0,0.0,0.0,0.0,0.3809378767688305,0.0,30016000.0,0.3809378767688305,7768000.0,22248000.0,0.2823529411764706,0.5775162249274101,0.5770159214949194,38523593.0,38556995.0,https://www.sec.gov/Archives/edgar/data/203596/000119312515357254/0001193125-15-357254-index.html,https://www.sec.gov/Archives/edgar/data/203596/000119312515357254/d16191d10q.htm,1620599932,18:38:52,20210509
22,2015-06-30,WSBC,USD,2015-07-30 00:00:00,2015-07-30 14:16:39,Q2,78865000.0,0.0,0.0,0.0,0.0,27147000.0,1715000.0,0.0,54000000.0,0.0,5936000.0,0.0,0.0,0.0,0.0,0.37526152285551256,0.0,29595000.0,0.37526152285551256,7962000.0,21633000.0,0.2743041907056362,0.5623017059916128,0.5614338324029305,38472229.0,38531700.0,https://www.sec.gov/Archives/edgar/data/203596/000119312515270406/0001193125-15-270406-index.html,https://www.sec.gov/Archives/edgar/data/203596/000119312515270406/d930156d10q.htm,1620599932,18:38:52,20210509
23,2015-03-31,WSBC,USD,2015-05-07 00:00:00,2015-05-07 16:48:18,Q1,73145000.0,0.0,0.0,0.0,0.0,26583000.0,965000.0,0.0,50000000.0,0.0,5424000.0,0.0,0.0,0.0,0.0,0.25176020233782215,0.0,18415000.0,0.25176020233782215,4528000.0,13887000.0,0.1898557659443571,0.40377241540950454,0.40277466994853434,34393137.0,34478335.0,https://www.sec.gov/Archives/edgar/data/203596/000119312515177279/0001193125-15-177279-index.html,https://www.sec.gov/Archives/edgar/data/203596/000119312515177279/d891435d10q.htm,1620599932,18:38:52,20210509
24,2014-12-31,WSBC,USD,2015-02-27,2015-02-27 16:06:47,Q4,61323000.0,0.0,0.0,0.0,0.0,30123000.0,1250000.0,0.0,48000000.0,0.0,5201000.0,0.0,0.0,0.0,0.0,0.35376612364039595,0.0,21694000.0,0.35376612364039595,5182000.0,16512000.0,0.2692627562252336,0.5637141772476874,0.5619479173111609,29291440.0,29383506.0,https://www.sec.gov/Archives/edgar/data/203596/000119312515069680/d836103d10k.htm,https://www.sec.gov/Archives/edgar/data/203596/000119312515069680/d836103d10k.htm,1620599932,18:38:52,20210509
25,2014-09-30,WSBC,USD,2014-10-30 00:00:00,2014-10-30 16:04:11,Q3,65265000.0,0.0,0.0,0.0,0.0,23168000.0,1276000.0,0.0,46000000.0,0.0,5692000.0,0.0,0.0,0.0,0.0,0.3757603616026967,0.0,24524000.0,0.3757603616026967,6358000.0,18166000.0,0.2783421435685283,0.6204097668876727,0.618714425453188,29280648.0,29360880.0,https://www.sec.gov/Archives/edgar/data/203596/000119312514389589/0001193125-14-389589-index.html,https://www.sec.gov/Archives/edgar/data/203596/000119312514389589/d786737d10q.htm,1620599932,18:38:52,20210509
26,2014-06-30,WSBC,USD,2014-07-25 00:00:00,2014-07-25 09:01:15,Q2,66548000.0,0.0,0.0,0.0,0.0,23313000.0,1713000.0,0.0,47000000.0,0.0,5737000.0,0.0,0.0,0.0,0.0,0.3816042555749234,0.0,25395000.0,0.3816042555749234,6520000.0,18875000.0,0.2836298611528521,0.65,0.64,29242180.0,29321927.0,https://www.sec.gov/Archives/edgar/data/203596/000119312514279737/0001193125-14-279737-index.html,https://www.sec.gov/Archives/edgar/data/203596/000119312514279737/d736276d10q.htm,1620599932,18:38:52,20210509
27,2014-03-31,WSBC,USD,2014-04-24 00:00:00,2014-04-24 09:07:17,Q1,64374000.0,0.0,0.0,0.0,0.0,23052000.0,1003000.0,0.0,48000000.0,0.0,6132000.0,0.0,0.0,0.0,0.0,0.3429956193494268,0.0,22080000.0,0.3429956193494268,5659000.0,16421000.0,0.25508745766924534,0.5627063609326279,0.5611584448177679,29182183.0,29262680.0,https://www.sec.gov/Archives/edgar/data/203596/000119312514156028/0001193125-14-156028-index.html,https://www.sec.gov/Archives/edgar/data/203596/000119312514156028/d693927d10q.htm,1620599932,18:38:52,20210509
28,2013-12-31,WSBC,USD,2014-02-28,2014-02-28 16:11:24,Q4,59877000.0,0.0,0.0,0.0,0.0,32754000.0,1159000.0,0.0,51000000.0,0.0,7018000.0,0.0,0.0,0.0,0.0,0.33904504233679045,0.0,20301000.0,0.33904504233679045,4948000.0,15353000.0,0.25640897172537036,0.5239848940271012,0.5224332738919305,29300463.0,29387485.0,https://www.sec.gov/Archives/edgar/data/203596/000119312514077330/d634410d10k.htm,https://www.sec.gov/Archives/edgar/data/203596/000119312514077330/d634410d10k.htm,1620599932,18:38:52,20210509
29,2013-09-30,WSBC,USD,2013-10-25 00:00:00,2013-10-25 14:19:48,Q3,63247000.0,0.0,0.0,0.0,0.0,22719000.0,1585000.0,0.0,51000000.0,0.0,8186000.0,0.0,0.0,0.0,0.0,0.322845352348728,0.0,20419000.0,0.322845352348728,4884000.0,15535000.0,0.2456242983856942,0.5297504583782209,0.5281775497987962,29325128.0,29412458.0,https://www.sec.gov/Archives/edgar/data/203596/000119312513411333/0001193125-13-411333-index.html,https://www.sec.gov/Archives/edgar/data/203596/000119312513411333/d593763d10q.htm,1620599932,18:38:52,20210509
30,2013-06-30,WSBC,USD,2013-07-25 00:00:00,2013-07-25 16:24:19,Q2,63713000.0,0.0,0.0,0.0,0.0,22504000.0,1624000.0,0.0,49000000.0,0.0,8435000.0,0.0,0.0,0.0,0.0,0.36402304082369374,0.0,23193000.0,0.36402304082369374,6176000.0,17017000.0,0.267088349316466,0.5818732447761258,0.5806104827334146,29245201.0,29308806.0,https://www.sec.gov/Archives/edgar/data/203596/000119312513302740/0001193125-13-302740-index.html,https://www.sec.gov/Archives/edgar/data/203596/000119312513302740/d544151d10q.htm,1620599932,18:38:52,20210509
31,2013-03-31,WSBC,USD,2013-04-26 00:00:00,2013-04-26 09:01:24,Q1,63624000.0,0.0,0.0,0.0,0.0,23142000.0,805000.0,0.0,50000000.0,0.0,8764000.0,0.0,0.0,0.0,0.0,0.32652772538664654,0.0,20775000.0,0.32652772538664654,4754000.0,16021000.0,0.25180749402741104,0.5484517458145765,0.5473806073242675,29211321.0,29268483.0,https://www.sec.gov/Archives/edgar/data/203596/000119312513175862/0001193125-13-175862-index.html,https://www.sec.gov/Archives/edgar/data/203596/000119312513175862/d508671d10q.htm,1620599932,18:38:52,20210509
32,2012-12-31,WSBC,USD,2013-03-07 00:00:00,2013-03-07 17:06:26,Q4,57136000.0,0.0,0.0,0.0,0.0,30813000.0,953000.0,0.0,52000000.0,0.0,9885000.0,0.0,0.0,0.0,0.0,0.2805586670400448,0.0,16030000.0,0.2805586670400448,3380000.0,12650000.0,0.22140156818818257,0.45959959683124063,0.45917090431803953,27523958.0,27549655.0,https://www.sec.gov/Archives/edgar/data/203596/000119312513096213/0001193125-13-096213-index.html,https://www.sec.gov/Archives/edgar/data/203596/000119312513096213/d444230d10k.htm,1620599932,18:38:52,20210509
33,2012-09-30,WSBC,USD,2012-10-25 00:00:00,2012-10-25 13:36:37,Q3,57656000.0,0.0,0.0,0.0,0.0,20709000.0,795000.0,0.0,50000000.0,0.0,10594000.0,0.0,0.0,0.0,0.0,0.2839080061051755,0.0,16369000.0,0.2839080061051755,3463000.0,12906000.0,0.2238448730400999,0.4840073921947226,0.4838628224528996,26664882.0,26672849.0,https://www.sec.gov/Archives/edgar/data/203596/000119312512435106/0001193125-12-435106-index.html,https://www.sec.gov/Archives/edgar/data/203596/000119312512435106/d398647d10q.htm,1620599932,18:38:52,20210509
34,2012-06-30,WSBC,USD,2012-07-26 00:00:00,2012-07-26 16:06:49,Q2,57434000.0,0.0,0.0,0.0,0.0,19840000.0,1716000.0,0.0,53000000.0,0.0,11005000.0,0.0,0.0,0.0,0.0,0.26895218859908765,0.0,15447000.0,0.26895218859908765,3449000.0,11998000.0,0.20890065118222656,0.4502562197316401,0.45020088873212616,26647050.0,26650325.0,https://www.sec.gov/Archives/edgar/data/203596/000119312512316815/0001193125-12-316815-index.html,https://www.sec.gov/Archives/edgar/data/203596/000119312512316815/d358292d10q.htm,1620599932,18:38:52,20210509
35,2012-03-31,WSBC,USD,2012-04-27,2012-04-27 10:49:36,Q1,57152000.0,0.0,0.0,0.0,0.0,20978000.0,771000.0,0.0,54000000.0,0.0,11850000.0,0.0,0.0,0.0,0.0,0.26744470884658456,0.0,15285000.0,0.26744470884658456,3295000.0,11990000.0,0.2097914333706607,0.4502774802111685,0.45022401742738694,26628025.0,26631187.0,https://www.sec.gov/Archives/edgar/data/203596/000119312512089544/d270388d10k.htm,https://www.sec.gov/Archives/edgar/data/203596/000119312512089544/d270388d10k.htm,1620599932,18:38:52,20210509
36,2011-12-31,WSBC,USD,2012-02-29 00:00:00,2012-02-29 17:08:23,Q4,57702000.0,0.0,0.0,0.0,0.0,20096000.0,1281000.0,0.0,58000000.0,0.0,12806000.0,0.0,0.0,0.0,0.0,0.21796471526116945,0.0,12577000.0,0.21796471526116945,1940000.0,10637000.0,0.18434369692558317,0.39946635171027517,0.39946635171027517,26628025.0,26628025.0,https://www.sec.gov/Archives/edgar/data/203596/000119312512089544/0001193125-12-089544-index.html,https://www.sec.gov/Archives/edgar/data/203596/000119312512089544/d270388d10k.htm,1620599932,18:38:52,20210509
37,2011-09-30,WSBC,USD,2011-10-27 00:00:00,2011-10-27 12:29:43,Q3,57500000.0,0.0,0.0,0.0,0.0,18980000.0,1214000.0,0.0,58000000.0,0.0,13386000.0,0.0,0.0,0.0,0.0,0.22707826086956523,0.0,13057000.0,0.22707826086956523,2044000.0,11013000.0,0.1915304347826087,0.41356607894444325,0.4135632368906969,26629360.0,26629543.0,https://www.sec.gov/Archives/edgar/data/203596/000119312511283683/0001193125-11-283683-index.html,https://www.sec.gov/Archives/edgar/data/203596/000119312511283683/d232162d10q.htm,1620599932,18:38:52,20210509
38,2011-06-30,WSBC,USD,2011-07-28 00:00:00,2011-07-28 14:19:43,Q2,58069000.0,0.0,0.0,0.0,0.0,19223000.0,1642000.0,0.0,56000000.0,0.0,13989000.0,0.0,0.0,0.0,0.0,0.2680259691057191,0.0,15564000.0,0.2680259691057191,3646000.0,11918000.0,0.20523859546401693,0.4478691641817406,0.4478530242423466,26610450.0,26611409.0,https://www.sec.gov/Archives/edgar/data/203596/000119312511200593/0001193125-11-200593-index.html,https://www.sec.gov/Archives/edgar/data/203596/000119312511200593/d10q.htm,1620599932,18:38:52,20210509
39,2011-04-27,WSBC,USD,2011-07-28 00:00:00,2011-07-28 14:19:43,Q1,1721000.0,0.0,1721000.0,1.0,0.0,0.0,1005000.0,7179000.0,8184000.0,8184000.0,-10613000.0,0.0,12448000.0,7.233004067402673,12448000.0,7.233004067402673,56000.0,12448000.0,7.233004067402673,2208000.0,10240000.0,5.950029052876235,26.589046040075715,26.590426926962017,385121.0,385101.0,https://www.sec.gov/Archives/edgar/data/203596/000119312511200593/0001193125-11-200593-index.html,https://www.sec.gov/Archives/edgar/data/203596/000119312511200593/d10q.htm,1620599932,18:38:52,20210509
40,2011-03-31,WSBC,USD,2011-04-27 00:00:00,2011-04-27 16:10:10,Q1,55980000.0,0.0,0.0,0.0,0.0,20463000.0,1005000.0,0.0,58000000.0,0.0,14622000.0,0.0,0.0,0.0,0.0,0.2223651304037156,0.0,12448000.0,0.2223651304037156,2208000.0,10240000.0,0.18292247231153982,0.385121478559584,0.3851012451481568,26589013.0,26590410.0,https://www.sec.gov/Archives/edgar/data/203596/000020359611000036/0000203596-11-000036-index.html,https://www.sec.gov/Archives/edgar/data/203596/000020359611000036/fin10q033111.htm,1620599932,18:38:52,20210509
41,2010-12-31,WSBC,USD,2011-03-01,2011-03-01 17:01:54,Q4,57323000.0,0.0,0.0,0.0,0.0,20078000.0,1179000.0,0.0,61000000.0,0.0,15464000.0,0.0,0.0,0.0,0.0,0.21258482633497897,0.0,12186000.0,0.21258482633497897,1877000.0,10309000.0,0.17984055265774646,10.828610893735918,10.828610893735918,952015.0,952015.0,https://www.sec.gov/Archives/edgar/data/203596/000119312511052323/d10k.htm,https://www.sec.gov/Archives/edgar/data/203596/000119312511052323/d10k.htm,1620599932,18:38:52,20210509
42,2010-10-27,WSBC,USD,2010-10-27,2010-10-27 17:07:02,Q3,2548000.0,0.0,2548000.0,1.0,0.0,0.0,1223000.0,7433000.0,8656000.0,8656000.0,-11822000.0,676000.0,10180000.0,3.9952904238618525,9504000.0,3.729984301412873,102000.0,9504000.0,3.729984301412873,351000.0,9153000.0,3.5922291993720563,9.61434431180181,9.614536195530233,952015.0,951996.0,https://www.sec.gov/Archives/edgar/data/203596/000020359610000057/0000203596-10-000057-index.htm,https://www.sec.gov/Archives/edgar/data/203596/000020359610000057/fin10q093010.htm,1620599932,18:38:52,20210509
43,2010-09-30,WSBC,USD,2010-10-27 00:00:00,2010-10-27 17:07:02,Q3,56962000.0,0.0,0.0,0.0,0.0,20160000.0,1223000.0,0.0,64000000.0,0.0,16590000.0,0.0,0.0,0.0,0.0,0.1668305185913416,0.0,9503000.0,0.1668305185913416,350000.0,9153000.0,0.16068607141603175,0.3442666032470889,0.3442623561243438,26586953.0,26587281.0,https://www.sec.gov/Archives/edgar/data/203596/000020359610000057/0000203596-10-000057-index.html,https://www.sec.gov/Archives/edgar/data/203596/000020359610000057/fin10q093010.htm,1620599932,18:38:52,20210509
44,2010-07-30,WSBC,USD,2010-10-27 00:00:00,2010-10-27 17:07:02,Q2,569000.0,0.0,569000.0,1.0,0.0,0.0,1155000.0,7258000.0,8413000.0,8413000.0,-12766000.0,1384000.0,10875000.0,19.112478031634446,9491000.0,16.680140597539545,112000.0,9491000.0,16.680140597539545,1252000.0,8239000.0,14.479789103690685,13.556873379230455,13.557141070617583,607736.0,607724.0,https://www.sec.gov/Archives/edgar/data/203596/000020359610000057/0000203596-10-000057-index.html,https://www.sec.gov/Archives/edgar/data/203596/000020359610000057/fin10q093010.htm,1620599932,18:38:52,20210509
45,2010-06-30,WSBC,USD,2010-07-30 00:00:00,2010-07-30 16:59:01,Q2,55733000.0,0.0,0.0,0.0,0.0,19392000.0,1155000.0,0.0,65000000.0,0.0,18449000.0,0.0,0.0,0.0,0.0,0.17029408070622432,0.0,9491000.0,0.17029408070622432,1253000.0,8238000.0,0.1478118888270863,0.30996650683587523,0.3099576082740847,26577065.0,26577828.0,https://www.sec.gov/Archives/edgar/data/203596/000020359610000045/0000203596-10-000045-index.html,https://www.sec.gov/Archives/edgar/data/203596/000020359610000045/fin10q63010.htm,1620599932,18:38:52,20210509
46,2010-04-30,WSBC,USD,2010-07-30 00:00:00,2010-07-30 16:59:01,Q1,525000.0,0.0,525000.0,1.0,0.0,0.0,630000.0,7755000.0,8385000.0,8385000.0,-13375000.0,0.0,8780000.0,16.723809523809525,8780000.0,16.723809523809525,85000.0,8780000.0,16.723809523809525,870000.0,7910000.0,15.066666666666666,26.567695563094077,26.568230979027557,297730.0,297724.0,https://www.sec.gov/Archives/edgar/data/203596/000020359610000045/0000203596-10-000045-index.html,https://www.sec.gov/Archives/edgar/data/203596/000020359610000045/fin10q63010.htm,1620599932,18:38:52,20210509
47,2010-03-31,WSBC,USD,2010-04-30 00:00:00,2010-04-30 16:49:01,Q1,55674000.0,0.0,0.0,0.0,0.0,19816000.0,630000.0,0.0,67000000.0,0.0,19932000.0,0.0,0.0,0.0,0.0,0.15770377555052628,0.0,8780000.0,0.15770377555052628,870000.0,7910000.0,0.14207709164062218,0.2977304769826676,0.29772466092134603,26567653.0,26568172.0,https://www.sec.gov/Archives/edgar/data/203596/000020359610000019/0000203596-10-000019-index.html,https://www.sec.gov/Archives/edgar/data/203596/000020359610000019/fin33110q.htm,1620599932,18:38:52,20210509
48,2009-12-31,WSBC,USD,2010-03-09 00:00:00,2010-03-09 17:21:46,Q4,57853000.0,0.0,0.0,0.0,0.0,27080000.0,1133000.0,0.0,75000000.0,0.0,22306000.0,3012000.0,0.0,0.0,0.0,0.10224188892537985,0.0,5915000.0,0.10224188892537985,-1382000.0,7297000.0,0.12613001918655903,11.652417193902481,11.652417193902481,626222.0,626222.0,https://www.sec.gov/Archives/edgar/data/203596/000119312510051508/0001193125-10-051508-index.html,https://www.sec.gov/Archives/edgar/data/203596/000119312510051508/d10k.htm,1620599932,18:38:52,20210509
49,2009-11-05,WSBC,USD,2009-11-05,2009-11-05 17:18:31,Q3,821000.0,0.0,821000.0,1.0,0.0,0.0,1485000.0,7780000.0,9265000.0,9265000.0,-16213000.0,1935000.0,7014000.0,8.543239951278927,5079000.0,6.1863580998781975,84000.0,5079000.0,6.1863580998781975,-363000.0,5442000.0,6.6285018270401945,8.690208903551776,8.690708511528523,626222.0,626186.0,https://www.sec.gov/Archives/edgar/data/203596/000020359609000115/0000203596-09-000115-index.htm,https://www.sec.gov/Archives/edgar/data/203596/000020359609000115/fin9300910q.htm,1620599932,18:38:52,20210509
50,2009-09-30,WSBC,USD,2009-11-05 00:00:00,2009-11-05 17:18:31,Q3,58984000.0,0.0,0.0,0.0,0.0,19160000.0,1486000.0,0.0,79000000.0,0.0,24783000.0,1632000.0,0.0,0.0,0.0,0.08610809711108097,0.0,5079000.0,0.08610809711108097,-363000.0,5442000.0,0.09226230842262309,0.2048355569835243,0.20483225717356102,26567653.0,26568081.0,https://www.sec.gov/Archives/edgar/data/203596/000020359609000115/0000203596-09-000115-index.html,https://www.sec.gov/Archives/edgar/data/203596/000020359609000115/fin9300910q.htm,1620599932,18:38:52,20210509
51,2009-08-10,WSBC,USD,2009-11-05 00:00:00,2009-11-05 17:18:31,Q2,297000.0,0.0,297000.0,1.0,0.0,0.0,1720000.0,5420000.0,7140000.0,7140000.0,-17974000.0,1965000.0,7711000.0,25.962962962962962,5746000.0,19.346801346801346,113000.0,5746000.0,19.346801346801346,1000.0,5745000.0,19.343434343434343,13.633515904582,13.634518947116103,421388.0,421357.0,https://www.sec.gov/Archives/edgar/data/203596/000020359609000115/0000203596-09-000115-index.html,https://www.sec.gov/Archives/edgar/data/203596/000020359609000115/fin9300910q.htm,1620599932,18:38:52,20210509
52,2009-06-30,WSBC,USD,2009-08-10 00:00:00,2009-08-10 16:50:42,Q2,55560000.0,0.0,0.0,0.0,0.0,19059000.0,1720000.0,0.0,76000000.0,0.0,26828000.0,3543000.0,0.0,0.0,0.0,0.10341972642188625,0.0,5746000.0,0.10341972642188625,2000.0,5744000.0,0.10338372930165586,0.21620276356364637,0.21619382047000174,26567653.0,26568752.0,https://www.sec.gov/Archives/edgar/data/203596/000020359609000080/0000203596-09-000080-index.html,https://www.sec.gov/Archives/edgar/data/203596/000020359609000080/fin6300910q.htm,1620599932,18:38:52,20210509
53,2009-05-08,WSBC,USD,2009-05-08,2009-05-08 17:14:58,Q1,488000.0,0.0,488000.0,1.0,0.0,0.0,756000.0,9013000.0,9769000.0,9769000.0,-15834000.0,1940000.0,8141000.0,16.682377049180328,6201000.0,12.706967213114755,105000.0,6201000.0,12.706967213114755,752000.0,5449000.0,11.165983606557377,26.56157078373451,26.5640310636825,205146.0,205127.0,https://www.sec.gov/Archives/edgar/data/203596/000020359609000061/0000203596-09-000061-index.htm,https://www.sec.gov/Archives/edgar/data/203596/000119312509050050/d10k.htm,1620599932,18:38:52,20210509
54,2009-03-31,WSBC,USD,2009-05-08 00:00:00,2009-05-08 17:14:58,Q1,50563000.0,0.0,0.0,0.0,0.0,17874000.0,756000.0,0.0,69000000.0,0.0,25074000.0,2141000.0,0.0,0.0,0.0,0.1226390839151158,0.0,6201000.0,0.1226390839151158,752000.0,5449000.0,0.10776654866206514,0.20514662392810043,0.20512766458445836,26561490.0,26563945.0,https://www.sec.gov/Archives/edgar/data/203596/000020359609000061/0000203596-09-000061-index.html,https://www.sec.gov/Archives/edgar/data/203596/000020359609000061/fin3310910q.htm,1620599932,18:38:52,20210509
55,2008-12-31,WSBC,USD,2009-03-11 00:00:00,2009-03-10 21:17:31,Q4,53337000.0,0.0,0.0,0.0,0.0,17292000.0,1210000.0,0.0,75000000.0,0.0,26876000.0,2296000.0,0.0,0.0,0.0,0.08556911712319779,0.0,4564000.0,0.08556911712319779,-1257000.0,5821000.0,0.1091362468830268,0.219151862339048,0.219151862339048,26561490.0,26561490.0,https://www.sec.gov/Archives/edgar/data/203596/000119312509050050/0001193125-09-050050-index.html,https://www.sec.gov/Archives/edgar/data/203596/000119312509050050/d10k.htm,1620599932,18:38:52,20210509
56,2008-09-30,WSBC,USD,2008-11-06 00:00:00,2008-11-06 17:12:38,Q3,55257000.0,0.0,0.0,0.0,0.0,18042000.0,2078000.0,0.0,70000000.0,0.0,28388000.0,1772000.0,0.0,0.0,0.0,0.2286588124581501,0.0,12635000.0,0.2286588124581501,1126000.0,11509000.0,0.20828130372622472,0.4334788005175682,0.4332902113758992,26550318.0,26561874.0,https://www.sec.gov/Archives/edgar/data/203596/000119312508228117/0001193125-08-228117-index.html,https://www.sec.gov/Archives/edgar/data/203596/000119312508228117/d10q.htm,1620599932,18:38:52,20210509
57,2008-06-30,WSBC,USD,2008-08-11 00:00:00,2008-08-11 17:03:05,Q2,55450000.0,0.0,0.0,0.0,0.0,18223000.0,1211000.0,0.0,70000000.0,0.0,29929000.0,2101000.0,0.0,0.0,0.0,0.24629395852119026,0.0,13657000.0,0.24629395852119026,2373000.0,11284000.0,0.20349864743011722,0.42504947170539387,0.42494981118279307,26547498.0,26553724.0,https://www.sec.gov/Archives/edgar/data/203596/000020359608000105/0000203596-08-000105-index.html,https://www.sec.gov/Archives/edgar/data/203596/000020359608000105/fin10q.htm,1620599932,18:38:52,20210509
58,2008-03-31,WSBC,USD,2008-05-09 00:00:00,2008-05-09 16:57:33,Q1,53693000.0,0.0,0.0,0.0,0.0,18601000.0,0.0,0.0,77000000.0,0.0,36105000.0,1274000.0,0.0,0.0,0.0,0.21891121747713854,0.0,11754000.0,0.21891121747713854,2251000.0,9503000.0,0.1769876892704822,0.35796790101869236,0.3578461659888062,26547073.0,26556104.0,https://www.sec.gov/Archives/edgar/data/203596/000020359608000075/0000203596-08-000075-index.html,https://www.sec.gov/Archives/edgar/data/203596/000020359608000075/form10q.htm,1620599932,18:38:52,20210509
59,2007-12-31,WSBC,USD,2008-03-12,2008-03-12 17:24:50,Q4,46511000.0,0.0,0.0,0.0,0.0,15577000.0,1115000.0,0.0,65000000.0,0.0,32154000.0,535000.0,0.0,0.0,0.0,0.25264991077379545,0.0,11751000.0,0.25264991077379545,1087000.0,10664000.0,0.22927909526778611,0.4017015359847769,0.4017015359847769,26547073.0,26547073.0,https://www.sec.gov/Archives/edgar/data/203596/000119312508054319/d10k.htm,https://www.sec.gov/Archives/edgar/data/203596/000119312508054319/d10k.htm,1620599932,18:38:52,20210509
60,2007-09-30,WSBC,USD,2007-11-07 00:00:00,2007-11-07 15:25:58,Q3,40769000.0,0.0,0.0,0.0,0.0,14131000.0,1331000.0,0.0,58000000.0,0.0,29100000.0,1402000.0,0.0,0.0,0.0,0.2861242610807231,0.0,11665000.0,0.2861242610807231,1902000.0,9763000.0,0.23947116681792538,0.4713723041661239,0.4708976975113903,20711866.0,20732741.0,https://www.sec.gov/Archives/edgar/data/203596/000020359607000128/0000203596-07-000128-index.html,https://www.sec.gov/Archives/edgar/data/203596/000020359607000128/fin10q093007.htm,1620599932,18:38:52,20210509
61,2007-06-30,WSBC,USD,2007-08-03 00:00:00,2007-08-03 16:36:21,Q2,41743000.0,0.0,0.0,0.0,0.0,13815000.0,1414000.0,0.0,57000000.0,0.0,28626000.0,1379000.0,0.0,0.0,0.0,0.33275040126488276,0.0,13890000.0,0.33275040126488276,1595000.0,12295000.0,0.2945404019835661,0.5900052392657197,0.5887238153172194,20838798.0,20884156.0,https://www.sec.gov/Archives/edgar/data/203596/000020359607000101/0000203596-07-000101-index.html,https://www.sec.gov/Archives/edgar/data/203596/000020359607000101/fin10q063007.htm,1620599932,18:38:52,20210509
62,2007-03-31,WSBC,USD,2007-05-09 00:00:00,2007-05-09 15:47:14,Q1,43229000.0,0.0,0.0,0.0,0.0,13878000.0,0.0,0.0,55000000.0,0.0,27200000.0,1398000.0,0.0,0.0,0.0,0.355872215410951,0.0,15384000.0,0.355872215410951,3437000.0,11947000.0,0.27636540285456523,0.5616480550720669,0.5602301055944887,21271328.0,21325166.0,https://www.sec.gov/Archives/edgar/data/203596/000020359607000054/0000203596-07-000054-index.html,https://www.sec.gov/Archives/edgar/data/203596/000020359607000054/fin10q.htm,1620599932,18:38:52,20210509
63,2006-12-31,WSBC,USD,2007-03-13,2007-03-13 16:07:00,Q4,41207000.0,0.0,0.0,0.0,0.0,18566000.0,0.0,0.0,56000000.0,0.0,27609000.0,107000.0,0.0,0.0,0.0,0.3194602858737593,0.0,13164000.0,0.3194602858737593,2528000.0,10636000.0,0.25811148591258765,0.5000157959108148,0.5000157959108148,21271328.0,21271328.0,https://www.sec.gov/Archives/edgar/data/203596/000119312507053469/d10k.htm,https://www.sec.gov/Archives/edgar/data/203596/000119312507053469/d10k.htm,1620599932,18:38:52,20210509
64,2006-09-30,WSBC,USD,2006-11-08,2006-11-08 16:21:49,Q3,42383000.0,0.0,0.0,0.0,0.0,13529000.0,0.0,0.0,54000000.0,0.0,26233000.0,1737000.0,0.0,0.0,0.0,0.3347096713304863,0.0,14186000.0,0.3347096713304863,2632000.0,11554000.0,0.2726093008989453,0.5324343484577745,0.5313098738150546,21700328.0,21746255.0,https://www.sec.gov/Archives/edgar/data/203596/000020359606000120/fin10q.htm,https://www.sec.gov/Archives/edgar/data/203596/000020359606000120/fin10q.htm,1620599932,18:38:52,20210509
65,2006-06-30,WSBC,USD,2006-08-03,2006-08-03 16:55:44,Q2,43254000.0,0.0,0.0,0.0,0.0,13315000.0,1837000.0,0.0,54000000.0,0.0,25130000.0,1013000.0,0.0,0.0,0.0,0.32373884496231564,0.0,14003000.0,0.32373884496231564,2742000.0,11261000.0,0.26034586396633835,0.5143431678798104,0.513103738130005,21893943.0,21946829.0,https://www.sec.gov/Archives/edgar/data/203596/000020359606000107/fin10q.htm,https://www.sec.gov/Archives/edgar/data/203596/000020359606000107/fin10q.htm,1620599932,18:38:52,20210509
66,2006-03-31,WSBC,USD,2006-05-08,2006-05-08 16:57:04,Q1,36397000.0,0.0,0.0,0.0,0.0,13416000.0,0.0,0.0,54000000.0,0.0,25464000.0,1382000.0,0.0,0.0,0.0,0.19081242959584582,0.0,6945000.0,0.19081242959584582,1361000.0,5584000.0,0.1534192378492733,0.25453611249329244,0.2538326041252344,21937948.0,21998750.0,https://www.sec.gov/Archives/edgar/data/203596/000119312506051143/d10k.htm,https://www.sec.gov/Archives/edgar/data/203596/000119312506051143/d10k.htm,1620599932,18:38:52,20210509
67,2005-12-31,WSBC,USD,2006-03-10,2006-03-10 16:53:48,Q4,42176000.0,0.0,0.0,0.0,0.0,17981000.0,0.0,0.0,54000000.0,0.0,24742000.0,1404000.0,0.0,0.0,0.0,0.31769252655538693,0.0,13399000.0,0.31769252655538693,2850000.0,10549000.0,0.2501185508345979,0.4808562769863435,0.4808562769863435,21937948.0,21937948.0,https://www.sec.gov/Archives/edgar/data/203596/000119312506051143/d10k.htm,https://www.sec.gov/Archives/edgar/data/203596/000119312506051143/d10k.htm,1620599932,18:38:52,20210509
68,2005-09-30,WSBC,USD,2005-11-04,2005-11-04 15:06:08,Q3,42428000.0,0.0,0.0,0.0,0.0,14420000.0,0.0,0.0,52000000.0,0.0,23643000.0,1386000.0,0.0,0.0,0.0,0.297539360799472,0.0,12624000.0,0.297539360799472,2754000.0,9870000.0,0.23262939568209673,0.4433854505153311,0.4421909481765649,22260541.0,22320674.0,https://www.sec.gov/Archives/edgar/data/203596/000020359605000111/sept10q.htm,https://www.sec.gov/Archives/edgar/data/203596/000020359605000111/sept10q.htm,1620599932,18:38:52,20210509
69,2005-06-30,WSBC,USD,2005-08-05,2005-08-05 16:23:07,Q2,43808000.0,0.0,0.0,0.0,0.0,14528000.0,0.0,0.0,52000000.0,0.0,22666000.0,1415000.0,0.0,0.0,0.0,0.32861577794010227,0.0,14396000.0,0.32861577794010227,3138000.0,11258000.0,0.25698502556610664,0.49842359922846613,0.4971854349310439,22587213.0,22643463.0,https://www.sec.gov/Archives/edgar/data/203596/000020359605000093/june10q2005.htm,https://www.sec.gov/Archives/edgar/data/203596/000020359605000093/june10q2005.htm,1620599932,18:38:52,20210509
70,2005-03-31,WSBC,USD,2005-05-10,2005-05-10 17:05:00,Q1,43032000.0,0.0,0.0,0.0,0.0,13896000.0,0.0,0.0,50000000.0,0.0,21383000.0,1681000.0,0.0,0.0,0.0,0.32673359360475923,0.0,14060000.0,0.32673359360475923,2980000.0,11080000.0,0.2574828034950734,0.4818984083347896,0.48082193124298456,22992398.0,23043874.0,https://www.sec.gov/Archives/edgar/data/203596/000119312505052513/d10k.htm,https://www.sec.gov/Archives/edgar/data/203596/000119312505052513/d10k.htm,1620599932,18:38:52,20210509
71,2004-12-31,WSBC,USD,2005-03-16,2005-03-16 14:35:21,Q4,38679000.0,0.0,0.0,0.0,0.0,16095000.0,0.0,0.0,0.0,0.0,17464000.0,1979000.0,0.0,0.0,0.0,0.291941363530598,0.0,11292000.0,0.291941363530598,2260000.0,9032000.0,0.23351172470849815,0.39282548953788987,0.39282548953788987,22992398.0,22992398.0,https://www.sec.gov/Archives/edgar/data/203596/000119312505052513/d10k.htm,https://www.sec.gov/Archives/edgar/data/203596/000119312505052513/d10k.htm,1620599932,18:38:52,20210509
72,2004-09-30,WSBC,USD,2004-11-09,2004-11-09 17:08:29,Q3,36544000.0,0.0,0.0,0.0,0.0,11876000.0,0.0,0.0,0.0,0.0,15585000.0,2103000.0,0.0,0.0,0.0,0.3338714973730298,0.0,12201000.0,0.3338714973730298,2173000.0,10028000.0,0.27440893169877406,0.49628557859831296,0.49505182666373426,20206108.0,20256465.0,https://www.sec.gov/Archives/edgar/data/203596/000020359604000173/fin10q.htm,https://www.sec.gov/Archives/edgar/data/203596/000020359604000173/fin10q.htm,1620599932,18:38:52,20210509
73,2004-06-30,WSBC,USD,2004-08-09,2004-08-09 17:03:40,Q2,34454000.0,0.0,0.0,0.0,0.0,11278000.0,0.0,0.0,0.0,0.0,13658000.0,2409000.0,0.0,0.0,0.0,0.33412666163580423,0.0,11512000.0,0.33412666163580423,2149000.0,9363000.0,0.2717536425378766,0.476106235100069,0.4750390640101821,19665779.0,19709958.0,https://www.sec.gov/Archives/edgar/data/203596/000020359604000117/fin10q.htm,https://www.sec.gov/Archives/edgar/data/203596/000020359604000117/fin10q.htm,1620599932,18:38:52,20210509
74,2004-03-31,WSBC,USD,2004-05-10,2004-05-10 16:59:08,Q1,35088000.0,0.0,0.0,0.0,0.0,11195000.0,0.0,0.0,0.0,0.0,13504000.0,2344000.0,0.0,0.0,0.0,0.34635772913816687,0.0,12153000.0,0.34635772913816687,2394000.0,9759000.0,0.27812927496580025,0.49487995243797467,0.49363906683551256,19719934.0,19769505.0,https://www.sec.gov/Archives/edgar/data/203596/000020359604000073/final10q.htm,https://www.sec.gov/Archives/edgar/data/203596/000020359604000073/final10q.htm,1620599932,18:38:52,20210509
75,2003-12-31,WSBC,USD,2003-12-31,2003-12-31,Q4,35689000.0,0.0,0.0,0.0,0.0,716000.0,0.0,0.0,0.0,0.0,14082000.0,2443000.0,0.0,0.0,0.0,0.3528818403429628,0.0,12594000.0,0.3528818403429628,2884000.0,9710000.0,0.2720726274202135,0.492395157103467,0.492395157103467,19719934.0,19719934.0,,,1620599932,18:38:52,20210509
76,2003-09-30,WSBC,USD,2003-09-30,2003-09-30,Q3,35110000.0,0.0,0.0,0.0,0.0,11137000.0,0.0,0.0,0.0,0.0,14825000.0,3037000.0,0.0,0.0,0.0,0.346966676160638,0.0,12182000.0,0.346966676160638,2390000.0,9792000.0,0.2788949017373967,0.49,0.49,19941034.0,19941034.0,,,1620599932,18:38:52,20210509
77,2003-06-30,WSBC,USD,2003-06-30,2003-06-30,Q2,32347000.0,0.0,0.0,0.0,0.0,10652000.0,0.0,0.0,0.0,0.0,16540000.0,3872000.0,0.0,0.0,0.0,0.27770736080625713,0.0,8983000.0,0.27770736080625713,1242000.0,7741000.0,0.23931121896930163,0.38,0.38,20122685.0,20122685.0,,,1620599932,18:38:52,20210509
78,2003-03-31,WSBC,USD,2003-03-31,2003-03-31,Q1,33089000.0,0.0,0.0,0.0,0.0,10441000.0,0.0,0.0,0.0,0.0,17063000.0,1457000.0,0.0,0.0,0.0,0.3340687237450512,0.0,11054000.0,0.3340687237450512,2165000.0,8889000.0,0.26863912478467167,0.44,0.44,20366287.0,20366287.0,,,1620599932,18:38:52,20210509
79,2002-12-31,WSBC,USD,2002-12-31,2002-12-31,Q4,33962000.0,0.0,0.0,0.0,0.0,9843000.0,0.0,0.0,0.0,0.0,18225000.0,1082000.0,0.0,0.0,0.0,0.34456156881220185,0.0,11702000.0,0.34456156881220185,2582000.0,9120000.0,0.26853542194217067,0.4477988550392126,0.4477988550392126,20366287.0,20366287.0,,,1620599932,18:38:52,20210509
80,2002-09-30,WSBC,USD,2002-11-14 00:00:00,2002-11-14 16:00:22,Q3,32829000.0,0.0,0.0,0.0,0.0,10395000.0,0.0,0.0,0.0,0.0,18798000.0,1504000.0,0.0,0.0,0.0,0.32721069785860063,0.0,10742000.0,0.32721069785860063,1782000.0,8960000.0,0.27292942215723903,0.43,0.43,20941398.0,20941398.0,https://www.sec.gov/Archives/edgar/data/203596/000020359602000020/0000203596-02-000020-index.html,https://www.sec.gov/Archives/edgar/data/203596/000020359602000020/fin10q.txt,1620599932,18:38:52,20210509
81,2002-06-30,WSBC,USD,2002-08-14 00:00:00,2002-08-14 15:32:48,Q2,33308000.0,0.0,0.0,0.0,0.0,9888000.0,0.0,0.0,0.0,0.0,18915000.0,1466000.0,0.0,0.0,0.0,0.3501861414675153,0.0,11664000.0,0.3501861414675153,2986000.0,8678000.0,0.26053800888675394,0.41,0.41,21213306.0,21213306.0,https://www.sec.gov/Archives/edgar/data/203596/000020359602000018/0000203596-02-000018-index.html,https://www.sec.gov/Archives/edgar/data/203596/000020359602000018/fin10q02.txt,1620599932,18:38:52,20210509
82,2002-03-31,WSBC,USD,2002-05-15 00:00:00,2002-05-15 16:32:30,Q1,31355000.0,0.0,0.0,0.0,0.0,9097000.0,0.0,0.0,0.0,0.0,16618000.0,1225000.0,0.0,0.0,0.0,0.3616329134109392,0.0,11339000.0,0.3616329134109392,3271000.0,8068000.0,0.25731143358316055,0.42,0.42,19016622.0,19016622.0,https://www.sec.gov/Archives/edgar/data/203596/000020359602000014/0000203596-02-000014-index.html,https://www.sec.gov/Archives/edgar/data/203596/000020359602000014/f10q302.txt,1620599932,18:38:52,20210509
83,2001-12-31,WSBC,USD,2002-03-29 00:00:00,2002-03-29 00:00:00,Q4,29288000.0,0.0,0.0,0.0,0.0,8926000.0,0.0,0.0,0.0,0.0,17224000.0,1113000.0,0.0,0.0,0.0,0.3497678229991806,0.0,10244000.0,0.3497678229991806,2953000.0,7291000.0,0.24894154602567606,0.3834014263942355,0.3834014263942355,19016622.0,19016622.0,https://www.sec.gov/Archives/edgar/data/203596/000020359602000012/0000203596-02-000012-index.html,https://www.sec.gov/Archives/edgar/data/203596/000020359602000012/form10k.txt,1620599932,18:38:52,20210509
84,2001-09-30,WSBC,USD,2001-11-14 00:00:00,2001-11-14 00:00:00,Q3,28194000.0,0.0,0.0,0.0,0.0,8732000.0,0.0,0.0,0.0,0.0,19519000.0,1026000.0,0.0,0.0,0.0,0.3407462580690927,0.0,9607000.0,0.3407462580690927,2601000.0,7006000.0,0.24849258707526425,0.39,0.39,17983793.0,17983793.0,https://www.sec.gov/Archives/edgar/data/203596/000020359601500029/0000203596-01-500029-index.html,https://www.sec.gov/Archives/edgar/data/203596/000020359601500029/q93001.txt,1620599932,18:38:52,20210509
85,2001-06-30,WSBC,USD,2001-08-14 00:00:00,2001-08-14 00:00:00,Q2,27751000.0,0.0,0.0,0.0,0.0,8282000.0,0.0,0.0,0.0,0.0,19642000.0,1027000.0,0.0,0.0,0.0,0.3762386941011135,0.0,10441000.0,0.3762386941011135,3141000.0,7300000.0,0.2630535836546431,0.4,0.4,18118639.0,18118639.0,https://www.sec.gov/Archives/edgar/data/203596/000020359601500022/0000203596-01-500022-index.html,https://www.sec.gov/Archives/edgar/data/203596/000020359601500022/qtr22001.txt,1620599932,18:38:52,20210509
86,2001-03-31,WSBC,USD,2001-05-15 00:00:00,2001-05-15 00:00:00,Q1,26936000.0,0.0,0.0,0.0,0.0,7901000.0,0.0,0.0,0.0,0.0,19969000.0,1281000.0,0.0,0.0,0.0,0.40807840807840806,0.0,10992000.0,0.40807840807840806,3587000.0,7405000.0,0.2749108999108999,0.4,0.4,18469445.0,18469445.0,https://www.sec.gov/Archives/edgar/data/203596/000020359601500013/0000203596-01-500013-index.html,https://www.sec.gov/Archives/edgar/data/203596/000020359601500013/qtr12001.txt,1620599932,18:38:52,20210509
87,2000-12-31,WSBC,USD,2001-03-30 00:00:00,2001-03-30 00:00:00,Q4,27613000.0,0.0,0.0,0.0,0.0,8461000.0,0.0,0.0,0.0,0.0,20874000.0,2543000.0,0.0,0.0,0.0,0.3723246297034006,0.0,10281000.0,0.3723246297034006,3356000.0,6925000.0,0.2507876724731105,0.3749435892632399,0.3749435892632399,18469445.0,18469445.0,https://www.sec.gov/Archives/edgar/data/203596/000020359601500012/0000203596-01-500012-index.html,https://www.sec.gov/Archives/edgar/data/203596/000020359601500012/ex10k.txt,1620599932,18:38:52,20210509
88,2000-09-30,WSBC,USD,2000-11-14 00:00:00,2000-11-14 00:00:00,Q3,26104000.0,0.0,0.0,0.0,0.0,8443000.0,0.0,0.0,0.0,0.0,20893000.0,319000.0,0.0,0.0,0.0,0.34906527735212994,0.0,9112000.0,0.34906527735212994,2724000.0,6388000.0,0.2447134538768005,0.34,0.34,18846117.0,18846117.0,https://www.sec.gov/Archives/edgar/data/203596/000020359600000009/0000203596-00-000009-index.html,https://www.sec.gov/Archives/edgar/data/203596/000020359600000009/0000203596-00-000009-0001.txt,1620599932,18:38:52,20210509
89,2000-06-30,WSBC,USD,2000-08-11 00:00:00,2000-08-11 00:00:00,Q2,26782000.0,0.0,0.0,0.0,0.0,8199000.0,0.0,0.0,0.0,0.0,19316000.0,1285000.0,0.0,0.0,0.0,0.3699126278844,0.0,9907000.0,0.3699126278844,3226000.0,6681000.0,0.24945859159136732,0.35,0.35,19215808.0,19215808.0,https://www.sec.gov/Archives/edgar/data/203596/000020359600000007/0000203596-00-000007-index.html,https://www.sec.gov/Archives/edgar/data/203596/000020359600000007/0000203596-00-000007-0001.txt,1620599932,18:38:52,20210509
90,2000-03-31,WSBC,USD,2000-05-12 00:00:00,2000-05-12 00:00:00,Q1,26404000.0,0.0,0.0,0.0,0.0,8206000.0,0.0,0.0,0.0,0.0,18469000.0,1453000.0,0.0,0.0,0.0,0.3747538251780033,0.0,9895000.0,0.3747538251780033,2965000.0,6930000.0,0.2624602332979852,0.35,0.35,19647732.0,19647732.0,https://www.sec.gov/Archives/edgar/data/203596/000020359600000004/0000203596-00-000004-index.html,https://www.sec.gov/Archives/edgar/data/203596/0000203596-00-000004.txt,1620599932,18:38:52,20210509
91,1999-12-31,WSBC,USD,1999-12-31,1999-12-31,Q4,27200000.0,0.0,0.0,0.0,0.0,8600000.0,0.0,0.0,0.0,0.0,18000000.0,600000.0,0.0,0.0,0.0,0.31985294117647056,0.0,8700000.0,0.31985294117647056,2100000.0,6600000.0,0.2426470588235294,0.335916634042036,0.335916634042036,19647732.0,19647732.0,,,1620599932,18:38:52,20210509
92,1999-09-30,WSBC,USD,1999-11-15 00:00:00,1999-11-15 00:00:00,Q3,26600000.0,0.0,0.0,0.0,0.0,9200000.0,0.0,0.0,0.0,0.0,17400000.0,2100000.0,0.0,0.0,0.0,0.33458646616541354,0.0,8900000.0,0.33458646616541354,2700000.0,6200000.0,0.23308270676691728,0.3,0.3,20666667.0,20666667.0,https://www.sec.gov/Archives/edgar/data/203596/000020359699000014/0000203596-99-000014-index.html,https://www.sec.gov/Archives/edgar/data/203596/0000203596-99-000014.txt,1620599932,18:38:52,20210509
93,1999-06-30,WSBC,USD,1999-08-13 00:00:00,1999-08-13 00:00:00,Q2,30600000.0,0.0,0.0,0.0,0.0,8800000.0,0.0,0.0,0.0,0.0,17100000.0,2100000.0,0.0,0.0,0.0,0.4019607843137255,0.0,12300000.0,0.4019607843137255,4300000.0,8000000.0,0.26143790849673204,0.4,0.4,20000000.0,20000000.0,https://www.sec.gov/Archives/edgar/data/203596/000020359699000012/0000203596-99-000012-index.html,https://www.sec.gov/Archives/edgar/data/203596/0000203596-99-000012.txt,1620599932,18:38:52,20210509
94,1999-03-31,WSBC,USD,1999-05-14 00:00:00,1999-05-14 00:00:00,Q1,26800000.0,0.0,0.0,0.0,0.0,8700000.0,0.0,0.0,0.0,0.0,16900000.0,2100000.0,0.0,0.0,0.0,0.34328358208955223,0.0,9200000.0,0.34328358208955223,2400000.0,6800000.0,0.2537313432835821,0.33,0.33,20606061.0,20606061.0,https://www.sec.gov/Archives/edgar/data/203596/000020359699000006/0000203596-99-000006-index.html,https://www.sec.gov/Archives/edgar/data/203596/0000203596-99-000006.txt,1620599932,18:38:52,20210509
95,1998-12-31,WSBC,USD,1999-03-11 00:00:00,1999-03-11 00:00:00,Q4,28100000.0,0.0,0.0,0.0,0.0,9400000.0,0.0,0.0,0.0,0.0,17600000.0,1100000.0,0.0,0.0,0.0,0.3167259786476868,0.0,8900000.0,0.3167259786476868,2900000.0,6000000.0,0.21352313167259787,0.2911764650216264,0.2911764650216264,20606061.0,20606061.0,https://www.sec.gov/Archives/edgar/data/203596/000020359699000002/0000203596-99-000002-index.html,https://www.sec.gov/Archives/edgar/data/203596/0000203596-99-000002.txt,1620599932,18:38:52,20210509
96,1998-09-30,WSBC,USD,1998-11-16 00:00:00,1998-11-16 00:00:00,Q3,27400000.0,0.0,0.0,0.0,0.0,8300000.0,0.0,0.0,0.0,0.0,18700000.0,1300000.0,0.0,0.0,0.0,0.40145985401459855,0.0,11000000.0,0.40145985401459855,3600000.0,7400000.0,0.27007299270072993,0.36,0.36,20555556.0,20555556.0,https://www.sec.gov/Archives/edgar/data/203596/000020359698000021/0000203596-98-000021-index.html,https://www.sec.gov/Archives/edgar/data/203596/0000203596-98-000021.txt,1620599932,18:38:52,20210509
97,1998-06-30,WSBC,USD,1998-08-13 00:00:00,1998-08-13 00:00:00,Q2,31800000.0,0.0,0.0,0.0,0.0,9600000.0,0.0,0.0,0.0,0.0,19000000.0,1500000.0,0.0,0.0,0.0,0.36163522012578614,0.0,11500000.0,0.36163522012578614,3700000.0,7800000.0,0.24528301886792453,0.37,0.37,21081081.0,21081081.0,https://www.sec.gov/Archives/edgar/data/203596/000020359698000019/0000203596-98-000019-index.html,https://www.sec.gov/Archives/edgar/data/203596/0000203596-98-000019.txt,1620599932,18:38:52,20210509
98,1998-03-31,WSBC,USD,1998-05-15 00:00:00,1998-05-15 00:00:00,Q1,27200000.0,0.0,0.0,0.0,0.0,8800000.0,0.0,0.0,0.0,0.0,18600000.0,1500000.0,0.0,0.0,0.0,0.3786764705882353,0.0,10300000.0,0.3786764705882353,3300000.0,7000000.0,0.25735294117647056,0.34,0.34,20588235.0,20588235.0,https://www.sec.gov/Archives/edgar/data/203596/000020359698000011/0000203596-98-000011-index.html,https://www.sec.gov/Archives/edgar/data/203596/0000203596-98-000011.txt,1620599932,18:38:52,20210509
99,1997-12-31,WSBC,USD,1998-03-13 00:00:00,1998-03-17 11:19:48,Q4,21800000.0,0.0,0.0,0.0,0.0,6800000.0,0.0,0.0,0.0,0.0,14800000.0,1300000.0,0.0,0.0,0.0,0.3302752293577982,0.0,7200000.0,0.3302752293577982,2000000.0,5200000.0,0.23853211009174313,0.2525714321795919,0.2525714321795919,20588235.0,20588235.0,https://www.sec.gov/Archives/edgar/data/203596/000020359698000007/0000203596-98-000007-index.html,https://www.sec.gov/Archives/edgar/data/203596/0000203596-98-000007.txt,1620599932,18:38:52,20210509
100,1997-09-30,WSBC,USD,1997-11-14 00:00:00,1997-11-14 00:00:00,Q3,21200000.0,0.0,0.0,0.0,0.0,6600000.0,0.0,0.0,0.0,0.0,14300000.0,1400000.0,0.0,0.0,0.0,0.37735849056603776,0.0,8000000.0,0.37735849056603776,2100000.0,5900000.0,0.2783018867924528,0.37,0.37,15945946.0,15945946.0,https://www.sec.gov/Archives/edgar/data/203596/000020359697000033/0000203596-97-000033-index.html,https://www.sec.gov/Archives/edgar/data/203596/0000203596-97-000033.txt,1620599932,18:38:52,20210509
101,1997-06-30,WSBC,USD,1997-08-14 00:00:00,1997-08-14 00:00:00,Q2,20400000.0,0.0,0.0,0.0,0.0,6300000.0,0.0,0.0,0.0,0.0,13600000.0,1100000.0,0.0,0.0,0.0,0.37745098039215685,0.0,7700000.0,0.37745098039215685,2100000.0,5600000.0,0.27450980392156865,0.36,0.36,15555556.0,15555556.0,https://www.sec.gov/Archives/edgar/data/203596/000020359697000027/0000203596-97-000027-index.html,https://www.sec.gov/Archives/edgar/data/203596/0000203596-97-000027.txt,1620599932,18:38:52,20210509
102,1997-03-31,WSBC,USD,1997-05-15 00:00:00,1997-05-15 00:00:00,Q1,20200000.0,0.0,0.0,0.0,0.0,6200000.0,0.0,0.0,0.0,0.0,13000000.0,1400000.0,0.0,0.0,0.0,0.3712871287128713,0.0,7500000.0,0.3712871287128713,2000000.0,5500000.0,0.2722772277227723,0.35,0.35,15714286.0,15714286.0,https://www.sec.gov/Archives/edgar/data/203596/000020359697000021/0000203596-97-000021-index.html,https://www.sec.gov/Archives/edgar/data/203596/0000203596-97-000021.txt,1620599932,18:38:52,20210509
103,1996-12-31,WSBC,USD,1997-03-17 00:00:00,1997-03-17 00:00:00,Q4,20400000.0,0.0,0.0,0.0,0.0,6200000.0,0.0,0.0,0.0,0.0,12500000.0,1200000.0,0.0,0.0,0.0,0.3480392156862745,0.0,7100000.0,0.3480392156862745,2000000.0,5100000.0,0.25,0.3245454486446282,0.3245454486446282,15714286.0,15714286.0,https://www.sec.gov/Archives/edgar/data/203596/000020359697000008/0000203596-97-000008-index.html,https://www.sec.gov/Archives/edgar/data/203596/0000203596-97-000008.txt,1620599932,18:38:52,20210509
104,1996-09-30,WSBC,USD,1996-11-04 00:00:00,1996-11-04 00:00:00,Q3,19000000.0,0.0,0.0,0.0,0.0,6100000.0,0.0,0.0,0.0,0.0,12200000.0,3100000.0,0.0,0.0,0.0,0.3631578947368421,0.0,6900000.0,0.3631578947368421,1700000.0,5200000.0,0.2736842105263158,0.34,0.34,15294118.0,15294118.0,https://www.sec.gov/Archives/edgar/data/203596/000020359696000044/0000203596-96-000044-index.html,https://www.sec.gov/Archives/edgar/data/203596/0000203596-96-000044.txt,1620599932,18:38:52,20210509
105,1996-06-30,WSBC,USD,1996-08-14 00:00:00,1996-08-14 00:00:00,Q2,17500000.0,0.0,0.0,0.0,0.0,5500000.0,0.0,0.0,0.0,0.0,10600000.0,0.0,0.0,0.0,0.0,0.4,0.0,7000000.0,0.4,2000000.0,5000000.0,0.2857142857142857,0.36,0.36,13888889.0,13888889.0,https://www.sec.gov/Archives/edgar/data/203596/000020359696000040/0000203596-96-000040-index.html,https://www.sec.gov/Archives/edgar/data/203596/0000203596-96-000040.txt,1620599932,18:38:52,20210509
106,1996-03-31,WSBC,USD,1996-05-14 00:00:00,1996-05-14 00:00:00,Q1,17400000.0,0.0,0.0,0.0,0.0,5200000.0,0.0,0.0,0.0,0.0,10600000.0,1200000.0,0.0,0.0,0.0,0.40804597701149425,0.0,7100000.0,0.40804597701149425,2200000.0,4900000.0,0.28160919540229884,0.36,0.36,13611111.0,13611111.0,https://www.sec.gov/Archives/edgar/data/203596/000020359696000024/0000203596-96-000024-index.html,https://www.sec.gov/Archives/edgar/data/203596/0000203596-96-000024.txt,1620599932,18:38:52,20210509
107,1995-12-31,WSBC,USD,1996-03-19 00:00:00,1996-03-19 00:00:00,Q4,16800000.0,0.0,0.0,0.0,0.0,5500000.0,0.0,0.0,0.0,0.0,11100000.0,1200000.0,0.0,0.0,0.0,0.3392857142857143,0.0,5700000.0,0.3392857142857143,1500000.0,4200000.0,0.25,0.30857143109037904,0.30857143109037904,13611111.0,13611111.0,https://www.sec.gov/Archives/edgar/data/203596/000020359696000011/0000203596-96-000011-index.html,https://www.sec.gov/Archives/edgar/data/203596/0000203596-96-000011.txt,1620599932,18:38:52,20210509
108,1995-09-30,WSBC,USD,1995-11-14 00:00:00,1995-11-14 00:00:00,Q3,16700000.0,0.0,0.0,0.0,0.0,5300000.0,0.0,0.0,0.0,0.0,10600000.0,3200000.0,0.0,0.0,0.0,0.3772455089820359,0.0,6300000.0,0.3772455089820359,1800000.0,4500000.0,0.2694610778443114,0.35,0.35,12857143.0,12857143.0,https://www.sec.gov/Archives/edgar/data/203596/000020359695000026/0000203596-95-000026-index.html,https://www.sec.gov/Archives/edgar/data/203596/0000203596-95-000026.txt,1620599932,18:38:52,20210509
109,1995-06-30,WSBC,USD,1995-08-11 00:00:00,1995-08-11 00:00:00,Q2,16900000.0,0.0,0.0,0.0,0.0,5500000.0,0.0,0.0,0.0,0.0,10400000.0,-400000.0,0.0,0.0,0.0,0.39644970414201186,0.0,6700000.0,0.39644970414201186,1900000.0,4800000.0,0.28402366863905326,0.37,0.37,12972973.0,12972973.0,https://www.sec.gov/Archives/edgar/data/203596/000020359695000020/0000203596-95-000020-index.html,https://www.sec.gov/Archives/edgar/data/203596/0000203596-95-000020.txt,1620599932,18:38:52,20210509
110,1995-03-31,WSBC,USD,1995-05-11 00:00:00,1995-05-11 00:00:00,Q1,16600000.0,0.0,0.0,0.0,0.0,5300000.0,0.0,0.0,0.0,0.0,9900000.0,1400000.0,0.0,0.0,0.0,0.4036144578313253,0.0,6700000.0,0.4036144578313253,2000000.0,4700000.0,0.28313253012048195,0.36,0.36,13055556.0,13055556.0,https://www.sec.gov/Archives/edgar/data/203596/000020359695000008/0000203596-95-000008-index.html,https://www.sec.gov/Archives/edgar/data/203596/0000203596-95-000008.txt,1620599932,18:38:52,20210509
111,1994-12-31,WSBC,USD,1995-03-28 00:00:00,1995-03-28 00:00:00,Q4,16800000.0,0.0,0.0,0.0,0.0,5700000.0,0.0,0.0,0.0,0.0,9300000.0,1600000.0,0.0,0.0,0.0,0.35119047619047616,0.0,5900000.0,0.35119047619047616,1600000.0,4300000.0,0.25595238095238093,0.32936169091534667,0.32936169091534667,13055556.0,13055556.0,https://www.sec.gov/Archives/edgar/data/203596/000020359695000005/0000203596-95-000005-index.html,https://www.sec.gov/Archives/edgar/data/203596/0000203596-95-000005.txt,1620599932,18:38:52,20210509
112,1994-09-30,WSBC,USD,1994-11-10 00:00:00,1994-11-10 00:00:00,Q3,16800000.0,0.0,0.0,0.0,0.0,5400000.0,0.0,0.0,0.0,0.0,8900000.0,1700000.0,0.0,0.0,0.0,0.1488095238095238,0.0,2500000.0,0.1488095238095238,400000.0,2100000.0,0.125,0.16,0.16,13125000.0,13125000.0,https://www.sec.gov/Archives/edgar/data/203596/000020359694000007/0000203596-94-000007-index.html,https://www.sec.gov/Archives/edgar/data/203596/0000203596-94-000007.txt,1620599932,18:38:52,20210509
113,1994-06-30,WSBC,USD,1994-08-12 00:00:00,1994-08-12 00:00:00,Q2,16800000.0,0.0,0.0,0.0,0.0,5400000.0,0.0,0.0,0.0,0.0,8800000.0,1900000.0,0.0,0.0,0.0,0.39285714285714285,0.0,6600000.0,0.39285714285714285,1900000.0,4700000.0,0.27976190476190477,0.36,0.36,13055556.0,13055556.0,https://www.sec.gov/Archives/edgar/data/203596/000020359694000005/0000203596-94-000005-index.html,https://www.sec.gov/Archives/edgar/data/203596/0000203596-94-000005.txt,1620599932,18:38:52,20210509
114,1994-03-31,WSBC,USD,1994-05-12 00:00:00,1994-05-12 00:00:00,Q1,16800000.0,0.0,0.0,0.0,0.0,5200000.0,0.0,0.0,0.0,0.0,8700000.0,1900000.0,0.0,0.0,0.0,0.38095238095238093,0.0,6400000.0,0.38095238095238093,1800000.0,4600000.0,0.27380952380952384,0.35,0.35,13142857.0,13142857.0,https://www.sec.gov/Archives/edgar/data/203596/000020359694000003/0000203596-94-000003-index.html,https://www.sec.gov/Archives/edgar/data/203596/0000203596-94-000003.txt,1620599932,18:38:52,20210509
115,1993-12-31,WSBC,USD,1994-03-30,1994-03-30,Q4,12700000.0,0.0,0.0,0.0,0.0,3700000.0,0.0,0.0,0.0,0.0,7600000.0,-2900000.0,0.0,0.0,0.0,0.33858267716535434,0.0,4300000.0,0.33858267716535434,800000.0,3500000.0,0.2755905511811024,0.358974358974359,0.358974358974359,9750000.0,9750000.0,https://www.sec.gov/Archives/edgar/data/203596/0000950128-94-000064-index.html,https://www.sec.gov/Archives/edgar/data/203596/,1620599932,18:38:52,20210509
116,1993-09-30,WSBC,USD,1993-09-30,1993-09-30,Q3,13000000.0,0.0,0.0,0.0,0.0,3800000.0,0.0,0.0,0.0,0.0,7800000.0,1400000.0,0.0,0.0,0.0,0.4076923076923077,0.0,5300000.0,0.4076923076923077,1400000.0,3900000.0,0.3,0.4,0.4,9750000.0,9750000.0,,,1620599932,18:38:52,20210509
117,1993-06-30,WSBC,USD,1993-06-30,1993-06-30,Q2,12800000.0,0.0,0.0,0.0,0.0,3900000.0,0.0,0.0,0.0,0.0,8000000.0,1400000.0,0.0,0.0,0.0,0.390625,0.0,5000000.0,0.390625,1300000.0,3700000.0,0.2890625,0.37,0.37,10000000.0,10000000.0,,,1620599932,18:38:52,20210509
118,1993-03-31,WSBC,USD,1993-03-31,1993-03-31,Q1,12600000.0,0.0,0.0,0.0,0.0,3800000.0,0.0,0.0,0.0,0.0,8200000.0,1400000.0,0.0,0.0,0.0,0.3968253968253968,0.0,5000000.0,0.3968253968253968,1400000.0,3600000.0,0.2857142857142857,0.37,0.37,9729730.0,9729730.0,,,1620599932,18:38:52,20210509
119,1992-12-31,WSBC,USD,1992-12-31,1992-12-31,Q4,12500000.0,0.0,0.0,0.0,0.0,3500000.0,0.0,0.0,0.0,0.0,8600000.0,1400000.0,0.0,0.0,0.0,0.336,0.0,4200000.0,0.336,1000000.0,2600000.0,0.208,0.268124991621094,0.268124991621094,9696970.0,9696970.0,,,1620599932,18:38:52,20210509
120,1992-09-30,WSBC,USD,1992-09-30,1992-09-30,Q3,12000000.0,0.0,0.0,0.0,0.0,3700000.0,0.0,0.0,0.0,0.0,9400000.0,1300000.0,0.0,0.0,0.0,0.36666666666666664,0.0,4400000.0,0.36666666666666664,1200000.0,3200000.0,0.26666666666666666,0.33,0.33,9696970.0,9696970.0,,,1620599932,18:38:52,20210509
121,1992-06-30,WSBC,USD,1992-06-30,1992-06-30,Q2,10500000.0,0.0,0.0,0.0,0.0,3300000.0,0.0,0.0,0.0,0.0,8500000.0,1500000.0,0.0,0.0,0.0,0.3523809523809524,0.0,3700000.0,0.3523809523809524,1000000.0,2700000.0,0.2571428571428571,0.33,0.33,8181818.0,8181818.0,,,1620599932,18:38:52,20210509
122,1992-03-31,WSBC,USD,1992-03-31,1992-03-31,Q1,10700000.0,0.0,0.0,0.0,0.0,3200000.0,0.0,0.0,0.0,0.0,8700000.0,300000.0,0.0,0.0,0.0,0.411214953271028,0.0,4400000.0,0.411214953271028,1300000.0,3100000.0,0.2897196261682243,0.39,0.39,7948718.0,7948718.0,,,1620599932,18:38:52,20210509
123,1991-12-31,WSBC,USD,1991-12-31,1991-12-31,Q4,12800000.0,0.0,0.0,0.0,0.0,4100000.0,0.0,0.0,0.0,0.0,13200000.0,400000.0,0.0,0.0,0.0,0.3125,0.0,4000000.0,0.3125,1000000.0,3000000.0,0.234375,0.42272728425619865,0.42272728425619865,7096774.0,7096774.0,,,1620599932,18:38:52,20210509
124,1991-09-30,WSBC,USD,1991-09-30,1991-09-30,Q3,9100000.0,0.0,0.0,0.0,0.0,2800000.0,0.0,0.0,0.0,0.0,8700000.0,300000.0,0.0,0.0,0.0,0.32967032967032966,0.0,3000000.0,0.32967032967032966,800000.0,2200000.0,0.24175824175824176,0.31,0.31,7096774.0,7096774.0,,,1620599932,18:38:52,20210509
125,1991-06-30,WSBC,USD,1991-06-30,1991-06-30,Q2,8800000.0,0.0,0.0,0.0,0.0,2700000.0,0.0,0.0,0.0,0.0,8700000.0,200000.0,0.0,0.0,0.0,0.375,0.0,3300000.0,0.375,900000.0,2400000.0,0.2727272727272727,0.33,0.33,7272727.0,7272727.0,,,1620599932,18:38:52,20210509
126,1991-03-31,WSBC,USD,1991-03-31,1991-03-31,Q1,8500000.0,0.0,0.0,0.0,0.0,2700000.0,0.0,0.0,0.0,0.0,8900000.0,300000.0,0.0,0.0,0.0,0.36470588235294116,0.0,3100000.0,0.36470588235294116,800000.0,2300000.0,0.27058823529411763,0.33,0.33,6969697.0,6969697.0,,,1620599932,18:38:52,20210509
127,1990-12-31,WSBC,USD,1990-12-31,1990-12-31,Q4,8600000.0,0.0,0.0,0.0,0.0,2800000.0,0.0,0.0,0.0,0.0,9600000.0,200000.0,0.0,0.0,0.0,0.313953488372093,0.0,2700000.0,0.313953488372093,600000.0,2100000.0,0.2441860465116279,0.2830434721077506,0.2830434721077506,7419355.0,7419355.0,,,1620599932,18:38:52,20210509
128,1990-09-30,WSBC,USD,1990-09-30,1990-09-30,Q3,8100000.0,0.0,0.0,0.0,0.0,2700000.0,0.0,0.0,0.0,0.0,9400000.0,300000.0,0.0,0.0,0.0,0.37037037037037035,0.0,3000000.0,0.37037037037037035,700000.0,2300000.0,0.2839506172839506,0.31,0.31,7419355.0,7419355.0,,,1620599932,18:38:52,20210509
129,1990-06-30,WSBC,USD,1990-06-30,1990-06-30,Q2,8200000.0,0.0,0.0,0.0,0.0,2600000.0,0.0,0.0,0.0,0.0,9500000.0,200000.0,0.0,0.0,0.0,0.36585365853658536,0.0,3000000.0,0.36585365853658536,700000.0,2300000.0,0.2804878048780488,0.33,0.33,6969697.0,6969697.0,,,1620599932,18:38:52,20210509
130,1990-03-31,WSBC,USD,1990-03-31,1990-03-31,Q1,7900000.0,0.0,0.0,0.0,0.0,2600000.0,0.0,0.0,0.0,0.0,9300000.0,300000.0,0.0,0.0,0.0,0.3670886075949367,0.0,2900000.0,0.3670886075949367,700000.0,2200000.0,0.27848101265822783,0.31,0.31,7096774.0,7096774.0,,,1620599932,18:38:52,20210509
131,1989-03-31,WSBC,USD,1989-03-31,1989-03-31,Q1,0.0,0.0,0.0,0.0,0.0,0.0,0.0,0.0,0.0,0.0,0.0,0.0,0.0,0.0,0.0,0.0,0.0,0.0,0.0,0.0,0.0,0.0,0.31,0.31,7220000.0,7220000.0,,,1620599932,18:38:52,20210509
132,1988-03-31,WSBC,USD,1988-03-31,1988-03-31,Q1,0.0,0.0,0.0,0.0,0.0,0.0,0.0,0.0,0.0,0.0,0.0,0.0,0.0,0.0,0.0,0.0,0.0,0.0,0.0,0.0,0.0,0.0,0.23,0.23,7220000.0,7220000.0,,,1620599932,18:38:52,20210509
133,1987-03-31,WSBC,USD,1987-03-31,1987-03-31,Q1,0.0,0.0,0.0,0.0,0.0,0.0,0.0,0.0,0.0,0.0,0.0,0.0,0.0,0.0,0.0,0.0,0.0,0.0,0.0,0.0,0.0,0.0,0.22,0.22,7229000.0,7229000.0,,,1620599932,18:38:52,20210509
