,date,symbol,reportedCurrency,fillingDate,acceptedDate,period,revenue,costOfRevenue,grossProfit,grossProfitRatio,researchAndDevelopmentExpenses,generalAndAdministrativeExpenses,sellingAndMarketingExpenses,otherExpenses,operatingExpenses,costAndExpenses,interestExpense,depreciationAndAmortization,ebitda,ebitdaratio,operatingIncome,operatingIncomeRatio,totalOtherIncomeExpensesNet,incomeBeforeTax,incomeBeforeTaxRatio,incomeTaxExpense,netIncome,netIncomeRatio,eps,epsdiluted,weightedAverageShsOut,weightedAverageShsOutDil,link,finalLink,timestamp,est_time,est_date
0,2020-12-31,QUBT,USD,2021-03-18,2021-03-18 11:36:21,Q4,0.0,0.0,0.0,0.0,1539517.0,2018895.0,140698.0,13503199.0,17343007.0,17343007.0,226699.0,1872.0,-15471.007000000001,0.0,-17343.007,0.0,-7391.273,-24734.28,0.0,0.0,-24734.28,0.0,-2.7756427592723307,-2.7756427592723307,8911190.0,8911190.0,https://www.sec.gov/Archives/edgar/data/1758009/000121390021016296/0001213900-21-016296-index.htm,https://www.sec.gov/Archives/edgar/data/1758009/000121390021016296/f10k2020_quantumcomputing.htm,1620597028,17:50:28,20210509
1,2020-09-30,QUBT,USD,2020-11-13,2020-11-13 09:09:48,Q3,0.0,0.0,0.0,0.0,967376.0,1525055.0,97603.0,8644494.0,11332131.0,11332131.0,197456.0,1581.0,-11330550.0,0.0,-11332131.0,0.0,-2801971.0,-14134102.0,0.0,0.0,-14134102.0,0.0,-1.5861071304730345,-1.5861071304730345,8911190.0,8911190.0,https://www.sec.gov/Archives/edgar/data/1758009/000121390020036783/0001213900-20-036783-index.htm,https://www.sec.gov/Archives/edgar/data/1758009/000121390020036783/f10q0920_quantumcomputing.htm,1620597028,17:50:28,20210509
2,2020-06-30,QUBT,USD,2020-08-10,2020-08-10 10:42:39,Q2,0.0,0.0,0.0,0.0,335670.0,581880.0,0.0,447835.0,910060.0,910060.0,504708.0,1580.0,-908480.0,0.0,-910060.0,0.0,270.0,-1778600.0,0.0,0.0,-1778600.0,0.0,-0.19959,-0.19959,8911190.0,8911190.0,https://www.sec.gov/Archives/edgar/data/1758009/000121390020021077/0001213900-20-021077-index.htm,https://www.sec.gov/Archives/edgar/data/1758009/000121390020021077/f10q0620_quantumcom.htm,1620597028,17:50:28,20210509
3,2020-03-31,QUBT,USD,2020-05-12 00:00:00,2020-05-12 13:16:35,Q1,0.0,0.0,0.0,0.0,344680.0,1393710.0,0.0,1228887.0,1313390.0,1313390.0,-504708.0,1580.0,-1311810.0,0.0,-1313390.0,0.0,-100000.0,-698180.0,0.0,0.0,-698180.0,0.0,-0.08992,-0.08992,7764050.0,7764050.0,https://www.sec.gov/Archives/edgar/data/1758009/000121390020011795/0001213900-20-011795-index.htm,https://www.sec.gov/Archives/edgar/data/1758009/000121390020011795/f10q0320_quantumcomp.htm,1620597028,17:50:28,20210509
4,2019-12-31,QUBT,USD,2020-03-27 00:00:00,2020-03-27 17:13:59,Q4,0.0,0.0,0.0,0.0,337750.0,427940.0,0.0,285178.0,765690.0,765690.0,4887726.0,1210.0,-764480.0,0.0,-765690.0,0.0,-803340.0,-6482490.0,0.0,0.0,-6482490.0,0.0,-0.88053,-0.88053,7362050.0,7362050.0,https://www.sec.gov/Archives/edgar/data/1758009/000121390020007719/0001213900-20-007719-index.html,https://www.sec.gov/Archives/edgar/data/1758009/000121390020007719/f10k2019_quantumcomputing.htm,1620597028,17:50:28,20210509
5,2019-09-30,QUBT,USD,2019-11-13 00:00:00,2019-11-12 17:34:55,Q3,0.0,0.0,0.0,0.0,256930.0,302780.0,0.0,-1343870.0,-784160.0,-784160.0,-13850.0,730.0000000000001,784890.0,0.0,784160.0,0.0,0.0,770310.0,0.0,0.0,770310.0,0.0,0.10463,0.10463,7362050.0,7362050.0,https://www.sec.gov/Archives/edgar/data/1758009/000121390019023010/0001213900-19-023010-index.html,https://www.sec.gov/Archives/edgar/data/1758009/000121390019023010/f10q0919_quantumcomp.htm,1620597028,17:50:28,20210509
6,2019-06-30,QUBT,USD,2019-08-02,2019-08-02,Q2,0.0,0.0,0.0,0.0,145160.0,1837820.0,0.0,1721744.0,1982980.0,1982980.0,-50240.0,350.0,-1982630.0,0.0,-1982980.0,0.0,0.0,-2033230.0,0.0,0.0,-2033230.0,0.0,-0.38369,-0.38369,5299160.0,5299160.0,https://www.sec.gov/Archives/edgar/data/1758009/000121390019014436/0001213900-19-014436-index.htm,https://www.sec.gov/Archives/edgar/data/1758009/000121390019014436/f10q0619_quantumcomputing.htm,1620597028,17:50:28,20210509
7,2019-03-31,QUBT,USD,2019-05-14 00:00:00,2019-05-14 12:05:14,Q1,0.0,0.0,0.0,0.0,151290.0,431850.0,0.0,316202.0,583140.0,583140.0,-52530.0,350.0,-582790.0,0.0,-583140.0,0.0,0.0,-635670.0,0.0,0.0,-635670.0,0.0,-0.11996,-0.11996,5299160.0,5299160.0,https://www.sec.gov/Archives/edgar/data/1758009/000121390019008528/0001213900-19-008528-index.html,https://www.sec.gov/Archives/edgar/data/1758009/000121390019008528/f10q0319_quantumcomputing.htm,1620597028,17:50:28,20210509
