,date,symbol,reportedCurrency,fillingDate,acceptedDate,period,revenue,costOfRevenue,grossProfit,grossProfitRatio,researchAndDevelopmentExpenses,generalAndAdministrativeExpenses,sellingAndMarketingExpenses,otherExpenses,operatingExpenses,costAndExpenses,interestExpense,depreciationAndAmortization,ebitda,ebitdaratio,operatingIncome,operatingIncomeRatio,totalOtherIncomeExpensesNet,incomeBeforeTax,incomeBeforeTaxRatio,incomeTaxExpense,netIncome,netIncomeRatio,eps,epsdiluted,weightedAverageShsOut,weightedAverageShsOutDil,link,finalLink,timestamp,est_time,est_date
0,2020-12-31,RELINFRA.NS,INR,2020-12-31,2020-12-31,Q4,38316900000,26704800000,11612100000,0.30305426587223916,0.0,0.0,0.0,1789000000.0,3815300000,30520100000,7464600000.0,3547000000,11343800000,0.29605213365381855,7796800000,0.2034820144635918,0.0,3076000000,0.08027789304458346,-1200100000,800800000,0.02089939426206191,3.04,3.04,263421053,263421053,https://www.nseindia.com/companies-listing/corporate-filings-annual-reports,https://www.nseindia.com/companies-listing/corporate-filings-annual-reports,1620597182,17:53:02,20210509
1,2020-09-30,RELINFRA.NS,INR,2020-09-30,2020-09-30,Q3,51607600000,35632400000,15975200000,0.3095513063967323,0.0,0.0,0.0,431300000.0,13665200000,49297600000,6160700000.0,3419200000,5729200000,0.11101465675598168,2310000000,0.04476084917725296,0.0,-2892000000,-0.05603825793100241,-307300000,-2774400000,-0.05375952379106953,-10.55,-10.55,262976303,262976303,https://www.nseindia.com/companies-listing/corporate-filings-annual-reports,https://www.nseindia.com/companies-listing/corporate-filings-annual-reports,1620597182,17:53:02,20210509
2,2020-06-30,RELINFRA.NS,INR,2020-06-30,2020-06-30,Q2,35332400000,25909000000,9423400000,0.26670704509175713,0.0,0.0,0.0,1461200000.0,8234800000,34143800000,6624500000.0,3314000000,4502600000,0.1274354416909126,1188600000,0.03364051125878797,0.0,-2957100000,-0.08369372021147728,-56500000,-2884100000,-0.0816276278996049,-10.97,-10.97,262907931,262907931,https://www.nseindia.com/companies-listing/corporate-filings-annual-reports,https://www.nseindia.com/companies-listing/corporate-filings-annual-reports,1620597182,17:53:02,20210509
3,2020-03-31,RELINFRA.NS,INR,2020-03-31,2020-03-31,Q1,31893800000,30710600000,1183200000,0.03709811938370467,0.0,0.0,0.0,-13735100000.0,9103200000,41462000000,2436300000.0,3704900000,-5863300000,-0.18383823815286984,-9568200000,-0.30000188124337646,0.0,-1561900000,-0.04897190049476701,-340000000,-1538400000,-0.04823508017232189,-5.849956754468481,-5.849956754468481,262976303,262976303,https://www.nseindia.com/companies-listing/corporate-filings-annual-reports,https://www.nseindia.com/companies-listing/corporate-filings-annual-reports,1620597182,17:53:02,20210509
4,2019-12-31,RELINFRA.NS,INR,2019-12-31,2019-12-31,Q4,39549200000,29211800000,10337400000,0.26138076117848147,0.0,0.0,0.0,5724500000.0,7025000000,36236800000,5658400000.0,3402700000,6715100000,0.1697910450780294,3312400000,0.08375390652655426,0.0,3378500000,0.08542524248278094,-192200000,3455100000,0.08736207053492864,13.14,13.14,262945205,262945205,https://www.nseindia.com/companies-listing/corporate-filings-annual-reports,https://www.nseindia.com/companies-listing/corporate-filings-annual-reports,1620597182,17:53:02,20210509
5,2019-09-30,RELINFRA.NS,INR,2019-09-30,2019-09-30,Q3,58224800000,37679500000,20545300000,0.35286166719336093,0.0,0.0,0.0,5354900000.0,17080900000,54760400000,5596500000.0,3365600000,6830000000,0.11730396669460436,3464400000,0.05950041906541542,0.0,3222800000,0.055350984460230006,76400000,2803500000,0.04814958574353197,10.66,10.66,262992495,262992495,https://www.nseindia.com/companies-listing/corporate-filings-annual-reports,https://www.nseindia.com/companies-listing/corporate-filings-annual-reports,1620597182,17:53:02,20210509
6,2019-06-30,RELINFRA.NS,INR,2019-06-30,2019-06-30,Q2,54667200000,37118500000,17548700000,0.32100967307636025,0.0,0.0,0.0,6073700000.0,14530500000,51649000000,5952700000.0,3392500000,6410700000,0.11726775836333304,3018200000,0.05521043697134662,0.0,3139200000,0.057423830011414524,-53000000,2991500000,0.054722027102174615,11.37,11.37,263104661,263104661,https://www.nseindia.com/companies-listing/corporate-filings-annual-reports,https://www.nseindia.com/companies-listing/corporate-filings-annual-reports,1620597182,17:53:02,20210509
7,2019-03-31,RELINFRA.NS,INR,2019-03-31,2019-03-31,Q1,33963700000,28493900000,5469800000,0.1610484134531868,0.0,0.0,0.0,-16814500000.0,82927900000,112295500000,-12684300000.0,3598500000,-74733300000,-2.2003874725074124,-78331800000,-2.306338826452948,0.0,-18315700000,-0.5392728118550099,602000000,-33010000000,-0.971920020492467,-125.52461808697645,-125.52461808697645,262976303,262976303,https://www.nseindia.com/companies-listing/corporate-filings-annual-reports,https://www.nseindia.com/companies-listing/corporate-filings-annual-reports,1620597182,17:53:02,20210509
8,2018-12-31,RELINFRA.NS,INR,2018-12-31,2018-12-31,Q4,41157200000,27615400000,13541800000,0.32902627000864976,0.0,0.0,0.0,4448000000.0,6242500000,33857900000,10653900000.0,3207300000,10506600000,0.25527975664039343,7299300000,0.177351714888282,0.0,1093400000,0.02656643309068644,-189700000,3252600000,0.07902869971718193,12.37,12.37,262942603,262942603,https://www.nseindia.com/companies-listing/corporate-filings-annual-reports,https://www.nseindia.com/companies-listing/corporate-filings-annual-reports,1620597182,17:53:02,20210509
9,2018-09-30,RELINFRA.NS,INR,2018-09-30,2018-09-30,Q3,57508100000,35060600000,22447500000,0.39033631784044337,0.0,0.0,0.0,14565100000.0,15795800000,50856400000,12356100000.0,3180200000,9831900000,0.17096548138436152,6651700000,0.1156654453894321,0.0,-33139300000,-0.5762544754565009,470300000,2771900000,0.04820016658522886,10.54,10.54,262990000,262990000,https://www.nseindia.com/companies-listing/corporate-filings-annual-reports,https://www.nseindia.com/companies-listing/corporate-filings-annual-reports,1620597182,17:53:02,20210509
10,2018-06-30,RELINFRA.NS,INR,2018-06-30,2018-06-30,Q2,76166400000,47504000000,28662400000,0.3763129148811024,0.0,0.0,0.0,6107100000.0,18102600000,65606600000,16380100000.0,5203100000,15762900000,0.2069534597932947,10559800000,0.13864118561465424,0.0,286800000,0.0037654398790017644,-2688100000,2716800000,0.03566927148979077,10.33,10.33,263000968,263000968,https://www.nseindia.com/companies-listing/corporate-filings-annual-reports,https://www.nseindia.com/companies-listing/corporate-filings-annual-reports,1620597182,17:53:02,20210509
11,2018-03-31,RELINFRA.NS,INR,2018-03-31,2018-03-31,Q1,51666100000,33483400000,18182700000,0.35192708565190717,0.0,0.0,0.0,6470700000.0,5471300000,38954700000,16919500000.0,4811300000,17522700000,0.33915275199792516,12711400000,0.24602979516549536,0.0,2262600000,0.04379273837196924,201500000,1601400000,0.03099517865679817,6.09,6.09,262955665,262955665,https://www.nseindia.com/companies-listing/corporate-filings-annual-reports,https://www.nseindia.com/companies-listing/corporate-filings-annual-reports,1620597182,17:53:02,20210509
12,2017-12-31,RELINFRA.NS,INR,2017-12-31,2017-12-31,Q4,56593400000,34270200000,22323200000,0.39444882265423176,0.0,0.0,0.0,2017000000.0,7809300000,42079500000,15039000000.0,4848200000,19362100000,0.34212646704386024,14513900000,0.25645923376224083,0.0,1491900000,0.026361731226609463,-955200000,3013800000,0.053253559602356455,11.46,11.46,262984293,262984293,https://www.nseindia.com/companies-listing/corporate-filings-annual-reports,https://www.nseindia.com/companies-listing/corporate-filings-annual-reports,1620597182,17:53:02,20210509
13,2017-09-30,RELINFRA.NS,INR,2017-09-30,2017-09-30,Q3,71059000000,42989700000,28069300000,0.3950140024486694,0.0,0.0,0.0,838200000.0,11498200000,54487900000,16693900000.0,5152600000,21723700000,0.30571356196963084,16571100000,0.2332019870811579,0.0,3669300000,0.051637371761493966,-914000000,5438100000,0.07652936292376758,20.68,20.68,262964217,262964217,https://www.nseindia.com/companies-listing/corporate-filings-annual-reports,https://www.nseindia.com/companies-listing/corporate-filings-annual-reports,1620597182,17:53:02,20210509
14,2017-06-30,RELINFRA.NS,INR,2017-06-30,2017-06-30,Q2,71892100000,45508400000,26383700000,0.36699025344926633,0.0,0.0,0.0,3701700000.0,11586800000,57095200000,14916400000.0,4534400000,19331300000,0.26889324418121047,14796900000,0.2058209455559095,0.0,3582200000,0.049827449747607874,402200000,3341700000,0.04648215867946548,12.71,12.71,262918961,262918961,https://www.nseindia.com/companies-listing/corporate-filings-annual-reports,https://www.nseindia.com/companies-listing/corporate-filings-annual-reports,1620597182,17:53:02,20210509
15,2017-03-31,RELINFRA.NS,INR,2017-03-31,2017-03-31,Q1,49925500000,33137600000,16787900000,0.3362590259486635,0.0,0.0,0.0,704900000.0,4931900000,38069500000,15868700000.0,5366600000,17222600000,0.3449659993390151,11856000000,0.23747383601566333,0.0,-3307700000,-0.06625271654765601,-3155500000,409400000,0.008200218325304704,1.56,1.56,262435897,262435897,https://www.nseindia.com/companies-listing/corporate-filings-annual-reports,https://www.nseindia.com/companies-listing/corporate-filings-annual-reports,1620597182,17:53:02,20210509
16,2016-12-31,RELINFRA.NS,INR,2016-12-31,2016-12-31,Q4,56560700000,43110000000,13450700000,0.2378099988154319,0.0,0.0,0.0,1596200000.0,328400000,43438400000,11474100000.0,5182100000,18304400000,0.3236240004101788,13122300000,0.23200384719425327,0.0,3244400000,0.05736138343408055,309400000,3748500000,0.0662739322533137,14.25,14.25,263052632,263052632,https://www.nseindia.com/companies-listing/corporate-filings-annual-reports,https://www.nseindia.com/companies-listing/corporate-filings-annual-reports,1620597182,17:53:02,20210509
17,2016-09-30,RELINFRA.NS,INR,2016-09-30,2016-09-30,Q3,68716000000,47098600000,21617400000,0.3145904883869841,0.0,0.0,0.0,1012900000.0,8571900000,55670500000,10459000000.0,3729100000,16774600000,0.24411490773618955,13045500000,0.1898466150532627,0.0,4455200000,0.06483497293206822,-256600000,5705500000,0.08303015309389371,21.68,21.68,263168819,263168819,https://www.nseindia.com/companies-listing/corporate-filings-annual-reports,https://www.nseindia.com/companies-listing/corporate-filings-annual-reports,1620597182,17:53:02,20210509
18,2016-06-30,RELINFRA.NS,INR,2016-06-30,2016-06-30,Q2,70328300000,49022800000,21305500000,0.3029434807893835,0.0,0.0,0.0,657600000.0,7711600000,56734400000,10107500000.0,3259900000,16853800000,0.239644638075995,13593900000,0.19329203179943208,0.0,4144000000,0.05892364809045576,1004900000,4388000000,0.06239309069037642,16.69,16.69,262911923,262911923,https://www.nseindia.com/companies-listing/corporate-filings-annual-reports,https://www.nseindia.com/companies-listing/corporate-filings-annual-reports,1620597182,17:53:02,20210509
19,2016-03-31,RELINFRA.NS,INR,2016-03-31,2016-03-31,Q1,55660100000,37844600000,17815500000,0.3200766797041328,0.0,0.0,0.0,2283100000.0,8677300000,46521900000,14982900000.0,4592200000,13730400000,0.24668299194575646,9138200000,0.1641786486190287,0.0,-3971000000,-0.07134374534001915,-71700000,-3274100000,-0.058823106677853614,-12.45,-12.45,262979920,262979920,https://www.nseindia.com/companies-listing/corporate-filings-annual-reports,https://www.nseindia.com/companies-listing/corporate-filings-annual-reports,1620597182,17:53:02,20210509
20,2015-12-31,RELINFRA.NS,INR,2015-12-31,2015-12-31,Q4,38779800000,22773400000,16006400000,0.41275096828761365,0.0,0.0,0.0,545300000.0,6112100000,28885500000,6916400000.0,2495700000,12390000000,0.31949623257469095,9894300000,0.25514056287036035,0.0,3523200000,0.09085142264787338,534200000,4626700000,0.11930695877750788,17.59,17.59,263030131,263030131,https://www.nseindia.com/companies-listing/corporate-filings-annual-reports,https://www.nseindia.com/companies-listing/corporate-filings-annual-reports,1620597182,17:53:02,20210509
21,2015-09-30,RELINFRA.NS,INR,2015-09-30,2015-09-30,Q3,43238700000,26795500000,16443200000,0.380288954108241,0.0,0.0,0.0,539900000.0,6319400000,33114900000,6387700000.0,2287900000,12411700000,0.2870507207663505,10123800000,0.2341374740683693,0.0,4276000000,0.09889288993424872,1379200000,4511300000,0.10433477417221147,17.15,17.15,263049563,263049563,https://www.nseindia.com/companies-listing/corporate-filings-annual-reports,https://www.nseindia.com/companies-listing/corporate-filings-annual-reports,1620597182,17:53:02,20210509
22,2015-06-30,RELINFRA.NS,INR,2015-06-30,2015-06-30,Q2,42661100000,27696000000,14965100000,0.3507902984217472,0.0,0.0,0.0,707200000.0,5731900000,33427900000,6437300000.0,2470300000,11703500000,0.2743365735998369,9233200000,0.21643136252932998,0.0,3503100000,0.08211461964178139,1101800000,4009100000,0.09397554212151117,15.24,15.24,263064304,263064304,https://www.nseindia.com/companies-listing/corporate-filings-annual-reports,https://www.nseindia.com/companies-listing/corporate-filings-annual-reports,1620597182,17:53:02,20210509
23,2015-03-31,RELINFRA.NS,INR,2015-03-31,2015-03-31,Q1,45340100000,35445900000,9894200000,0.21822183894609848,0.0,0.0,0.0,-656200000.0,15527500000,51871100000,559300000.0,1817200000,-4713800000,-0.10396536399346273,-6531000000,-0.14404467568443827,0.0,2034500000,0.044871978667890014,-1169700000,4590200000,0.10123930031032133,17.454804663521337,17.454804663521337,262976303,262976303,https://www.nseindia.com/companies-listing/corporate-filings-annual-reports,https://www.nseindia.com/companies-listing/corporate-filings-annual-reports,1620597182,17:53:02,20210509
24,2014-12-31,RELINFRA.NS,INR,2014-12-31,2014-12-31,Q4,43385100000,28039900000,15345200000,0.35369746756374887,0.0,0.0,0.0,329000000.0,5909400000,33949300000,6184700000.0,2190100000,11625900000,0.2679698790598616,9435800000,0.21748941456859613,0.0,3580100000,0.08251911370493556,279900000,4523700000,0.10426851614955365,17.2,17.2,263005814,263005814,https://www.nseindia.com/companies-listing/corporate-filings-annual-reports,https://www.nseindia.com/companies-listing/corporate-filings-annual-reports,1620597182,17:53:02,20210509
25,2014-09-30,RELINFRA.NS,INR,2014-09-30,2014-09-30,Q3,40355600000,26450400000,13905200000,0.3445668011378842,0.0,0.0,0.0,223900000.0,4863200000,31313600000,5646400000.0,2273600000,11315600000,0.2803972682849468,9042000000,0.2240581232840052,0.0,3619500000,0.08969015452626153,528100000,4311900000,0.10684762461715351,16.4,16.4,262920732,262920732,https://www.nseindia.com/companies-listing/corporate-filings-annual-reports,https://www.nseindia.com/companies-listing/corporate-filings-annual-reports,1620597182,17:53:02,20210509
26,2014-06-30,RELINFRA.NS,INR,2014-06-30,2014-06-30,Q2,41350900000,28935700000,12415200000,0.30024013987603654,0.0,0.0,0.0,157900000.0,3163400000,32099100000,4807500000.0,1420300000,10672100000,0.25808628107247966,9251800000,0.22373878198539815,0.0,4602300000,0.11129866580896668,1061400000,4576200000,0.11066748244899144,17.4,17.4,263000000,263000000,https://www.nseindia.com/companies-listing/corporate-filings-annual-reports,https://www.nseindia.com/companies-listing/corporate-filings-annual-reports,1620597182,17:53:02,20210509
27,2014-03-31,RELINFRA.NS,INR,2014-03-31,2014-03-31,Q1,44783400000,34632700000,10150700000,0.22666211140735182,0.0,0.0,0.0,-1388000000.0,10917300000,46087000000,-3824000000.0,420300000,-883300000,-0.01972382623918684,-1303600000,-0.029109000209899205,0.0,4251100000,0.09492579839851374,-852000000,6214200000,0.13876123742279506,23.630266031993003,23.630266031993003,262976303,262976303,https://www.nseindia.com/companies-listing/corporate-filings-annual-reports,https://www.nseindia.com/companies-listing/corporate-filings-annual-reports,1620597182,17:53:02,20210509
28,2013-12-31,RELINFRA.NS,INR,2013-12-31,2013-12-31,Q4,38154100000,26494900000,11659200000,0.30558183786277227,0.0,0.0,0.0,808500000.0,3850900000,30345800000,3763100000.0,1295600000,9103900000,0.23860869474053903,7808300000,0.20465166259982545,0.0,4853700000,0.12721306491307618,1256800000,4504500000,0.11806070645094498,17.13,17.13,262959720,262959720,https://www.nseindia.com/companies-listing/corporate-filings-annual-reports,https://www.nseindia.com/companies-listing/corporate-filings-annual-reports,1620597182,17:53:02,20210509
29,2013-09-30,RELINFRA.NS,INR,2013-09-30,2013-09-30,Q3,49269800000,36293200000,12976600000,0.2633783778298268,0.0,0.0,0.0,503000000.0,4302000000,40595200000,4445600000.0,1420400000,10095000000,0.204892246365928,8674600000,0.1760632273725487,0.0,4732000000,0.09604260622125521,1346000000,4266000000,0.08658447974215443,16.22,16.22,263008631,263008631,https://www.nseindia.com/companies-listing/corporate-filings-annual-reports,https://www.nseindia.com/companies-listing/corporate-filings-annual-reports,1620597182,17:53:02,20210509
30,2013-06-30,RELINFRA.NS,INR,2013-06-30,2013-06-30,Q2,54326400000,41425500000,12900900000,0.23747018024385935,0.0,0.0,0.0,198100000.0,4288400000,45713900000,4239700000.0,1361300000,9973800000,0.18359029863933557,8612500000,0.15853249985274195,0.0,4570900000,0.0841377304588561,992500000,4152000000,0.07642693055310125,15.79,15.79,262951235,262951235,https://www.nseindia.com/companies-listing/corporate-filings-annual-reports,https://www.nseindia.com/companies-listing/corporate-filings-annual-reports,1620597182,17:53:02,20210509
31,2013-03-31,RELINFRA.NS,INR,2013-03-31,2013-03-31,Q1,62449400000,49611700000,12837700000,0.20556962917177748,0.0,0.0,0.0,-746700000.0,15129400000,65432900000,-1791200000.0,496300000,-2487200000,-0.03982744429890439,-2983500000,-0.04777467837961614,0.0,4441800000,0.07112638392042198,-2110400000,7251100000,0.11611160395456162,27.573206852786274,27.573206852786274,262976303,262976303,https://www.nseindia.com/companies-listing/corporate-filings-annual-reports,https://www.nseindia.com/companies-listing/corporate-filings-annual-reports,1620597182,17:53:02,20210509
32,2012-12-31,RELINFRA.NS,INR,2012-12-31,2012-12-31,Q4,52769100000,39633800000,13135300000,0.24892029615816832,0.0,0.0,0.0,189300000.0,4441900000,44075700000,4163400000.0,1359300000,10052700000,0.19050353331779393,8693400000,0.16474414003649862,0.0,8510500000,0.1612780964617551,2047500000,7279400000,0.1379481552651078,27.68,27.68,262984104,262984104,https://www.nseindia.com/companies-listing/corporate-filings-annual-reports,https://www.nseindia.com/companies-listing/corporate-filings-annual-reports,1620597182,17:53:02,20210509
33,2012-09-30,RELINFRA.NS,INR,2012-09-30,2012-09-30,Q3,54963700000,42755000000,12208700000,0.2221229647931271,0.0,0.0,0.0,2823400000.0,6765100000,49520100000,0.0,1258200000,6701800000,0.12193138380421988,5443600000,0.09903991179633104,0.0,4223600000,0.07684344394573145,1086500000,3818100000,0.06946584745932316,14.52,14.52,262954545,262954545,https://www.nseindia.com/companies-listing/corporate-filings-annual-reports,https://www.nseindia.com/companies-listing/corporate-filings-annual-reports,1620597182,17:53:02,20210509
34,2012-06-30,RELINFRA.NS,INR,2012-06-30,2012-06-30,Q2,53411400000,41579700000,11831700000,0.2215201249171525,0.0,0.0,0.0,2588500000.0,6368800000,47948500000,0.0,1254700000,6717600000,0.12577090284096654,5462900000,0.10227966314307432,0.0,4437500000,0.08308151443324834,1002800000,4119700000,0.0771314738052176,15.66,15.66,263071520,263071520,https://www.nseindia.com/companies-listing/corporate-filings-annual-reports,https://www.nseindia.com/companies-listing/corporate-filings-annual-reports,1620597182,17:53:02,20210509
35,2012-03-31,RELINFRA.NS,INR,2012-03-31,2012-03-31,Q1,76928500000,61944600000,14983900000,0.19477696822374022,0.0,0.0,0.0,-4031800000.0,8611100000,70555700000,5408600000.0,983500000,7356300000,0.09562515842633094,6372800000,0.08284055974053829,0.0,2010200000,0.0261307577815764,-1176700000,4114700000,0.053487329143295397,15.646656953725598,15.646656953725598,262976303,262976303,https://www.nseindia.com/companies-listing/corporate-filings-annual-reports,https://www.nseindia.com/companies-listing/corporate-filings-annual-reports,1620597182,17:53:02,20210509
36,2011-12-31,RELINFRA.NS,INR,2011-12-31,2011-12-31,Q4,61286500000,46866900000,14419600000,0.23528183205110423,0.0,0.0,0.0,1598000000.0,7480700000,54347600000,3277600000.0,1016300000,7955200000,0.1298034640581531,6938900000,0.1132206929747987,0.0,5259300000,0.0858149837239849,2072800000,4083200000,0.0666247868617069,15.51,15.51,263262411,263262411,https://www.nseindia.com/companies-listing/corporate-filings-annual-reports,https://www.nseindia.com/companies-listing/corporate-filings-annual-reports,1620597182,17:53:02,20210509
37,2011-09-30,RELINFRA.NS,INR,2011-09-30,2011-09-30,Q3,55486600000,44258800000,11227800000,0.20235155875472638,0.0,0.0,0.0,1264300000.0,5213600000,49472400000,0.0,1009300000,7023500000,0.1265801112340637,6014200000,0.1083901338341149,0.0,4771500000,0.08599373542440877,1832500000,3616300000,0.06517429433412752,13.47,13.47,268470676,268470676,https://www.nseindia.com/companies-listing/corporate-filings-annual-reports,https://www.nseindia.com/companies-listing/corporate-filings-annual-reports,1620597182,17:53:02,20210509
38,2011-06-30,RELINFRA.NS,INR,2011-06-30,2011-06-30,Q2,49116400000,38475700000,10640700000,0.2166425063726169,0.0,0.0,0.0,1283300000.0,3654600000,42130300000,2166200000.0,1024200000,8010300000,0.16308809277552916,6986100000,0.1422355872987434,0.0,6003200000,0.12222394149408344,2713000000,4053900000,0.08253658655764673,15.23,15.23,266178595,266178595,https://www.nseindia.com/companies-listing/corporate-filings-annual-reports,https://www.nseindia.com/companies-listing/corporate-filings-annual-reports,1620597182,17:53:02,20210509
39,2011-03-31,RELINFRA.NS,INR,2011-03-31,2011-03-31,Q1,39412300000,34570100000,4842200000,0.122860122347592,0.0,0.0,0.0,0.0,-2941000000,31629100000,1892600000.0,1115100000,8898300000,0.22577469470190778,7783200000,0.1974814968931019,0.0,2855700000,0.07245707558300328,-1098300000,4108800000,0.1042517183721833,15.624221472152948,15.624221472152948,262976303,262976303,https://www.nseindia.com/companies-listing/corporate-filings-annual-reports,https://www.nseindia.com/companies-listing/corporate-filings-annual-reports,1620597182,17:53:02,20210509
40,2010-12-31,RELINFRA.NS,INR,2010-12-31,2010-12-31,Q4,35504500000,25973600000,9530900000,0.2684420284752637,0.0,0.0,0.0,1276800000.0,5207100000,31180700000,1564300000.0,1257100000,5580900000,0.15718852539818895,4323800000,0.12178174597586222,0.0,4036300000,0.11368418087848019,567500000,4052500000,0.11414046106831528,16.55,16.41,244864048,246953077,https://www.nseindia.com/companies-listing/corporate-filings-annual-reports,https://www.nseindia.com/companies-listing/corporate-filings-annual-reports,1620597182,17:53:02,20210509
41,2010-06-30,RELINFRA.NS,INR,2010-06-30,2010-06-30,Q2,37484400000,29307500000,8176900000,0.21814141349468044,0.0,0.0,0.0,2019600000.0,5293300000,34600800000,1372400000.0,1195900000,4079500000,0.10883194075402033,2883600000,0.07692800204885232,0.0,3530800000,0.09419385130881114,663800000,3752900000,0.10011898283019069,15.33,15.14,244807567,247879789,https://www.nseindia.com/companies-listing/corporate-filings-annual-reports,https://www.nseindia.com/companies-listing/corporate-filings-annual-reports,1620597182,17:53:02,20210509
42,2010-03-31,RELINFRA.NS,INR,2010-03-31,2010-03-31,Q1,38844600000,5271900000,33572700000,0.8642822940640398,0.0,0.0,0.0,0.0,22131600000,27403500000,1089100000.0,1201900000,12643000000,0.32547638539204937,11441100000,0.29453514774254336,0.0,4388600000,0.11297838052135947,102900000,4710400000,0.12126267228906978,17.911880067764127,17.911880067764127,262976303,262976303,https://www.nseindia.com/companies-listing/corporate-filings-annual-reports,https://www.nseindia.com/companies-listing/corporate-filings-annual-reports,1620597182,17:53:02,20210509
43,2009-12-31,RELINFRA.NS,INR,2009-12-31,2009-12-31,Q4,32248700000,23465400000,8783300000,0.27236136650469633,0.0,0.0,0.0,1949000000.0,5929100000,29394500000,1281900000.0,1315000000,4169200000,0.1292827307767445,2854200000,0.08850589326081361,0.0,3521300000,0.1091919984371463,458600000,3678700000,0.11407281533829271,16.33,15.85,225272505,232094637,https://www.nseindia.com/companies-listing/corporate-filings-annual-reports,https://www.nseindia.com/companies-listing/corporate-filings-annual-reports,1620597182,17:53:02,20210509
