,date,symbol,reportedCurrency,fillingDate,acceptedDate,period,revenue,costOfRevenue,grossProfit,grossProfitRatio,researchAndDevelopmentExpenses,generalAndAdministrativeExpenses,sellingAndMarketingExpenses,otherExpenses,operatingExpenses,costAndExpenses,interestExpense,depreciationAndAmortization,ebitda,ebitdaratio,operatingIncome,operatingIncomeRatio,totalOtherIncomeExpensesNet,incomeBeforeTax,incomeBeforeTaxRatio,incomeTaxExpense,netIncome,netIncomeRatio,eps,epsdiluted,weightedAverageShsOut,weightedAverageShsOutDil,link,finalLink,timestamp,est_time,est_date
0,2020-12-31,SYPR,USD,2021-03-18,2021-03-18 10:07:05,Q4,20614000,18064000,2550000.0,0.1237023382167459,0.0,2721000.0,0.0,-658000.0,2721000.0,20785000.0,202000.0,620000.0,449000.0,0.021781313670321142,-171000.0,-0.008295333268652371,-658000.0,-1031000.0,-0.05001455321626079,143000.0,-1174000.0,-0.05695158630057243,-0.06,-0.06,21259000.0,21259000.0,https://www.sec.gov/Archives/edgar/data/864240/000143774921006412/0001437749-21-006412-index.htm,https://www.sec.gov/Archives/edgar/data/864240/000143774921006412/sypr20201231_10k.htm,1620598545,18:15:45,20210509
1,2020-10-04,SYPR,USD,2020-11-12,2020-11-12 10:19:05,Q3,22154000,18733000,3421000.0,0.15441906653426019,0.0,2577000.0,0.0,372000.0,2577000.0,21310000.0,-216000.0,624000.0,1468000.0,0.0662634287261894,844000.0,0.03809695766001625,372000.0,256000.0,0.011555475309199242,-3239000.0,3495000.0,0.15775932111582558,0.16630186524552723,0.16630186524552723,21016000.0,21016000.0,https://www.sec.gov/Archives/edgar/data/864240/000143774920023528/0001437749-20-023528-index.htm,https://www.sec.gov/Archives/edgar/data/864240/000143774920023528/sypr20200930_10q.htm,1620598545,18:15:45,20210509
2,2020-07-05,SYPR,USD,2020-08-13,2020-08-13 10:18:46,Q2,17153000,15150000,2003000.0,0.1167725762257331,0.0,2830000.0,0.0,-283000.0,2863000.0000000014,18013000.0,193000.0,638999.9999999999,-221000.00000000012,-0.012884043607532217,-860000.0,-0.05013700227365475,769000.0,-284000.0,-0.016556870518276687,64000.0,-348000.0,-0.02028799626887425,-0.01656,-0.01656,21016000.0,21016000.0,https://www.sec.gov/Archives/edgar/data/864240/000143774920017743/0001437749-20-017743-index.htm,https://www.sec.gov/Archives/edgar/data/864240/000143774920017743/sypr20200630_10q.htm,1620598545,18:15:45,20210509
3,2020-04-05,SYPR,USD,2020-05-20,2020-05-20 10:28:42,Q1,22425000,18834000,3591000.0,0.16013377926421404,0.0,3223000.0,0.0,283000.0,3314000.0,22148000.0,227000.0,620000.0,897000.0,0.04,277000.0,0.012352285395763657,-283000.0,-233000.0,-0.010390189520624303,72000.0,-305000.0,-0.013600891861761426,-0.01453,-0.01453,20988000.0,20988000.0,https://www.sec.gov/Archives/edgar/data/864240/000143774920011356/0001437749-20-011356-index.htm,https://www.sec.gov/Archives/edgar/data/864240/000143774920005641/sypr20191231_10k.htm,1620598545,18:15:45,20210509
4,2019-12-31,SYPR,USD,2020-03-19,2020-03-19 11:01:07,Q4,21624000,18916000,2708000.0,0.1252312245652978,0.0,3474000.0,0.0,100000.0,3474000.0,22390000.0,227000.0,565000.0,-201000.0,-0.009295227524972253,-766000.0,-0.0354236034036256,-18000.0,-1011000.0,-0.046753607103218645,-152000.0,-859000.0,-0.039724380318165005,-0.04,-0.04,20974000.0,20974000.0,https://www.sec.gov/Archives/edgar/data/864240/000143774920005641/0001437749-20-005641-index.htm,https://www.sec.gov/Archives/edgar/data/864240/000143774920005641/sypr20191231_10k.htm,1620598545,18:15:45,20210509
5,2019-09-29,SYPR,USD,2019-11-12,2019-11-12 10:23:09,Q3,22259000,19933000,2326000.0,0.10449705737005256,0.0,3148000.0,0.0,-1156000.0,3338000.000000001,23271000.0,227000.0,698999.9999999998,-313000.00000000023,-0.014061727840424108,-1012000.0,-0.04546475582910284,-276000.0,-1525000.0,-0.06851161328002156,32000.0,-1557000.0,-0.0699492340177007,-0.07435,-0.07435,20941000.0,20941000.0,https://www.sec.gov/Archives/edgar/data/864240/000143774919022366/0001437749-19-022366-index.htm,https://www.sec.gov/Archives/edgar/data/864240/000143774919022366/sypr20190930_10q.htm,1620598545,18:15:45,20210509
6,2019-06-30,SYPR,USD,2019-08-14,2019-08-14 13:23:59,Q2,24444000,20455000,3989000.0,0.16318933071510391,0.0,3604000.0,0.0,1493000.0,3604000.0,24059000.0,232000.0,716000.0,1101000.0,0.04504172803141875,385000.0,0.01575028636884307,1390000.0,1543000.0,0.06312387497954508,40000.0,1503000.0,0.06148748159057437,0.07,0.07,20875000.0,20875000.0,https://www.sec.gov/Archives/edgar/data/864240/000143774919016741/0001437749-19-016741-index.htm,https://www.sec.gov/Archives/edgar/data/864240/000143774919016741/sypr20190630_10q.htm,1620598545,18:15:45,20210509
7,2019-03-31,SYPR,USD,2019-05-15,2019-05-15 14:34:27,Q1,19564000,17973000,1591000.0,0.08132283786546718,0.0,3454000.0,0.0,-51000.0,3454000.0,21427000.0,217000.0,691000.0,-1172000.0,-0.05990594970353711,-1863000.0,-0.09522592516867716,-149000.0,-2229000.0,-0.11393375587814353,76000.0,-2305000.0,-0.11781844203639337,-0.11,-0.11,20669000.0,20669000.0,https://www.sec.gov/Archives/edgar/data/864240/000143774919010017/0001437749-19-010017-index.htm,https://www.sec.gov/Archives/edgar/data/864240/000143774919005857/sypr20181231_10k.htm,1620598545,18:15:45,20210509
8,2018-12-31,SYPR,USD,2019-03-28,2019-03-28 10:53:45,Q4,23955000,22550000,1405000.0,0.05865163848883323,0.0,1213000.0,0.0,-215000.0,1213000.0,23763000.0,185000.0,660000.0,852000.0,0.03556668753913588,192000.0,0.008015028177833438,-521000.0,-514000.0,-0.02145689835107493,-326000.0,-188000.0,-0.007848048424128574,-0.01,-0.01,20555000.0,20555000.0,https://www.sec.gov/Archives/edgar/data/864240/000143774919005857/0001437749-19-005857-index.htm,https://www.sec.gov/Archives/edgar/data/864240/000143774919005857/sypr20181231_10k.htm,1620598545,18:15:45,20210509
9,2018-09-30,SYPR,USD,2018-11-13,2018-11-13 11:55:09,Q3,21101000,19899000,1202000.0,0.05696412492298943,0.0,2942000.0,0.0,-56000.0,2942000.0,22841000.0,231000.0,678000.0,-1062000.0,-0.050329368276385004,-1740000.0,-0.08246054689351216,-330000.0,-2301000.0,-0.10904696459883417,35000.0,-2336000.0,-0.11070565376048529,-0.11,-0.11,20555000.0,20555000.0,https://www.sec.gov/Archives/edgar/data/864240/000143774918020500/0001437749-18-020500-index.htm,https://www.sec.gov/Archives/edgar/data/864240/000143774918020500/sypr20180930_10q.htm,1620598545,18:15:45,20210509
10,2018-07-01,SYPR,USD,2018-08-14,2018-08-14 10:22:38,Q2,23000000,20000000,3000000.0,0.13043478260869565,0.0,3200000.0,0.0,-1707000.0,1199999.9999999993,21200000.0,221000.0,640000.0,2340000.0,0.10173913043478261,1700000.0,0.07391304347826087,-700000.0,900000.0,0.0391304347826087,46000.0,800000.0,0.034782608695652174,0.03828,0.03828,20900000.0,20900000.0,https://www.sec.gov/Archives/edgar/data/864240/000143774918015473/0001437749-18-015473-index.htm,https://www.sec.gov/Archives/edgar/data/864240/000143774918015473/sypr20180701_10q.htm,1620598545,18:15:45,20210509
11,2018-04-01,SYPR,USD,2018-05-15,2018-05-15 11:10:13,Q1,19900000,17900000,2000000.0,0.10050251256281408,0.0,3100000.0,0.0,0.0,3700000.000000003,21600000.000000004,213000.0,670000.0,-930000.0,-0.04673366834170854,-1600000.0,-0.08040201005025126,-100000.0,-1800000.0,-0.09045226130653267,40000.0,-1800000.0,-0.09045226130653267,-0.0878,-0.0878,20500000.0,20500000.0,https://www.sec.gov/Archives/edgar/data/864240/000143774918009895/0001437749-18-009895-index.htm,https://www.sec.gov/Archives/edgar/data/864240/000143774918005023/sypr20171231_10k.htm,1620598545,18:15:45,20210509
12,2017-12-31,SYPR,USD,2018-03-20,2018-03-20 10:58:00,Q4,21489000,20061000,1428000.0,0.06645260365768532,2000.0,2967000.0,0.0,-49000.0,2969000.0,23030000.0,207000.0,955000.0,-586000.0,-0.027269765926753224,-1541000.0,-0.07171110800874866,-174000.0,-1922000.0,-0.08944110940481176,-688000.0,-1234000.0,-0.05742472893108102,-0.060490196078431376,-0.060490196078431376,20400000.0,20400000.0,https://www.sec.gov/Archives/edgar/data/864240/000143774918005023/0001437749-18-005023-index.htm,https://www.sec.gov/Archives/edgar/data/864240/000143774918005023/sypr20171231_10k.htm,1620598545,18:15:45,20210509
13,2017-10-01,SYPR,USD,2017-11-14,2017-11-14 10:29:11,Q3,21400000,20600000,800000.0,0.037383177570093455,5000.0,3100000.0,0.0,15000.0,3500000.0,24100000.0,208000.0,960000.0000000002,-1839999.9999999998,-0.08598130841121494,-2800000.0,-0.1308411214953271,-300000.0,-3100000.0,-0.14485981308411214,100000.0,-3100000.0,-0.14485981308411214,-0.15196,-0.15196,20400000.0,20400000.0,https://www.sec.gov/Archives/edgar/data/864240/000143774917019252/0001437749-17-019252-index.htm,https://www.sec.gov/Archives/edgar/data/864240/000143774917019252/sypr20170930_10q.htm,1620598545,18:15:45,20210509
14,2017-07-02,SYPR,USD,2017-08-15,2017-08-15 12:10:46,Q2,21200000,19600000,1600000.0,0.07547169811320754,9000.0,3600000.0,0.0,-1977000.0,4500000.0,24100000.0,206000.0,950000.0,-1850000.0,-0.08726415094339622,-2800000.0,-0.1320754716981132,-400000.0,-3100000.0,-0.14622641509433962,24000.0,-3100000.0,-0.14622641509433962,-0.15196,-0.15196,20400000.0,20400000.0,https://www.sec.gov/Archives/edgar/data/864240/000143774917014800/0001437749-17-014800-index.htm,https://www.sec.gov/Archives/edgar/data/864240/000143774917014800/sypr20170702_10q.htm,1620598545,18:15:45,20210509
15,2017-04-02,SYPR,USD,2017-05-16,2017-05-16 10:19:09,Q1,18200000,18700000,-500000.0,-0.027472527472527472,22000.0,3400000.0,0.0,0.0,4500000.0,23200000.0,188000.0,1020000.0,-3980000.0,-0.21868131868131868,-5000000.0,-0.27472527472527475,-1000000.0,-3300000.0,-0.1813186813186813,-9000.0,-3300000.0,-0.1813186813186813,-0.16337,-0.16337,20200000.0,20200000.0,https://www.sec.gov/Archives/edgar/data/864240/000143774917009356/0001437749-17-009356-index.htm,https://www.sec.gov/Archives/edgar/data/864240/000143774917005382/sypr20161231_10k.htm,1620598545,18:15:45,20210509
16,2016-12-31,SYPR,USD,2017-03-28,2017-03-28 11:09:39,Q4,19971000,19950000,21000.0,0.0010515247108307045,12000.0,5056000.0,0.0,1339000.0,5068000.0,25018000.0,214000.0,1202000.0,-3845000.0,-0.19252916729257424,-5047000.0,-0.2527164388363127,692000.0,-4569000.0,-0.2287817335135947,79000.0,-4648000.0,-0.23273746933052927,-0.23,-0.23,20165000.0,20165000.0,https://www.sec.gov/Archives/edgar/data/864240/000143774917005382/0001437749-17-005382-index.htm,https://www.sec.gov/Archives/edgar/data/864240/000143774917005382/sypr20161231_10k.htm,1620598545,18:15:45,20210509
17,2016-10-02,SYPR,USD,2016-11-16,2016-11-16 16:17:34,Q3,21400000,21900000,-500000.0,-0.02336448598130841,100000.0,5400000.0,0.0,0.0,7000000.0,28900000.0,2828000.0,1409999.9999999998,-6190000.0,-0.28925233644859816,-7600000.0,-0.35514018691588783,31600000.0,21200000.0,0.9906542056074766,200000.0,21000000.0,0.9813084112149533,1.06061,1.06061,19800000.0,19800000.0,https://www.sec.gov/Archives/edgar/data/864240/000143774916042269/0001437749-16-042269-index.htm,https://www.sec.gov/Archives/edgar/data/864240/000143774916042269/sypr20160824_10q.htm,1620598545,18:15:45,20210509
18,2016-07-03,SYPR,USD,2016-08-17,2016-08-17 14:02:50,Q2,23500000,22800000,700000.0,0.029787234042553193,100000.0,5300000.0,0.0,0.0,5399999.999999999,28200000.0,964000.0,1730000.0000000002,-2870000.0,-0.12212765957446808,-4600000.0,-0.19574468085106383,400000.0,-5200000.0,-0.22127659574468084,1000.0,-5200000.0,-0.22127659574468084,-0.25871,-0.25871,20100000.0,20100000.0,https://www.sec.gov/Archives/edgar/data/864240/000143774916037670/0001437749-16-037670-index.htm,https://www.sec.gov/Archives/edgar/data/864240/000143774916037670/sypr20160630_10q.htm,1620598545,18:15:45,20210509
19,2016-04-03,SYPR,USD,2016-05-18,2016-05-18 10:31:07,Q1,26900000,26200000,700000.0,0.026022304832713755,100000.0,6500000.0,0.0,0.0,7099999.999999998,33299999.999999996,876000.0,1950000.0,-4450000.0,-0.1654275092936803,-6400000.0,-0.2379182156133829,2200000.0,-5100000.0,-0.1895910780669145,1000.0,-5100000.0,-0.1895910780669145,-0.25888,-0.25888,19700000.0,19700000.0,https://www.sec.gov/Archives/edgar/data/864240/000143774916032190/0001437749-16-032190-index.htm,https://www.sec.gov/Archives/edgar/data/864240/000143774916028628/sypr20151231_10k.htm,1620598545,18:15:45,20210509
20,2015-12-31,SYPR,USD,2016-03-30,2016-03-30 12:40:30,Q4,29121000,28080000,1041000.0,0.035747398784382406,132000.0,5431000.0,0.0,48000.0,5563000.0,33643000.0,952000.0,2013000.0,-2509000.0,-0.08615775557158065,-4522000.0,-0.15528312901342672,-267000.0,-5741000.0,-0.19714295525565742,-248000.0,-5493000.0,-0.18862676419079016,-0.28,-0.28,19702000.0,19702000.0,https://www.sec.gov/Archives/edgar/data/864240/000143774916028628/0001437749-16-028628-index.htm,https://www.sec.gov/Archives/edgar/data/864240/000143774916028628/sypr20151231_10k.htm,1620598545,18:15:45,20210509
21,2015-10-04,SYPR,USD,2015-11-17,2015-11-17 11:51:04,Q3,38400000,36000000,2400000.0,0.0625,100000.0,6000000.0,0.0,-7841000.0,6500000.0,42500000.0,1783000.0,2069999.9999999993,-2030000.0000000007,-0.052864583333333354,-4100000.0,-0.10677083333333333,7800000.0,2000000.0,0.052083333333333336,2300000.0,-300000.0,-0.0078125,-0.01523,-0.01523,19700000.0,19700000.0,https://www.sec.gov/Archives/edgar/data/864240/000143774915021036/0001437749-15-021036-index.htm,https://www.sec.gov/Archives/edgar/data/864240/000143774915021036/sypr20150930_10q.htm,1620598545,18:15:45,20210509
22,2015-07-05,SYPR,USD,2015-08-18,2015-08-18 10:10:27,Q2,40800000,40800000,0.0,0.0,200000.0,7300000.0,0.0,-754000.0,7800000.000000004,48600000.00000001,1154000.0,2770000.0,-5030000.0,-0.1232843137254902,-7800000.0,-0.19117647058823528,600000.0,-8400000.0,-0.20588235294117646,0.0,-8400000.0,-0.20588235294117646,-0.4264,-0.4264,19700000.0,19700000.0,https://www.sec.gov/Archives/edgar/data/864240/000143774915016058/0001437749-15-016058-index.htm,https://www.sec.gov/Archives/edgar/data/864240/000143774915016058/sypr20150630_10q.htm,1620598545,18:15:45,20210509
23,2015-04-05,SYPR,USD,2015-05-14,2015-05-14 11:31:44,Q1,37000000,40200000,-3200000.0,-0.08648648648648649,300000.0,9100000.0,0.0,0.0,9699999.999999996,49899999.99999999,334000.0,2180000.0,-10720000.0,-0.2897297297297297,-12900000.0,-0.34864864864864864,200000.0,-13000000.0,-0.35135135135135137,-15000.0,-13000000.0,-0.35135135135135137,-0.6599,-0.6599,19700000.0,19700000.0,https://www.sec.gov/Archives/edgar/data/864240/000143774915010075/0001437749-15-010075-index.htm,https://www.sec.gov/Archives/edgar/data/864240/000143774915006400/sypr20141231_10k.htm,1620598545,18:15:45,20210509
24,2014-12-31,SYPR,USD,2015-03-31,2015-03-31 12:35:11,Q4,87215000,77985000,9230000.0,0.10583041907928682,302000.0,10125000.0,0.0,432000.0,10427000.0,88412000.0,151000.0,2422000.0,1225000.0,0.01404574901106461,-1197000.0,-0.013724703319383134,432000.0,-916000.0,-0.010502780485008313,1131000.0,-2047000.0,-0.023470733245427967,-0.11,-0.11,19601000.0,19601000.0,https://www.sec.gov/Archives/edgar/data/864240/000143774915006400/0001437749-15-006400-index.htm,https://www.sec.gov/Archives/edgar/data/864240/000143774915006400/sypr20141231_10k.htm,1620598545,18:15:45,20210509
25,2014-09-28,SYPR,USD,2014-11-04,2014-11-04 11:28:44,Q3,90200000,82000000,8200000.0,0.09090909090909091,100000.0,8300000.0,0.0,-397000.0,8400000.000000006,90400000.0,179000.0,2590000.0,2390000.0,0.026496674057649668,-200000.0,-0.0022172949002217295,400000.0,38000.0,0.0004212860310421286,1200000.0,-1200000.0,-0.013303769401330377,-0.06122,-0.06122,19600000.0,19600000.0,https://www.sec.gov/Archives/edgar/data/864240/000143774914019432/0001437749-14-019432-index.htm,https://www.sec.gov/Archives/edgar/data/864240/000143774914019432/sypr20140930_10q.htm,1620598545,18:15:45,20210509
26,2014-06-29,SYPR,USD,2014-08-05,2014-08-05 10:37:21,Q2,93100000,82300000,10800000.0,0.11600429645542427,10000.0,9100000.0,0.0,-453000.0,9100000.00000001,91400000.00000001,155000.0,2690000.0000000005,4390000.0,0.04715359828141783,1700000.0,0.018259935553168637,-100000.0,1400000.0,0.015037593984962405,1100000.0,400000.0,0.004296455424274973,0.02,0.02,20000000.0,20000000.0,https://www.sec.gov/Archives/edgar/data/864240/000143774914014208/0001437749-14-014208-index.htm,https://www.sec.gov/Archives/edgar/data/864240/000143774914014208/sypr20140630_10q.htm,1620598545,18:15:45,20210509
27,2014-03-30,SYPR,USD,2014-05-06,2014-05-06 12:59:04,Q1,84200000,73700000,10500000.0,0.12470308788598575,200000.0,8000000.0,0.0,0.0,8099999.999999994,81800000.0,132000.0,2710000.0,5110000.0,0.06068883610451306,2400000.0,0.028503562945368172,500000.0,2800000.0,0.0332541567695962,1200000.0,1700000.0,0.020190023752969122,0.08763,0.08763,19400000.0,19400000.0,https://www.sec.gov/Archives/edgar/data/864240/000143774914008024/0001437749-14-008024-index.htm,https://www.sec.gov/Archives/edgar/data/864240/000143774914003830/sypr20131231_10k.htm,1620598545,18:15:45,20210509
28,2013-12-31,SYPR,USD,2014-03-11,2014-03-11 11:46:24,Q4,73859000,67479000,6380000.0,0.08638080667217266,204000.0,8019000.0,0.0,-486000.0,8223000.0,75702000.0,132000.0,3046000.0,1203000.0,0.016287791602919075,-1843000.0,-0.024952950892917585,-486000.0,-2461000.0,-0.0333202453323224,-2522000.0,61000.0,0.000825897994827983,0.003136,0.00313,19450000.0,19488000.0,https://www.sec.gov/Archives/edgar/data/864240/000143774914003830/0001437749-14-003830-index.htm,https://www.sec.gov/Archives/edgar/data/864240/000143774914003830/sypr20131231_10k.htm,1620598545,18:15:45,20210509
29,2013-09-29,SYPR,USD,2013-11-12,2013-11-12 12:02:28,Q3,76300000,69000000,7300000.0,0.09567496723460026,500000.0,7700000.0,0.0,-1416000.0,8299999.999999997,77300000.0,124000.0,3189999.9999999995,2189999.9999999995,0.028702490170380072,-1000000.0,-0.01310615989515072,38000.0,-1100000.0,-0.014416775884665793,900000.0,-2000000.0,-0.02621231979030144,-0.10309,-0.10309,19400000.0,19400000.0,https://www.sec.gov/Archives/edgar/data/864240/000143774913014431/0001437749-13-014431-index.htm,https://www.sec.gov/Archives/edgar/data/864240/000143774913014431/sypr20130930_10q.htm,1620598545,18:15:45,20210509
30,2013-06-30,SYPR,USD,2013-08-06,2013-08-06 11:39:03,Q2,82166000,73830000,8336000.0,0.10145315580653798,1419000.0,7598000.0,0.0,259000.0,9025000.0,82855000.0,120000.0,3095000.0,2406000.0,0.029282184845313145,-689000.0,-0.008385463573740964,259000.0,-550000.0,-0.006693766278022539,944000.0,-1494000.0,-0.01818270330793759,-0.08,-0.08,19347000.0,19347000.0,https://www.sec.gov/Archives/edgar/data/864240/000143774913009949/0001437749-13-009949-index.htm,https://www.sec.gov/Archives/edgar/data/864240/000143774913009949/sypr20130720_10q.htm,1620598545,18:15:45,20210509
31,2013-03-31,SYPR,USD,2013-05-14,2013-05-14 14:08:24,Q1,78411000,70335000,8076000.0,0.1029957531468799,877000.0,7158000.0,0.0,1195000.0,8057000.0,78392000.0,146000.0,3073000.0,3092000.0,0.039433242784813353,19000.0,0.00024231294078636925,-5705000.0,-5832000.0,-0.07437731950874239,627000.0,-6459000.0,-0.08237364655469258,-0.34,-0.34,19151000.0,19151000.0,https://www.sec.gov/Archives/edgar/data/864240/000119312513219097/0001193125-13-219097-index.htm,https://www.sec.gov/Archives/edgar/data/864240/000119312513102967/d463750d10k.htm,1620598545,18:15:45,20210509
32,2012-12-31,SYPR,USD,2013-03-12,2013-03-12 15:09:08,Q4,67466000,58828000,8638000.0,0.12803486200456526,1303000.0,7871000.0,0.0,0.0,9197000.0,68025000.0,117000.0,3110000.0,2551000.0,0.037811638454925446,-559000.0,-0.008285654996590876,85000.0,-591000.0,-0.008759967983873358,259000.0,-940000.0,-0.013932944001422939,-0.04908359876768837,-0.04908359876768837,19151000.0,19151000.0,https://www.sec.gov/Archives/edgar/data/864240/000119312513102967/0001193125-13-102967-index.htm,https://www.sec.gov/Archives/edgar/data/864240/000119312513102967/d463750d10k.htm,1620598545,18:15:45,20210509
33,2012-09-30,SYPR,USD,2012-11-06,2012-11-06 16:40:03,Q3,78763000,69389000,9374000.0,0.11901527366910859,1084000.0,7633000.0,0.0,0.0,8739000.0,78128000.0,98000.0,3013000.0,3648000.0,0.046316163680916164,635000.0,0.00806216116704544,752000.0,1289000.0,0.016365552353262317,697000.0,-5739000.0,-0.07286416210657289,-0.30088078011953445,-0.2932999437828998,19074000.0,19567000.0,https://www.sec.gov/Archives/edgar/data/864240/000119312512454664/0001193125-12-454664-index.htm,https://www.sec.gov/Archives/edgar/data/864240/000119312512454664/d398552d10q.htm,1620598545,18:15:45,20210509
34,2012-07-01,SYPR,USD,2012-08-07,2012-08-07 10:14:18,Q2,98900000,85700000,13200000.0,0.13346814964610718,1000000.0,7700000.0,0.0,-457000.0,8700000.000000004,94400000.0,105000.0,3060000.0,7560000.0,0.07644084934277047,4500000.0,0.0455005055611729,500000.0,5400000.0,0.054600606673407485,300000.0,4400000.0,0.044489383215369056,0.22564,0.22564,19500000.0,19500000.0,https://www.sec.gov/Archives/edgar/data/864240/000119312512339715/0001193125-12-339715-index.htm,https://www.sec.gov/Archives/edgar/data/864240/000119312512339715/d344953d10q.htm,1620598545,18:15:45,20210509
35,2012-04-01,SYPR,USD,2012-05-15,2012-05-15 11:02:51,Q1,96500000,83900000,12600000.0,0.1305699481865285,400000.0,7600000.0,0.0,-2074000.0,8099999.999999994,92000000.0,117000.0,3070000.0,7570000.0,0.07844559585492228,4500000.0,0.046632124352331605,2100000.0,6500000.0,0.06735751295336788,900000.0,5300000.0,0.054922279792746116,0.27461,0.27461,19300000.0,19300000.0,https://www.sec.gov/Archives/edgar/data/864240/000119312512233346/0001193125-12-233346-index.htm,https://www.sec.gov/Archives/edgar/data/864240/000119312512111947/d272265d10k.htm,1620598545,18:15:45,20210509
36,2011-12-31,SYPR,USD,2012-03-13,2012-03-13 15:43:11,Q4,83580000,74873000,8707000.0,0.10417564010528835,760000.0,7410000.0,0.0,0.0,5192000.0,80065000.0,124000.0,3425000.0,6940000.0,0.08303421871261067,3515000.0,0.042055515673606124,-2377000.0,1014000.0,0.012132089016511126,-387000.0,1323000.0,0.015829145728643215,0.06963157894736842,0.06963157894736842,19000000.0,19000000.0,https://www.sec.gov/Archives/edgar/data/864240/000119312512111947/0001193125-12-111947-index.htm,https://www.sec.gov/Archives/edgar/data/864240/000119312512111947/d272265d10k.htm,1620598545,18:15:45,20210509
37,2011-10-02,SYPR,USD,2011-11-08,2011-11-08 13:46:40,Q3,91200000,80900000,10300000.0,0.11293859649122807,1100000.0,7200000.0,0.0,-506000.0,8699999.999999989,89599999.99999999,153000.0,3499999.999999999,5099999.999999999,0.055921052631578934,1600000.0,0.017543859649122806,6500000.0,7900000.0,0.08662280701754387,1800000.0,6100000.0,0.0668859649122807,0.32105,0.32105,19000000.0,19000000.0,https://www.sec.gov/Archives/edgar/data/864240/000119312511301732/0001193125-11-301732-index.htm,https://www.sec.gov/Archives/edgar/data/864240/000119312511301732/d236015d10q.htm,1620598545,18:15:45,20210509
38,2011-07-03,SYPR,USD,2011-08-09,2011-08-09 15:52:49,Q2,85100000,76900000,8200000.0,0.0963572267920094,900000.0,6800000.0,0.0,275000.0,7899999.999999992,84799999.99999999,1455000.0,3650000.0,3850000.0,0.04524089306698002,200000.0,0.0023501762632197414,-300000.0,-800000.0,-0.009400705052878966,800000.0,-1600000.0,-0.01880141010575793,-0.08466,-0.08466,18900000.0,18900000.0,https://www.sec.gov/Archives/edgar/data/864240/000119312511216437/0001193125-11-216437-index.htm,https://www.sec.gov/Archives/edgar/data/864240/000119312511216437/d10q.htm,1620598545,18:15:45,20210509
39,2011-04-03,SYPR,USD,2011-05-17,2011-05-17 12:49:33,Q1,75800000,67700000,8100000.0,0.10686015831134564,600000.0,6900000.0,0.0,231000.0,4200000.000000003,71900000.0,-729000.0,3640000.0,7540000.0,0.09947229551451188,3900000.0,0.051451187335092345,-200000.0,2900000.0,0.03825857519788918,400000.0,2100000.0,0.027704485488126648,0.10881,0.10881,19300000.0,19300000.0,https://www.sec.gov/Archives/edgar/data/864240/000119312511142657/0001193125-11-142657-index.htm,https://www.sec.gov/Archives/edgar/data/864240/000119312511067221/d10k.htm,1620598545,18:15:45,20210509
40,2010-12-31,SYPR,USD,2011-03-15,2011-03-15 16:24:37,Q4,67233000,59968000,7265000.0,0.10805705531509824,1893000.0,7043000.0,0.0,0.0,8964000.0,68932000.0,583000.0,3641000.0,1942000.0,0.028884625109693158,-1699000.0,-0.025270328558892212,434000.0,-1848000.0,-0.027486502164115835,-223000.0,-1625000.0,-0.024169678580459,-0.08736559139784947,-0.08736559139784947,18600000.0,18600000.0,https://www.sec.gov/Archives/edgar/data/864240/000119312511067221/0001193125-11-067221-index.htm,https://www.sec.gov/Archives/edgar/data/864240/000119312511067221/d10k.htm,1620598545,18:15:45,20210509
41,2010-10-03,SYPR,USD,2010-11-16,2010-11-16 11:41:46,Q3,73400000,66200000,7200000.0,0.09809264305177112,500000.0,6900000.0,0.0,0.0,8000000.0,74200000.0,-612000.0,3650000.0000000005,2850000.0000000005,0.038828337874659405,-800000.0,-0.010899182561307902,200000.0,-1200000.0,-0.01634877384196185,500000.0,-1900000.0,-0.025885558583106268,-0.10215,-0.10215,18600000.0,18600000.0,https://www.sec.gov/Archives/edgar/data/864240/000114420410061265/0001144204-10-061265-index.htm,https://www.sec.gov/Archives/edgar/data/864240/000114420410061265/v202831_10q.htm,1620598545,18:15:45,20210509
42,2010-07-04,SYPR,USD,2010-08-17,2010-08-17 13:57:57,Q2,63100000,58500000,4600000.0,0.07290015847860538,300000.0,6700000.0,0.0,-466000.0,8099999.999999994,66599999.99999999,-583000.0,3709999.9999999995,209999.99999999953,0.003328050713153717,-3500000.0,-0.0554675118858954,700000.0,-3400000.0,-0.05388272583201268,600000.0,-4300000.0,-0.06814580031695722,-0.23118,-0.23118,18600000.0,18600000.0,https://www.sec.gov/Archives/edgar/data/864240/000114420410045092/0001144204-10-045092-index.htm,https://www.sec.gov/Archives/edgar/data/864240/000114420410045092/v194368_10q.htm,1620598545,18:15:45,20210509
43,2010-04-04,SYPR,USD,2010-05-18,2010-05-18 16:20:46,Q1,62900000,57100000,5800000.0,0.09220985691573927,200000.0,6300000.0,0.0,466000.0,6999999.999999993,64099999.99999999,-601000.0,3720000.0,2520000.0,0.04006359300476948,-1200000.0,-0.019077901430842606,-500000.0,-2200000.0,-0.034976152623211444,200000.0,-2400000.0,-0.03815580286168521,-0.12973,-0.12973,18500000.0,18500000.0,https://www.sec.gov/Archives/edgar/data/864240/000114420410028813/0001144204-10-028813-index.htm,https://www.sec.gov/Archives/edgar/data/864240/000119312510064553/d10k.htm,1620598545,18:15:45,20210509
44,2009-12-31,SYPR,USD,2010-03-23,2010-03-23 17:03:39,Q4,66097000,60298000,5799000.0,0.0877346929512686,334000.0,6591000.0,0.0,0.0,6955000.0,67253000.0,300000.0,3679000.0,2523000.0,0.038171172670469156,-1156000.0,-0.01748944732741274,-2188000.0,14611000.0,0.22105390562355326,-151000.0,22582000.0,0.34164939407234823,1.2206486486486487,1.2206486486486487,18500000.0,18500000.0,https://www.sec.gov/Archives/edgar/data/864240/000119312510064553/0001193125-10-064553-index.htm,https://www.sec.gov/Archives/edgar/data/864240/000119312510064553/d10k.htm,1620598545,18:15:45,20210509
45,2009-10-04,SYPR,USD,2009-11-17,2009-11-17 12:25:47,Q3,62700000,57500000,5200000.0,0.08293460925039872,700000.0,6900000.0,0.0,-84000.0,9099999.999999994,66599999.99999999,-417000.0,3689999.9999999995,-210000.00000000047,-0.003349282296650725,-3900000.0,-0.06220095693779904,-7000.0,-5700000.0,-0.09090909090909091,-3800000.0,-1800000.0,-0.028708133971291867,-0.0973,-0.0973,18500000.0,18500000.0,https://www.sec.gov/Archives/edgar/data/864240/000114420409060296/0001144204-09-060296-index.htm,https://www.sec.gov/Archives/edgar/data/864240/000114420409060296/v166744_10q.htm,1620598545,18:15:45,20210509
46,2009-07-05,SYPR,USD,2009-08-18,2009-08-18 15:13:24,Q2,69400000,64900000,4500000.0,0.06484149855907781,800000.0,7000000.0,0.0,-307000.0,9599999.999999994,74500000.0,-2303000.0,3860000.0000000005,-1339999.9999999995,-0.019308357348703162,-5200000.0,-0.07492795389048991,400000.0,-6200000.0,-0.0893371757925072,400000.0,-6800000.0,-0.09798270893371758,-0.36757,-0.36757,18500000.0,18500000.0,https://www.sec.gov/Archives/edgar/data/864240/000114420409044384/0001144204-09-044384-index.htm,https://www.sec.gov/Archives/edgar/data/864240/000114420409044384/v158438_10q.htm,1620598545,18:15:45,20210509
47,2009-04-05,SYPR,USD,2009-05-20,2009-05-20 09:17:04,Q1,67700000,67200000,500000.0,0.007385524372230428,1000000.0,7700000.0,0.0,307000.0,10700000.000000004,77900000.0,-1269000.0,3960000.0,-6240000.0,-0.09217134416543575,-10200000.0,-0.15066469719350073,-300000.0,-11200000.0,-0.1654357459379616,400000.0,-11300000.0,-0.16691285081240767,-0.61413,-0.61413,18400000.0,18400000.0,https://www.sec.gov/Archives/edgar/data/864240/000114420409028393/0001144204-09-028393-index.htm,https://www.sec.gov/Archives/edgar/data/864240/000119312509069331/d10k.htm,1620598545,18:15:45,20210509
48,2008-12-31,SYPR,USD,2009-03-31,2009-03-31 16:01:08,Q4,94549000,92838000,1711000.0,0.018096436768236576,1175000.0,9965000.0,0.0,0.0,10527000.0,103365000.0,1167000.0,5760000.0,-3056000.0,-0.03232186485314493,-8816000.0,-0.0932426572465071,-113327000.0,-123965000.0,-1.3111191022644344,-1715000.0,-122250000.0,-1.292980359390369,-6.644021739130435,-6.644021739130435,18400000.0,18400000.0,https://www.sec.gov/Archives/edgar/data/864240/000119312509069331/0001193125-09-069331-index.htm,https://www.sec.gov/Archives/edgar/data/864240/000119312509069331/d10k.htm,1620598545,18:15:45,20210509
49,2008-09-28,SYPR,USD,2008-11-05,2008-11-05 13:38:09,Q3,86100000,82600000,3500000.0,0.04065040650406504,700000.0,8100000.0,0.0,1050000.0,9500000.0,92100000.0,-1093000.0,2889999.999999999,-3110000.000000001,-0.036120789779326375,-6000000.0,-0.06968641114982578,-1000000.0,-7600000.0,-0.08826945412311266,200000.0,-7800000.0,-0.09059233449477352,-0.42391,-0.42391,18400000.0,18400000.0,https://www.sec.gov/Archives/edgar/data/864240/000119312508225578/0001193125-08-225578-index.htm,https://www.sec.gov/Archives/edgar/data/864240/000119312508225578/d10q.htm,1620598545,18:15:45,20210509
50,2008-06-29,SYPR,USD,2008-08-07,2008-08-07 14:52:58,Q2,96100000,88400000,7700000.0,0.08012486992715921,900000.0,8600000.0,0.0,-924000.0,9500000.0,97900000.0,-1023000.0,6540000.0,4740000.0,0.04932362122788762,-1800000.0,-0.018730489073881373,900000.0,-1400000.0,-0.014568158168574402,-300000.0,-900000.0,-0.009365244536940686,-0.04891,-0.04891,18400000.0,18400000.0,https://www.sec.gov/Archives/edgar/data/864240/000119312508169951/0001193125-08-169951-index.htm,https://www.sec.gov/Archives/edgar/data/864240/000119312508169951/d10q.htm,1620598545,18:15:45,20210509
51,2008-03-30,SYPR,USD,2008-04-30,2008-04-30 13:23:00,Q1,93200000,83500000,9700000.0,0.10407725321888411,800000.0,7900000.0,0.0,8000.0,8700000.000000004,92200000.0,-952000.0,6970000.0,7970000.0,0.08551502145922747,1000000.0,0.01072961373390558,8000.0,600000.0,0.006437768240343348,200000.0,400000.0,0.004291845493562232,0.02174,0.02174,18400000.0,18400000.0,https://www.sec.gov/Archives/edgar/data/864240/000119312508096889/0001193125-08-096889-index.htm,https://www.sec.gov/Archives/edgar/data/864240/000119312508051536/d10k.htm,1620598545,18:15:45,20210509
52,2007-12-31,SYPR,USD,2008-03-10,2008-03-10 15:59:46,Q4,103709000,94093000,9616000.0,0.09272097889286368,820000.0,10777000.0,0.0,0.0,11702000.0,105795000.0,1061000.0,7648000.0,5562000.0,0.05363083242534399,-2086000.0,-0.020113972750677375,-51000.0,-3163000.0,-0.030498799525595657,-933000.0,-2230000.0,-0.02150247326654389,-0.12119565217391304,-0.12119565217391304,18400000.0,18400000.0,https://www.sec.gov/Archives/edgar/data/864240/000119312508051536/0001193125-08-051536-index.htm,https://www.sec.gov/Archives/edgar/data/864240/000119312508051536/d10k.htm,1620598545,18:15:45,20210509
53,2007-09-30,SYPR,USD,2007-11-02,2007-11-02 06:12:10,Q3,104520000,94048000,10472000.0,0.10019135093761959,608000.0,10369000.0,0.0,0.0,6271000.0,100319000.0,991000.0,7484000.0,11685000.0,0.111796785304248,4201000.0,0.04019326444699579,4861000.0,3236000.0,0.030960581706850364,599000.0,2637000.0,0.025229621125143514,0.14398820574423937,0.14217166271296097,18314000.0,18548000.0,https://www.sec.gov/Archives/edgar/data/864240/000119312507233130/0001193125-07-233130-index.htm,https://www.sec.gov/Archives/edgar/data/864240/000119312507233130/d10q.htm,1620598545,18:15:45,20210509
54,2007-07-01,SYPR,USD,2007-08-08,2007-08-07 17:45:08,Q2,116200000,108500000,7700000.0,0.06626506024096386,700000.0,8800000.0,0.0,41000.0,10900000.000000006,119400000.0,-914000.0,7120000.0,3920000.0,0.033734939759036145,-3200000.0,-0.027538726333907058,-100000.0,-4200000.0,-0.03614457831325301,-1900000.0,-2300000.0,-0.019793459552495698,-0.12637,-0.12637,18200000.0,18200000.0,https://www.sec.gov/Archives/edgar/data/864240/000119312507173964/0001193125-07-173964-index.htm,https://www.sec.gov/Archives/edgar/data/864240/000119312507173964/d10q.htm,1620598545,18:15:45,20210509
55,2007-04-01,SYPR,USD,2007-05-02,2007-05-01 17:38:00,Q1,111400000,99400000,12000000.0,0.10771992818671454,700000.0,10600000.0,0.0,0.0,11799999.999999996,111200000.0,-719000.0,7130000.0,7430000.0,0.06669658886894075,300000.0,0.0026929982046678637,-20.0,-400000.0,-0.003590664272890485,-200000.0,-200000.0,-0.0017953321364452424,-0.01105,-0.01105,18100000.0,18100000.0,https://www.sec.gov/Archives/edgar/data/864240/000119312507098001/0001193125-07-098001-index.htm,https://www.sec.gov/Archives/edgar/data/864240/000119312507054315/d10k.htm,1620598545,18:15:45,20210509
56,2006-12-31,SYPR,USD,2007-03-14,2007-03-14 12:51:25,Q4,109479000,101678000,7801000.0,0.071255674604262,856000.0,8866000.0,0.0,0.0,9887000.0,111565000.0,646000.0,7510000.0,5424000.0,0.049543748116077056,-2086000.0,-0.019053882479744974,141000.0,-2591000.0,-0.023666639264151117,-1618000.0,-973000.0,-0.008887549210350844,-0.05377473195534431,-0.05377473195534431,18094000.0,18094000.0,https://www.sec.gov/Archives/edgar/data/864240/000119312507054315/0001193125-07-054315-index.htm,https://www.sec.gov/Archives/edgar/data/864240/000119312507054315/d10k.htm,1620598545,18:15:45,20210509
57,2006-09-30,SYPR,USD,2006-11-01,2006-11-01 09:53:40,Q3,125955000,115719000,10236000.0,0.0812671192092414,427000.0,10175000.0,0.0,0.0,10765000.0,126484000.0,820000.0,7594000.0,7065000.0,0.05609146123615577,-529000.0,-0.004199912667222421,-12000.0,-1361000.0,-0.010805446389583582,-559000.0,-802000.0,-0.006367353419872176,-0.04,-0.04,18094000.0,18094000.0,https://www.sec.gov/Archives/edgar/data/864240/000119312506220105/0001193125-06-220105-index.htm,https://www.sec.gov/Archives/edgar/data/864240/000119312506220105/d10q.htm,1620598545,18:15:45,20210509
58,2006-06-30,SYPR,USD,2006-08-04,2006-08-04 06:03:32,Q2,132233000,121799000,10434000.0,0.07890617319428585,371000.0,9632000.0,0.0,0.0,10161000.0,131960000.0,1083000.0,6859000.0,7132000.0,0.053935099407863396,273000.0,0.002064537596515242,8000.0,-802000.0,-0.006065051840312176,-358000.0,-444000.0,-0.0033577094976291848,-0.02,-0.02,18065000.0,18065000.0,https://www.sec.gov/Archives/edgar/data/864240/000119312506161403/0001193125-06-161403-index.htm,https://www.sec.gov/Archives/edgar/data/864240/000119312506161403/d10q.htm,1620598545,18:15:45,20210509
59,2006-03-31,SYPR,USD,2006-05-02,2006-05-02 12:08:27,Q1,129997000,117378000,12619000.0,0.09707147088009724,334000.0,9919000.0,0.0,0.0,9962000.0,127340000.0,1159000.0,6819000.0,9476000.0,0.07289398986130449,2657000.0,0.02043893320615091,250000.0,1298000.0,0.00998484580413394,441000.0,857000.0,0.0065924598259959845,0.047500277131138455,0.04685876756520313,18042000.0,18289000.0,https://www.sec.gov/Archives/edgar/data/864240/000119312506096264/0001193125-06-096264-index.htm,https://www.sec.gov/Archives/edgar/data/864240/000119312506054553/d10k.htm,1620598545,18:15:45,20210509
60,2005-12-31,SYPR,USD,2006-03-15,2006-03-15 10:27:46,Q4,132112000,121627000,10485000.0,0.07936447862419765,449000.0,9511000.0,0.0,0.0,10150000.0,131777000.0,1413000.0,7211000.0,7546000.0,0.05711820273707158,335000.0,0.0025357272617173307,469000.0,-559000.0,-0.0042312583262686205,-308000.0,-251000.0,-0.001899903112510597,-0.013911983150426781,-0.013911983150426781,18042000.0,18042000.0,https://www.sec.gov/Archives/edgar/data/864240/000119312506054553/0001193125-06-054553-index.htm,https://www.sec.gov/Archives/edgar/data/864240/000119312506054553/d10k.htm,1620598545,18:15:45,20210509
61,2005-09-30,SYPR,USD,2005-11-03,2005-11-03 14:02:59,Q3,140811000,125205000,15606000.0,0.11082940963419051,767000.0,8492000.0,0.0,0.0,9420000.0,134625000.0,0.0,6798000.0,12984000.0,0.09220870528580864,6186000.0,0.04393122696380254,89000.0,4478000.0,0.03180149278110375,1477000.0,3001000.0,0.021312255434589627,0.17,0.16,18036000.0,18423000.0,https://www.sec.gov/Archives/edgar/data/864240/000119312505215461/0001193125-05-215461-index.htm,https://www.sec.gov/Archives/edgar/data/864240/000119312505215461/d10q.htm,1620598545,18:15:45,20210509
62,2005-06-30,SYPR,USD,2005-08-05,2005-08-05 11:55:33,Q2,125602000,111714000,13888000.0,0.11057148771516377,944000.0,9113000.0,0.0,0.0,10232000.0,121946000.0,1508000.0,6146000.0,9802000.0,0.0780401585962007,3656000.0,0.02910781675451028,586000.0,2734000.0,0.021767169312590564,753000.0,1981000.0,0.015772041846467414,0.10988462391834923,0.10848255845791578,18028000.0,18261000.0,https://www.sec.gov/Archives/edgar/data/864240/000119312505158746/0001193125-05-158746-index.htm,https://www.sec.gov/Archives/edgar/data/864240/000119312505158746/d10q.htm,1620598545,18:15:45,20210509
63,2005-03-31,SYPR,USD,2005-05-06,2005-05-06 10:58:49,Q1,124241000,112882000,11359000.0,0.09142714562825477,673000.0,8553000.0,0.0,0.0,9364000.0,122246000.0,1261000.0,5754000.0,7749000.0,0.06237071498136686,1995000.0,0.016057501146964366,181000.0,915000.0,0.007364718571164108,325000.0,590000.0,0.00474883492566866,0.032723239046034386,0.03212282898676975,18030000.0,18367000.0,https://www.sec.gov/Archives/edgar/data/864240/000119312505098683/0001193125-05-098683-index.htm,https://www.sec.gov/Archives/edgar/data/864240/000119312505047812/d10k.htm,1620598545,18:15:45,20210509
64,2004-12-31,SYPR,USD,2005-03-11,2005-03-11 15:37:11,Q4,121673000,112678000,8995000.0,0.07392765856023933,1214000.0,9547000.0,0.0,0.0,10946000.0,123624000.0,939000.0,5502000.0,3551000.0,0.029184782162024442,-1951000.0,-0.01603478175108693,47000.0,-2843000.0,-0.023365906980184592,-1380000.0,-1463000.0,-0.012024031625750988,-0.08114254021075984,-0.08114254021075984,18030000.0,18030000.0,https://www.sec.gov/Archives/edgar/data/864240/000119312505047812/0001193125-05-047812-index.htm,https://www.sec.gov/Archives/edgar/data/864240/000119312505047812/d10k.htm,1620598545,18:15:45,20210509
65,2004-09-30,SYPR,USD,2004-11-09,2004-11-09 15:20:27,Q3,118457000,102770000,15687000.0,0.13242780080535552,1084000.0,8915000.0,0.0,0.0,10144000.0,112914000.0,0.0,5048000.0,10591000.0,0.08940797082485628,5543000.0,0.04679335117384367,-15000.0,4882000.0,0.04121326726153794,1395000.0,3487000.0,0.0294368420608322,0.19492425512885014,0.19048399431880259,17889000.0,18306000.0,https://www.sec.gov/Archives/edgar/data/864240/000119312504191149/0001193125-04-191149-index.htm,https://www.sec.gov/Archives/edgar/data/864240/000119312504191149/d10q.htm,1620598545,18:15:45,20210509
66,2004-06-30,SYPR,USD,2004-08-03,2004-08-03 14:24:53,Q2,95896000,82900000,12996000.0,0.13552181529990823,875000.0,8628000.0,0.0,0.0,9643000.0,92543000.0,227000.0,4515000.0,7868000.0,0.08204721781930424,3353000.0,0.034964962042212396,48000.0,3174000.0,0.03309835655293234,1190000.0,1984000.0,0.02068907983648953,0.11129186066079542,0.10694264769297111,17827000.0,18552000.0,https://www.sec.gov/Archives/edgar/data/864240/000119312504130105/0001193125-04-130105-index.htm,https://www.sec.gov/Archives/edgar/data/864240/000119312504130105/d10q.htm,1620598545,18:15:45,20210509
67,2004-03-31,SYPR,USD,2004-04-30,2004-04-30 17:03:34,Q1,89376000,74899000,14477000.0,0.16197860723236662,524000.0,8158000.0,0.0,0.0,8808000.0,83707000.0,288000.0,4001000.0,9670000.0,0.10819459362692445,5669000.0,0.06342866093805943,58000.0,5439000.0,0.06085526315789474,2040000.0,3399000.0,0.03803034371643394,0.23,0.22,14791000.0,15593000.0,https://www.sec.gov/Archives/edgar/data/864240/000119312504075605/0001193125-04-075605-index.htm,https://www.sec.gov/Archives/edgar/data/864240/000119312504021254/d10k.htm,1620598545,18:15:45,20210509
68,2003-12-31,SYPR,USD,2004-02-12,2004-02-12 15:36:28,Q4,78171000,64720000,13451000.0,0.17207148431003824,1048000.0,6601000.0,0.0,0.0,7734000.0,72454000.0,276000.0,3444000.0,9161000.0,0.11719179746964987,5717000.0,0.07313453838379962,-13000.0,5428000.0,0.06943751519105551,2037000.0,3391000.0,0.04337925829271725,0.22926103711716583,0.22926103711716583,14791000.0,14791000.0,https://www.sec.gov/Archives/edgar/data/864240/000119312504021254/0001193125-04-021254-index.htm,https://www.sec.gov/Archives/edgar/data/864240/000119312504021254/d10k.htm,1620598545,18:15:45,20210509
69,2003-09-28,SYPR,USD,2003-10-29,2003-10-29 16:04:54,Q3,68900000,59300000,9600000.0,0.13933236574746008,1000000.0,6900000.0,0.0,65000.0,8100000.000000009,67400000.00000001,-384000.0,3200000.0,4700000.0,0.06821480406386067,1500000.0,0.02177068214804064,-100000.0,1100000.0,0.015965166908563134,400000.0,700000.0,0.010159651669085631,0.0473,0.0473,14800000.0,14800000.0,https://www.sec.gov/Archives/edgar/data/864240/000119312503069309/0001193125-03-069309-index.htm,https://www.sec.gov/Archives/edgar/data/864240/000119312503069309/d10q.htm,1620598545,18:15:45,20210509
70,2003-06-29,SYPR,USD,2003-08-04,2003-08-04 16:59:47,Q2,70600000,57600000,13000000.0,0.18413597733711048,1100000.0,7000000.0,0.0,85000.0,8100000.000000001,65700000.0,-547000.0,3190000.0000000005,8090000.0,0.11458923512747875,4900000.0,0.06940509915014165,-100000.0,4300000.0,0.060906515580736544,1600000.0,2700000.0,0.03824362606232295,0.1875,0.1875,14400000.0,14400000.0,https://www.sec.gov/Archives/edgar/data/864240/000119312503028568/0001193125-03-028568-index.htm,https://www.sec.gov/Archives/edgar/data/864240/000119312503028568/d10q.htm,1620598545,18:15:45,20210509
71,2003-03-30,SYPR,USD,2003-03-30,2003-03-30,Q1,58900000,49000000,10000000.0,0.1697792869269949,1000000.0,6100000.0,0.0,0.0,7200000.000000003,56200000.0,-500000.0,3000000.0,5800000.0,0.09847198641765705,2800000.0,0.04753820033955857,-100000.0,2200000.0,0.03735144312393888,800000.0,1400000.0,0.023769100169779286,0.09722,0.09722,14400000.0,14400000.0,,,1620598545,18:15:45,20210509
72,2002-12-31,SYPR,USD,2003-02-26,2003-02-26,Q4,66678000,55142000,11536000.0,0.173010588200006,818000.0,5890000.0,0.0,0.0,6730000.0,61872000.0,530000.0,3019000.0,7825000.0,0.11735504964156093,4806000.0,0.07207774678304688,90000.0,4366000.0,0.0654788685923393,1091000.0,3275000.0,0.04911665016947119,0.22743055555555555,0.22743055555555555,14400000.0,14400000.0,https://www.sec.gov/Archives/edgar/data/864240/000095013103000909/0000950131-03-000909-index.htm,https://www.sec.gov/Archives/edgar/data/864240/000095013103000909/d10k.txt,1620598545,18:15:45,20210509
73,2002-09-29,SYPR,USD,2002-09-29,2002-09-29,Q3,70800000,56800000,14000000.0,0.1977401129943503,800000.0,7500000.0,0.0,0.0,8299999.999999997,65100000.0,-500000.0,2949999.999999999,8650000.0,0.12217514124293785,5700000.0,0.08050847457627118,0.0,5200000.0,0.07344632768361582,1700000.0,3500000.0,0.04943502824858757,0.23973,0.23973,14600000.0,14600000.0,,,1620598545,18:15:45,20210509
74,2002-06-30,SYPR,USD,2002-07-29,2002-07-29,Q2,73509000,60627000,12882000.0,0.17524384769211934,932000.0,7188000.0,0.0,0.0,8123000.0,68750000.0,660000.0,2743000.0,7502000.0,0.1020555306152988,4759000.0,0.064740371927247,31000.0,4130000.0,0.056183596566406833,1325000.0,2805000.0,0.03815859282536832,0.2,0.19,13971000.0,14696000.0,https://www.sec.gov/Archives/edgar/data/864240/000095013102002853/0000950131-02-002853-index.htm,https://www.sec.gov/Archives/edgar/data/864240/000095013102002853/d10q.txt,1620598545,18:15:45,20210509
75,2002-03-31,SYPR,USD,2002-03-31,2002-03-31,Q1,62533000,51404000,11129000.0,0.17797003182319734,831000.0,6514000.0,0.0,0.0,7396000.0,58800000.0,1082000.0,2680000.0,6413000.0,0.10255385156637295,3733000.0,0.05969648025842355,29000.0,2680000.0,0.0428573713079494,855000.0,1825000.0,0.02918459053619689,0.18,0.17,10169000.0,10742000.0,,,1620598545,18:15:45,20210509
76,2001-12-31,SYPR,USD,2001-12-31,2001-12-31,Q4,68225000,56819000,11406000.0,0.16718211799193844,676000.0,6394000.0,0.0,0.0,7366000.0,64185000.0,888000.0,2410000.0,6450000.0,0.09454012458776108,4040000.0,0.05921582997434958,-9000.0,3143000.0,0.04606815683400513,764000.0,2379000.0,0.03486991572004397,0.2339463074048579,0.2339463074048579,10169000.0,10169000.0,,,1620598545,18:15:45,20210509
77,2001-09-30,SYPR,USD,2001-10-29 00:00:00,2001-10-29 00:00:00,Q3,65228000,54165000,11063000.0,0.16960507757404794,874000.0,6347000.0,0.0,0.0,7562000.0,61727000.0,1021000.0,2576000.0,6077000.0,0.09316551174342307,3501000.0,0.05367326914821856,248000.0,2728000.0,0.041822530201753846,968000.0,1760000.0,0.02698227754951861,0.17864393016646365,0.17598240175982402,9852000.0,10001000.0,https://www.sec.gov/Archives/edgar/data/864240/000095013101503904/0000950131-01-503904-index.html,https://www.sec.gov/Archives/edgar/data/864240/000095013101503904/d10q.txt,1620598545,18:15:45,20210509
78,2001-07-01,SYPR,USD,2001-07-30 00:00:00,2001-07-30 00:00:00,Q2,63200000,52200000,10900000.0,0.17246835443037975,800000.0,6800000.0,0.0,0.0,8000000.0,60200000.0,-1100000.0,2540000.0,5440000.0,0.08607594936708861,2900000.0,0.04588607594936709,0.0,1800000.0,0.028481012658227847,600000.0,1200000.0,0.0189873417721519,0.12121,0.12121,9900000.0,9900000.0,https://www.sec.gov/Archives/edgar/data/864240/000095013101502507/0000950131-01-502507-index.html,https://www.sec.gov/Archives/edgar/data/864240/000095013101502507/d10q.txt,1620598545,18:15:45,20210509
79,2001-04-01,SYPR,USD,2002-09-23,2002-09-23,Q1,58000000,47900000,10200000.0,0.17586206896551723,700000.0,6600000.0,0.0,0.0,7600000.000000001,55500000.0,-1100000.0,2330000.0,4930000.0,0.085,2600000.0,0.04482758620689655,200000.0,1600000.0,0.027586206896551724,600000.0,1000000.0,0.017241379310344827,0.10101,0.10101,9900000.0,9900000.0,https://www.sec.gov/Archives/edgar/data/864240/000095013102003595/0000950131-02-003595-index.htm,https://www.sec.gov/Archives/edgar/data/864240/000095013102003595/d10qa.txt,1620598545,18:15:45,20210509
80,2000-12-31,SYPR,USD,2001-03-02,2001-03-02,Q4,59869000,49008000,10861000.0,0.18141275117339525,692000.0,7168000.0,0.0,0.0,9954000.0,58962000.0,886000.0,2094000.0,3001000.0,0.05012610867059747,907000.0,0.01514974360687501,81000.0,102000.0,0.001703719788204246,-1445000.0,1547000.0,0.02583975012109773,0.1547,0.1547,10000000.0,10000000.0,https://www.sec.gov/Archives/edgar/data/864240/000095013101001413/0000950131-01-001413-index.htm,https://www.sec.gov/Archives/edgar/data/864240/000095013101001413/0000950131-01-001413-0001.txt,1620598545,18:15:45,20210509
81,2000-10-01,SYPR,USD,2000-10-30 00:00:00,2000-10-30 00:00:00,Q3,53900000,44800000,9100000.0,0.16883116883116883,900000.0,6700000.0,0.0,0.0,8400000.000000006,53200000.00000001,-1300000.0,2429999.9999999995,3129999.9999999995,0.05807050092764378,700000.0,0.012987012987012988,100000.0,-500000.0,-0.00927643784786642,-600000.0,100000.0,0.0018552875695732839,0.01,0.01,10000000.0,10000000.0,https://www.sec.gov/Archives/edgar/data/864240/000095013100005952/0000950131-00-005952-index.html,https://www.sec.gov/Archives/edgar/data/864240/000095013100005952/0000950131-00-005952-0001.txt,1620598545,18:15:45,20210509
82,2000-07-02,SYPR,USD,2000-08-01 00:00:00,2000-08-01 00:00:00,Q2,52100000,40800000,11400000.0,0.21880998080614203,800000.0,6700000.0,0.0,0.0,8600000.000000002,49400000.0,-900000.0,2440000.0,5140000.0,0.09865642994241842,2700000.0,0.05182341650671785,100000.0,2000000.0,0.03838771593090211,600000.0,1400000.0,0.026871401151631478,0.13861,0.13861,10100000.0,10100000.0,https://www.sec.gov/Archives/edgar/data/864240/000095013100004575/0000950131-00-004575-index.html,https://www.sec.gov/Archives/edgar/data/864240/000095013100004575/0000950131-00-004575-0001.txt,1620598545,18:15:45,20210509
83,2000-04-02,SYPR,USD,2000-05-03 00:00:00,2000-05-03 00:00:00,Q1,50700000,39900000,10800000.0,0.21301775147928995,1200000.0,6300000.0,0.0,0.0,9600000.000000002,49500000.0,-900000.0,2390000.0,3590000.0,0.0708086785009862,1200000.0,0.023668639053254437,0.0,300000.0,0.005917159763313609,100000.0,200000.0,0.0039447731755424065,0.02,0.02,10000000.0,10000000.0,https://www.sec.gov/Archives/edgar/data/864240/000095013100003005/0000950131-00-003005-index.html,https://www.sec.gov/Archives/edgar/data/864240/0000950131-00-003005.txt,1620598545,18:15:45,20210509
84,1999-12-31,SYPR,USD,1999-12-31,1999-12-31,Q4,59630000,46485000,13145000.0,0.22044273016937782,1309000.0,6188000.0,0.0,0.0,9479000.0,55964000.0,0.0,1982000.0,5648000.0,0.09471742411537816,3666000.0,0.06147912124769411,-81000.0,2855000.0,0.04787858460506456,99000.0,2756000.0,0.046218346469897705,0.2783838383838384,0.2783838383838384,9900000.0,9900000.0,,,1620598545,18:15:45,20210509
85,1999-09-26,SYPR,USD,1999-09-26,1999-09-26,Q3,48300000,36300000,12000000.0,0.2484472049689441,1600000.0,5800000.0,0.0,0.0,7600000.000000001,43900000.0,-400000.0,1889999.9999999998,6290000.0,0.13022774327122152,4400000.0,0.09109730848861283,0.0,4000000.0,0.08281573498964803,1200000.0,2800000.0,0.057971014492753624,0.28283,0.28283,9900000.0,9900000.0,,,1620598545,18:15:45,20210509
86,1999-06-27,SYPR,USD,1999-06-27,1999-06-27,Q2,49300000,37600000,11700000.0,0.23732251521298176,1900000.0,5900000.0,0.0,0.0,8000000.0,45600000.0,-300000.0,1890000.0,5590000.0,0.11338742393509128,3700000.0,0.07505070993914807,100000.0,3500000.0,0.07099391480730223,1100000.0,2500000.0,0.05070993914807302,0.2551,0.2551,9800000.0,9800000.0,,,1620598545,18:15:45,20210509
87,1999-03-28,SYPR,USD,1999-03-28,1999-03-28,Q1,44900000,35200000,9700000.0,0.21603563474387527,1600000.0,5400000.0,0.0,0.0,7299999.999999997,42500000.0,-300000.0,1810000.0,4210000.0,0.09376391982182627,2400000.0,0.053452115812917596,100000.0,2200000.0,0.04899777282850779,700000.0,1500000.0,0.0334075723830735,0.15306,0.15306,9800000.0,9800000.0,,,1620598545,18:15:45,20210509
88,1998-12-31,SYPR,USD,1998-12-31,1998-12-31,Q4,54000000,39800000,14200000.0,0.26296296296296295,1600000.0,7400000.0,0.0,0.0,10500000.0,50300000.0,300000.0,1500000.0,5200000.0,0.0962962962962963,3700000.0,0.06851851851851852,0.0,3300000.0,0.06111111111111111,1000000.0,2300000.0,0.04259259259259259,0.23469387755102042,0.23469387755102042,9800000.0,9800000.0,,,1620598545,18:15:45,20210509
89,1998-09-27,SYPR,USD,1998-09-27,1998-09-27,Q3,46900000,36000000,11000000.0,0.2345415778251599,1400000.0,5900000.0,0.0,0.0,7600000.000000001,43600000.0,-200000.0,1709999.9999999995,5010000.0,0.10682302771855011,3300000.0,0.07036247334754797,100000.0,3100000.0,0.06609808102345416,1200000.0,1900000.0,0.04051172707889126,0.19388,0.19388,9800000.0,9800000.0,,,1620598545,18:15:45,20210509
90,1998-06-28,SYPR,USD,1998-08-04,1998-08-04,Q2,55200000,42000000,13200000.0,0.2391304347826087,1400000.0,7700000.0,0.0,0.0,9399999.999999998,51400000.0,-300000.0,1930000.0000000002,5730000.0,0.10380434782608695,3800000.0,0.06884057971014493,0.0,3400000.0,0.06159420289855073,1400000.0,2100000.0,0.03804347826086957,0.21429,0.21429,9800000.0,9800000.0,https://www.sec.gov/Archives/edgar/data/864240/0000950131-98-004559-index.html,https://www.sec.gov/Archives/edgar/data/864240/,1620598545,18:15:45,20210509
91,1998-03-29,SYPR,USD,1998-03-29,1998-03-29,Q1,55500000,44600000,10900000.0,0.1963963963963964,1500000.0,7200000.0,0.0,0.0,8799999.999999996,53400000.0,-500000.0,1750000.0,3850000.0,0.06936936936936937,2100000.0,0.03783783783783784,100000.0,1800000.0,0.032432432432432434,700000.0,1100000.0,0.01981981981981982,0.11224,0.11224,9800000.0,9800000.0,,,1620598545,18:15:45,20210509
92,1997-12-31,SYPR,USD,1997-12-31,1997-12-31,Q4,28900000,26200000,2700000.0,0.09342560553633218,0.0,1500000.0,0.0,0.0,2300000.0,28500000.0,0.0,800000.0,1200000.0,0.04152249134948097,400000.0,0.01384083044982699,0.0,400000.0,0.01384083044982699,0.0,400000.0,0.01384083044982699,0.04081632653061224,0.04081632653061224,9800000.0,9800000.0,,,1620598545,18:15:45,20210509
93,1997-09-28,SYPR,USD,1997-09-28,1997-09-28,Q3,47800000,40400000,7400000.0,0.15481171548117154,700000.0,7000000.0,0.0,0.0,7800000.000000004,48200000.00000001,-100000.0,1070000.0000000002,670000.0000000002,0.014016736401673646,-400000.0,-0.008368200836820083,3100000.0,2600000.0,0.05439330543933055,600000.0,2000000.0,0.04184100418410042,0.20408,0.20408,9800000.0,9800000.0,,,1620598545,18:15:45,20210509
94,1997-06-29,SYPR,USD,1997-06-29,1997-06-29,Q2,62100000,52800000,9300000.0,0.1497584541062802,1000000.0,6900000.0,0.0,0.0,8000000.0,60800000.0,-900000.0,3449999.9999999995,4850000.0,0.07809983896940419,1400000.0,0.02254428341384863,300000.0,800000.0,0.01288244766505636,300000.0,400000.0,0.00644122383252818,0.04082,0.04082,9800000.0,9800000.0,,,1620598545,18:15:45,20210509
95,1997-03-30,SYPR,USD,1997-03-30,1997-03-30,Q1,49400000,43500000,5900000.0,0.1194331983805668,800000.0,5800000.0,0.0,0.0,6700000.000000003,50200000.0,-800000.0,1310000.0,510000.0,0.010323886639676113,-800000.0,-0.016194331983805668,300000.0,-1300000.0,-0.02631578947368421,-200000.0,2700000.0,0.05465587044534413,0.28723,0.28723,9400000.0,9400000.0,,,1620598545,18:15:45,20210509
96,1996-12-31,SYPR,USD,1996-12-31,1996-12-31,Q4,44300000,46000000,-1700000.0,-0.03837471783295711,0.0,2900000.0,0.0,0.0,4200000.0,50200000.0,200000.0,1300000.0,-4600000.0,-0.1038374717832957,-5900000.0,-0.13318284424379231,300000.0,-5800000.0,-0.1309255079006772,0.0,-5800000.0,-0.1309255079006772,-0.6170212765957447,-0.6170212765957447,9400000.0,9400000.0,,,1620598545,18:15:45,20210509
97,1996-09-29,SYPR,USD,1996-11-13 00:00:00,1996-11-13 00:00:00,Q3,48200000,47400000,800000.0,0.016597510373443983,0.0,2400000.0,0.0,0.0,2399999.9999999986,49800000.0,-800000.0,1280000.0000000002,-319999.99999999977,-0.006639004149377589,-1600000.0,-0.03319502074688797,-100000.0,-2400000.0,-0.04979253112033195,400000.0,-2800000.0,-0.058091286307053944,-0.68293,-0.68293,4100000.0,4100000.0,https://www.sec.gov/Archives/edgar/data/864240/000086424096000007/0000864240-96-000007-index.html,https://www.sec.gov/Archives/edgar/data/864240/0000864240-96-000007.txt,1620598545,18:15:45,20210509
98,1996-06-30,SYPR,USD,1996-08-14 00:00:00,1996-08-14 00:00:00,Q2,64000000,57900000,6100000.0,0.0953125,0.0,3400000.0,0.0,0.0,4700000.0,62600000.0,1000000.0,1300000.0,2700000.0,0.0421875,1400000.0,0.021875,100000.0,500000.0,0.0078125,400000.0,100000.0,0.0015625,0.024661,0.024661,4055000.0,4055000.0,https://www.sec.gov/Archives/edgar/data/864240/000086424096000005/0000864240-96-000005-index.html,https://www.sec.gov/Archives/edgar/data/864240/0000864240-96-000005.txt,1620598545,18:15:45,20210509
