,date,symbol,reportedCurrency,fillingDate,acceptedDate,period,revenue,costOfRevenue,grossProfit,grossProfitRatio,researchAndDevelopmentExpenses,generalAndAdministrativeExpenses,sellingAndMarketingExpenses,otherExpenses,operatingExpenses,costAndExpenses,interestExpense,depreciationAndAmortization,ebitda,ebitdaratio,operatingIncome,operatingIncomeRatio,totalOtherIncomeExpensesNet,incomeBeforeTax,incomeBeforeTaxRatio,incomeTaxExpense,netIncome,netIncomeRatio,eps,epsdiluted,weightedAverageShsOut,weightedAverageShsOutDil,link,finalLink,timestamp,est_time,est_date
0,2020-03-31,QES,USD,2020-05-13 00:00:00,2020-05-12 19:49:57,Q1,92801000,91384000,1417000.0,0.015269232012586072,0.0,12086000,0.0,0.0,0.0,103470000,729000.0,9894000.0,-775000.0,-0.008351203112035431,-10669000.0,-0.11496643355136259,-9247000.0,-20645000.0,-0.22246527515867287,80000.0,-20725000.0,-0.22332733483475395,-0.62,-0.62,33563000,33563000,https://www.sec.gov/Archives/edgar/data/1704235/000170423520000035/0001704235-20-000035-index.html,https://www.sec.gov/Archives/edgar/data/1704235/000170423520000035/qes10-qx331204segments.htm,1620596983,17:49:43,20210509
1,2019-12-31,QES,USD,2020-03-06 00:00:00,2020-03-05 21:53:32,Q4,95909000,90095000,5814000.0,0.0606199626729504,0.0,13510000,0.0,-37000.0,0.0,103605000,792000.0,10734000.0,3038000.0,0.031675859408397546,-7696000.0,-0.08024273008789581,569000.0,-7919000.0,-0.082567850775214,-51000.0,-7868000.0,-0.08203609671667936,-0.24,-0.24,33426000,33426000,https://www.sec.gov/Archives/edgar/data/1704235/000170423520000027/0001704235-20-000027-index.html,https://www.sec.gov/Archives/edgar/data/1704235/000170423520000027/qes10-kx123119.htm,1620596983,17:49:43,20210509
2,2019-09-30,QES,USD,2019-11-08 00:00:00,2019-11-07 17:41:47,Q3,121082000,114966000,6116000.0,0.05051122379874796,0.0,12056000,0.0,0.0,0.0,127022000,898000.0,13229000.0,7289000.0,0.06019887349069226,-5940000.0,-0.049057663401661684,-40427000.0,-47265000.0,-0.3903552964106969,164000.0,-47429000.0,-0.39170975041707273,-1.41,-1.41,33533000,33533000,https://www.sec.gov/Archives/edgar/data/1704235/000170423519000076/0001704235-19-000076-index.html,https://www.sec.gov/Archives/edgar/data/1704235/000170423519000076/qes10-qx93019.htm,1620596983,17:49:43,20210509
3,2019-06-30,QES,USD,2019-08-09 00:00:00,2019-08-08 17:45:08,Q2,125627000,122191000,3436000.0,0.027350808345339775,0.0,13862000,0.0,0.0,0.0,136053000,853000.0,13116000.0,2690000.0,0.02141259442635739,-10426000.0,-0.08299171356475916,153000.0,-11126000.0,-0.08856376415897857,154000.0,-11280000.0,-0.08978961528970683,-0.33,-0.33,33804000,33804000,https://www.sec.gov/Archives/edgar/data/1704235/000170423519000052/0001704235-19-000052-index.html,https://www.sec.gov/Archives/edgar/data/1704235/000170423519000052/qes10-qx63019.htm,1620596983,17:49:43,20210509
4,2019-03-31,QES,USD,2019-05-09 00:00:00,2019-05-09 16:57:24,Q1,141665000,133991000,7674000.0,0.0541700490594007,0.0,15710000,0.0,0.0,0.0,149701000,671000.0,12440000.0,4404000.0,0.031087424557935974,-8036000.0,-0.05672537323968517,23000.0,-8684000.0,-0.06129954470052589,177000.0,-8861000.0,-0.06254897116436664,-0.26,-0.26,33685000,33685000,https://www.sec.gov/Archives/edgar/data/1704235/000170423519000041/0001704235-19-000041-index.html,https://www.sec.gov/Archives/edgar/data/1704235/000170423519000041/qes10-qx33119.htm,1620596983,17:49:43,20210509
5,2018-12-31,QES,USD,2019-03-08 00:00:00,2019-03-07 18:51:38,Q4,159653000,139322000,20331000.0,0.12734492931545288,0.0,22322000,0.0,0.0,0.0,161644000,626000.0,12418000.0,10427000.0,0.06531039191246014,-1991000.0,-0.012470796038909385,1046000.0,-1571000.0,-0.009840090696698466,37000.0,-1608000.0,-0.01007184331017895,-0.05,-0.05,33600000,33600000,https://www.sec.gov/Archives/edgar/data/1704235/000170423519000033/0001704235-19-000033-index.html,https://www.sec.gov/Archives/edgar/data/1704235/000170423519000033/qes10-kx1231.htm,1620596983,17:49:43,20210509
6,2018-09-30,QES,USD,2018-11-07 00:00:00,2018-11-07 16:32:33,Q3,150897000,130558000,20339000.0,0.1347873052479506,0.0,22540000,0.0,0.0,0.0,153098000,574000.0,12032000.0,9831000.0,0.06515040060438577,-2201000.0,-0.014586108405071008,629000.0,-2146000.0,-0.01422162137086887,207000.0,-2353000.0,-0.015593418026866007,-0.07,-0.07,33631000,33631000,https://www.sec.gov/Archives/edgar/data/1704235/000170423518000010/0001704235-18-000010-index.html,https://www.sec.gov/Archives/edgar/data/1704235/000170423518000010/qes10-qx930.htm,1620596983,17:49:43,20210509
7,2018-06-30,QES,USD,2018-08-09 00:00:00,2018-08-09 16:19:35,Q2,152536000,127736000,24800000.0,0.16258457019982167,0.0,22500000,0.0,0.0,0.0,150236000,433000.0,11155000.0,13455000.0,0.0882086851628468,2300000.0,0.015078407720144753,594000.0,2461000.0,0.016133896260554885,326000.0,2135000.0,0.013996695861960454,0.06348309595313847,0.06060692082777415,33631000,35227000,https://www.sec.gov/Archives/edgar/data/1704235/000170423518000005/0001704235-18-000005-index.html,https://www.sec.gov/Archives/edgar/data/1704235/000170423518000005/qes10-qx618.htm,1620596983,17:49:43,20210509
8,2018-03-31,QES,USD,2018-05-10 00:00:00,2018-05-10 17:13:03,Q1,141268000,117570000,23698000.0,0.16775207407197668,0.0,29917000,0.0,0.0,0.0,147487000,10192000.0,11078000.0,4859000.0,0.0343956168417476,-6219000.0,-0.04402270861058414,106000.0,-16305000.0,-0.11541892006682335,51000.0,-16356000.0,-0.11577993600815471,-0.44,-0.44,33318000,33318000,https://www.sec.gov/Archives/edgar/data/1704235/000119312518159362/0001193125-18-159362-index.html,https://www.sec.gov/Archives/edgar/data/1704235/000119312518159362/d576454d10q.htm,1620596983,17:49:43,20210509
