,date,symbol,reportedCurrency,fillingDate,acceptedDate,period,revenue,costOfRevenue,grossProfit,grossProfitRatio,researchAndDevelopmentExpenses,generalAndAdministrativeExpenses,sellingAndMarketingExpenses,otherExpenses,operatingExpenses,costAndExpenses,interestExpense,depreciationAndAmortization,ebitda,ebitdaratio,operatingIncome,operatingIncomeRatio,totalOtherIncomeExpensesNet,incomeBeforeTax,incomeBeforeTaxRatio,incomeTaxExpense,netIncome,netIncomeRatio,eps,epsdiluted,weightedAverageShsOut,weightedAverageShsOutDil,link,finalLink,timestamp,est_time,est_date
0,2020-12-31,TRT,USD,2021-02-11,2021-02-11 09:31:36,Q2,8201000.0,6331000.0,1870000.0,0.2280209730520668,123000.0,1540000.0,122000.0,109000.0,1907000.0,8238000.0,34000.0,1469000.0,1468963.0,0.1791199853676381,-37.0,-4.5116449213510544e-06,143.0,72.0,8.779417144250701e-06,0.0,72.0,8.779417144250701e-06,1.9533369506239826e-05,1.9118428040361126e-05,3686000.0,3766000.0,https://www.sec.gov/Archives/edgar/data/732026/000165495421001484/0001654954-21-001484-index.htm,https://www.sec.gov/Archives/edgar/data/732026/000165495421001484/trt10q_12312020.htm,1620599048,18:24:08,20210509
1,2020-09-30,TRT,USD,2020-11-13,2020-11-13 10:05:06,Q1,6841000.0,5323000.0,1518000.0,0.2218973834234761,75000.0,1660000.0,111000.0,59000.0,1692000.0,7015000.0,37000.0,702000.0,528000.0,0.07718169858207864,-174000.0,-0.025434877941821372,18000.0,-153000.0,-0.022365151293670515,7000.0,-8000.0,-0.00116941967548604,-0.002170374389582203,-0.002124269782262347,3686000.0,3766000.0,https://www.sec.gov/Archives/edgar/data/732026/000165495420012315/0001654954-20-012315-index.htm,https://www.sec.gov/Archives/edgar/data/732026/000165495420012315/trt10q_09302020.htm,1620599048,18:24:08,20210509
2,2020-06-30,TRT,USD,2020-09-23,2020-09-23 10:33:02,Q4,7179000.0,5856000.0,1323000.0,0.18428750522356874,75000.0,1657000.0,132000.0,12000.0,1381000.0,7237000.0,44000.0,750000.0,692000.0,0.09639225518874495,-58000.0,-0.008079119654547988,-8000.0,-63000.0,-0.008775595486836606,-124000.0,197000.0,0.027441147792171612,0.05363463109175061,0.05341648590021692,3673000.0,3688000.0,https://www.sec.gov/Archives/edgar/data/732026/000165495420010351/0001654954-20-010351-index.htm,https://www.sec.gov/Archives/edgar/data/732026/000165495420010351/trt_10k.htm,1620599048,18:24:08,20210509
3,2020-03-31,TRT,USD,2020-05-21,2020-05-21 09:32:13,Q3,8501000.0,6715000.0,1786000.0,0.21009293024350076,79000.0,1754000.0,181000.0,34000.0,1748000.0,8463000.0,63000.0,774000.0,812000.0,0.09551817433243148,38000.0,0.004470062345606399,-11000.0,10000.0,0.0011763321962122103,-8000.0,70000.0,0.008234325373485472,0.01905799074326164,0.0186219739292365,3673000.0,3759000.0,https://www.sec.gov/Archives/edgar/data/732026/000165495420005864/0001654954-20-005864-index.htm,https://www.sec.gov/Archives/edgar/data/732026/000165495420005864/trt10q_03312020.htm,1620599048,18:24:08,20210509
4,2019-12-31,TRT,USD,2020-02-13,2020-02-13 09:32:04,Q2,8962000.0,7057000.0,1905000.0,0.2125641597857621,125000.0,1777000.0,176000.0,54000.0,2078000.0,9135000.0,55000.0,790000.0,617000.0,0.06884623967864316,-173000.0,-0.019303726846686006,1160000.0,984000.0,0.10979692033028342,120000.0,426000.0,0.04753403258201294,0.12,0.11,3673000.0,3725000.0,https://www.sec.gov/Archives/edgar/data/732026/000165495420001423/0001654954-20-001423-index.htm,https://www.sec.gov/Archives/edgar/data/732026/000165495420001423/trt10q_dec312019.htm,1620599048,18:24:08,20210509
5,2019-09-30,TRT,USD,2019-11-13,2019-11-13 09:31:45,Q1,9823000.0,7571000.0,2252000.0,0.22925786419627406,76000.0,1788000.0,190000.0,62000.0,2054000.0,9625000.0,68000.0,786000.0,984000.0,0.10017306321897587,198000.0,0.020156774916013438,102000.0,264000.0,0.026875699888017916,0.0,273000.0,0.02779191692965489,0.07432616389872039,0.07398373983739838,3673000.0,3690000.0,https://www.sec.gov/Archives/edgar/data/732026/000165495419012784/0001654954-19-012784-index.htm,https://www.sec.gov/Archives/edgar/data/732026/000165495419011016/trt10k_06302019.htm,1620599048,18:24:08,20210509
6,2019-06-30,TRT,USD,2019-09-23,2019-09-23 13:35:35,Q4,10625000.0,8157000.0,2468000.0,0.23228235294117647,75000.0,1826000.0,246000.0,-24000.0,2070000.0,10227000.0,69000.0,673000.0,1071000.0,0.1008,398000.0,0.03745882352941177,-81000.0,281000.0,0.02644705882352941,-201000.0,449000.0,0.042258823529411765,0.12224339776749252,0.12197772344471611,3673000.0,3681000.0,https://www.sec.gov/Archives/edgar/data/732026/000165495419011016/0001654954-19-011016-index.htm,https://www.sec.gov/Archives/edgar/data/732026/000165495419011016/trt10k_06302019.htm,1620599048,18:24:08,20210509
7,2019-03-31,TRT,USD,2019-05-14,2019-05-14 09:31:37,Q3,8838000.0,6664000.0,2174000.0,0.24598325412989364,76000.0,1742000.0,246000.0,108000.0,2064000.0,8728000.0,74000.0,632000.0,742000.0,0.08395564607377234,110000.0,0.012446254808780267,795000.0,862000.0,0.09753337859244172,209000.0,683000.0,0.07727992758542657,0.18595153825211,0.1853459972862958,3673000.0,3685000.0,https://www.sec.gov/Archives/edgar/data/732026/000165495419005845/0001654954-19-005845-index.htm,https://www.sec.gov/Archives/edgar/data/732026/000165495419005845/trt10q_mar312019.htm,1620599048,18:24:08,20210509
8,2018-12-31,TRT,USD,2019-02-13,2019-02-13 14:32:07,Q2,9690000.0,7432000.0,2258000.0,0.2330237358101135,122000.0,1722000.0,187000.0,51000.0,2031000.0,9463000.0,98000.0,590000.0,817000.0,0.08431372549019608,227000.0,0.023426212590299277,23000.0,178000.0,0.018369453044375646,-124000.0,348000.0,0.03591331269349845,0.09474543969507215,0.09203914308384026,3673000.0,3781000.0,https://www.sec.gov/Archives/edgar/data/732026/000165495419001446/0001654954-19-001446-index.htm,https://www.sec.gov/Archives/edgar/data/732026/000165495419001446/trt10q_12312018.htm,1620599048,18:24:08,20210509
9,2018-09-30,TRT,USD,2018-11-13,2018-11-13 09:32:08,Q1,10045000.0,7944000.0,2101000.0,0.20915878546540567,72000.0,1759000.0,147000.0,70000.0,1978000.0,9922000.0,78000.0,555000.0,678000.0,0.06749626679940268,123000.0,0.012244897959183673,33000.0,88000.0,0.008760577401692385,74000.0,65000.0,0.006470881035340966,0.018015521064301553,0.017416934619506965,3608000.0,3732000.0,https://www.sec.gov/Archives/edgar/data/732026/000165495418012428/0001654954-18-012428-index.htm,https://www.sec.gov/Archives/edgar/data/732026/000165495418010445/tti_10k.htm,1620599048,18:24:08,20210509
10,2018-06-30,TRT,USD,2018-09-25,2018-09-25 09:32:46,Q4,10760000.0,7909000.0,2851000.0,0.26496282527881043,74000.0,1911000.0,214000.0,20000.0,2073000.0,9982000.0,59000.0,620000.0,1398000.0,0.12992565055762081,778000.0,0.07230483271375465,-56000.0,674000.0,0.06263940520446097,-48000.0,675000.0,0.06273234200743494,0.18,0.17,3553000.0,3714000.0,https://www.sec.gov/Archives/edgar/data/732026/000165495418010445/0001654954-18-010445-index.htm,https://www.sec.gov/Archives/edgar/data/732026/000165495418010445/tti_10k.htm,1620599048,18:24:08,20210509
11,2018-03-31,TRT,USD,2018-05-18,2018-05-18 09:32:03,Q3,10104000.0,7872000.0,2232000.0,0.2209026128266033,75000.0,1773000.0,181000.0,97000.0,2029000.0,9901000.0,64000.0,575000.0,778000.0,0.07699920823436263,203000.0,0.020091053048297704,123000.0,281000.0,0.02781076801266825,980000.0,-739000.0,-0.07313935075217735,-0.20799324514494794,-0.19591728525980912,3553000.0,3772000.0,https://www.sec.gov/Archives/edgar/data/732026/000165495418005622/0001654954-18-005622-index.htm,https://www.sec.gov/Archives/edgar/data/732026/000165495418005622/trt10q_mar312018.htm,1620599048,18:24:08,20210509
12,2017-12-31,TRT,USD,2018-02-12,2018-02-12 09:32:29,Q2,10552000.0,7757000.0,2795000.0,0.2648786959818044,118000.0,1727000.0,252000.0,55000.0,2097000.0,9854000.0,52000.0,519000.0,1217000.0,0.1153335860500379,698000.0,0.06614859742228961,30000.0,688000.0,0.06520090978013647,13000.0,673000.0,0.06377937831690675,0.19,0.18,3548000.0,3793000.0,https://www.sec.gov/Archives/edgar/data/732026/000165495418001319/0001654954-18-001319-index.htm,https://www.sec.gov/Archives/edgar/data/732026/000165495418001319/trt10q_12312017.htm,1620599048,18:24:08,20210509
13,2017-09-30,TRT,USD,2017-11-09,2017-11-09 09:32:28,Q1,10945000.0,8185000.0,2760000.0,0.25216994061215164,184000.0,1839000.0,179000.0,155000.0,2202000.0,10387000.0,58000.0,500000.0,1058000.0,0.0966651439013248,558000.0,0.05098218364550023,139000.0,647000.0,0.059113750571037,42000.0,575000.0,0.052535404294198264,0.16275120294367393,0.15654778110536346,3533000.0,3673000.0,https://www.sec.gov/Archives/edgar/data/732026/000165495417010256/0001654954-17-010256-index.htm,https://www.sec.gov/Archives/edgar/data/732026/000165495417008605/trt10k_jun302017.htm,1620599048,18:24:08,20210509
14,2017-06-30,TRT,USD,2017-09-20,2017-09-20 09:49:35,Q4,10638000.0,8275000.0,2363000.0,0.22212821959014853,52000.0,1733000.0,220000.0,146000.0,2005000.0,10280000.0,53000.0,478000.0,836000.0,0.07858620041361158,358000.0,0.033652942282383906,140000.0,452000.0,0.042489189697311525,85000.0,353000.0,0.03318292912201542,0.1,0.09,3523000.0,3737000.0,https://www.sec.gov/Archives/edgar/data/732026/000165495417008605/0001654954-17-008605-index.htm,https://www.sec.gov/Archives/edgar/data/732026/000165495417008605/trt10k_jun302017.htm,1620599048,18:24:08,20210509
15,2017-03-31,TRT,USD,2017-05-11,2017-05-11 09:36:14,Q3,9825000.0,7378000.0,2447000.0,0.24905852417302798,51000.0,1659000.0,222000.0,119000.0,1932000.0,9310000.0,43000.0,442000.0,957000.0,0.09740458015267175,515000.0,0.052417302798982185,1000.0,487000.0,0.049567430025445294,106000.0,350000.0,0.035623409669211195,0.09934714731762702,0.09618026930475405,3523000.0,3639000.0,https://www.sec.gov/Archives/edgar/data/732026/000165495417004382/0001654954-17-004382-index.htm,https://www.sec.gov/Archives/edgar/data/732026/000165495417004382/trt-10q_mar312017.htm,1620599048,18:24:08,20210509
16,2016-12-31,TRT,USD,2017-02-10,2017-02-10 09:31:22,Q2,9104000.0,6810000.0,2294000.0,0.25197715289982425,52000.0,1776000.0,180000.0,75000.0,2008000.0,8818000.0,48000.0,452000.0,738000.0,0.08106326889279437,286000.0,0.03141476274165202,187000.0,433000.0,0.047561511423550085,67000.0,310000.0,0.034050966608084356,0.08824366638200967,0.08685906416363127,3513000.0,3569000.0,https://www.sec.gov/Archives/edgar/data/732026/000165495417000919/0001654954-17-000919-index.htm,https://www.sec.gov/Archives/edgar/data/732026/000165495417000919/trt10q_dec312016.htm,1620599048,18:24:08,20210509
17,2016-09-30,TRT,USD,2016-11-14,2016-11-14 09:32:55,Q1,8971000.0,6613000.0,2358000.0,0.26284695128748187,53000.0,1743000.0,185000.0,44000.0,1981000.0,8594000.0,58000.0,464000.0,841000.0,0.09374651655333853,377000.0,0.04202430052391038,106000.0,429000.0,0.04782075576858767,83000.0,303000.0,0.03377549882956192,0.09,0.08,3513000.0,3579000.0,https://www.sec.gov/Archives/edgar/data/732026/000165495416003864/0001654954-16-003864-index.htm,https://www.sec.gov/Archives/edgar/data/732026/000141588916007230/trt10k_jun302016.htm,1620599048,18:24:08,20210509
18,2016-06-30,TRT,USD,2016-09-28,2016-09-28 10:02:43,Q4,8815000.0,6471000.0,2344000.0,0.2659103800340329,52000.0,1588000.0,206000.0,159000.0,1846000.0,8317000.0,53000.0,463000.0,961000.0,0.10901871809415768,498000.0,0.05649461145774248,-74000.0,374000.0,0.04242768009075439,69000.0,180000.0,0.02041973908111174,0.05123825789923143,0.05091937765205092,3513000.0,3535000.0,https://www.sec.gov/Archives/edgar/data/732026/000141588916007230/0001415889-16-007230-index.htm,https://www.sec.gov/Archives/edgar/data/732026/000141588916007230/trt10k_jun302016.htm,1620599048,18:24:08,20210509
19,2016-03-31,TRT,USD,2016-05-12,2016-05-12 06:05:39,Q3,9355000.0,7223000.0,2132000.0,0.2278995189738108,51000.0,1600000.0,158000.0,113000.0,1809000.0,9032000.0,47000.0,438000.0,761000.0,0.08134687332977017,323000.0,0.03452699091394976,-105000.0,179000.0,0.019134152859433456,15000.0,150000.0,0.016034206306787813,0.042099354476564696,0.04194630872483222,3563000.0,3576000.0,https://www.sec.gov/Archives/edgar/data/732026/000141588916005827/0001415889-16-005827-index.htm,https://www.sec.gov/Archives/edgar/data/732026/000141588916005827/trt10q_mar312016.htm,1620599048,18:24:08,20210509
20,2015-12-31,TRT,USD,2016-02-10,2016-02-10 13:45:13,Q2,8354000.0,6239000.0,2115000.0,0.25317213310988745,51000.0,1599000.0,141000.0,106000.0,1791000.0,8030000.0,51000.0,453000.0,777000.0,0.09300933684462533,324000.0,0.038783816135982765,18000.0,295000.0,0.03531242518553986,86000.0,190000.0,0.022743595882212114,0.05408482778252206,0.05383961462170587,3513000.0,3529000.0,https://www.sec.gov/Archives/edgar/data/732026/000141588916004719/0001415889-16-004719-index.htm,https://www.sec.gov/Archives/edgar/data/732026/000141588916004719/trt10q_dec312015.htm,1620599048,18:24:08,20210509
21,2015-09-30,TRT,USD,2015-11-16,2015-11-16 09:11:51,Q1,7930000.0,5752000.0,2178000.0,0.2746532156368222,46000.0,1662000.0,171000.0,21000.0,1879000.0,7631000.0,53000.0,484000.0,783000.0,0.0987389659520807,299000.0,0.03770491803278689,205000.0,454000.0,0.05725094577553594,67000.0,259000.0,0.03266078184110971,0.07372615997722744,0.073558648111332,3513000.0,3521000.0,https://www.sec.gov/Archives/edgar/data/732026/000141588915003728/0001415889-15-003728-index.htm,https://www.sec.gov/Archives/edgar/data/732026/000141588915003211/trt10k_june302015.htm,1620599048,18:24:08,20210509
22,2015-06-30,TRT,USD,2015-09-28,2015-09-29 23:14:44,Q4,8399000.0,6202000.0,2197000.0,0.2615787593761162,44000.0,1673000.0,186000.0,57000.0,1903000.0,8105000.0,71000.0,498000.0,792000.0,0.09429694011191808,294000.0,0.03500416716275747,439000.0,656000.0,0.07810453625431599,251000.0,352000.0,0.04190975116085248,0.10019925989183034,0.09974497024652876,3513000.0,3529000.0,https://www.sec.gov/Archives/edgar/data/732026/000141588915003211/0001415889-15-003211-index.htm,https://www.sec.gov/Archives/edgar/data/732026/000141588915003211/trt10k_june302015.htm,1620599048,18:24:08,20210509
23,2015-03-31,TRT,USD,2015-05-13,2015-05-13 11:59:44,Q3,8543000.0,6055000.0,2488000.0,0.2912325880838113,44000.0,1737000.0,235000.0,96000.0,2016000.0,8071000.0,52000.0,553000.0,1025000.0,0.11998127121620039,472000.0,0.05524991220882594,-5000.0,423000.0,0.049514222170197825,170000.0,199000.0,0.023293924850755005,0.05664674067748363,0.05638991215641825,3513000.0,3529000.0,https://www.sec.gov/Archives/edgar/data/732026/000141588915001646/0001415889-15-001646-index.htm,https://www.sec.gov/Archives/edgar/data/732026/000141588915001646/trt10q_mar312015.htm,1620599048,18:24:08,20210509
24,2014-12-31,TRT,USD,2015-02-17,2015-02-17 08:56:30,Q2,8897000.0,6454000.0,2443000.0,0.2745869394177813,47000.0,1711000.0,165000.0,62000.0,1939000.0,8393000.0,58000.0,566000.0,1070000.0,0.12026525795211869,504000.0,0.05664830841856806,-80000.0,386000.0,0.043385410812633474,132000.0,94000.0,0.010565359109812296,0.03,0.03,3513000.0,3513000.0,https://www.sec.gov/Archives/edgar/data/732026/000141588915000541/0001415889-15-000541-index.htm,https://www.sec.gov/Archives/edgar/data/732026/000141588915000541/trt10q_dec312014.htm,1620599048,18:24:08,20210509
25,2014-09-30,TRT,USD,2014-11-18,2014-10-09 06:09:32,Q1,8093000.0,6296000.0,1797000.0,0.22204374150500433,47000.0,1738000.0,131000.0,53000.0,1967000.0,8263000.0,64000.0,623000.0,453000.0,0.055974298776720624,-170000.0,-0.02100580748795255,28000.0,-152000.0,-0.01878166316569875,-46000.0,-136000.0,-0.016804645990362042,-0.04,-0.04,3513000.0,3513000.0,https://www.sec.gov/Archives/edgar/data/732026/000141588914003583/0001415889-14-003583-index.htm,https://www.sec.gov/Archives/edgar/data/732026/000141588914003032/trt10kjune302014.htm,1620599048,18:24:08,20210509
26,2014-06-30,TRT,USD,2014-10-09,2014-10-09 06:09:32,Q4,9387000.0,7133000.0,2254000.0,0.2401193139448173,46000.0,1934000.0,179000.0,69000.0,2197000.0,9330000.0,67000.0,496000.0,553000.0,0.05891126025354213,57000.0,0.006072227548737616,82000.0,156000.0,0.016618728028124002,-78000.0,282000.0,0.03004154682007031,0.0802732707087959,0.07945900253592561,3513000.0,3549000.0,https://www.sec.gov/Archives/edgar/data/732026/000141588914003032/0001415889-14-003032-index.htm,https://www.sec.gov/Archives/edgar/data/732026/000141588914003032/trt10kjune302014.htm,1620599048,18:24:08,20210509
27,2014-03-31,TRT,USD,2014-05-14,2014-05-14 09:19:09,Q3,8039000.0,6072000.0,1967000.0,0.24468217439980097,49000.0,1757000.0,140000.0,115000.0,1975000.0,8047000.0,62000.0,600000.0,592000.0,0.07364100012439358,-8000.0,-0.000995148650329643,46000.0,36000.0,0.004478168926483394,-184000.0,157000.0,0.019529792262719243,0.04469114716766297,0.04383026242322725,3513000.0,3582000.0,https://www.sec.gov/Archives/edgar/data/732026/000141588914001471/0001415889-14-001471-index.htm,https://www.sec.gov/Archives/edgar/data/732026/000141588914001471/trt10qmar312014.htm,1620599048,18:24:08,20210509
28,2013-12-31,TRT,USD,2014-02-14,2014-02-14 12:07:10,Q2,9339000.0,7352000.0,1987000.0,0.2127636791947746,49000.0,1838000.0,208000.0,87000.0,2433000.0,9785000.0,66000.0,596000.0,150000.0,0.016061676839061997,-446000.0,-0.047756719134811006,83000.0,-377000.0,-0.04036834778884249,-39000.0,-365000.0,-0.03908341364171753,-0.1,-0.1,3508000.0,3508000.0,https://www.sec.gov/Archives/edgar/data/732026/000141588914000570/0001415889-14-000570-index.htm,https://www.sec.gov/Archives/edgar/data/732026/000141588914000570/trt10q-dec312013.htm,1620599048,18:24:08,20210509
29,2013-09-30,TRT,USD,2013-11-14,2013-11-14 14:29:14,Q1,9497000.0,7406000.0,2091000.0,0.22017479203959145,52000.0,1834000.0,205000.0,74000.0,2091000.0,9497000.0,68000.0,602000.0,728000.0,0.07665578603769611,0.0,0.008739601979572497,99000.0,83000.0,0.008739601979572497,-43000.0,-17000.0,-0.0017900389596714752,-0.01,-0.01,3399000.0,3399000.0,https://www.sec.gov/Archives/edgar/data/732026/000141588913002312/0001415889-13-002312-index.htm,https://www.sec.gov/Archives/edgar/data/732026/000141588913001902/ttijune302013_10k.htm,1620599048,18:24:08,20210509
30,2013-06-30,TRT,USD,2013-09-27,2013-09-27 11:59:48,Q4,8143000.0,6067000.0,2076000.0,0.25494289573867124,64000.0,1315000.0,126000.0,-241000.0,1505000.0,7572000.0,48000.0,611000.0,1182000.0,0.14515534815178682,571000.0,0.07012157681444185,-126000.0,689000.0,0.08461255065700601,-164000.0,46000.0,0.005649023701338573,0.013533392174168874,0.013533392174168874,3399000.0,3399000.0,https://www.sec.gov/Archives/edgar/data/732026/000141588913001902/0001415889-13-001902-index.htm,https://www.sec.gov/Archives/edgar/data/732026/000141588913001902/ttijune302013_10k.htm,1620599048,18:24:08,20210509
31,2013-03-31,TRT,USD,2013-05-14,2013-05-14 12:49:57,Q3,6529000.0,5365000.0,1164000.0,0.17828151324858324,72000.0,1580000.0,148000.0,147000.0,1800000.0,7165000.0,72000.0,613000.0,-23000.0,-0.0035227446775922804,-636000.0,-0.09741154847603002,149000.0,-559000.0,-0.08561801194669934,28000.0,-543000.0,-0.08316740695359166,-0.16,-0.16,3322000.0,3322000.0,https://www.sec.gov/Archives/edgar/data/732026/000141588913000954/0001415889-13-000954-index.htm,https://www.sec.gov/Archives/edgar/data/732026/000141588913000954/trt10qmar312013.htm,1620599048,18:24:08,20210509
32,2012-12-31,TRT,USD,2013-02-14,2013-02-14 11:57:18,Q2,7351000.0,6004000.0,1347000.0,0.1832403754591212,72000.0,1731000.0,129000.0,75000.0,1932000.0,7936000.0,82000.0,641000.0,56000.0,0.007618011154944905,-585000.0,-0.07958100938647802,75000.0,-592000.0,-0.08053326078084615,2000.0,-506000.0,-0.06883417222146647,-0.15,-0.15,3322000.0,3322000.0,https://www.sec.gov/Archives/edgar/data/732026/000141588913000250/0001415889-13-000250-index.htm,https://www.sec.gov/Archives/edgar/data/732026/000141588913000250/trt10qdec312012.htm,1620599048,18:24:08,20210509
33,2012-09-30,TRT,USD,2012-11-19,2012-10-09 16:34:48,Q1,9747000.0,7983000.0,1764000.0,0.1809787626962142,73000.0,1824000.0,132000.0,0.0,2029000.0,10012000.0,85000.0,625000.0,360000.0,0.03693444136657433,-265000.0,-0.027187852672617214,185000.0,-165000.0,-0.01692828562634657,-124000.0,-17000.0,-0.00174412639786601,-0.01,-0.01,3288000.0,3288000.0,https://www.sec.gov/Archives/edgar/data/732026/000141588912001736/0001415889-12-001736-index.htm,https://www.sec.gov/Archives/edgar/data/732026/000141588912001478/trt10kjune302012.htm,1620599048,18:24:08,20210509
34,2012-06-30,TRT,USD,2012-10-09,2012-10-09 16:34:48,Q4,11271000.0,9766000.0,1505000.0,0.13352852453198474,74000.0,1853000.0,202000.0,0.0,2129000.0,11895000.0,86000.0,642000.0,18000.0,0.0015970188980569604,-624000.0,-0.05536332179930796,-510000.0,-929000.0,-0.08242391979416201,49000.0,-579000.0,-0.051370774554165555,-0.1760948905109489,-0.1760948905109489,3288000.0,3288000.0,https://www.sec.gov/Archives/edgar/data/732026/000141588912001478/0001415889-12-001478-index.htm,https://www.sec.gov/Archives/edgar/data/732026/000141588912001478/trt10kjune302012.htm,1620599048,18:24:08,20210509
35,2012-03-31,TRT,USD,2012-05-14,2012-05-14 12:19:05,Q3,7522000.0,6598000.0,924000.0,0.12283967030045201,73000.0,1620000.0,164000.0,0.0,1857000.0,8455000.0,83000.0,676000.0,-257000.0,-0.03416644509438979,-933000.0,-0.12403616059558628,158000.0,-858000.0,-0.114065408136134,-14000.0,-518000.0,-0.0688646636532837,-0.16,-0.16,3322000.0,3322000.0,https://www.sec.gov/Archives/edgar/data/732026/000141588912000689/0001415889-12-000689-index.htm,https://www.sec.gov/Archives/edgar/data/732026/000141588912000689/trt10qmar312012.htm,1620599048,18:24:08,20210509
36,2011-12-31,TRT,USD,2012-02-14,2012-02-14 12:11:57,Q2,6619000.0,5863000.0,756000.0,0.11421664904064058,73000.0,2166000.0,123000.0,0.0,2362000.0,8225000.0,70000.0,679000.0,-927000.0,-0.14005136727602358,-1606000.0,-0.24263483909956188,-23000.0,-1699000.0,-0.2566852998942438,-136000.0,-1203000.0,-0.1817495089892733,-0.36,-0.36,3322000.0,3322000.0,https://www.sec.gov/Archives/edgar/data/732026/000141588912000221/0001415889-12-000221-index.htm,https://www.sec.gov/Archives/edgar/data/732026/000141588912000221/triotech10qdec312011.htm,1620599048,18:24:08,20210509
37,2011-09-30,TRT,USD,2011-11-14,2011-11-14 15:52:55,Q1,8799000.0,7399000.0,1400000.0,0.15910898965791567,75000.0,2098000.0,144000.0,0.0,2317000.0,9716000.0,61000.0,686000.0,-231000.0,-0.026252983293556086,-917000.0,-0.10421638822593476,40000.0,-938000.0,-0.10660302307080351,37000.0,-804000.0,-0.09137401977497443,-0.24,-0.24,3288000.0,3288000.0,https://www.sec.gov/Archives/edgar/data/732026/000141588911001273/0001415889-11-001273-index.htm,https://www.sec.gov/Archives/edgar/data/732026/000141588911001054/triotech10kjune302011.htm,1620599048,18:24:08,20210509
38,2011-06-30,TRT,USD,2011-09-28,2011-09-28 08:41:24,Q4,7128000.0,5848000.0,1280000.0,0.17957351290684623,75000.0,2088000.0,147000.0,0.0,2310000.0,8158000.0,70000.0,688000.0,-342000.0,-0.047979797979797977,-1030000.0,-0.14450056116722784,14000.0,-899000.0,-0.12612233445566778,0.0,-904000.0,-0.12682379349046016,-0.2749391727493917,-0.2749391727493917,3288000.0,3288000.0,https://www.sec.gov/Archives/edgar/data/732026/000141588911001054/0001415889-11-001054-index.htm,https://www.sec.gov/Archives/edgar/data/732026/000141588911001054/triotech10kjune302011.htm,1620599048,18:24:08,20210509
39,2011-03-31,TRT,USD,2011-05-16,2011-05-16 16:32:03,Q3,5829000.0,4420000.0,1409000.0,0.2417224223709041,59000.0,1997000.0,115000.0,0.0,2171000.0,6591000.0,54000.0,651000.0,-111000.0,-0.019042717447246525,-762000.0,-0.13072568193515183,440000.0,-376000.0,-0.06450506090238463,37000.0,-462000.0,-0.07925887802367473,-0.14,-0.14,3301000.0,3301000.0,https://www.sec.gov/Archives/edgar/data/732026/000141588911000360/0001415889-11-000360-index.htm,https://www.sec.gov/Archives/edgar/data/732026/000141588911000360/tt10qmar312011.htm,1620599048,18:24:08,20210509
40,2010-12-31,TRT,USD,2011-02-18,2011-02-18 13:36:22,Q2,9549000.0,6666000.0,2883000.0,0.30191643103989946,87000.0,2304000.0,121000.0,0.0,2512000.0,9178000.0,59000.0,626000.0,997000.0,0.10440883862184522,371000.0,0.038852235836213216,183000.0,495000.0,0.051837888784165884,162000.0,187000.0,0.019583202429573777,0.06,0.05,3296000.0,3427000.0,https://www.sec.gov/Archives/edgar/data/732026/000141588911000073/0001415889-11-000073-index.htm,https://www.sec.gov/Archives/edgar/data/732026/000141588911000073/tt10q-dec312010.htm,1620599048,18:24:08,20210509
41,2010-09-30,TRT,USD,2010-11-15,2010-10-01 11:53:43,Q1,13029000.0,10282000.0,2747000.0,0.21083736280604803,29000.0,1830000.0,128000.0,0.0,1994000.0,12276000.0,60000.0,652000.0,1405000.0,0.10783636503185202,753000.0,0.057794151508174074,-40000.0,653000.0,0.050118965384910584,-4000.0,491000.0,0.037685163865223734,0.15,0.14,3228000.0,3479000.0,https://www.sec.gov/Archives/edgar/data/732026/000141588910000420/0001415889-10-000420-index.htm,https://www.sec.gov/Archives/edgar/data/732026/000141588910000383/tt10k-june302010.htm,1620599048,18:24:08,20210509
42,2010-06-30,TRT,USD,2010-10-01,2010-10-01 11:53:43,Q4,12874000.0,10082000.0,2792000.0,0.21687121329812023,10000.0,1718000.0,125000.0,0.0,1853000.0,11935000.0,47000.0,662000.0,1601000.0,0.12435917352804102,939000.0,0.07293770389933199,-211000.0,681000.0,0.05289731241261457,350000.0,890000.0,0.06913158303557558,0.2757125154894672,0.2757125154894672,3228000.0,3228000.0,https://www.sec.gov/Archives/edgar/data/732026/000141588910000383/0001415889-10-000383-index.htm,https://www.sec.gov/Archives/edgar/data/732026/000141588910000383/tt10k-june302010.htm,1620599048,18:24:08,20210509
43,2010-03-31,TRT,USD,2010-05-17,2010-05-17 07:45:49,Q3,10771000.0,8720000.0,2051000.0,0.1904187169250766,9000.0,1657000.0,183000.0,0.0,1845000.0,10565000.0,49000.0,528000.0,734000.0,0.06814594745149011,206000.0,0.019125429393742458,24000.0,181000.0,0.016804382137220315,78000.0,-128000.0,-0.01188376195339337,-0.04,-0.04,3227000.0,3227000.0,https://www.sec.gov/Archives/edgar/data/732026/000141588910000112/0001415889-10-000112-index.htm,https://www.sec.gov/Archives/edgar/data/732026/000141588910000112/tt10q-mar312010.htm,1620599048,18:24:08,20210509
44,2009-12-31,TRT,USD,2010-02-16,2010-02-16 08:28:10,Q2,6191000.0,5250000.0,941000.0,0.15199483120659021,10000.0,1437000.0,95000.0,0.0,1542000.0,6792000.0,55000.0,573000.0,-28000.0,-0.004522694233564852,-601000.0,-0.09707640122758844,146000.0,-510000.0,-0.08237764496850267,9000.0,-584000.0,-0.09433047972863835,-0.18,-0.18,3227000.0,3227000.0,https://www.sec.gov/Archives/edgar/data/732026/000141588910000034/0001415889-10-000034-index.htm,https://www.sec.gov/Archives/edgar/data/732026/000141588910000034/tt10q_dec312009.htm,1620599048,18:24:08,20210509
45,2009-09-30,TRT,USD,2009-11-20,2009-10-02 17:23:44,Q1,7105000.0,5901000.0,1204000.0,0.16945812807881774,10000.0,1591000.0,132000.0,0.0,1732000.0,7633000.0,19000.0,499000.0,-29000.0,-0.004081632653061225,-528000.0,-0.07431386347642505,-3000.0,-550000.0,-0.07741027445460943,-37000.0,-551000.0,-0.07755102040816327,-0.17,-0.17,3227000.0,3227000.0,https://www.sec.gov/Archives/edgar/data/732026/000141588909000303/0001415889-09-000303-index.htm,https://www.sec.gov/Archives/edgar/data/732026/000141588909000260/tt10k_june302009.htm,1620599048,18:24:08,20210509
46,2009-06-30,TRT,USD,2009-10-02,2009-10-02 17:23:44,Q4,4677000.0,3278000.0,1399000.0,0.2991233696814197,9000.0,1363000.0,88000.0,0.0,1538000.0,4816000.0,36000.0,503000.0,364000.0,0.07782766730810349,-139000.0,-0.029719905922599956,-456000.0,-631000.0,-0.13491554415223433,52000.0,-659000.0,-0.14090228779131922,-0.20421444065695693,-0.20421444065695693,3227000.0,3227000.0,https://www.sec.gov/Archives/edgar/data/732026/000141588909000260/0001415889-09-000260-index.htm,https://www.sec.gov/Archives/edgar/data/732026/000141588909000260/tt10k_june302009.htm,1620599048,18:24:08,20210509
47,2009-03-31,TRT,USD,2009-05-14,2009-05-14 14:47:03,Q3,3578000.0,2837000.0,741000.0,0.20709893795416434,10000.0,1103000.0,73000.0,0.0,1202000.0,4039000.0,25000.0,558000.0,97000.0,0.027110117384013414,-461000.0,-0.12884292901062047,86000.0,-400000.0,-0.11179429849077697,-139000.0,-162000.0,-0.045276690888764674,-0.05,-0.05,3227000.0,3227000.0,https://www.sec.gov/Archives/edgar/data/732026/000141588909000114/0001415889-09-000114-index.htm,https://www.sec.gov/Archives/edgar/data/732026/000141588909000114/tt10q_3312009.htm,1620599048,18:24:08,20210509
48,2008-12-31,TRT,USD,2009-02-23,2009-02-23 16:24:26,Q2,5562000.0,4241000.0,1321000.0,0.23750449478604818,10000.0,1324000.0,83000.0,0.0,1422000.0,5663000.0,46000.0,528000.0,427000.0,0.07677094570298454,-101000.0,-0.01815893563466379,-165000.0,-312000.0,-0.05609492988133765,-62000.0,-426000.0,-0.07659115426105717,-0.13,-0.13,3227000.0,3227000.0,https://www.sec.gov/Archives/edgar/data/732026/000141588909000051/0001415889-09-000051-index.htm,https://www.sec.gov/Archives/edgar/data/732026/000141588909000051/tti10q_12312008.htm,1620599048,18:24:08,20210509
49,2008-09-30,TRT,USD,2008-11-14,2008-11-14 16:54:25,Q1,6230000.0,4928000.0,1302000.0,0.20898876404494382,10000.0,2138000.0,0.0,0.0,1989000.0,6917000.0,0.0,546000.0,-141000.0,-0.022632423756019263,-687000.0,-0.11027287319422151,374000.0,-530000.0,-0.08507223113964688,98000.0,-719000.0,-0.11540930979133227,-0.22,-0.22,3227000.0,3227000.0,https://www.sec.gov/Archives/edgar/data/732026/000141588908000093/0001415889-08-000093-index.htm,https://www.sec.gov/Archives/edgar/data/732026/000141588908000061/report_10k.htm,1620599048,18:24:08,20210509
50,2008-06-30,TRT,USD,2008-09-26,2008-09-26 17:21:16,Q4,6938000.0,5709000.0,1229000.0,0.17714038627846643,10000.0,1879000.0,0.0,0.0,1793000.0,7502000.0,0.0,453000.0,-111000.0,-0.015998846929950995,-564000.0,-0.08129143845488614,267000.0,-164000.0,-0.02363793600461228,-52000.0,-461000.0,-0.06644566157394062,-0.14285714285714285,-0.14285714285714285,3227000.0,3227000.0,https://www.sec.gov/Archives/edgar/data/732026/000141588908000061/0001415889-08-000061-index.htm,https://www.sec.gov/Archives/edgar/data/732026/000141588908000061/report_10k.htm,1620599048,18:24:08,20210509
51,2008-03-31,TRT,USD,2008-05-15,2008-05-15 13:07:45,Q3,8455000.0,7046000.0,1409000.0,0.16664695446481373,7000.0,2264000.0,0.0,0.0,2723000.0,9769000.0,0.0,734000.0,-580000.0,-0.06859846244825547,-1314000.0,-0.15541099940863395,-485000.0,-1440000.0,-0.17031342400946187,-46000.0,-1411000.0,-0.1668835008870491,-0.44,-0.44,3226000.0,3226000.0,https://www.sec.gov/Archives/edgar/data/732026/000141588908000022/0001415889-08-000022-index.htm,https://www.sec.gov/Archives/edgar/data/732026/000141588908000022/trio_10q033108.htm,1620599048,18:24:08,20210509
52,2007-12-31,TRT,USD,2008-02-12,2008-02-12 13:26:15,Q2,12871000.0,9676000.0,3195000.0,0.24823246057027426,19000.0,2577000.0,0.0,0.0,2612000.0,12288000.0,0.0,723000.0,1306000.0,0.10146841737238754,583000.0,0.04529562582549918,-157000.0,363000.0,0.028202936834744775,142000.0,165000.0,0.012819516743065806,0.051146931184128955,0.05111524163568773,3226000.0,3228000.0,https://www.sec.gov/Archives/edgar/data/732026/000095013408002283/0000950134-08-002283-index.htm,https://www.sec.gov/Archives/edgar/data/732026/000095013408002283/a37985e10vq.htm,1620599048,18:24:08,20210509
53,2007-09-30,TRT,USD,2007-11-14,2007-11-14 12:23:10,Q1,12050000.0,9008000.0,3042000.0,0.252448132780083,19000.0,1769000.0,0.0,0.0,1788000.0,10796000.0,0.0,805000.0,2059000.0,0.1708713692946058,1254000.0,0.10406639004149378,-50000.0,1119000.0,0.09286307053941908,172000.0,751000.0,0.06232365145228216,0.23279603223806572,0.23200494284831635,3226000.0,3237000.0,https://www.sec.gov/Archives/edgar/data/732026/000095013407023932/0000950134-07-023932-index.htm,https://www.sec.gov/Archives/edgar/data/732026/000095013407020033/a33657e10vk.htm,1620599048,18:24:08,20210509
54,2007-06-30,TRT,USD,2007-09-17,2007-09-17 13:10:54,Q4,9194000.0,6571000.0,2623000.0,0.2852947574505112,17000.0,1822000.0,0.0,0.0,1840000.0,8411000.0,0.0,850000.0,1633000.0,0.1776158364150533,783000.0,0.0851642375462258,22000.0,1503000.0,0.16347618011746792,48000.0,672000.0,0.07309114639982597,0.20830750154990701,0.20830750154990701,3226000.0,3226000.0,https://www.sec.gov/Archives/edgar/data/732026/000095013407020033/0000950134-07-020033-index.htm,https://www.sec.gov/Archives/edgar/data/732026/000095013407020033/a33657e10vk.htm,1620599048,18:24:08,20210509
55,2007-03-31,TRT,USD,2007-05-10,2007-05-10 13:22:13,Q3,13613000.0,9999000.0,3614000.0,0.2654815250128554,18000.0,2250000.0,0.0,0.0,2270000.0,12269000.0,0.0,883000.0,2227000.0,0.1635936237420113,1344000.0,0.09872915595386762,43000.0,1320000.0,0.09696613531183428,239000.0,1081000.0,0.07940938808491883,0.34,0.33,3224000.0,3234000.0,https://www.sec.gov/Archives/edgar/data/732026/000095013407011040/0000950134-07-011040-index.htm,https://www.sec.gov/Archives/edgar/data/732026/000095013407011040/a30176e10vq.htm,1620599048,18:24:08,20210509
56,2006-12-31,TRT,USD,2007-02-09,2007-02-09 13:57:03,Q2,14067000.0,10701000.0,3366000.0,0.23928342930262317,17000.0,1927000.0,0.0,0.0,2116000.0,12817000.0,0.0,666000.0,1916000.0,0.1362053031918675,1250000.0,0.0888604535437549,-99000.0,1286000.0,0.09141963460581502,453000.0,799000.0,0.056799601905168126,0.24790567793980764,0.24698608964451313,3223000.0,3235000.0,https://www.sec.gov/Archives/edgar/data/732026/000095013407002556/0000950134-07-002556-index.htm,https://www.sec.gov/Archives/edgar/data/732026/000095013407002556/a27233e10vq.htm,1620599048,18:24:08,20210509
57,2006-09-30,TRT,USD,2006-11-13,2006-11-13 11:50:59,Q1,9876000.0,7385000.0,2491000.0,0.2522276225192386,17000.0,1653000.0,0.0,0.0,1670000.0,9055000.0,0.0,458000.0,1279000.0,0.12950587282300527,821000.0,0.08313082219522074,37000.0,829000.0,0.08394086674767112,26000.0,756000.0,0.07654921020656136,0.23478260869565218,0.23340537202840383,3220000.0,3239000.0,https://www.sec.gov/Archives/edgar/data/732026/000095013406021331/0000950134-06-021331-index.htm,https://www.sec.gov/Archives/edgar/data/732026/000095013406018203/a23718e10vk.htm,1620599048,18:24:08,20210509
58,2006-06-30,TRT,USD,2006-09-25,2006-09-25 15:09:01,Q4,9500000.0,7031000.0,2469000.0,0.2598947368421053,17000.0,1981000.0,0.0,0.0,2044000.0,9075000.0,0.0,529000.0,954000.0,0.10042105263157895,425000.0,0.04473684210526316,356000.0,828000.0,0.0871578947368421,-32000.0,704000.0,0.07410526315789474,0.2186335403726708,0.2186335403726708,3220000.0,3220000.0,https://www.sec.gov/Archives/edgar/data/732026/000095013406018203/0000950134-06-018203-index.htm,https://www.sec.gov/Archives/edgar/data/732026/000095013406018203/a23718e10vk.htm,1620599048,18:24:08,20210509
59,2006-03-31,TRT,USD,2006-05-11,2006-05-11 16:01:02,Q3,6469000.0,4697000.0,1772000.0,0.273921780800742,20000.0,1514000.0,0.0,0.0,1556000.0,6253000.0,0.0,437000.0,653000.0,0.10094295872623281,216000.0,0.033390013912505796,62000.0,280000.0,0.04328335136806307,106000.0,174000.0,0.026897511207296335,0.05418872625350358,0.053953488372093024,3211000.0,3225000.0,https://www.sec.gov/Archives/edgar/data/732026/000095012906005375/0000950129-06-005375-index.htm,https://www.sec.gov/Archives/edgar/data/732026/000095012906005375/a20484e10vq.htm,1620599048,18:24:08,20210509
60,2005-12-31,TRT,USD,2006-02-17,2006-02-17 17:27:35,Q2,7425000.0,5559000.0,1866000.0,0.2513131313131313,16000.0,2223000.0,0.0,0.0,2239000.0,7798000.0,0.0,400000.0,27000.0,0.0036363636363636364,-373000.0,-0.05023569023569024,82000.0,-329000.0,-0.04430976430976431,112000.0,8391000.0,1.13010101010101,2.76,2.76,3038000.0,3038000.0,https://www.sec.gov/Archives/edgar/data/732026/000095012906001602/0000950129-06-001602-index.htm,https://www.sec.gov/Archives/edgar/data/732026/000095012906001602/a17406e10vq.htm,1620599048,18:24:08,20210509
61,2005-09-30,TRT,USD,2005-11-21,2005-11-21 17:31:39,Q1,5705000.0,3881000.0,1824000.0,0.31971954425942156,17000.0,1574000.0,0.0,0.0,1606000.0,5487000.0,0.0,392000.0,610000.0,0.10692375109553023,218000.0,0.038212094653812444,15000.0,213000.0,0.03733567046450482,73000.0,-214000.0,-0.037510955302366346,-0.07147628590514363,-0.07032533683864607,2994000.0,3043000.0,https://www.sec.gov/Archives/edgar/data/732026/000095015005000030/0000950150-05-000030-index.htm,https://www.sec.gov/Archives/edgar/data/732026/000095012905009394/a12628e10vk.htm,1620599048,18:24:08,20210509
62,2005-06-30,TRT,USD,2005-09-27,2005-09-27 16:07:16,Q4,6044000.0,4572000.0,1472000.0,0.24354731965585705,16000.0,1252000.0,0.0,0.0,1339000.0,5911000.0,0.0,426000.0,559000.0,0.09248841826604898,133000.0,0.02200529450694904,61000.0,226000.0,0.03739245532759762,145000.0,62000.0,0.010258107213765718,0.020708082832331328,0.020708082832331328,2994000.0,2994000.0,https://www.sec.gov/Archives/edgar/data/732026/000095012905009394/0000950129-05-009394-index.htm,https://www.sec.gov/Archives/edgar/data/732026/000095012905009394/a12628e10vk.htm,1620599048,18:24:08,20210509
63,2005-03-31,TRT,USD,2005-05-13,2005-05-13 17:28:10,Q3,6117000.0,4648000.0,1469000.0,0.24015040052313225,20000.0,1489000.0,0.0,0.0,1509000.0,6157000.0,0.0,388000.0,348000.0,0.05689063266307013,-40000.0,-0.006539153179663234,85000.0,-4000.0,-0.0006539153179663233,-26000.0,22000.0,0.0035965342488147784,0.007417397167902899,0.007272727272727273,2966000.0,3025000.0,https://www.sec.gov/Archives/edgar/data/732026/000095012905005302/0000950129-05-005302-index.htm,https://www.sec.gov/Archives/edgar/data/732026/000095012905005302/a09038e10vq.htm,1620599048,18:24:08,20210509
64,2004-12-31,TRT,USD,2005-02-04,2005-02-04 14:37:10,Q2,5682000.0,4368000.0,1314000.0,0.23125659978880675,23000.0,1449000.0,0.0,0.0,1472000.0,5840000.0,0.0,370000.0,212000.0,0.037310806054206266,-158000.0,-0.027807110172474482,21000.0,-194000.0,-0.03414290742696234,-60000.0,-100000.0,-0.017599436818021823,-0.03,-0.03,2966000.0,2966000.0,https://www.sec.gov/Archives/edgar/data/732026/000095012905000913/0000950129-05-000913-index.htm,https://www.sec.gov/Archives/edgar/data/732026/000095012905000913/a05336e10vq.htm,1620599048,18:24:08,20210509
65,2004-09-30,TRT,USD,2004-11-12,2004-11-12 16:50:20,Q1,7851000.0,5942000.0,1909000.0,0.24315373837727677,33000.0,1564000.0,0.0,0.0,1598000.0,7540000.0,0.0,337000.0,648000.0,0.08253725640045854,311000.0,0.0396127881798497,84000.0,361000.0,0.04598140364284804,111000.0,237000.0,0.030187237294612153,0.07993254637436763,0.07876370887337986,2965000.0,3009000.0,https://www.sec.gov/Archives/edgar/data/732026/000095012904008949/0000950129-04-008949-index.htm,https://www.sec.gov/Archives/edgar/data/732026/000095012904007243/a01804e10vk.htm,1620599048,18:24:08,20210509
66,2004-06-30,TRT,USD,2004-09-22,2004-09-22 16:56:11,Q4,5206000.0,4052000.0,1154000.0,0.22166730695351516,29000.0,1177000.0,0.0,0.0,1167000.0,5219000.0,0.0,260000.0,247000.0,0.04744525547445255,-13000.0,-0.0024971187091817133,148000.0,71000.0,0.013638109873223205,-27000.0,99000.0,0.01901651940069151,0.03338954468802698,0.03338954468802698,2965000.0,2965000.0,https://www.sec.gov/Archives/edgar/data/732026/000095012904007243/0000950129-04-007243-index.htm,https://www.sec.gov/Archives/edgar/data/732026/000095012904007243/a01804e10vk.htm,1620599048,18:24:08,20210509
67,2004-03-31,TRT,USD,2004-05-07,2004-05-07 16:09:54,Q3,5042000.0,3843000.0,1199000.0,0.23780245934153113,29000.0,1097000.0,0.0,0.0,1064000.0,4907000.0,0.0,303000.0,438000.0,0.08687028956763189,135000.0,0.0267750892502975,129000.0,173000.0,0.03431178103927013,7000.0,168000.0,0.03332011106703689,0.057279236276849645,0.05533596837944664,2933000.0,3036000.0,https://www.sec.gov/Archives/edgar/data/732026/000095012904002969/0000950129-04-002969-index.htm,https://www.sec.gov/Archives/edgar/data/732026/000095012904002969/a98842e10vq.htm,1620599048,18:24:08,20210509
68,2003-12-31,TRT,USD,2004-02-09,2004-02-09 14:55:21,Q2,5056000.0,3634000.0,1422000.0,0.28125,27000.0,1182000.0,0.0,0.0,1209000.0,4843000.0,0.0,298000.0,511000.0,0.10106803797468354,213000.0,0.04212816455696203,58000.0,240000.0,0.04746835443037975,4000.0,218000.0,0.04311708860759494,0.07432662802591204,0.07303182579564489,2933000.0,2985000.0,https://www.sec.gov/Archives/edgar/data/732026/000095015004000156/0000950150-04-000156-index.htm,https://www.sec.gov/Archives/edgar/data/732026/000095015004000156/a96315e10vq.htm,1620599048,18:24:08,20210509
69,2003-09-30,TRT,USD,2003-11-07,2003-11-07 16:30:53,Q1,3850000.0,2925000.0,925000.0,0.24025974025974026,32000.0,1188000.0,0.0,0.0,1224000.0,4149000.0,0.0,284000.0,-15000.0,-0.003896103896103896,-299000.0,-0.07766233766233767,134000.0,-196000.0,-0.05090909090909091,15000.0,-179000.0,-0.046493506493506497,-0.09,-0.09,2928000.0,2928000.0,https://www.sec.gov/Archives/edgar/data/732026/000095015003001242/0000950150-03-001242-index.htm,https://www.sec.gov/Archives/edgar/data/732026/000095015003001069/a93259e10vk.htm,1620599048,18:24:08,20210509
70,2003-06-30,TRT,USD,2003-09-25,2003-09-25 16:58:24,Q4,4719000.0,3867000.0,852000.0,0.18054672600127145,32000.0,847000.0,0.0,0.0,1240000.0,5107000.0,0.0,306000.0,-82000.0,-0.017376562831108285,-388000.0,-0.08222080949353677,-255000.0,-322000.0,-0.06823479550752277,23000.0,-256000.0,-0.0542487815215088,-0.08743169398907104,-0.08743169398907104,2928000.0,2928000.0,https://www.sec.gov/Archives/edgar/data/732026/000095015003001069/0000950150-03-001069-index.htm,https://www.sec.gov/Archives/edgar/data/732026/000095015003001069/a93259e10vk.htm,1620599048,18:24:08,20210509
71,2003-03-31,TRT,USD,2003-05-16,2003-05-16 12:46:28,Q3,5561000.0,4535000.0,1026000.0,0.18449919079302285,34000.0,1004000.0,0.0,0.0,1038000.0,5573000.0,0.0,322000.0,310000.0,0.055745369537852904,-12000.0,-0.002157885272433016,76000.0,16000.0,0.002877180363244021,21000.0,28000.0,0.005035065635677036,0.01,0.01,2928000.0,2928000.0,https://www.sec.gov/Archives/edgar/data/732026/000095015003000629/0000950150-03-000629-index.htm,https://www.sec.gov/Archives/edgar/data/732026/000095015003000629/a90093e10vq.htm,1620599048,18:24:08,20210509
72,2002-12-31,TRT,USD,2003-02-11,2003-02-10 19:01:22,Q2,5051000.0,3672000.0,1379000.0,0.2730152445060384,28000.0,1308000.0,0.0,0.0,1336000.0,5008000.0,0.0,311000.0,354000.0,0.07008513165709761,43000.0,0.008513165709760443,58000.0,55000.0,0.010888932884577311,-18000.0,91000.0,0.018016234409027915,0.03,0.03,2928000.0,2928000.0,https://www.sec.gov/Archives/edgar/data/732026/000095015003000175/0000950150-03-000175-index.htm,https://www.sec.gov/Archives/edgar/data/732026/000102140802012424/d10k.htm,1620599048,18:24:08,20210509
73,2002-09-30,TRT,USD,2002-11-12,2002-11-12,Q1,5915000.0,4171000.0,1744000.0,0.294843617920541,27000.0,1564000.0,0.0,0.0,1703000.0,5874000.0,0.0,332000.0,373000.0,0.06306001690617075,41000.0,0.0069315300084530854,24000.0,126000.0,0.021301775147928994,68000.0,56000.0,0.009467455621301775,0.02,0.02,2928000.0,2928000.0,https://www.sec.gov/Archives/edgar/data/732026/000095015002001006/0000950150-02-001006-index.htm,https://www.sec.gov/Archives/edgar/data/732026/000095015002001006/a85835e10vq.htm,1620599048,18:24:08,20210509
74,2002-06-30,TRT,USD,2002-10-10,2002-10-10 16:58:05,Q4,5012000.0,4565000.0,447000.0,0.08918595371109338,72000.0,1215000.0,0.0,0.0,2343000.0,6908000.0,0.0,422000.0,-1474000.0,-0.29409417398244214,-1896000.0,-0.37829209896249,-1099000.0,-1987000.0,-0.39644852354349563,-15000.0,-2043000.0,-0.4076217079010375,-0.6977459016393442,-0.6977459016393442,2928000.0,2928000.0,https://www.sec.gov/Archives/edgar/data/732026/000102140802012424/0001021408-02-012424-index.htm,https://www.sec.gov/Archives/edgar/data/732026/000102140802012424/d10k.htm,1620599048,18:24:08,20210509
75,2002-03-31,TRT,USD,2002-05-13,2002-05-13 16:52:09,Q3,4657000.0,3603000.0,1054000.0,0.2263259609190466,93000.0,1317000.0,0.0,0.0,1410000.0,5013000.0,0.0,412000.0,56000.0,0.012024908739531888,-356000.0,-0.07644406270130985,95000.0,-316000.0,-0.06785484217307279,0.0,-312000.0,-0.06699592012024909,-0.11,-0.11,2928000.0,2928000.0,https://www.sec.gov/Archives/edgar/data/732026/000089843002001887/0000898430-02-001887-index.htm,https://www.sec.gov/Archives/edgar/data/732026/000089843002001887/d10q.htm,1620599048,18:24:08,20210509
76,2001-12-31,TRT,USD,2002-02-11,2002-02-11 00:00:00,Q2,4812000.0,3717000.0,1095000.0,0.2275561097256858,119000.0,1373000.0,0.0,0.0,2034000.0,5751000.0,0.0,432000.0,-507000.0,-0.10536159600997506,-939000.0,-0.19513715710723192,-354000.0,-804000.0,-0.16708229426433915,26000.0,-792000.0,-0.16458852867830423,-0.27,-0.27,2928000.0,2928000.0,https://www.sec.gov/Archives/edgar/data/732026/000089843002000479/0000898430-02-000479-index.htm,https://www.sec.gov/Archives/edgar/data/732026/000089843002000479/d10q.htm,1620599048,18:24:08,20210509
77,2001-09-30,TRT,USD,2001-11-09 00:00:00,2001-11-09 00:00:00,Q1,5136000.0,4041000.0,1095000.0,0.21320093457943926,47000.0,1466000.0,0.0,0.0,1513000.0,5554000.0,0.0,439000.0,21000.0,0.0040887850467289715,-418000.0,-0.08138629283489096,96000.0,-358000.0,-0.06970404984423675,42000.0,-400000.0,-0.0778816199376947,-0.14,-0.14,2928000.0,2928000.0,https://www.sec.gov/Archives/edgar/data/732026/000089843001503319/0000898430-01-503319-index.html,https://www.sec.gov/Archives/edgar/data/732026/000089843001503319/d10q.htm,1620599048,18:24:08,20210509
78,2001-06-30,TRT,USD,2001-09-24 00:00:00,2001-09-24 00:00:00,Q4,7063000.0,6279000.0,784000.0,0.1110009910802775,49000.0,1918000.0,0.0,0.0,1967000.0,8246000.0,0.0,431000.0,-752000.0,-0.10647033838312332,-1183000.0,-0.16749256689791872,291000.0,449000.0,0.06357072065694463,111000.0,228000.0,0.03228090046722356,0.0778688524590164,0.0778688524590164,2928000.0,2928000.0,https://www.sec.gov/Archives/edgar/data/732026/000102140801507194/0001021408-01-507194-index.html,https://www.sec.gov/Archives/edgar/data/732026/000102140801507194/d10k.htm,1620599048,18:24:08,20210509
79,2001-03-30,TRT,USD,2001-05-14 00:00:00,2001-05-14 00:00:00,Q3,7880000.0,6160000.0,1720000.0,0.2182741116751269,60000.0,1610000.0,0.0,0.0,1670000.0,7830000.0,-70000.0,470000.0,510000.0,0.06472081218274112,40000.0,0.005076142131979695,100000.0,80000.0,0.01015228426395939,-40000.0,110000.0,0.013959390862944163,0.03754,0.03754,2930000.0,2930000.0,https://www.sec.gov/Archives/edgar/data/732026/000089843001500529/0000898430-01-500529-index.html,https://www.sec.gov/Archives/edgar/data/732026/000089843001500529/d10q.txt,1620599048,18:24:08,20210509
80,2000-12-29,TRT,USD,2001-02-12 00:00:00,2001-02-12 00:00:00,Q2,12040000.0,8800000.0,3230000.0,0.26827242524916944,60000.0,2350000.0,0.0,0.0,2399999.9999999986,11199999.999999998,-160000.0,380000.0,1210000.0,0.1004983388704319,830000.0,0.06893687707641195,230000.0,900000.0,0.07475083056478406,210000.0,640000.0,0.053156146179401995,0.22222,0.22222,2880000.0,2880000.0,https://www.sec.gov/Archives/edgar/data/732026/000089843001000497/0000898430-01-000497-index.html,https://www.sec.gov/Archives/edgar/data/732026/000089843001000497/0000898430-01-000497-0001.txt,1620599048,18:24:08,20210509
81,2000-09-29,TRT,USD,2000-11-09 00:00:00,2000-11-09 00:00:00,Q1,9160000.0,6710000.0,2450000.0,0.26746724890829693,50000.0,2170000.0,0.0,0.0,2220000.0,8930000.0,-30000.0,350000.0,580000.0,0.06331877729257641,230000.0,0.025109170305676855,90000.0,280000.0,0.03056768558951965,70000.0,180000.0,0.019650655021834062,0.05921,0.05921,3040000.0,3040000.0,https://www.sec.gov/Archives/edgar/data/732026/000089843000003279/0000898430-00-003279-index.html,https://www.sec.gov/Archives/edgar/data/732026/000089843000003279/0000898430-00-003279-0001.txt,1620599048,18:24:08,20210509
82,2000-06-30,TRT,USD,2000-09-28 00:00:00,2000-09-28 00:00:00,Q4,8674000.0,5787000.0,2887000.0,0.33283375605257093,69000.0,2171000.0,0.0,0.0,2725000.0,8512000.0,0.0,485000.0,647000.0,0.07459073091999077,162000.0,0.018676504496195526,497000.0,348000.0,0.04011989854738298,-23000.0,371000.0,0.042771501037583586,0.12203947368421053,0.12203947368421053,3040000.0,3040000.0,https://www.sec.gov/Archives/edgar/data/732026/000089843000002819/0000898430-00-002819-index.html,https://www.sec.gov/Archives/edgar/data/732026/000089843000002819/0000898430-00-002819-0001.txt,1620599048,18:24:08,20210509
83,2000-03-31,TRT,USD,2000-05-15 00:00:00,2000-05-15 00:00:00,Q3,5925000.0,4064000.0,1861000.0,0.3140928270042194,45000.0,1371000.0,0.0,0.0,1754000.0,5818000.0,0.0,338000.0,445000.0,0.0751054852320675,107000.0,0.018059071729957805,126000.0,179000.0,0.030210970464135022,65000.0,114000.0,0.019240506329113925,0.041349292709466814,0.037389307969826174,2757000.0,3049000.0,https://www.sec.gov/Archives/edgar/data/732026/000089843000001617/0000898430-00-001617-index.html,https://www.sec.gov/Archives/edgar/data/732026/0000898430-00-001617.txt,1620599048,18:24:08,20210509
84,1999-12-31,TRT,USD,1999-12-31,1999-12-31,Q2,6800000.0,4800000.0,2000000.0,0.29411764705882354,0.0,1600000.0,0.0,0.0,1900000.0,6700000.0,0.0,300000.0,400000.0,0.058823529411764705,100000.0,0.014705882352941176,500000.0,600000.0,0.08823529411764706,100000.0,500000.0,0.07352941176470588,0.1819505094614265,0.18070112034694616,2748000.0,2767000.0,,,1620599048,18:24:08,20210509
85,1999-09-24,TRT,USD,1999-09-24,1999-09-24,Q1,5560000.0,4120000.0,1430000.0,0.25719424460431656,50000.0,1310000.0,0.0,0.0,1360000.0000000002,5480000.0,-20000.0,360000.0,430000.0,0.07733812949640288,70000.0,0.012589928057553957,10000.0,60000.0,0.01079136690647482,-50000.0,40000.0,0.007194244604316547,0.01449,0.01449,2760000.0,2760000.0,,,1620599048,18:24:08,20210509
86,1999-06-25,TRT,USD,1999-06-25,1999-06-25,Q4,6060000.0,4810000.0,1260000.0,0.2079207920792079,180000.0,1450000.0,0.0,0.0,1620000.0,6430000.0,0.0,370000.0,0.0,0.0,-370000.0,-0.06105610561056106,410000.0,40000.0,0.006600660066006601,-220000.0,50000.0,0.00825082508250825,0.01818,0.01818,2750000.0,2750000.0,,,1620599048,18:24:08,20210509
87,1999-03-26,TRT,USD,1999-03-26,1999-03-26,Q3,4950000.0,3580000.0,1370000.0,0.2767676767676768,90000.0,1250000.0,0.0,0.0,1330000.0,4910000.0,-40000.0,289999.9999999999,329999.9999999999,0.06666666666666664,40000.0,0.00808080808080808,100000.0,100000.0,0.020202020202020204,80000.0,20000.0,0.00404040404040404,0.00727,0.00727,2750000.0,2750000.0,,,1620599048,18:24:08,20210509
88,1998-12-25,TRT,USD,1998-12-25,1998-12-25,Q2,4980000.0,3620000.0,1360000.0,0.27309236947791166,80000.0,1290000.0,0.0,0.0,1360000.0000000002,4980000.0,-50000.0,290000.00000000006,370000.00000000006,0.074297,0.0,0.0,210000.0,170000.0,0.03413654618473896,100000.0,30000.0,0.006024096385542169,0.01091,0.01091,2750000.0,2750000.0,,,1620599048,18:24:08,20210509
89,1998-09-25,TRT,USD,1998-09-28 00:00:00,1998-09-28 00:00:00,Q1,5190000.0,3500000.0,1680000.0,0.3236994219653179,80000.0,1480000.0,0.0,0.0,1570000.0000000002,5070000.0,-50000.0,270000.0,390000.0,0.07514450867052024,120000.0,0.023121387283236993,100000.0,170000.0,0.03275529865125241,80000.0,100000.0,0.019267822736030827,0.0361,0.0361,2770000.0,2770000.0,https://www.sec.gov/Archives/edgar/data/732026/000089843098003417/0000898430-98-003417-index.html,https://www.sec.gov/Archives/edgar/data/732026/0000898430-98-003417.txt,1620599048,18:24:08,20210509
90,1998-06-26,TRT,USD,1998-11-03,1998-11-03,Q4,6390000.0,4060000.0,2320000.0,0.36306729264475746,0.0,2060000.0,0.0,0.0,2060000.0000000005,6120000.000000001,-80000.0,139999.9999999999,409999.9999999999,0.06416275430359936,270000.0,0.04225352112676056,230000.0,420000.0,0.06572769953051644,50000.0,230000.0,0.03599374021909233,0.08425,0.08425,2730000.0,2730000.0,https://www.sec.gov/Archives/edgar/data/732026/0000898430-98-003818-index.html,https://www.sec.gov/Archives/edgar/data/732026/,1620599048,18:24:08,20210509
91,1998-03-27,TRT,USD,1998-05-11 00:00:00,1998-05-11 00:00:00,Q3,5560000.0,3650000.0,1910000.0,0.3435251798561151,0.0,1750000.0,0.0,0.0,1750000.0000000005,5400000.0,-30000.0,290000.00000000006,450000.00000000006,0.08093525179856116,160000.0,0.02877697841726619,100000.0,230000.0,0.04136690647482014,150000.0,210000.0,0.03776978417266187,0.07664,0.07664,2740000.0,2740000.0,https://www.sec.gov/Archives/edgar/data/732026/000089843098001807/0000898430-98-001807-index.html,https://www.sec.gov/Archives/edgar/data/732026/0000898430-98-001807.txt,1620599048,18:24:08,20210509
92,1997-12-27,TRT,USD,1997-12-27,1997-12-27,Q2,4810000.0,3150000.0,1660000.0,0.34511434511434513,0.0,1450000.0,0.0,0.0,1449999.9999999998,4600000.0,-30000.0,220000.00000000003,430000.0,0.0893970893970894,210000.0,0.04365904365904366,70000.0,240000.0,0.0498960498960499,100000.0,180000.0,0.037422037422037424,0.07469,0.07469,2410000.0,2410000.0,,,1620599048,18:24:08,20210509
93,1997-09-26,TRT,USD,1997-11-10 00:00:00,1997-11-10 00:00:00,Q1,5100000.0,3310000.0,1780000.0,0.34901960784313724,0.0,1450000.0,0.0,0.0,1449999.9999999998,4760000.0,-20000.0,290000.0,620000.0,0.12156862745098039,330000.0,0.06470588235294118,110000.0,420000.0,0.08235294117647059,160000.0,210000.0,0.041176470588235294,0.10244,0.10244,2050000.0,2050000.0,https://www.sec.gov/Archives/edgar/data/732026/000073202697000008/0000732026-97-000008-index.html,https://www.sec.gov/Archives/edgar/data/732026/0000732026-97-000008.txt,1620599048,18:24:08,20210509
94,1997-06-27,TRT,USD,1997-09-16 00:00:00,1997-09-16 00:00:00,Q4,5480000.0,2940000.0,2550000.0,0.4653284671532847,0.0,1470000.0,0.0,0.0,1460000.0000000005,4400000.0,-20000.0,330000.00000000006,1410000.0,0.2572992700729927,1080000.0,0.19708029197080293,-30000.0,1030000.0,0.18795620437956204,360000.0,330000.0,0.060218978102189784,0.16583,0.16583,1990000.0,1990000.0,https://www.sec.gov/Archives/edgar/data/732026/000073202697000005/0000732026-97-000005-index.html,https://www.sec.gov/Archives/edgar/data/732026/0000732026-97-000005.txt,1620599048,18:24:08,20210509
95,1997-03-28,TRT,USD,1997-05-08 00:00:00,1997-05-08 00:00:00,Q3,5030000.0,2970000.0,2060000.0,0.4095427435387674,0.0,1530000.0,0.0,0.0,1529999.9999999998,4500000.0,-30000.0,320000.00000000006,860000.0,0.1709741550695825,540000.0,0.1073558648111332,180000.0,680000.0,0.13518886679920478,230000.0,300000.0,0.05964214711729622,0.15152,0.15152,1980000.0,1980000.0,https://www.sec.gov/Archives/edgar/data/732026/000073202697000003/0000732026-97-000003-index.html,https://www.sec.gov/Archives/edgar/data/732026/0000732026-97-000003.txt,1620599048,18:24:08,20210509
96,1996-12-27,TRT,USD,1997-02-05 00:00:00,1997-02-05 00:00:00,Q2,5420000.0,3490000.0,1930000.0,0.35608856088560886,0.0,1360000.0,0.0,0.0,1359999.9999999993,4849999.999999999,-30000.0,339999.99999999994,910000.0,0.16789667896678967,570000.0,0.10516605166051661,190000.0,730000.0,0.13468634686346864,250000.0,200000.0,0.03690036900369004,0.09217,0.09217,2170000.0,2170000.0,https://www.sec.gov/Archives/edgar/data/732026/000073202697000002/0000732026-97-000002-index.html,https://www.sec.gov/Archives/edgar/data/732026/0000732026-97-000002.txt,1620599048,18:24:08,20210509
97,1996-09-27,TRT,USD,1996-11-06 00:00:00,1996-11-06 00:00:00,Q1,5620000.0,3320000.0,2290000.0,0.40747330960854095,0.0,1420000.0,0.0,0.0,1420000.0000000005,4740000.0,-40000.0,370000.0,1250000.0,0.22241992882562278,880000.0,0.15658362989323843,130000.0,970000.0,0.17259786476868327,420000.0,170000.0,0.030249110320284697,0.08808,0.08808,1930000.0,1930000.0,https://www.sec.gov/Archives/edgar/data/732026/000073202696000009/0000732026-96-000009-index.html,https://www.sec.gov/Archives/edgar/data/732026/0000732026-96-000009.txt,1620599048,18:24:08,20210509
98,1996-06-28,TRT,USD,1996-09-25 00:00:00,1996-09-25 00:00:00,Q4,6910000.0,4790000.0,2120000.0,0.3068017366136035,0.0,1660000.0,0.0,0.0,1660000.0,6450000.0,-30000.0,410000.0000000001,870000.0000000001,0.125904486251809,460000.0,0.06657018813314038,-20000.0,410000.0,0.059334298118668596,160000.0,290000.0,0.041968162083936326,0.16571,0.16571,1750000.0,1750000.0,https://www.sec.gov/Archives/edgar/data/732026/000073202696000004/0000732026-96-000004-index.html,https://www.sec.gov/Archives/edgar/data/732026/0000732026-96-000004.txt,1620599048,18:24:08,20210509
99,1996-03-31,TRT,USD,1996-05-09 00:00:00,1996-05-09 00:00:00,Q3,4900000.0,2500000.0,2400000.0,0.4897959183673469,0.0,1400000.0,0.0,0.0,1700000.0,4200000.0,0.0,300000.0,1000000.0,0.20408163265306123,700000.0,0.14285714285714285,100000.0,400000.0,0.08163265306122448,200000.0,200000.0,0.04081632653061224,0.11,0.11,1818182.0,1818182.0,https://www.sec.gov/Archives/edgar/data/732026/000073202696000002/0000732026-96-000002-index.html,https://www.sec.gov/Archives/edgar/data/732026/0000732026-96-000002.txt,1620599048,18:24:08,20210509
100,1995-12-29,TRT,USD,1996-02-05 00:00:00,1996-02-05 00:00:00,Q2,5590000.0,3360000.0,2230000.0,0.39892665474060823,0.0,1490000.0,0.0,0.0,1489999.9999999998,4850000.0,-40000.0,410000.00000000006,1150000.0,0.20572450805008943,740000.0,0.13237924865831843,270000.0,970000.0,0.1735241502683363,380000.0,200000.0,0.03577817531305903,0.10582,0.10582,1890000.0,1890000.0,https://www.sec.gov/Archives/edgar/data/732026/000073202696000001/0000732026-96-000001-index.html,https://www.sec.gov/Archives/edgar/data/732026/0000732026-96-000001.txt,1620599048,18:24:08,20210509
101,1995-09-29,TRT,USD,1995-11-13 00:00:00,1995-11-13 00:00:00,Q1,5730000.0,3720000.0,2010000.0,0.3507853403141361,0.0,1280000.0,0.0,0.0,1279999.9999999998,5000000.0,-40000.0,390000.0,1130000.0,0.19720767888307156,740000.0,0.12914485165794065,180000.0,880000.0,0.15357766143106458,360000.0,120000.0,0.020942408376963352,0.06122,0.06122,1960000.0,1960000.0,https://www.sec.gov/Archives/edgar/data/732026/000073202695000009/0000732026-95-000009-index.html,https://www.sec.gov/Archives/edgar/data/732026/0000732026-95-000009.txt,1620599048,18:24:08,20210509
102,1995-06-30,TRT,USD,1995-09-28 00:00:00,1995-09-28 00:00:00,Q4,5500000.0,2600000.0,2900000.0,0.5272727272727272,0.0,1400000.0,0.0,0.0,2100000.0,4700000.0,0.0,700000.0,1500000.0,0.2727272727272727,800000.0,0.14545454545454545,0.0,200000.0,0.03636363636363636,0.0,-1500000.0,-0.2727272727272727,-0.7653061224489796,-0.7653061224489796,1960000.0,1960000.0,https://www.sec.gov/Archives/edgar/data/732026/000073202695000006/0000732026-95-000006-index.html,https://www.sec.gov/Archives/edgar/data/732026/0000732026-95-000006.txt,1620599048,18:24:08,20210509
