,date,symbol,reportedCurrency,fillingDate,acceptedDate,period,revenue,costOfRevenue,grossProfit,grossProfitRatio,researchAndDevelopmentExpenses,generalAndAdministrativeExpenses,sellingAndMarketingExpenses,otherExpenses,operatingExpenses,costAndExpenses,interestExpense,depreciationAndAmortization,ebitda,ebitdaratio,operatingIncome,operatingIncomeRatio,totalOtherIncomeExpensesNet,incomeBeforeTax,incomeBeforeTaxRatio,incomeTaxExpense,netIncome,netIncomeRatio,eps,epsdiluted,weightedAverageShsOut,weightedAverageShsOutDil,link,finalLink,timestamp,est_time,est_date
0,2021-03-31,CPK,USD,2021-05-04,2021-05-04,Q1,191187000.0,117776000.0,73411000.0,0.3839748518466214,0.0,0.0,0.0,385000.0,21814000.0,139590000.0,5105000.0,17933000.0,69530000.0,0.3636753544958601,51597000.0,0.2451892649604837,385000.0,46877000.0,0.2451892649604837,12405000.0,34466000.0,0.18027376338349366,1.97,1.96,17485866.0,17553167.0,https://www.sec.gov/Archives/edgar/data/19745/000162828021008905/0001628280-21-008905-index.htm,https://www.sec.gov/Archives/edgar/data/19745/000162828021008905/cpk-20210331.htm,1620590615,16:03:35,20210509
1,2020-12-31,CPK,USD,2021-02-24,2021-02-24 17:20:39,Q4,137038000.0,80629000.0,56409000.0,0.4116303507056437,0.0,0.0,0.0,225000.0,21204000.0,101833000.0,6313000.0,17861000.0,53066000.0,0.38723565726294895,35205000.0,0.2568995461112976,225000.0,29117000.0,0.21247391234548083,7456000.0,22352000.0,0.16310804302456253,1.28,1.28,17439993.0,17505291.0,https://www.sec.gov/Archives/edgar/data/19745/000162828021003104/0001628280-21-003104-index.htm,https://www.sec.gov/Archives/edgar/data/19745/000162828021003104/cpk-20201231.htm,1620590615,16:03:35,20210509
2,2020-09-30,CPK,USD,2020-11-05,2020-11-04 19:30:15,Q3,101419000.0,60587000.0,40832000.0,0.402607006576677,0.0,0.0,0.0,-40000.0,23426000.0,84013000.0,4584000.0,20548000.0,37954000.0,0.37422968082903596,17406000.0,0.1716246462694367,-40000.0,12782000.0,0.12603161143375502,3502000.0,9261000.0,0.09131425078141177,0.5601270806837022,0.558132235574834,16533748.0,16592842.0,https://www.sec.gov/Archives/edgar/data/19745/000162828020015567/0001628280-20-015567-index.htm,https://www.sec.gov/Archives/edgar/data/19745/000162828020015567/cpk-20200930.htm,1620590615,16:03:35,20210509
3,2020-06-30,CPK,USD,2020-08-05,2020-08-05 16:54:22,Q2,97051000.0,61710000.0,35341000.0,0.3641487465353268,0.0,0.0,0.0,-279000.0,17494000.0,79204000.0,5054000.0,14694000.0,32541000.0,0.3352979361366704,17847000.0,0.1838930047088644,-149000.0,12644000.0,0.13028201667164688,1983000.0,10956000.0,0.11288909954559974,0.67,0.66,16448490.0,16503603.0,https://www.sec.gov/Archives/edgar/data/19745/000162828020011822/0001628280-20-011822-index.htm,https://www.sec.gov/Archives/edgar/data/19745/000162828020011822/cpk0630202010-q.htm,1620590615,16:03:35,20210509
4,2020-03-31,CPK,USD,2020-05-06,2020-05-06 16:56:39,Q1,152710000.0,92696000.0,60014000.0,0.392993255189575,0.0,0.0,0.0,3318000.0,17901000.0,110597000.0,5814000.0,14613000.0,56726000.0,0.37146224870669897,42113000.0,0.27577106934712853,3318000.0,39617000.0,0.25942636369589417,10591000.0,28930000.0,0.18944404426691114,1.7624368000702781,1.756332190715699,16414773.0,16471827.0,https://www.sec.gov/Archives/edgar/data/19745/000162828020006712/0001628280-20-006712-index.htm,https://www.sec.gov/Archives/edgar/data/19745/000162828020002321/cpk1231201910-k.htm,1620590615,16:03:35,20210509
5,2019-12-31,CPK,USD,2020-02-26,2020-02-26 17:19:00,Q4,131974000.0,85801000.0,46173000.0,0.3498643672238471,0.0,0.0,0.0,-1101000.0,16530000.0,102331000.0,5641000.0,14223000.0,43866000.0,0.33238365132526104,29643000.0,0.2246124236592056,-1101000.0,22901000.0,0.17352660372497614,5736000.0,22564000.0,0.1709730704532711,1.38,1.37,16403776.0,16461112.0,https://www.sec.gov/Archives/edgar/data/19745/000162828020002321/0001628280-20-002321-index.htm,https://www.sec.gov/Archives/edgar/data/19745/000162828020002321/cpk1231201910-k.htm,1620590615,16:03:35,20210509
6,2019-09-30,CPK,USD,2019-11-07,2019-11-07 10:37:10,Q3,92626000.0,61871000.0,30755000.0,0.3320342020598968,0.0,0.0,0.0,-350000.0,16397000.0,78268000.0,5403000.0,13423000.0,27781000.0,0.2999265864875953,14358000.0,0.15501047222162243,-350000.0,8605000.0,0.09290048150627253,2360000.0,5621000.0,0.06068490488631702,0.3426650059108342,0.341621820572635,16403776.0,16453867.0,https://www.sec.gov/Archives/edgar/data/19745/000162828019013588/0001628280-19-013588-index.htm,https://www.sec.gov/Archives/edgar/data/19745/000162828019013588/cpk0930201910-q.htm,1620590615,16:03:35,20210509
7,2019-06-30,CPK,USD,2019-08-08,2019-08-08 15:18:48,Q2,130903000.0,97089000.0,33814000.0,0.2583134076377165,0.0,0.0,0.0,-316000.0,16508000.0,113597000.0,5655000.0,13797000.0,31103000.0,0.23760341627006257,17306000.0,0.1322047623049128,-186000.0,11465000.0,0.08758393619703139,3161000.0,8304000.0,0.06343628488269941,0.51,0.5,16401028.0,16445743.0,https://www.sec.gov/Archives/edgar/data/19745/000162828019010430/0001628280-19-010430-index.htm,https://www.sec.gov/Archives/edgar/data/19745/000162828019010430/cpk0630201910-q.htm,1620590615,16:03:35,20210509
8,2019-03-31,CPK,USD,2019-05-08,2019-05-08 14:37:28,Q1,227616000.0,167044000.0,60572000.0,0.2661148601152819,0.0,0.0,0.0,-45000.0,16579000.0,183623000.0,5710000.0,13209000.0,57202000.0,0.2513092225502601,43993000.0,0.19327727400534234,-45000.0,38238000.0,0.16799346267397722,9574000.0,28664000.0,0.12593139322367497,1.75,1.74,16384927.0,16432852.0,https://www.sec.gov/Archives/edgar/data/19745/000162828019006237/0001628280-19-006237-index.htm,https://www.sec.gov/Archives/edgar/data/19745/000162828019002015/cpk1231201810-k.htm,1620590615,16:03:35,20210509
9,2018-12-31,CPK,USD,2019-02-27,2019-02-26 18:04:44,Q4,201190000.0,156725000.0,44465000.0,0.22100999055619067,0.0,0.0,0.0,-411000.0,15535000.0,172260000.0,4455000.0,12697000.0,41627000.0,0.2069039216660868,28930000.0,0.1437944231820667,-411000.0,24064000.0,0.11960833043391819,6263000.0,17801000.0,0.08847855261195885,1.09,1.08,16378545.0,16430594.0,https://www.sec.gov/Archives/edgar/data/19745/000162828019002015/0001628280-19-002015-index.htm,https://www.sec.gov/Archives/edgar/data/19745/000162828019002015/cpk1231201810-k.htm,1620590615,16:03:35,20210509
10,2018-09-30,CPK,USD,2018-11-09,2018-11-09 10:48:09,Q3,140279000.0,113190000.0,27089000.0,0.19310802044497039,0.0,0.0,0.0,-11000.0,15053000.0,128243000.0,4430000.0,12669000.0,24705000.0,0.17611331703248526,12036000.0,0.08580044055061699,-11000.0,7595000.0,0.054142102524255234,2057000.0,5538000.0,0.0394784679103786,0.3381252730324946,0.3370983694799001,16378545.0,16428439.0,https://www.sec.gov/Archives/edgar/data/19745/000162828018014092/0001628280-18-014092-index.htm,https://www.sec.gov/Archives/edgar/data/19745/000162828018014092/cpk0930201810-q.htm,1620590615,16:03:35,20210509
11,2018-06-30,CPK,USD,2018-08-09,2018-08-09 12:55:02,Q2,136664000.0,109303000.0,27361000.0,0.2002063454896681,0.0,0.0,0.0,-262000.0,14243000.0,123546000.0,3881000.0,11991000.0,25109000.0,0.1837279751800035,13118000.0,0.09598723877539074,-132000.0,9105000.0,0.06662325118538898,2718000.0,6387000.0,0.04673505824503893,0.39017349250359246,0.38904599489726616,16369641.0,16417082.0,https://www.sec.gov/Archives/edgar/data/19745/000162828018010892/0001628280-18-010892-index.htm,https://www.sec.gov/Archives/edgar/data/19745/000162828018010892/cpk0630201810-q.htm,1620590615,16:03:35,20210509
12,2018-03-31,CPK,USD,2018-05-08,2018-05-08 17:29:15,Q1,239356000.0,184352000.0,55004000.0,0.22979996323467972,0.0,0.0,0.0,68000.0,14598000.0,198950000.0,3664000.0,11980000.0,52386000.0,0.21886228045254766,40406000.0,0.16881131034943767,68000.0,36810000.0,0.15378766356389645,9955000.0,26855000.0,0.1121968950015876,1.642373241871705,1.637202009268435,16351338.0,16402985.0,https://www.sec.gov/Archives/edgar/data/19745/000162828018006290/0001628280-18-006290-index.htm,https://www.sec.gov/Archives/edgar/data/19745/000162828018002594/cpk1231201710-k.htm,1620590615,16:03:35,20210509
13,2017-12-31,CPK,USD,2018-03-01,2018-03-01 11:59:26,Q4,180403000.0,143295000.0,37108000.0,0.20569502724455802,0.0,0.0,0.0,-122000.0,13845000.0,157140000.0,3512000.0,11465000.0,34728000.0,0.19250234197879193,23263000.0,0.12895018375525905,-122000.0,19629000.0,0.10880639457215235,-6472000.0,26101000.0,0.14468162946292468,1.6,1.59,16344442.0,16397332.0,https://www.sec.gov/Archives/edgar/data/19745/000162828018002594/0001628280-18-002594-index.htm,https://www.sec.gov/Archives/edgar/data/19745/000162828018002594/cpk1231201710-k.htm,1620590615,16:03:35,20210509
14,2017-09-30,CPK,USD,2017-11-09,2017-11-09 11:25:17,Q3,126936000.0,99264000.0,27672000.0,0.21799962185668367,0.0,0.0,0.0,239000.0,13433000.0,112697000.0,3321000.0,11411000.0,25650000.0,0.20207033465683494,14239000.0,0.11217463918825235,239000.0,11157000.0,0.08789468708640574,4324000.0,6833000.0,0.05383027667485977,0.41806260501276216,0.4169098335624924,16344442.0,16389635.0,https://www.sec.gov/Archives/edgar/data/19745/000162828017011275/0001628280-17-011275-index.htm,https://www.sec.gov/Archives/edgar/data/19745/000162828017011275/cpk0930201710-q.htm,1620590615,16:03:35,20210509
15,2017-06-30,CPK,USD,2017-08-03,2017-08-03 14:34:15,Q2,125084000.0,98483000.0,26601000.0,0.21266508906015158,0.0,0.0,0.0,-607000.0,13065000.0,111548000.0,3073000.0,11094000.0,24630000.0,0.1969076780403569,13536000.0,0.10821527933228871,-477000.0,9986000.0,0.07983435131591571,3940000.0,6046000.0,0.0483355185315468,0.36999718187723696,0.3690589430349647,16340665.0,16382207.0,https://www.sec.gov/Archives/edgar/data/19745/000162828017007969/0001628280-17-007969-index.htm,https://www.sec.gov/Archives/edgar/data/19745/000162828017007969/cpk0630201710-q.htm,1620590615,16:03:35,20210509
16,2017-03-31,CPK,USD,2017-05-03,2017-05-03 08:53:19,Q1,185160000.0,137142000.0,48018000.0,0.2593324692158134,0.0,0.0,0.0,-277000.0,13342000.0,150484000.0,2739000.0,10751000.0,45427000.0,0.2453391661265932,34676000.0,0.18727586951825448,-277000.0,31660000.0,0.17098725426658026,12516000.0,19144000.0,0.10339166126593216,1.1732387813025058,1.169899698089612,16317224.0,16363796.0,https://www.sec.gov/Archives/edgar/data/19745/000162828017004712/0001628280-17-004712-index.htm,https://www.sec.gov/Archives/edgar/data/19745/000162828017001844/cpk1231201610-k.htm,1620590615,16:03:35,20210509
17,2016-12-31,CPK,USD,2017-02-28,2017-02-27 20:37:04,Q4,141874000.0,107384000.0,34490000.0,0.24310303508747197,0.0,0.0,0.0,-373000.0,12671000.0,120055000.0,2643000.0,10643000.0,32462000.0,0.2288086612064226,21819000.0,0.1537913923622369,-373000.0,18803000.0,0.13253309274426603,6940000.0,11863000.0,0.08361644839787417,0.7277011850248506,0.725605247013446,16302021.0,16349110.0,https://www.sec.gov/Archives/edgar/data/19745/000162828017001844/0001628280-17-001844-index.htm,https://www.sec.gov/Archives/edgar/data/19745/000162828017001844/cpk1231201610-k.htm,1620590615,16:03:35,20210509
18,2016-09-30,CPK,USD,2016-11-03,2016-11-03 14:24:26,Q3,108348000.0,86495000.0,21853000.0,0.20169269391220881,0.0,0.0,0.0,-28000.0,11697000.0,98192000.0,2722000.0,10131000.0,20287000.0,0.18723926606859378,10156000.0,0.09373500203049433,-28000.0,7406000.0,0.068353822867058,2990000.0,4416000.0,0.04075755897663086,0.2872678479299249,0.28651542034945926,15372413.0,15412783.0,https://www.sec.gov/Archives/edgar/data/19745/000162828016020701/0001628280-16-020701-index.htm,https://www.sec.gov/Archives/edgar/data/19745/000162828016020701/cpk930201610-q.htm,1620590615,16:03:35,20210509
19,2016-06-30,CPK,USD,2016-08-04,2016-08-04 12:44:53,Q2,102342000.0,75560000.0,26782000.0,0.2616911922768756,0.0,0.0,0.0,-8000.0,11170000.0,86730000.0,2624000.0,9570000.0,25182000.0,0.24605733716362785,15612000.0,0.1525473412675148,122000.0,13110000.0,0.12809990033417365,5081000.0,8029000.0,0.0784526391901663,0.5242565794886327,0.5229698329323399,15315020.0,15352702.0,https://www.sec.gov/Archives/edgar/data/19745/000162828016018456/0001628280-16-018456-index.htm,https://www.sec.gov/Archives/edgar/data/19745/000162828016018456/cpk630201610-q.htm,1620590615,16:03:35,20210509
20,2016-03-31,CPK,USD,2016-05-05,2016-05-05 13:47:02,Q1,146296000.0,98567000.0,47729000.0,0.3262495215180183,0.0,0.0,0.0,-34000.0,11349000.0,109916000.0,2650000.0,9149000.0,45529000.0,0.3112115163777547,36380000.0,0.24867392136490404,-34000.0,33696000.0,0.23032755509378247,13329000.0,20367000.0,0.139217750314431,1.3323222677384905,1.3284057461326415,15286842.0,15331912.0,https://www.sec.gov/Archives/edgar/data/19745/000162828016015682/0001628280-16-015682-index.htm,https://www.sec.gov/Archives/edgar/data/19745/000162828016011868/cpk1231201510-k.htm,1620590615,16:03:35,20210509
21,2015-12-31,CPK,USD,2016-02-29,2016-02-26 18:33:37,Q4,104568000.0,76973000.0,27595000.0,0.2638952643256063,0.0,0.0,0.0,296000.0,11424000.0,88397000.0,2581000.0,9515000.0,25686000.0,0.24563920128528804,16171000.0,0.15464578073598043,296000.0,13886000.0,0.13279397138704002,5267000.0,8619000.0,0.08242483360110167,0.5644745311239691,0.5625763555926414,15269068.0,15320587.0,https://www.sec.gov/Archives/edgar/data/19745/000162828016011868/0001628280-16-011868-index.htm,https://www.sec.gov/Archives/edgar/data/19745/000162828016011868/cpk1231201510-k.htm,1620590615,16:03:35,20210509
22,2015-09-30,CPK,USD,2015-11-05,2015-11-05 15:27:33,Q3,91913000.0,70111000.0,21802000.0,0.23720257199743236,0.0,0.0,0.0,36000.0,10893000.0,81004000.0,2492000.0,9431000.0,20340000.0,0.22129622577872554,10909000.0,0.1186883248289143,36000.0,8453000.0,0.0919674039580908,3334000.0,5119000.0,0.0556939714730234,0.34,0.33,15258819.0,15306843.0,https://www.sec.gov/Archives/edgar/data/19745/000162828015008330/0001628280-15-008330-index.htm,https://www.sec.gov/Archives/edgar/data/19745/000162828015008330/cpk930201510-q.htm,1620590615,16:03:35,20210509
23,2015-06-30,CPK,USD,2015-08-06,2015-08-06 14:09:26,Q2,92682000.0,70313000.0,22369000.0,0.2413521503636089,0.0,0.0,0.0,-171000.0,10699000.0,81012000.0,2485000.0,9340000.0,21010000.0,0.2266891089963531,11670000.0,0.12591441703890724,1329000.0,10514000.0,0.1134416607323968,4220000.0,6294000.0,0.0679096264646857,0.41310434724393635,0.41189328443142204,15235860.0,15280657.0,https://www.sec.gov/Archives/edgar/data/19745/000162828015006198/0001628280-15-006198-index.htm,https://www.sec.gov/Archives/edgar/data/19745/000162828015006198/cpk630201510-q.htm,1620590615,16:03:35,20210509
24,2015-03-31,CPK,USD,2015-05-06,2015-05-06 09:04:48,Q1,170081000.0,122011000.0,48070000.0,0.282630040980474,0.0,0.0,0.0,133000.0,10562000.0,132573000.0,2448000.0,8664000.0,46172000.0,0.27147065221864874,37508000.0,0.2205302179549744,133000.0,35193000.0,0.20691905621439197,14084000.0,21109000.0,0.12411145277838206,1.45,1.44,14604841.0,14656310.0,https://www.sec.gov/Archives/edgar/data/19745/000162828015003719/0001628280-15-003719-index.htm,https://www.sec.gov/Archives/edgar/data/19745/000162828015001482/cpk1231201410-k.htm,1620590615,16:03:35,20210509
25,2014-12-31,CPK,USD,2015-03-05,2015-03-05 12:20:26,Q4,120380000.0,91525000.0,28855000.0,0.23969928559561388,0.0,0.0,0.0,-279000.0,9567000.0,101092000.0,2528000.0,7595000.0,26883000.0,0.22331782688154178,19288000.0,0.16022595115467686,-21000.0,16739000.0,0.13905133743146703,6642000.0,10097000.0,0.08387605914603755,0.6922706477245365,0.6895412430276741,14585336.0,14643069.0,https://www.sec.gov/Archives/edgar/data/19745/000162828015001482/0001628280-15-001482-index.htm,https://www.sec.gov/Archives/edgar/data/19745/000162828015001482/cpk1231201410-k.htm,1620590615,16:03:35,20210509
26,2014-09-30,CPK,USD,2014-11-06,2014-11-06 14:55:35,Q3,91619000.0,73902000.0,17717000.0,0.19337691963457362,0.0,0.0,0.0,-32000.0,9925000.0,83827000.0,2495000.0,8480000.0,16272000.0,0.17760508191532323,7792000.0,0.08504786125148714,-32000.0,5265000.0,0.05746624608432749,2085000.0,3180000.0,0.03470895774893854,0.21818663849726216,0.2175598879771822,14574678.0,14616665.0,https://www.sec.gov/Archives/edgar/data/19745/000144530514004871/0001445305-14-004871-index.htm,https://www.sec.gov/Archives/edgar/data/19745/000144530514004871/cpk930201410-q.htm,1620590615,16:03:35,20210509
27,2014-06-30,CPK,USD,2014-08-07,2014-08-07 14:11:07,Q2,100497000.0,80186000.0,20311000.0,0.20210553548862156,0.0,0.0,0.0,405000.0,9854000.0,90040000.0,2303000.0,8400000.0,18857000.0,0.18763744191368897,10457000.0,0.10405285729922287,405000.0,8559000.0,0.0851667213946685,3425000.0,5134000.0,0.05108610207269869,0.35270094799886864,0.35148066192284155,14556241.0,14606778.0,https://www.sec.gov/Archives/edgar/data/19745/000144530514003473/0001445305-14-003473-index.htm,https://www.sec.gov/Archives/edgar/data/19745/000144530514003473/cpk630201410-q.htm,1620590615,16:03:35,20210509
28,2014-03-31,CPK,USD,2014-05-06,2014-05-06 09:18:19,Q1,186337000.0,144406000.0,41931000.0,0.22502777226208429,0.0,0.0,0.0,6000.0,10308000.0,154714000.0,2155000.0,8418000.0,40041000.0,0.21488485915303993,31623000.0,0.16970864616259787,6000.0,29474000.0,0.15817577829416596,11793000.0,17681000.0,0.09488722046614467,1.22,1.213333,14487646.0,14540151.0,https://www.sec.gov/Archives/edgar/data/19745/000144530514001842/0001445305-14-001842-index.htm,https://www.sec.gov/Archives/edgar/data/19745/000144530514000904/cpk1231201310-k.htm,1620590615,16:03:35,20210509
29,2013-12-31,CPK,USD,2014-03-06,2014-03-06 15:56:23,Q4,122887000.0,95253000.0,27634000.0,0.22487325754555,0.0,0.0,0.0,-41000.0,9322000.0,104575000.0,2120000.0,7513000.0,25825000.0,0.21015241644763075,18312000.0,0.14901494869270143,-41000.0,16151000.0,0.13142968743642533,6468000.0,9683000.0,0.07879596702661795,0.6683625483394611,0.6683625483394611,14487646.0,14487646.0,https://www.sec.gov/Archives/edgar/data/19745/000144530514000904/0001445305-14-000904-index.htm,https://www.sec.gov/Archives/edgar/data/19745/000144530514000904/cpk1231201310-k.htm,1620590615,16:03:35,20210509
30,2013-09-30,CPK,USD,2013-11-07,2013-11-07 11:21:44,Q3,86545000.0,67832000.0,18713000.0,0.21622277427927666,0.0,0.0,0.0,101000.0,9993000.0,77825000.0,2026000.0,7748000.0,16468000.0,0.19028251198798313,8720000.0,0.10075683170604888,101000.0,6795000.0,0.07851406782598648,2916000.0,3879000.0,0.04482061355364261,0.2686631917990613,0.2665338051648191,14438152.0,14553501.0,https://www.sec.gov/Archives/edgar/data/19745/000144530513002793/0001445305-13-002793-index.htm,https://www.sec.gov/Archives/edgar/data/19745/000144530513002793/cpk930201310-q.htm,1620590615,16:03:35,20210509
31,2013-06-30,CPK,USD,2013-08-09,2013-08-09 14:09:19,Q2,94146000.0,75530000.0,18616000.0,0.19773543220104944,0.0,0.0,0.0,24000.0,9464000.0,84994000.0,2016000.0,7531000.0,16683000.0,0.17720349244790007,9152000.0,0.09721071527202431,24000.0,7160000.0,0.07605208930809594,2804000.0,4356000.0,0.04626856159581926,0.3018215303515639,0.29952132284458616,14432370.0,14543205.0,https://www.sec.gov/Archives/edgar/data/19745/000144530513002075/0001445305-13-002075-index.htm,https://www.sec.gov/Archives/edgar/data/19745/000144530513002075/cpk630201310-q.htm,1620590615,16:03:35,20210509
32,2013-03-31,CPK,USD,2013-05-03,2013-05-03 08:01:22,Q1,140729000.0,105181000.0,35548000.0,0.25259896680854693,0.0,0.0,0.0,289000.0,8998000.0,114179000.0,2072000.0,7296000.0,33846000.0,0.2405048000056847,26550000.0,0.18866047509752787,289000.0,24767000.0,0.1759907339638596,9898000.0,14869000.0,0.10565697191055148,1.033333,1.026667,14402293.0,14518425.0,https://www.sec.gov/Archives/edgar/data/19745/000119312513197642/0001193125-13-197642-index.htm,https://www.sec.gov/Archives/edgar/data/19745/000119312513097201/d466906d10k.htm,1620590615,16:03:35,20210509
33,2012-12-31,CPK,USD,2013-03-08,2013-03-08 07:45:35,Q4,109515000.0,149906000.0,-40391000.0,-0.36881705702415196,0.0,0.0,0.0,0.0,91000000.0,90972000.0,2090000.0,6565000.0,25108000.0,0.22926539743414145,18543000.0,0.16931927133269414,59000.0,16512000.0,0.1507738665936173,6655000.0,9857000.0,0.09000593526001005,0.6844049069130866,0.6844049069130866,14402293.0,14402293.0,https://www.sec.gov/Archives/edgar/data/19745/000119312513097201/0001193125-13-097201-index.htm,https://www.sec.gov/Archives/edgar/data/19745/000119312513097201/d466906d10k.htm,1620590615,16:03:35,20210509
34,2012-09-30,CPK,USD,2012-11-08,2012-11-07 20:13:30,Q3,78175000.0,39704000.0,38471000.0,0.4921138471378318,0.0,0.0,0.0,0.0,30907000.0,70611000.0,2126000.0,7160000.0,14724000.0,0.18834665813879117,7564000.0,0.09675727534377998,-136000.0,5302000.0,0.06782219379597058,2083000.0,3219000.0,0.041176846818036454,0.226667,0.22,14388625.0,14514987.0,https://www.sec.gov/Archives/edgar/data/19745/000119312512458189/0001193125-12-458189-index.htm,https://www.sec.gov/Archives/edgar/data/19745/000119312512458189/d429855d10q.htm,1620590615,16:03:35,20210509
35,2012-06-30,CPK,USD,2012-08-08,2012-08-08 16:24:06,Q2,83897000.0,43294000.0,40603000.0,0.4839624778001597,0.0,0.0,0.0,0.0,30148000.0,73442000.0,2241000.0,7173000.0,17628000.0,0.21011478360370453,10455000.0,0.12461709000321823,153000.0,8367000.0,0.09972943013456977,3307000.0,5060000.0,0.06031204929854465,0.353333,0.346667,14379238.0,14522395.0,https://www.sec.gov/Archives/edgar/data/19745/000119312512344092/0001193125-12-344092-index.htm,https://www.sec.gov/Archives/edgar/data/19745/000119312512344092/d365127d10q.htm,1620590615,16:03:35,20210509
36,2012-03-31,CPK,USD,2012-05-03,2012-05-03 14:14:11,Q1,120914000.0,70265000.0,50649000.0,0.4188844964189424,0.0,0.0,0.0,0.0,30576000.0,100841000.0,2291000.0,7159000.0,27232000.0,0.22521792348280595,20073000.0,0.1660105529549928,196000.0,17978000.0,0.14868418876226078,7251000.0,10727000.0,0.08871594687133004,0.746667,0.74,14356905.0,14500327.0,https://www.sec.gov/Archives/edgar/data/19745/000119312512207908/0001193125-12-207908-index.htm,https://www.sec.gov/Archives/edgar/data/19745/000119312512099980/d302139d10k.htm,1620590615,16:03:35,20210509
37,2011-12-31,CPK,USD,2012-03-07,2012-03-07 06:09:05,Q4,103988000.0,59198000.0,44790000.0,0.43072277570488904,0.0,0.0,0.0,0.0,29294000.0,88492000.0,2346000.0,6578000.0,22074000.0,0.2122744932107551,15496000.0,0.14901719429164903,207000.0,13357000.0,0.12844751317459707,5399000.0,7958000.0,0.07652806093010732,0.554297740355599,0.554297740355599,14356905.0,14356905.0,https://www.sec.gov/Archives/edgar/data/19745/000119312512099980/0001193125-12-099980-index.htm,https://www.sec.gov/Archives/edgar/data/19745/000119312512099980/d302139d10k.htm,1620590615,16:03:35,20210509
38,2011-09-30,CPK,USD,2011-11-04,2011-11-04 17:03:16,Q3,80610000.0,46117000.0,34493000.0,0.4278997642972336,0.0,0.0,0.0,0.0,28899000.0,75016000.0,2389000.0,6260000.0,11854000.0,0.1470537154199231,5594000.0,0.06939585659347476,649000.0,3854000.0,0.04781044535417442,1457000.0,2397000.0,0.029735764793449943,0.16708469207274101,0.16545920105363757,14346018.0,14486955.0,https://www.sec.gov/Archives/edgar/data/19745/000095012311095400/0000950123-11-095400-index.htm,https://www.sec.gov/Archives/edgar/data/19745/000095012311095400/c23743e10vq.htm,1620590615,16:03:35,20210509
39,2011-06-30,CPK,USD,2011-08-05,2011-08-05 10:12:25,Q2,86831000.0,49302000.0,37529000.0,0.4322073913694418,0.0,0.0,0.0,0.0,29753000.0,79055000.0,2114000.0,6355000.0,14131000.0,0.16274141723577984,7776000.0,0.08955327014545496,27000.0,5689000.0,0.06551807534175583,2169000.0,3520000.0,0.040538517349794426,0.24552612342151814,0.24315555116524698,14336560.0,14476330.0,https://www.sec.gov/Archives/edgar/data/19745/000095012311073319/0000950123-11-073319-index.htm,https://www.sec.gov/Archives/edgar/data/19745/000095012311073319/c18323e10vq.htm,1620590615,16:03:35,20210509
40,2011-03-31,CPK,USD,2011-05-04,2011-05-04 17:29:10,Q1,146597000.0,92279000.0,54318000.0,0.37052599984992873,0.0,0.0,0.0,0.0,29479000.0,121758000.0,2150000.0,6076000.0,30915000.0,0.2108842609330341,24839000.0,0.16943730089974557,22000.0,22711000.0,0.15492131489730349,8964000.0,13747000.0,0.093774088146415,0.96,0.953333,14303071.0,14450694.0,https://www.sec.gov/Archives/edgar/data/19745/000095012311044812/0000950123-11-044812-index.htm,https://www.sec.gov/Archives/edgar/data/19745/000095012311023151/c13513e10vk.htm,1620590615,16:03:35,20210509
41,2010-12-31,CPK,USD,2011-03-08,2011-03-08 16:32:16,Q4,117759000.0,72761000.0,44998000.0,0.3821194133781707,0.0,0.0,0.0,0.0,30810000.0,103571000.0,2222000.0,5744000.0,19932000.0,0.1692609482077803,14188000.0,0.12048336008288114,-11000.0,11955000.0,0.10152090286092783,4841000.0,7114000.0,0.06041151844020415,0.49737570344158955,0.49737570344158955,14303071.0,14303071.0,https://www.sec.gov/Archives/edgar/data/19745/000095012311023151/0000950123-11-023151-index.htm,https://www.sec.gov/Archives/edgar/data/19745/000095012311023151/c13513e10vk.htm,1620590615,16:03:35,20210509
42,2010-09-30,CPK,USD,2010-11-05,2010-11-04 19:34:09,Q3,76466000.0,44454000.0,32012000.0,0.41864358015327074,0.0,0.0,0.0,0.0,27429000.0,71883000.0,2256000.0,5845000.0,10428000.0,0.13637433630633222,4583000.0,0.059935134569612636,102000.0,2429000.0,0.03176575209897209,801000.0,1628000.0,0.021290508199722752,0.11432474280268512,0.11427332832439924,14240137.0,14246544.0,https://www.sec.gov/Archives/edgar/data/19745/000095012310101137/0000950123-10-101137-index.htm,https://www.sec.gov/Archives/edgar/data/19745/000095012310101137/c07666e10vq.htm,1620590615,16:03:35,20210509
43,2010-06-30,CPK,USD,2010-08-05,2010-08-05 11:55:52,Q2,80061000.0,44882000.0,35179000.0,0.43940245562758395,0.0,0.0,0.0,0.0,27418000.0,72300000.0,2305000.0,5818000.0,13579000.0,0.16960817376750228,7761000.0,0.0969385843294488,-11000.0,5445000.0,0.06801064188556226,2105000.0,3340000.0,0.04171818988021633,0.23519747045824707,0.23297945567628633,14200833.0,14336028.0,https://www.sec.gov/Archives/edgar/data/19745/000136231010000022/0001362310-10-000022-index.htm,https://www.sec.gov/Archives/edgar/data/19745/000136231010000022/c04192e10vq.htm,1620590615,16:03:35,20210509
44,2010-03-31,CPK,USD,2010-05-07,2010-05-07 14:00:44,Q1,153260000.0,98878000.0,54382000.0,0.35483492104919745,0.0,0.0,0.0,0.0,28984000.0,127862000.0,2363000.0,6484000.0,31882000.0,0.20802557745008482,25398000.0,0.1657183870546783,115000.0,23150000.0,0.1510505024141981,9176000.0,13974000.0,0.09117838966462222,0.986667,0.98,14129898.0,14286447.0,https://www.sec.gov/Archives/edgar/data/19745/000095012310046218/0000950123-10-046218-index.htm,https://www.sec.gov/Archives/edgar/data/19745/000095012310022158/c97091e10vk.htm,1620590615,16:03:35,20210509
45,2009-12-31,CPK,USD,2010-03-08,2010-03-08 17:27:59,Q4,91714000.0,20823000.0,70891000.0,0.7729572366269054,0.0,0.0,0.0,0.0,58233000.0,79056000.0,2331000.0,5155000.0,17813000.0,0.19422334649017597,12658000.0,0.1380160062803934,146000.0,10473000.0,0.11419194452319166,4282000.0,6191000.0,0.06750332555553133,0.4381489519598797,0.4381489519598797,14129898.0,14129898.0,https://www.sec.gov/Archives/edgar/data/19745/000095012310022158/0000950123-10-022158-index.htm,https://www.sec.gov/Archives/edgar/data/19745/000095012310022158/c97091e10vk.htm,1620590615,16:03:35,20210509
46,2009-09-30,CPK,USD,2009-11-06,2009-11-06 16:02:04,Q3,31758000.0,25417000.0,6341000.0,0.199666225832861,0.0,675000.0,0.0,0.0,4084000.0,29501000.0,1540000.0,3107000.0,5364000.0,0.16890232382391837,2257000.0,0.07106870709742427,-26000.0,691000.0,0.02175829712198501,383000.0,308000.0,0.009698343724415895,0.029831649733815482,0.029810194234708435,10324605.0,10332036.0,https://www.sec.gov/Archives/edgar/data/19745/000095012309059298/0000950123-09-059298-index.htm,https://www.sec.gov/Archives/edgar/data/19745/000095012309059298/c91883e10vq.htm,1620590615,16:03:35,20210509
47,2009-06-30,CPK,USD,2009-08-07,2009-08-07 14:24:17,Q2,40834000.0,32042000.0,8792000.0,0.21531077043640104,0.0,0.0,0.0,0.0,5936000.0,37978000.0,1573000.0,3067000.0,5923000.0,0.1450506930499094,2856000.0,0.06994171523730225,12000.0,1295000.0,0.031713767938482636,489000.0,806000.0,0.01973845324974286,0.07830281466559258,0.07822907238858302,10293372.0,10303075.0,https://www.sec.gov/Archives/edgar/data/19745/000095012309031967/0000950123-09-031967-index.htm,https://www.sec.gov/Archives/edgar/data/19745/000095012309031967/c88893e10vq.htm,1620590615,16:03:35,20210509
48,2009-03-31,CPK,USD,2009-05-08,2009-05-08 08:11:33,Q1,104479000.0,83581000.0,20898000.0,0.20002105686310168,0.0,0.0,0.0,0.0,4932000.0,88513000.0,1642000.0,3048000.0,19014000.0,0.1819887250069392,15966000.0,0.15281539830970817,33000.0,14357000.0,0.1374151743412552,5764000.0,8593000.0,0.08224619301486423,0.84,0.826667,10249012.0,10414693.0,https://www.sec.gov/Archives/edgar/data/19745/000136231009006851/0001362310-09-006851-index.htm,https://www.sec.gov/Archives/edgar/data/19745/000136231009003438/c82120e10vk.htm,1620590615,16:03:35,20210509
49,2008-12-31,CPK,USD,2009-03-09,2009-03-09 16:53:30,Q4,72415004.0,0.0,72415004.0,1.0,0.0,0.0,0.0,0.0,63476618.0,63476618.0,1687634.0,0.0,11737644.0,0.1620885638561865,8938386.0,0.12343279025435115,113574.0,7364326.0,0.10169613468501638,2952035.0,4412291.0,0.06093061874304392,0.4305089114931273,0.4305089114931273,10249012.0,10249012.0,https://www.sec.gov/Archives/edgar/data/19745/000136231009003438/0001362310-09-003438-index.htm,https://www.sec.gov/Archives/edgar/data/19745/000136231009003438/c82120e10vk.htm,1620590615,16:03:35,20210509
50,2008-09-30,CPK,USD,2008-11-07,2008-11-07 17:22:09,Q3,49698013.0,0.0,49698013.0,1.0,0.0,0.0,0.0,0.0,48527620.0,48527620.0,1487812.0,0.0,4264014.0,0.08579848051470387,1170393.0,0.023550096459590848,-91631.0,-409050.0,-0.008230711356608966,-210752.0,-198298.0,-0.003990058918452132,-0.019395668687338177,-0.019390974490881552,10223829.0,10226304.0,https://www.sec.gov/Archives/edgar/data/19745/000001974508000029/0000019745-08-000029-index.htm,https://www.sec.gov/Archives/edgar/data/19745/000001974508000029/cpk_3qq.htm,1620590615,16:03:35,20210509
51,2008-08-11,CPK,USD,2008-08-11,2008-11-07 17:22:09,Q1,69056959000.0,48539716000.0,20517243000.0,0.2971060889026405,0.0,0.0,0.0,64727520000.0,64727520000.0,113267236000.0,0.0,4428008000.0,8757447000.0,0.12681483701012666,4329439000.0,0.06269373952594698,63507000.0,3004211000.0,0.043503378131666645,0.0,1818924000.0,0.0263394743460974,0.267,0.267,6812474000.0,6812474000.0,https://www.sec.gov/Archives/edgar/data/19745/000001974508000017/0000019745-08-000017-index.htm,https://www.sec.gov/Archives/edgar/data/19745/000001974508000017/submission2q08.htm,1620590615,16:03:35,20210509
52,2008-06-30,CPK,USD,2008-08-11 00:00:00,2008-08-11 16:34:54,Q2,69056959.0,0.0,69056959.0,1.0,0.0,0.0,0.0,0.0,64727520.0,64727520.0,1388735.0,0.0,7016454.0,0.10160386587541452,4329439.0,0.06269373952594698,63507.0,3004211.0,0.043503378131666645,1185287.0,1818924.0,0.0263394743460974,0.17799935823608282,0.17523246246193303,10218711.0,10380063.0,https://www.sec.gov/Archives/edgar/data/19745/000001974508000017/0000019745-08-000017-index.html,https://www.sec.gov/Archives/edgar/data/19745/000001974508000017/submission2q08.htm,1620590615,16:03:35,20210509
53,2008-03-31,CPK,USD,2008-05-06,2008-05-06 15:56:38,Q1,100273502.0,0.0,100273502.0,1.0,0.0,0.0,0.0,0.0,86232787.0,86232787.0,1593371.0,0.0,16601709.0,0.1655642684146007,14040715.0,0.1400241810643055,17591.0,12464935.0,0.12430936141035545,4890592.0,7574343.0,0.07553683524486858,0.74,0.733333,10192963.0,10360686.0,https://www.sec.gov/Archives/edgar/data/19745/000001974508000011/0000019745-08-000011-index.htm,https://www.sec.gov/Archives/edgar/data/19745/000001974508000006/dqk.htm,1620590615,16:03:35,20210509
54,2007-12-31,CPK,USD,2008-03-10,2008-03-10 17:19:38,Q4,70838967.0,0.0,70838967.0,1.0,0.0,0.0,0.0,0.0,62022657.0,62022657.0,1700091.0,0.0,11835261.0,0.1670727496633315,8816310.0,0.12445565447051198,14111.0,7130330.0,0.10065547680840688,3051736.0,4080729.0,0.05760571014537804,0.4003476712316134,0.4003476712316134,10192963.0,10192963.0,https://www.sec.gov/Archives/edgar/data/19745/000001974508000006/0000019745-08-000006-index.htm,https://www.sec.gov/Archives/edgar/data/19745/000001974508000006/dqk.htm,1620590615,16:03:35,20210509
55,2007-09-30,CPK,USD,2007-11-09,2007-11-09 11:21:39,Q3,41418718.0,0.0,41418718.0,1.0,0.0,0.0,0.0,0.0,40433084.0,40433084.0,1695597.0,0.0,3996446.0,0.09648888698100216,985634.0,0.023796825387014633,-13481.0,-723444.0,-0.01746659565851362,-363474.0,-355898.0,-0.008592685075380652,-0.033333,-0.033333,10131975.0,10131975.0,https://www.sec.gov/Archives/edgar/data/19745/000001974507000018/0000019745-07-000018-index.htm,https://www.sec.gov/Archives/edgar/data/19745/000001974507000018/sqq.htm,1620590615,16:03:35,20210509
56,2007-08-09,CPK,USD,2007-08-09,2007-11-09 11:21:39,Q1,52501920000.0,34232939000.0,18268981000.0,0.347967864794278,0.0,0.0,0.0,48813861000.0,48813861000.0,83046800000.0,0.0,4683318000.0,8371377000.0,0.15944896872342953,3688059000.0,0.07024617385421333,234195000.0,2327553000.0,0.04433272154618345,0.0,1481791000.0,0.028223558300344065,0.21994,0.21994,6737384000.0,6737384000.0,https://www.sec.gov/Archives/edgar/data/19745/000001974507000015/0000019745-07-000015-index.htm,https://www.sec.gov/Archives/edgar/data/19745/000001974507000015/jqq.htm,1620590615,16:03:35,20210509
57,2007-06-30,CPK,USD,2007-08-09 00:00:00,2007-08-09 11:18:24,Q2,52501920.0,0.0,52501920.0,1.0,0.0,0.0,0.0,0.0,48813861.0,48813861.0,1594701.0,0.0,6666743.0,0.12698093707811067,3688059.0,0.07024617385421333,234195.0,2327553.0,0.04433272154618345,845762.0,1481791.0,0.028223558300344065,0.14662377365853968,0.14421555187990853,10106076.0,10274835.0,https://www.sec.gov/Archives/edgar/data/19745/000001974507000015/0000019745-07-000015-index.html,https://www.sec.gov/Archives/edgar/data/19745/000001974507000015/jqq.htm,1620590615,16:03:35,20210509
58,2007-03-31,CPK,USD,2007-05-09,2007-05-09 16:30:05,Q1,93526891.0,0.0,0.0,0.0,0.0,0.0,0.0,0.0,78944840.0,78944840.0,0.0,0.0,17682096.0,0.18905895203979356,14582051.0,0.15591292348208174,53374.0,13036175.0,0.13938424404591832,5045087.0,7991088.0,0.08544160844606713,0.793333,0.786667,10058743.0,10230693.0,https://www.sec.gov/Archives/edgar/data/19745/000001974507000012/0000019745-07-000012-index.htm,https://www.sec.gov/Archives/edgar/data/19745/000001974507000004/cpk200610k.htm,1620590615,16:03:35,20210509
59,2006-12-31,CPK,USD,2007-03-14,2007-03-13 18:07:58,Q4,60804636.0,0.0,60804636.0,1.0,0.0,0.0,0.0,0.0,52678058.0,52678058.0,1441768.0,0.0,11066417.0,0.18199956003354745,8126578.0,0.1336506315077686,58904.0,6743714.0,0.11090789195744877,2809535.0,3934179.0,0.06470195792307679,0.39112034177630345,0.39112034177630345,10058743.0,10058743.0,https://www.sec.gov/Archives/edgar/data/19745/000001974507000004/0000019745-07-000004-index.htm,https://www.sec.gov/Archives/edgar/data/19745/000001974507000004/cpk200610k.htm,1620590615,16:03:35,20210509
60,2006-09-30,CPK,USD,2006-11-09,2006-11-09 17:25:55,Q3,35141530.0,0.0,35141530.0,1.0,0.0,0.0,0.0,0.0,34979393.0,34979393.0,1340879.0,0.0,3002934.0,0.0854525685136646,162137.0,0.004613828709222393,-12091.0,-1190833.0,-0.03388677157767462,-534254.0,-656579.0,-0.01868384785750649,-0.073333,-0.073333,8959723.0,8959723.0,https://www.sec.gov/Archives/edgar/data/19745/000001974506000034/0000019745-06-000034-index.htm,https://www.sec.gov/Archives/edgar/data/19745/000001974506000034/sqq06.htm,1620590615,16:03:35,20210509
61,2006-06-30,CPK,USD,2006-08-09,2006-08-09 11:22:42,Q2,44303752.0,0.0,44303752.0,1.0,0.0,0.0,0.0,0.0,41098384.0,41098384.0,1501352.0,0.0,5940792.0,0.13409229990272606,3205368.0,0.07234980910871838,63715.0,1767731.0,0.03990025494906165,635222.0,1132509.0,0.025562372234297446,0.126847549274421,0.1266024727362484,8928111.0,8945394.0,https://www.sec.gov/Archives/edgar/data/19745/000001974506000028/0000019745-06-000028-index.htm,https://www.sec.gov/Archives/edgar/data/19745/000001974506000028/jq06q.htm,1620590615,16:03:35,20210509
62,2006-03-31,CPK,USD,2006-05-10,2006-05-10 17:16:10,Q1,90950673.0,0.0,90950673.0,1.0,0.0,0.0,0.0,0.0,79513445.0,79513445.0,1493337.0,0.0,14077838.0,0.15478541868513715,11437228.0,0.1257519886631295,78583.0,10022474.0,0.11019680964867627,3926059.0,6096415.0,0.06702990532021681,0.686667,0.673333,8856651.0,9071977.0,https://www.sec.gov/Archives/edgar/data/19745/000001974506000013/0000019745-06-000013-index.htm,https://www.sec.gov/Archives/edgar/data/19745/000001974506000005/cpk_10k05.htm,1620590615,16:03:35,20210509
63,2005-12-31,CPK,USD,2006-03-07,2006-03-07 13:39:22,Q4,74408990.0,0.0,74408990.0,1.0,0.0,0.0,0.0,0.0,66608630.0,66608630.0,1310355.0,0.0,10313834.0,0.13861005236060858,7800360.0,0.10483088132227034,52272.0,6542277.0,0.08792320659103155,2409609.0,4132668.0,0.05553990183175447,0.46661746070834226,0.46661746070834226,8856651.0,8856651.0,https://www.sec.gov/Archives/edgar/data/19745/000001974506000005/0000019745-06-000005-index.htm,https://www.sec.gov/Archives/edgar/data/19745/000001974506000005/cpk_10k05.htm,1620590615,16:03:35,20210509
64,2005-09-30,CPK,USD,2005-11-09,2005-11-09 17:18:35,Q3,35155121.0,0.0,0.0,0.0,0.0,0.0,0.0,0.0,35254270.0,35254270.0,0.0,0.0,2449738.0,0.06968367425047406,-99149.0,-0.0028203287936343613,19493.0,-1351852.0,-0.03845391401156036,-658078.0,-693774.0,-0.019734649754156727,-0.08,-0.08,8672175.0,8672175.0,https://www.sec.gov/Archives/edgar/data/19745/000001974505000042/0000019745-05-000042-index.htm,https://www.sec.gov/Archives/edgar/data/19745/000001974505000042/sq05q.htm,1620590615,16:03:35,20210509
65,2005-06-30,CPK,USD,2005-08-09,2005-08-09 17:28:50,Q2,42220377.0,0.0,42220377.0,1.0,0.0,0.0,0.0,0.0,39895432.0,39895432.0,1273166.0,0.0,4677262.0,0.11078209936401089,2324945.0,0.05506689341026017,228481.0,1280260.0,0.030323272575230677,484336.0,795924.0,0.018851655445899975,0.093333,0.093333,8527757.0,8527757.0,https://www.sec.gov/Archives/edgar/data/19745/000001974505000036/0000019745-05-000036-index.htm,https://www.sec.gov/Archives/edgar/data/19745/000001974505000036/form10q_2q05.htm,1620590615,16:03:35,20210509
66,2005-03-31,CPK,USD,2005-05-10,2005-05-10 17:15:17,Q1,77845249.0,0.0,77845249.0,1.0,0.0,0.0,0.0,0.0,66340906.0,66340906.0,1277778.0,0.0,13980867.0,0.17959820515186484,11504343.0,0.1477847800319837,82380.0,10308945.0,0.13242869837824015,4076149.0,6232796.0,0.08006649191911507,0.72,0.7,8656661.0,8903994.0,https://www.sec.gov/Archives/edgar/data/19745/000001974505000030/0000019745-05-000030-index.htm,https://www.sec.gov/Archives/edgar/data/19745/000001974505000030/mq05q.htm,1620590615,16:03:35,20210509
67,2004-12-31,CPK,USD,2004-12-31,2004-12-31,Q4,53286776.0,0.0,53286776.0,1.0,0.0,0.0,0.0,0.0,46461869.0,46461869.0,1287750.0,0.0,8977059.0,0.16846691944733155,6824907.0,0.12807881264950238,334105.0,5871262.0,0.11018234617909704,2122476.0,3715114.0,0.06971924891834327,0.4291624680693861,0.4291624680693861,8656661.0,8656661.0,,,1620590615,16:03:35,20210509
68,2004-09-30,CPK,USD,2004-09-30,2004-09-30,Q3,26613333.0,0.0,0.0,0.0,0.0,0.0,0.0,0.0,26330595.0,26330595.0,0.0,0.0,2742062.0,0.10303339307406555,282738.0,0.01062392297875655,38357.0,-1004302.0,-0.03773679906984969,-420131.0,-656212.0,-0.024657264837891595,-0.073333,-0.073333,8948345.0,8948345.0,,,1620590615,16:03:35,20210509
69,2004-06-30,CPK,USD,2004-08-09 00:00:00,2004-08-09 16:23:48,Q2,34292997.0,0.0,34292997.0,1.0,0.0,0.0,0.0,0.0,32130203.0,32130203.0,1328231.0,0.0,4531800.0,0.13214942980924063,2162794.0,0.06306809521489183,74217.0,908780.0,0.02650045430558315,297262.0,630666.0,0.01839051862396279,0.073333,0.073333,8599991.0,8599991.0,https://www.sec.gov/Archives/edgar/data/19745/000001974504000014/0000019745-04-000014-index.html,https://www.sec.gov/Archives/edgar/data/19745/000001974504000014/doc1.txt,1620590615,16:03:35,20210509
70,2004-03-31,CPK,USD,2004-03-31,2004-03-31,Q1,63762360.0,0.0,63762360.0,1.0,0.0,0.0,0.0,0.0,53063053.0,53063053.0,1326766.0,0.0,13061507.0,0.20484666815971053,10699307.0,0.1677997332595594,102476.0,9475017.0,0.14859890694133654,3701483.0,5739199.0,0.0900091997849515,0.673333,0.653333,8523563.0,8784488.0,,,1620590615,16:03:35,20210509
71,2003-12-31,CPK,USD,2003-12-31,2003-12-31,Q4,38702909.0,0.0,38702909.0,1.0,0.0,0.0,0.0,0.0,33033108.0,33033108.0,1391169.0,0.0,8937893.0,0.23093594850971022,5669801.0,0.14649547402237903,145747.0,4424379.0,0.11431644582581635,1571402.0,2353161.0,0.0608006235396931,0.27607715224255397,0.27607715224255397,8523563.0,8523563.0,,,1620590615,16:03:35,20210509
72,2003-09-30,CPK,USD,2003-11-14,2003-11-14,Q3,24742187.0,0.0,24742187.0,1.0,0.0,0.0,0.0,0.0,24584889.0,24584889.0,1419887.0,0.0,2502745.0,0.10115294173469791,157298.0,0.00635748165673471,-16282.0,-1278871.0,-0.05168787221598479,-578239.0,-865410.0,-0.03497710206458306,-0.1,-0.1,8654100.0,8654100.0,https://www.sec.gov/Archives/edgar/data/19745/000001974503000018/0000019745-03-000018-index.htm,https://www.sec.gov/Archives/edgar/data/19745/000001974503000018/doc1.txt,1620590615,16:03:35,20210509
73,2003-06-30,CPK,USD,2003-06-30,2003-06-30,Q2,34798810.0,18962976.0,15835834.0,0.4550682623917312,0.0,0.0,0.0,0.0,12614418.0,31577394.0,0.0,0.0,5510552.0,0.15835461040190743,3221416.0,0.09257259084434209,57772.0,1850183.0,0.053167996261941144,695869.0,1176316.0,0.0338033398268504,0.14,0.14,8402257.0,8402257.0,,,1620590615,16:03:35,20210509
74,2003-03-31,CPK,USD,2003-05-15,2003-05-15,Q1,66774480.0,40205499.0,26568981.0,0.3978912452781362,0.0,0.0,0.0,0.0,14268119.0,54473618.0,0.0,0.0,14856990.0,0.2224950310358089,12300862.0,0.18421501747374147,59291.0,10894303.0,0.163150697691693,4266494.0,6627809.0,0.09925661719866631,0.793333,0.773333,8354381.0,8570443.0,https://www.sec.gov/Archives/edgar/data/19745/000001974503000010/0000019745-03-000010-index.htm,https://www.sec.gov/Archives/edgar/data/19745/000001974503000010/doc1.txt,1620590615,16:03:35,20210509
75,2002-12-31,CPK,USD,2003-03-31,2003-03-31,Q4,41117756.0,22239546.0,18878210.0,0.459125493132456,0.0,0.0,0.0,0.0,15487616.0,37727162.0,1435473.0,0.0,6854981.0,0.16671583439524276,3390594.0,0.0824605798040146,-6726.0,2186628.0,0.05317965309196348,1015482.0,1171146.0,0.028482731401976314,0.14018345584191097,0.14018345584191097,8354381.0,8354381.0,https://www.sec.gov/Archives/edgar/data/19745/000001974503000006/0000019745-03-000006-index.htm,https://www.sec.gov/Archives/edgar/data/19745/000001974503000006/doc1.txt,1620590615,16:03:35,20210509
76,2002-09-30,CPK,USD,2002-11-14 00:00:00,2002-11-14 10:49:23,Q3,23526898.0,11195053.0,12331845.0,0.5241594110706818,0.0,0.0,0.0,0.0,12782008.0,23977061.0,1176379.0,0.0,1767823.0,0.07514050513586619,-450163.0,-0.019133971677864205,38842.0,-1587700.0,-0.0674844597022523,-648535.0,-939165.0,-0.03991877722256457,-0.113333,-0.113333,8286750.0,8286750.0,https://www.sec.gov/Archives/edgar/data/19745/000001974502000015/0000019745-02-000015-index.html,https://www.sec.gov/Archives/edgar/data/19745/000001974502000015/doc1.txt,1620590615,16:03:35,20210509
77,2002-06-30,CPK,USD,2002-08-14 00:00:00,2002-08-14 17:38:46,Q2,53235106.0,38708708.0,14526398.0,0.2728725288909916,0.0,0.0,0.0,0.0,12580812.0,51289520.0,1211691.0,0.0,4288316.0,0.08055428686476176,1945586.0,0.036547048483382374,39577.0,773472.0,0.014529359629715024,243778.0,529694.0,0.009950088199317196,0.066667,0.066667,7945410.0,7945410.0,https://www.sec.gov/Archives/edgar/data/19745/000001974502000010/0000019745-02-000010-index.html,https://www.sec.gov/Archives/edgar/data/19745/000001974502000010/doc1.txt,1620590615,16:03:35,20210509
78,2002-03-31,CPK,USD,2002-05-15 00:00:00,2002-05-15 16:43:43,Q1,68540959.0,46210982.0,22329977.0,0.3257902621409193,0.0,0.0,0.0,0.0,13383624.0,59594606.0,1234496.0,0.0,11510361.0,0.1679340523963197,8946353.0,0.13052564671585642,211050.0,7922907.0,0.11559375759536718,3039429.0,2967478.0,0.0432949588581041,0.366667,0.353333,8093122.0,8398523.0,https://www.sec.gov/Archives/edgar/data/19745/000001974502000007/0000019745-02-000007-index.html,https://www.sec.gov/Archives/edgar/data/19745/000001974502000007/cpkmqq.txt,1620590615,16:03:35,20210509
79,2001-12-31,CPK,USD,2001-12-31,2001-12-31,Q4,69662929.0,54225866.0,15437063.0,0.22159652517625264,0.0,0.0,0.0,0.0,12127786.0,66353652.0,1355159.0,0.0,5566171.0,0.0799014781592086,3309277.0,0.04750413236285256,-60278.0,2350080.0,0.03373501564942812,985772.0,1364308.0,0.01958441913919525,0.16857623053254356,0.16857623053254356,8093122.0,8093122.0,,,1620590615,16:03:35,20210509
80,2001-09-30,CPK,USD,2001-11-14 00:00:00,2001-11-14 00:00:00,Q3,55567288.0,43811636.0,11755652.0,0.21155705853415052,0.0,0.0,0.0,0.0,11699202.0,55510838.0,1299945.0,0.0,2544178.0,0.04578553482761297,56450.0,0.0010158854612447525,62560.0,-1180935.0,-0.021252341845439712,-505969.0,-674966.0,-0.012146822785376894,-0.086667,-0.086667,7788069.0,7788069.0,https://www.sec.gov/Archives/edgar/data/19745/000001974501500013/0000019745-01-500013-index.html,https://www.sec.gov/Archives/edgar/data/19745/000001974501500013/doc1.txt,1620590615,16:03:35,20210509
81,2001-06-30,CPK,USD,2001-08-14 00:00:00,2001-08-14 00:00:00,Q2,71051256.0,57289023.0,13762233.0,0.19369443659095906,0.0,0.0,0.0,0.0,11617940.0,68906963.0,1188840.0,0.0,4416086.0,0.0621535247737211,2144293.0,0.030179522794079813,114337.0,1069790.0,0.015056595199386763,403064.0,666726.0,0.009383732780177735,0.08,0.08,8334075.0,8334075.0,https://www.sec.gov/Archives/edgar/data/19745/000089322001500570/0000893220-01-500570-index.html,https://www.sec.gov/Archives/edgar/data/19745/000089322001500570/w52492e10-q.txt,1620590615,16:03:35,20210509
82,2001-03-31,CPK,USD,2001-05-15 00:00:00,2001-05-15 00:00:00,Q1,134039485.0,110987728.0,23051757.0,0.1719773617453096,0.0,0.0,0.0,0.0,13016019.0,124003747.0,1435734.0,0.0,12454611.0,0.09291747875635302,10035738.0,0.07487150521355704,134872.0,8734876.0,0.06516643957562207,3369407.0,5365469.0,0.04002901831501367,0.673333,0.653333,7968518.0,8212453.0,https://www.sec.gov/Archives/edgar/data/19745/000089322001500208/0000893220-01-500208-index.html,https://www.sec.gov/Archives/edgar/data/19745/000089322001500208/w49109e10-q.txt,1620590615,16:03:35,20210509
83,2000-12-31,CPK,USD,2000-12-31,2000-12-31,Q4,110921980.0,94535935.0,16386045.0,0.14772586100608734,0.0,0.0,0.0,0.0,11066379.0,105602314.0,1382467.0,0.0,6530875.0,0.05887809611764954,5319666.0,0.04795862821777974,9522.0,4167183.0,0.03756859551190846,1622288.0,2544895.0,0.02294310830008624,0.31936867056082446,0.31936867056082446,7968518.0,7968518.0,,,1620590615,16:03:35,20210509
84,2000-09-30,CPK,USD,2000-11-14 00:00:00,2000-11-14 00:00:00,Q3,59449978.0,49030471.0,10419507.0,0.17526511111576862,0.0,0.0,0.0,0.0,11164631.0,60195102.0,1157643.0,0.0,2325664.0,0.0391196780594267,-745124.0,-0.012533629533050457,156893.0,-1745874.0,-0.029367109269577862,-701165.0,-1044709.0,-0.017572908100992064,-0.133333,-0.133333,7835318.0,7835318.0,https://www.sec.gov/Archives/edgar/data/19745/000001974500500005/0000019745-00-500005-index.html,https://www.sec.gov/Archives/edgar/data/19745/000001974500500005/sqfinal.txt,1620590615,16:03:35,20210509
85,2000-06-30,CPK,USD,2000-08-14 00:00:00,2000-08-14 00:00:00,Q2,66170793.0,53666552.0,12504241.0,0.18896918765957663,0.0,0.0,0.0,0.0,11119507.0,64786059.0,0.0,0.0,3554070.0,0.05371055474580756,1384734.0,0.02092666472955825,55451.0,469050.0,0.007088474820001024,149502.0,319548.0,0.0048291396477597,0.04,0.04,7988700.0,7988700.0,https://www.sec.gov/Archives/edgar/data/19745/000001974500500002/0000019745-00-500002-index.html,https://www.sec.gov/Archives/edgar/data/19745/000001974500500002/jqq00.txt,1620590615,16:03:35,20210509
86,2000-03-31,CPK,USD,2000-05-15 00:00:00,2000-05-15 00:00:00,Q1,98525160.0,76902723.0,21622437.0,0.21946106963947076,0.0,0.0,0.0,0.0,11555743.0,88458466.0,1061702.0,0.0,12277630.0,0.12461415946952027,10066694.0,0.10217384067176344,68833.0,9073825.0,0.09209652641010682,3404359.0,5669466.0,0.05754333207883144,0.726667,0.7,7802017.0,8099237.0,https://www.sec.gov/Archives/edgar/data/19745/000089322000000682/0000893220-00-000682-index.html,https://www.sec.gov/Archives/edgar/data/19745/0000893220-00-000682.txt,1620590615,16:03:35,20210509
87,1999-12-31,CPK,USD,1999-12-31,1999-12-31,Q4,71900000.0,57100000.0,14800000.0,0.20584144645340752,0.0,0.0,0.0,0.0,10100000.0,67200000.0,0.0,0.0,5900000.0,0.08205841446453407,4700000.0,0.06536856745479833,800000.0,4600000.0,0.06397774687065369,1300000.0,3300000.0,0.0458970792767733,0.42296754800713715,0.42296754800713715,7802017.0,7802017.0,,,1620590615,16:03:35,20210509
88,1999-09-30,CPK,USD,1999-11-01 00:00:00,1999-11-01 00:00:00,Q3,56500000.0,47300000.0,9200000.0,0.16283185840707964,0.0,0.0,0.0,0.0,9800000.0,57100000.0,900000.0,0.0,1100000.0,0.019469026548672566,-600000.0,-0.010619469026548672,100000.0,-1400000.0,-0.024778761061946902,-600000.0,-800000.0,-0.01415929203539823,-0.1,-0.1,8000000.0,8000000.0,https://www.sec.gov/Archives/edgar/data/19745/000001974599000015/0000019745-99-000015-index.html,https://www.sec.gov/Archives/edgar/data/19745/0000019745-99-000015.txt,1620590615,16:03:35,20210509
89,1999-06-30,CPK,USD,1999-08-12 00:00:00,1999-08-12 00:00:00,Q2,46900000.0,35200000.0,11700000.0,0.24946695095948826,0.0,0.0,0.0,0.0,9600000.0,44800000.0,0.0,0.0,3700000.0,0.07889125799573561,2100000.0,0.04477611940298507,100000.0,1200000.0,0.0255863539445629,400000.0,800000.0,0.017057569296375266,0.106667,0.1,7500000.0,8000000.0,https://www.sec.gov/Archives/edgar/data/19745/000001974599000011/0000019745-99-000011-index.html,https://www.sec.gov/Archives/edgar/data/19745/0000019745-99-000011.txt,1620590615,16:03:35,20210509
90,1999-03-31,CPK,USD,1999-05-11 00:00:00,1999-05-11 00:00:00,Q1,55600000.0,37100000.0,18500000.0,0.3327338129496403,0.0,0.0,0.0,0.0,9800000.0,46900000.0,900000.0,0.0,10600000.0,0.1906474820143885,8700000.0,0.1564748201438849,100000.0,7900000.0,0.1420863309352518,3000000.0,4900000.0,0.08812949640287769,0.646667,0.626667,7577320.0,7819149.0,https://www.sec.gov/Archives/edgar/data/19745/000001974599000004/0000019745-99-000004-index.html,https://www.sec.gov/Archives/edgar/data/19745/0000019745-99-000004.txt,1620590615,16:03:35,20210509
91,1998-12-31,CPK,USD,1999-03-31 00:00:00,1999-03-31 00:00:00,Q4,43600000.0,30700000.0,12900000.0,0.2958715596330275,0.0,0.0,0.0,0.0,8200000.0,38900000.0,900000.0,0.0,6600000.0,0.15137614678899083,4700000.0,0.10779816513761468,-100000.0,3800000.0,0.0871559633027523,1500000.0,2300000.0,0.052752293577981654,0.30353739844694433,0.30353739844694433,7577320.0,7577320.0,https://www.sec.gov/Archives/edgar/data/19745/000001974599000002/0000019745-99-000002-index.html,https://www.sec.gov/Archives/edgar/data/19745/0000019745-99-000002.txt,1620590615,16:03:35,20210509
92,1998-09-30,CPK,USD,1998-11-13 00:00:00,1998-11-13 00:00:00,Q3,36200000.0,28100000.0,8100000.0,0.22375690607734808,0.0,0.0,0.0,0.0,9400000.0,37500000.0,800000.0,0.0,500000.0,0.013812154696132596,-1300000.0,-0.03591160220994475,0.0,-2100000.0,-0.058011049723756904,-800000.0,-1300000.0,-0.03591160220994475,-0.166667,-0.166667,7800000.0,7800000.0,https://www.sec.gov/Archives/edgar/data/19745/000089322098001707/0000893220-98-001707-index.html,https://www.sec.gov/Archives/edgar/data/19745/0000893220-98-001707.txt,1620590615,16:03:35,20210509
93,1998-06-30,CPK,USD,1998-08-14 00:00:00,1998-08-14 00:00:00,Q2,43600000.0,33300000.0,10300000.0,0.23623853211009174,0.0,0.0,0.0,0.0,9300000.0,42600000.0,0.0,0.0,2500000.0,0.05733944954128441,1000000.0,0.022935779816513763,100000.0,400000.0,0.009174311926605505,100000.0,300000.0,0.006880733944954129,0.033333,0.033333,9000000.0,9000000.0,https://www.sec.gov/Archives/edgar/data/19745/000001974598000012/0000019745-98-000012-index.html,https://www.sec.gov/Archives/edgar/data/19745/0000019745-98-000012.txt,1620590615,16:03:35,20210509
94,1998-03-31,CPK,USD,1998-05-08 00:00:00,1998-05-08 00:00:00,Q1,39600000.0,23600000.0,16000000.0,0.40404040404040403,0.0,0.0,0.0,0.0,9000000.0,32600000.0,0.0,0.0,8600000.0,0.21717171717171718,7000000.0,0.17676767676767677,100000.0,6300000.0,0.1590909090909091,2400000.0,3900000.0,0.09848484848484848,0.58,0.553333,6724138.0,7048193.0,https://www.sec.gov/Archives/edgar/data/19745/000001974598000007/0000019745-98-000007-index.html,https://www.sec.gov/Archives/edgar/data/19745/0000019745-98-000007.txt,1620590615,16:03:35,20210509
95,1997-12-31,CPK,USD,1998-03-31 00:00:00,1998-03-31 00:00:00,Q4,34500000.0,24800000.0,9700000.0,0.2811594202898551,0.0,0.0,0.0,0.0,5500000.0,30300000.0,0.0,0.0,5700000.0,0.16521739130434782,4200000.0,0.12173913043478261,0.0,3600000.0,0.10434782608695652,1200000.0,2400000.0,0.06956521739130435,0.3569230732623275,0.3569230732623275,6724138.0,6724138.0,https://www.sec.gov/Archives/edgar/data/19745/000001974598000004/0000019745-98-000004-index.html,https://www.sec.gov/Archives/edgar/data/19745/0000019745-98-000004.txt,1620590615,16:03:35,20210509
96,1997-09-30,CPK,USD,1997-11-12 00:00:00,1997-11-12 00:00:00,Q3,19900000.0,11100000.0,8800000.0,0.44221105527638194,0.0,0.0,0.0,0.0,9400000.0,20500000.0,0.0,0.0,1400000.0,0.07035175879396985,-600000.0,-0.03015075376884422,100000.0,-1200000.0,-0.06030150753768844,-500000.0,-700000.0,-0.035175879396984924,-0.113333,-0.113333,6176471.0,6176471.0,https://www.sec.gov/Archives/edgar/data/19745/000001974597000013/0000019745-97-000013-index.html,https://www.sec.gov/Archives/edgar/data/19745/0000019745-97-000013.txt,1620590615,16:03:35,20210509
97,1997-06-30,CPK,USD,1997-08-14 00:00:00,1997-08-14 00:00:00,Q2,24700000.0,13900000.0,10800000.0,0.43724696356275305,0.0,0.0,0.0,0.0,9000000.0,22900000.0,800000.0,0.0,2700000.0,0.10931174089068826,1800000.0,0.0728744939271255,100000.0,1100000.0,0.044534412955465584,400000.0,700000.0,0.02834008097165992,0.106667,0.106667,6562500.0,6562500.0,https://www.sec.gov/Archives/edgar/data/19745/000001974597000008/0000019745-97-000008-index.html,https://www.sec.gov/Archives/edgar/data/19745/0000019745-97-000008.txt,1620590615,16:03:35,20210509
98,1997-03-31,CPK,USD,1997-05-14 00:00:00,1997-05-14 00:00:00,Q1,43600000.0,28000000.0,15600000.0,0.3577981651376147,0.0,0.0,0.0,0.0,9300000.0,37300000.0,800000.0,0.0,7700000.0,0.17660550458715596,6300000.0,0.1444954128440367,100000.0,5700000.0,0.13073394495412843,2300000.0,3400000.0,0.0779816513761468,0.5,0.48,6800000.0,7083333.0,https://www.sec.gov/Archives/edgar/data/19745/000001974597000006/0000019745-97-000006-index.html,https://www.sec.gov/Archives/edgar/data/19745/0000019745-97-000006.txt,1620590615,16:03:35,20210509
99,1996-12-31,CPK,USD,1997-03-19 00:00:00,1997-03-19 00:00:00,Q4,32700000.0,20100000.0,12600000.0,0.3853211009174312,0.0,0.0,0.0,0.0,9200000.0,29300000.0,700000.0,0.0,5000000.0,0.1529051987767584,3400000.0,0.10397553516819572,-100000.0,2800000.0,0.0856269113149847,1000000.0,1800000.0,0.05504587155963303,0.2647058823529412,0.2647058823529412,6800000.0,6800000.0,https://www.sec.gov/Archives/edgar/data/19745/000095010997002305/0000950109-97-002305-index.html,https://www.sec.gov/Archives/edgar/data/19745/0000950109-97-002305.txt,1620590615,16:03:35,20210509
100,1996-09-30,CPK,USD,1996-11-12 00:00:00,1996-11-12 00:00:00,Q3,18500000.0,10900000.0,7600000.0,0.41081081081081083,0.0,0.0,0.0,0.0,7900000.0,18800000.0,600000.0,0.0,1000000.0,0.05405405405405406,-300000.0,-0.016216216216216217,100000.0,-800000.0,-0.043243243243243246,-400000.0,-400000.0,-0.021621621621621623,-0.066667,-0.066667,6000000.0,6000000.0,https://www.sec.gov/Archives/edgar/data/19745/000001974596000007/0000019745-96-000007-index.html,https://www.sec.gov/Archives/edgar/data/19745/0000019745-96-000007.txt,1620590615,16:03:35,20210509
101,1996-06-30,CPK,USD,1996-08-13 00:00:00,1996-08-13 00:00:00,Q2,23900000.0,14000000.0,9900000.0,0.41422594142259417,0.0,0.0,0.0,0.0,8000000.0,22000000.0,600000.0,0.0,3300000.0,0.13807531380753138,1900000.0,0.0794979079497908,100000.0,1300000.0,0.05439330543933055,500000.0,800000.0,0.03347280334728033,0.146667,0.146667,5454545.0,5454545.0,https://www.sec.gov/Archives/edgar/data/19745/000001974596000006/0000019745-96-000006-index.html,https://www.sec.gov/Archives/edgar/data/19745/0000019745-96-000006.txt,1620590615,16:03:35,20210509
102,1996-03-31,CPK,USD,1996-05-03 00:00:00,1996-05-03 00:00:00,Q1,44300000.0,27600000.0,16700000.0,0.37697516930022573,0.0,0.0,0.0,0.0,8700000.0,36300000.0,700000.0,0.0,9300000.0,0.20993227990970656,8000000.0,0.18058690744920994,100000.0,7400000.0,0.1670428893905192,2800000.0,4600000.0,0.1038374717832957,0.826667,0.78,5564516.0,5897436.0,https://www.sec.gov/Archives/edgar/data/19745/000001974596000005/0000019745-96-000005-index.html,https://www.sec.gov/Archives/edgar/data/19745/0000019745-96-000005.txt,1620590615,16:03:35,20210509
103,1995-12-31,CPK,USD,1996-03-27 00:00:00,1996-03-27 00:00:00,Q4,30500000.0,18000000.0,12500000.0,0.4098360655737705,0.0,0.0,0.0,0.0,9200000.0,27200000.0,700000.0,0.0,4900000.0,0.16065573770491803,3300000.0,0.10819672131147541,0.0,2800000.0,0.09180327868852459,1000000.0,1800000.0,0.05901639344262295,0.3234782683705106,0.3234782683705106,5564516.0,5564516.0,https://www.sec.gov/Archives/edgar/data/19745/000095010996001767/0000950109-96-001767-index.html,https://www.sec.gov/Archives/edgar/data/19745/0000950109-96-001767.txt,1620590615,16:03:35,20210509
104,1995-09-30,CPK,USD,1995-11-13 00:00:00,1995-11-13 00:00:00,Q3,20600000.0,10600000.0,10000000.0,0.4854368932038835,0.0,0.0,0.0,0.0,8000000.0,18600000.0,600000.0,0.0,3400000.0,0.1650485436893204,2000000.0,0.0970873786407767,100000.0,1500000.0,0.07281553398058252,500000.0,1000000.0,0.04854368932038835,0.18,0.173333,5555556.0,5769231.0,https://www.sec.gov/Archives/edgar/data/19745/000001974595000008/0000019745-95-000008-index.html,https://www.sec.gov/Archives/edgar/data/19745/0000019745-95-000008.txt,1620590615,16:03:35,20210509
105,1995-06-30,CPK,USD,1995-08-15 00:00:00,1995-08-15 00:00:00,Q2,22100000.0,12900000.0,9200000.0,0.416289592760181,0.0,0.0,0.0,0.0,7300000.0,20200000.0,700000.0,0.0,3200000.0,0.14479638009049775,1900000.0,0.08597285067873303,100000.0,1300000.0,0.058823529411764705,500000.0,800000.0,0.03619909502262444,0.14,0.14,5714286.0,5714286.0,https://www.sec.gov/Archives/edgar/data/19745/000001974595000005/0000019745-95-000005-index.html,https://www.sec.gov/Archives/edgar/data/19745/0000019745-95-000005.txt,1620590615,16:03:35,20210509
106,1995-03-31,CPK,USD,1995-05-11 00:00:00,1995-05-11 00:00:00,Q1,30900000.0,17000000.0,13900000.0,0.44983818770226536,0.0,0.0,0.0,0.0,7600000.0,24600000.0,700000.0,0.0,7700000.0,0.24919093851132687,6300000.0,0.20388349514563106,100000.0,5700000.0,0.18446601941747573,2000000.0,3700000.0,0.11974110032362459,0.666667,0.633333,5550000.0,5842105.0,https://www.sec.gov/Archives/edgar/data/19745/000001974595000003/0000019745-95-000003-index.html,https://www.sec.gov/Archives/edgar/data/19745/0000019745-95-000003.txt,1620590615,16:03:35,20210509
107,1994-12-31,CPK,USD,1994-12-31,1994-12-31,Q4,23900000.0,13300000.0,10600000.0,0.4435146443514644,0.0,0.0,0.0,0.0,7900000.0,21200000.0,900000.0,0.0,4600000.0,0.19246861924686193,2700000.0,0.11297071129707113,-300000.0,1800000.0,0.07531380753138076,700000.0,1100000.0,0.04602510460251046,0.1711111225185193,0.1711111225185193,6428571.0,6428571.0,,,1620590615,16:03:35,20210509
108,1994-09-30,CPK,USD,1994-09-30,1994-09-30,Q3,18800000.0,11500000.0,7300000.0,0.3882978723404255,0.0,0.0,0.0,0.0,7200000.0,18700000.0,600000.0,0.0,1300000.0,0.06914893617021277,100000.0,0.005319148936170213,100000.0,-500000.0,-0.026595744680851064,-200000.0,-300000.0,-0.015957446808510637,-0.046667,-0.046667,6428571.0,6428571.0,,,1620590615,16:03:35,20210509
109,1994-06-30,CPK,USD,1994-06-30,1994-06-30,Q1,19900000.0,12500000.0,7400000.0,0.37185929648241206,0.0,0.0,0.0,0.0,7200000.0,19700000.0,700000.0,0.0,1600000.0,0.08040201005025126,200000.0,0.010050251256281407,100000.0,-400000.0,-0.020100502512562814,-300000.0,-100000.0,-0.005025125628140704,-0.02,-0.02,5000000.0,5000000.0,,,1620590615,16:03:35,20210509
110,1994-03-31,CPK,USD,1994-03-31,1994-03-31,Q1,36000000.0,21700000.0,14300000.0,0.3972222222222222,0.0,0.0,0.0,0.0,7600000.0,29300000.0,600000.0,0.0,8000000.0,0.2222222222222222,6700000.0,0.18611111111111112,100000.0,6000000.0,0.16666666666666666,2300000.0,3700000.0,0.10277777777777777,0.693333,0.653333,5336538.0,5663265.0,,,1620590615,16:03:35,20210509
111,1993-12-31,CPK,USD,1993-12-31,1993-12-31,Q4,24700000.0,0.0,0.0,0.0,0.0,0.0,0.0,0.0,0.0,0.0,0.0,0.0,24700000.0,1.0,24700000.0,1.0,0.0,0.0,0.0,0.0,1700000.0,0.06882591093117409,0.3076190359002272,0.3076190359002272,5526316.0,5526316.0,,,1620590615,16:03:35,20210509
112,1993-09-30,CPK,USD,1993-09-30,1993-09-30,Q3,13900000.0,0.0,0.0,0.0,0.0,0.0,0.0,0.0,0.0,0.0,0.0,0.0,13900000.0,1.0,13900000.0,1.0,0.0,0.0,0.0,0.0,-700000.0,-0.050359712230215826,-0.126667,-0.126667,5526316.0,5526316.0,,,1620590615,16:03:35,20210509
113,1993-06-30,CPK,USD,1993-06-30,1993-06-30,Q1,17300000.0,0.0,0.0,0.0,0.0,0.0,0.0,0.0,0.0,0.0,0.0,0.0,17300000.0,1.0,17300000.0,1.0,0.0,0.0,0.0,0.0,0.0,0.0,0.0,0.0,5294118.0,5625000.0,,,1620590615,16:03:35,20210509
114,1993-03-31,CPK,USD,1993-03-31,1993-03-31,Q1,30000000.0,0.0,0.0,0.0,0.0,0.0,0.0,0.0,0.0,0.0,0.0,0.0,30000000.0,1.0,30000000.0,1.0,0.0,0.0,0.0,0.0,3000000.0,0.1,0.566667,0.533333,5294118.0,5625000.0,,,1620590615,16:03:35,20210509
115,1992-12-31,CPK,USD,1992-12-31,1992-12-31,Q4,23700000.0,0.0,0.0,0.0,0.0,0.0,0.0,0.0,0.0,0.0,0.0,0.0,23700000.0,1.0,23700000.0,1.0,0.0,0.0,0.0,0.0,1600000.0,0.06751054852320675,0.28952379849433146,0.28952379849433146,5526316.0,5526316.0,,,1620590615,16:03:35,20210509
116,1992-09-30,CPK,USD,1992-09-30,1992-09-30,Q3,12500000.0,0.0,0.0,0.0,0.0,0.0,0.0,0.0,0.0,0.0,0.0,0.0,12500000.0,1.0,12500000.0,1.0,0.0,0.0,0.0,0.0,-700000.0,-0.056,-0.126667,-0.126667,5526316.0,5526316.0,,,1620590615,16:03:35,20210509
117,1992-06-30,CPK,USD,1992-06-30,1992-06-30,Q1,15300000.0,0.0,0.0,0.0,0.0,0.0,0.0,0.0,0.0,0.0,0.0,0.0,15300000.0,1.0,15300000.0,1.0,0.0,0.0,0.0,0.0,100000.0,0.006535947712418301,0.026667,0.026667,3750000.0,3750000.0,,,1620590615,16:03:35,20210509
118,1992-03-31,CPK,USD,1992-03-31,1992-03-31,Q1,24400000.0,0.0,0.0,0.0,0.0,0.0,0.0,0.0,0.0,0.0,0.0,0.0,24400000.0,1.0,24400000.0,1.0,0.0,0.0,0.0,0.0,2500000.0,0.10245901639344263,0.493333,0.493333,5067568.0,5067568.0,,,1620590615,16:03:35,20210509
119,1991-12-31,CPK,USD,1991-12-31,1991-12-31,Q4,16900000.0,0.0,0.0,0.0,0.0,0.0,0.0,0.0,0.0,0.0,0.0,0.0,16900000.0,1.0,16900000.0,1.0,0.0,0.0,0.0,0.0,600000.0,0.03550295857988166,0.12,0.12,5000000.0,5000000.0,,,1620590615,16:03:35,20210509
120,1991-09-30,CPK,USD,1991-09-30,1991-09-30,Q3,11900000.0,0.0,0.0,0.0,0.0,0.0,0.0,0.0,0.0,0.0,0.0,0.0,11900000.0,1.0,11900000.0,1.0,0.0,0.0,0.0,0.0,-500000.0,-0.04201680672268908,-0.1,-0.1,5000000.0,5000000.0,,,1620590615,16:03:35,20210509
121,1991-06-30,CPK,USD,1991-06-30,1991-06-30,Q1,15000000.0,0.0,0.0,0.0,0.0,0.0,0.0,0.0,0.0,0.0,0.0,0.0,15000000.0,1.0,15000000.0,1.0,0.0,0.0,0.0,0.0,-200000.0,-0.013333333333333334,-0.04,-0.036049384051211754,5000000.0,5547945.0,,,1620590615,16:03:35,20210509
122,1991-03-31,CPK,USD,1991-03-31,1991-03-31,Q1,26000000.0,0.0,0.0,0.0,0.0,0.0,0.0,0.0,0.0,0.0,0.0,0.0,26000000.0,1.0,26000000.0,1.0,0.0,0.0,0.0,0.0,2700000.0,0.10384615384615385,0.52,0.486667,5192308.0,5547945.0,,,1620590615,16:03:35,20210509
123,1990-12-31,CPK,USD,1990-12-31,1990-12-31,Q4,24200000.0,0.0,0.0,0.0,0.0,0.0,0.0,0.0,0.0,0.0,0.0,0.0,24200000.0,1.0,24200000.0,1.0,0.0,0.0,0.0,0.0,1000000.0,0.04132231404958678,0.2,0.2,5000000.0,5000000.0,,,1620590615,16:03:35,20210509
124,1990-09-30,CPK,USD,1990-09-30,1990-09-30,Q3,14700000.0,0.0,0.0,0.0,0.0,0.0,0.0,0.0,0.0,0.0,0.0,0.0,14700000.0,1.0,14700000.0,1.0,0.0,0.0,0.0,0.0,-400000.0,-0.027210884353741496,-0.08,-0.08,5000000.0,5000000.0,,,1620590615,16:03:35,20210509
125,1990-06-30,CPK,USD,1990-06-30,1990-06-30,Q1,16700000.0,0.0,0.0,0.0,0.0,0.0,0.0,0.0,0.0,0.0,0.0,0.0,16700000.0,1.0,16700000.0,1.0,0.0,0.0,0.0,0.0,-100000.0,-0.005988023952095809,-0.019743589996712694,-0.018717947854043432,5064935.0,5342466.0,,,1620590615,16:03:35,20210509
126,1990-03-31,CPK,USD,1990-03-31,1990-03-31,Q1,31400000.0,0.0,0.0,0.0,0.0,0.0,0.0,0.0,0.0,0.0,0.0,0.0,31400000.0,1.0,31400000.0,1.0,0.0,0.0,0.0,0.0,2600000.0,0.08280254777070063,0.513333,0.486667,5064935.0,5342466.0,,,1620590615,16:03:35,20210509
127,1989-12-31,CPK,USD,1989-12-31,1989-12-31,Q4,22700000.0,0.0,0.0,0.0,0.0,0.0,0.0,0.0,0.0,0.0,0.0,0.0,22700000.0,1.0,22700000.0,1.0,0.0,0.0,0.0,0.0,1900000.0,0.08370044052863436,0.38,0.38,5000000.0,5000000.0,,,1620590615,16:03:35,20210509
128,1989-09-30,CPK,USD,1989-09-30,1989-09-30,Q3,13500000.0,0.0,0.0,0.0,0.0,0.0,0.0,0.0,0.0,0.0,0.0,0.0,13500000.0,1.0,13500000.0,1.0,0.0,0.0,0.0,0.0,-600000.0,-0.044444444444444446,-0.12,-0.12,5000000.0,5000000.0,,,1620590615,16:03:35,20210509
129,1989-06-30,CPK,USD,1989-06-30,1989-06-30,Q1,18800000.0,0.0,0.0,0.0,0.0,0.0,0.0,0.0,0.0,0.0,0.0,0.0,18800000.0,1.0,18800000.0,1.0,0.0,0.0,0.0,0.0,300000.0,0.015957446808510637,0.06,0.06,5000000.0,5000000.0,,,1620590615,16:03:35,20210509
130,1989-03-31,CPK,USD,1989-03-31,1989-03-31,Q1,25300000.0,0.0,0.0,0.0,0.0,0.0,0.0,0.0,0.0,0.0,0.0,0.0,25300000.0,1.0,25300000.0,1.0,0.0,0.0,0.0,0.0,2000000.0,0.07905138339920949,0.453333,0.453333,4411765.0,4411765.0,,,1620590615,16:03:35,20210509
131,1988-12-31,CPK,USD,1988-12-31,1988-12-31,Q4,16800000.0,0.0,0.0,0.0,0.0,0.0,0.0,0.0,0.0,0.0,0.0,0.0,16800000.0,1.0,16800000.0,1.0,0.0,0.0,0.0,0.0,0.0,0.0,0.0,0.0,2428500.0,2428500.0,,,1620590615,16:03:35,20210509
132,1988-09-30,CPK,USD,1988-09-30,1988-09-30,Q3,10500000.0,0.0,0.0,0.0,0.0,0.0,0.0,0.0,0.0,0.0,0.0,0.0,10500000.0,1.0,10500000.0,1.0,0.0,0.0,0.0,0.0,0.0,0.0,-0.04,-0.04,2428500.0,2428500.0,,,1620590615,16:03:35,20210509
133,1988-06-30,CPK,USD,1988-06-30,1988-06-30,Q1,11900000.0,0.0,0.0,0.0,0.0,0.0,0.0,0.0,0.0,0.0,0.0,0.0,11900000.0,1.0,11900000.0,1.0,0.0,0.0,0.0,0.0,0.0,0.0,0.066667,0.066667,2427000.0,2427000.0,,,1620590615,16:03:35,20210509
134,1988-03-31,CPK,USD,1988-03-31,1988-03-31,Q1,19400000.0,0.0,0.0,0.0,0.0,0.0,0.0,0.0,0.0,0.0,0.0,0.0,19400000.0,1.0,19400000.0,1.0,0.0,0.0,0.0,0.0,0.0,0.0,0.506667,0.506667,2421000.0,2421000.0,,,1620590615,16:03:35,20210509
135,1987-12-31,CPK,USD,1987-12-31,1987-12-31,Q4,14400000.0,0.0,0.0,0.0,0.0,0.0,0.0,0.0,0.0,0.0,0.0,0.0,14400000.0,1.0,14400000.0,1.0,0.0,0.0,0.0,0.0,0.0,0.0,0.0,0.0,3550500.0,3550500.0,,,1620590615,16:03:35,20210509
136,1987-09-30,CPK,USD,1987-09-30,1987-09-30,Q3,10700000.0,0.0,0.0,0.0,0.0,0.0,0.0,0.0,0.0,0.0,0.0,0.0,10700000.0,1.0,10700000.0,1.0,0.0,0.0,0.0,0.0,0.0,0.0,0.053333,0.053333,3550500.0,3550500.0,,,1620590615,16:03:35,20210509
137,1987-06-30,CPK,USD,1987-06-30,1987-06-30,Q1,12900000.0,0.0,0.0,0.0,0.0,0.0,0.0,0.0,0.0,0.0,0.0,0.0,12900000.0,1.0,12900000.0,1.0,0.0,0.0,0.0,0.0,0.0,0.0,0.1,0.1,3550500.0,3550500.0,,,1620590615,16:03:35,20210509
138,1987-03-31,CPK,USD,1987-03-31,1987-03-31,Q1,17700000.0,0.0,0.0,0.0,0.0,0.0,0.0,0.0,0.0,0.0,0.0,0.0,17700000.0,1.0,17700000.0,1.0,0.0,0.0,0.0,0.0,0.0,0.0,0.473333,0.473333,3550500.0,3550500.0,,,1620590615,16:03:35,20210509
139,1986-12-31,CPK,USD,1986-12-31,1986-12-31,Q4,11800000.0,0.0,0.0,0.0,0.0,0.0,0.0,0.0,0.0,0.0,0.0,0.0,11800000.0,1.0,11800000.0,1.0,0.0,0.0,0.0,0.0,0.0,0.0,0.0,0.0,3544500.0,3544500.0,,,1620590615,16:03:35,20210509
140,1986-09-30,CPK,USD,1986-09-30,1986-09-30,Q3,7400000.0,0.0,0.0,0.0,0.0,0.0,0.0,0.0,0.0,0.0,0.0,0.0,7400000.0,1.0,7400000.0,1.0,0.0,0.0,0.0,0.0,0.0,0.0,0.02,0.02,3544500.0,3544500.0,,,1620590615,16:03:35,20210509
141,1986-06-30,CPK,USD,1986-06-30,1986-06-30,Q1,11400000.0,0.0,0.0,0.0,0.0,0.0,0.0,0.0,0.0,0.0,0.0,0.0,11400000.0,1.0,11400000.0,1.0,0.0,0.0,0.0,0.0,0.0,0.0,0.12,0.12,3544500.0,3544500.0,,,1620590615,16:03:35,20210509
142,1986-03-31,CPK,USD,1986-03-31,1986-03-31,Q1,19100000.0,0.0,0.0,0.0,0.0,0.0,0.0,0.0,0.0,0.0,0.0,0.0,19100000.0,1.0,19100000.0,1.0,0.0,0.0,0.0,0.0,0.0,0.0,0.373333,0.373333,3540000.0,3540000.0,,,1620590615,16:03:35,20210509
143,1985-12-31,CPK,USD,1985-12-31,1985-12-31,Q4,12400000.0,0.0,0.0,0.0,0.0,0.0,0.0,0.0,0.0,0.0,0.0,0.0,12400000.0,1.0,12400000.0,1.0,0.0,0.0,0.0,0.0,0.0,0.0,0.0,0.0,3537000.0,3537000.0,,,1620590615,16:03:35,20210509
144,1985-09-30,CPK,USD,1985-09-30,1985-09-30,Q3,9000000.0,0.0,0.0,0.0,0.0,0.0,0.0,0.0,0.0,0.0,0.0,0.0,9000000.0,1.0,9000000.0,1.0,0.0,0.0,0.0,0.0,0.0,0.0,0.166667,0.166667,3537000.0,3537000.0,,,1620590615,16:03:35,20210509
