,date,symbol,reportedCurrency,fillingDate,acceptedDate,period,revenue,costOfRevenue,grossProfit,grossProfitRatio,researchAndDevelopmentExpenses,generalAndAdministrativeExpenses,sellingAndMarketingExpenses,otherExpenses,operatingExpenses,costAndExpenses,interestExpense,depreciationAndAmortization,ebitda,ebitdaratio,operatingIncome,operatingIncomeRatio,totalOtherIncomeExpensesNet,incomeBeforeTax,incomeBeforeTaxRatio,incomeTaxExpense,netIncome,netIncomeRatio,eps,epsdiluted,weightedAverageShsOut,weightedAverageShsOutDil,link,finalLink,timestamp,est_time,est_date
0,2021-03-31,WLTW,USD,2021-04-29,2021-04-29 14:05:52,Q1,2590000000,0.0,2590000000.0,1.0,0.0,0.0,0.0,417000000.0,417000.0,417000.0,59000000.0,71000.0,523000.0,0.00020193050193050192,452000.0,0.0001745173745173745,439000.0,832000000.0,0.32123552123552124,-96000.0,736000000.0,0.28416988416988415,5.496014937391989,5.4686033586764955,133915211,134586466,https://www.sec.gov/Archives/edgar/data/1140536/000156459021021810/0001564590-21-021810-index.htm,https://www.sec.gov/Archives/edgar/data/1140536/000156459021021810/wltw-10q_20210331.htm,1620599870,18:37:50,20210509
1,2020-12-31,WLTW,USD,2021-02-23,2021-02-23 16:22:36,Q4,2764000000,0.0,2764000000.0,1.0,0.0,0.0,0.0,621000000.0,-81000000.0,-2680000000.0,194000000.0,-170000000.0,-169413000.0,-0.061292691751085385,587000.0,0.00021237337192474675,63000000.0,602000000.0,0.2178002894356006,-390000000.0,499000000.0,0.18053545586107092,3.7262383882589707,3.707653635841809,133915211,134586466,https://www.sec.gov/Archives/edgar/data/1140536/000156459021007578/0001564590-21-007578-index.htm,https://www.sec.gov/Archives/edgar/data/1140536/000156459021007578/wltw-10k_20201231.htm,1620599870,18:37:50,20210509
2,2020-09-30,WLTW,USD,2020-10-29,2020-10-29 15:03:05,Q3,2009000000,0.0,2009000000.0,1.0,0.0,0.0,0.0,382000000.0,563000000.0,382000000.0,61000000.0,73000000.0,146000000.0,0.07267297162767546,73000000.0,0.03633648581383773,156000000.0,168000000.0,0.08362369337979095,-46000000.0,122000000.0,0.06072672971627675,4.01,3.99,133915211,134586466,https://www.sec.gov/Archives/edgar/data/1140536/000156459020048782/0001564590-20-048782-index.htm,https://www.sec.gov/Archives/edgar/data/1140536/000156459020048782/wltw-10q_20200930.htm,1620599870,18:37:50,20210509
3,2020-06-30,WLTW,USD,2020-07-30,2020-07-30 18:33:29,Q2,2113000000,0.0,2113000000.0,1.0,0.0,0.0,0.0,328000000.0,573000000.0,1950000000.0,62000000.0,186000000.0,349000000.0,0.16516800757217226,163000000.0,0.07714150496923805,76000000.0,177000000.0,0.08376715570279224,40000000.0,94000000.0,0.04448651206814955,0.72308,0.72308,130000000,130000000,https://www.sec.gov/Archives/edgar/data/1140536/000156459020034751/0001564590-20-034751-index.htm,https://www.sec.gov/Archives/edgar/data/1140536/000156459020034751/wltw-10q_20200630.htm,1620599870,18:37:50,20210509
4,2020-03-31,WLTW,USD,2020-04-30 00:00:00,2020-04-30 13:53:32,Q1,2466000000,0.0,0.0,1.0,0.0,0.0,0.0,427000000.0,703000000.0,2106000000.0,-73000000.0,219000000.0,579000000.0,0.23479318734793186,360000000.0,0.145985401459854,104000000.0,391000000.0,0.15855636658556366,78000000.0,305000000.0,0.12368207623682076,2.34615,2.34615,130000000,130000000,https://www.sec.gov/Archives/edgar/data/1140536/000156459020020090/0001564590-20-020090-index.html,https://www.sec.gov/Archives/edgar/data/1140536/000156459020020090/wltw-10q_20200331.htm,1620599870,18:37:50,20210509
5,2019-12-31,WLTW,USD,2020-02-26 00:00:00,2020-02-26 15:29:51,Q4,2690000000,0.0,0.0,1.0,0.0,0.0,0.0,411000000.0,662000000.0,2003000000.0,180000000.0,190000000.0,877000000.0,0.32602230483271377,687000000.0,0.2553903345724907,34000000.0,675000000.0,0.25092936802973975,124000000.0,544000000.0,0.20223048327137547,4.18462,4.18462,130000000,130000000,https://www.sec.gov/Archives/edgar/data/1140536/000156459020006736/0001564590-20-006736-index.html,https://www.sec.gov/Archives/edgar/data/1140536/000156459020006736/wltw-10k_20191231.htm,1620599870,18:37:50,20210509
6,2019-09-30,WLTW,USD,2019-11-01 00:00:00,2019-11-01 12:18:06,Q3,1989000000,0.0,0.0,1.0,0.0,0.0,0.0,358000000.0,593000000.0,1882000000.0,-54000000.0,176000000.0,283000000.0,0.14228255404725992,107000000.0,0.05379587732528909,49000000.0,100000000.0,0.05027652086475616,20000000.0,75000000.0,0.03770739064856712,0.57692,0.57692,130000000,130000000,https://www.sec.gov/Archives/edgar/data/1140536/000156459019039341/0001564590-19-039341-index.html,https://www.sec.gov/Archives/edgar/data/1140536/000156459019039341/wltw-10q_20190930.htm,1620599870,18:37:50,20210509
7,2019-06-30,WLTW,USD,2019-08-01 00:00:00,2019-08-01 17:13:50,Q2,2048000000,0.0,0.0,1.0,0.0,0.0,0.0,349000000.0,594000000.0,1872000000.0,-54000000.0,182000000.0,358000000.0,0.1748046875,176000000.0,0.0859375,61000000.0,187000000.0,0.09130859375,38000000.0,138000000.0,0.0673828125,1.06154,1.06154,130000000,130000000,https://www.sec.gov/Archives/edgar/data/1140536/000156459019028038/0001564590-19-028038-index.html,https://www.sec.gov/Archives/edgar/data/1140536/000156459019028038/wltw-10q_20190630.htm,1620599870,18:37:50,20210509
8,2019-03-31,WLTW,USD,2019-05-03 00:00:00,2019-05-03 16:02:36,Q1,2312000000,0.0,0.0,1.0,0.0,0.0,0.0,357000000.0,599000000.0,1953000000.0,54000000.0,181000000.0,540000000.0,0.23356401384083045,359000000.0,0.15527681660899653,65000000.0,360000000.0,0.15570934256055363,67000000.0,287000000.0,0.12413494809688581,2.20769,2.20769,130000000,130000000,https://www.sec.gov/Archives/edgar/data/1140536/000156459019015683/0001564590-19-015683-index.html,https://www.sec.gov/Archives/edgar/data/1140536/000156459019015683/wltw-10q_20190331.htm,1620599870,18:37:50,20210509
9,2018-12-31,WLTW,USD,2019-02-27 00:00:00,2019-02-27 16:20:19,Q4,2372000000,0.0,0.0,1.0,0.0,0.0,0.0,434000000.0,615000000.0,1902000000.0,54000000.0,181000000.0,651000000.0,0.27445193929173695,470000000.0,0.1981450252951096,61000000.0,477000000.0,0.20109612141652614,94000000.0,378000000.0,0.15935919055649242,2.86364,2.86364,132000000,132000000,https://www.sec.gov/Archives/edgar/data/1140536/000156459019004912/0001564590-19-004912-index.html,https://www.sec.gov/Archives/edgar/data/1140536/000156459019004912/wltw-10k_20181231.htm,1620599870,18:37:50,20210509
10,2018-09-30,WLTW,USD,2018-11-02 00:00:00,2018-11-02 17:23:58,Q3,1859000000,0.0,0.0,1.0,0.0,0.0,0.0,374000000.0,554000000.0,1842000000.0,103000000.0,181000000.0,198000000.0,0.10650887573964497,17000000.0,0.00914470145239376,70000000.0,36000000.0,0.019365250134480903,-10000000.0,44000000.0,0.023668639053254437,0.33333,0.33333,132000000,132000000,https://www.sec.gov/Archives/edgar/data/1140536/000156459018026537/0001564590-18-026537-index.html,https://www.sec.gov/Archives/edgar/data/1140536/000156459018026537/wltw-10q_20180930.htm,1620599870,18:37:50,20210509
11,2018-06-30,WLTW,USD,2018-08-06 00:00:00,2018-08-06 16:03:23,Q2,1990000000,0.0,0.0,1.0,0.0,0.0,0.0,406000000.0,597000000.0,1927000000.0,-51000000.0,193000000.0,256000000.0,0.12864321608040202,63000000.0,0.03165829145728643,63000000.0,74000000.0,0.0371859296482412,9000000.0,58000000.0,0.02914572864321608,0.43609,0.43609,133000000,133000000,https://www.sec.gov/Archives/edgar/data/1140536/000114053618000019/0001140536-18-000019-index.html,https://www.sec.gov/Archives/edgar/data/1140536/000114053618000019/wltw-20180630_10q.htm,1620599870,18:37:50,20210509
12,2018-03-31,WLTW,USD,2018-05-08 00:00:00,2018-05-08 16:43:04,Q1,2292000000,0.0,0.0,1.0,0.0,0.0,0.0,423000000.0,613000000.0,2033000000.0,51000000.0,192000000.0,451000000.0,0.1967713787085515,259000000.0,0.11300174520069808,56000000.0,264000000.0,0.11518324607329843,43000000.0,215000000.0,0.09380453752181502,1.61654,1.61654,133000000,133000000,https://www.sec.gov/Archives/edgar/data/1140536/000114053618000012/0001140536-18-000012-index.html,https://www.sec.gov/Archives/edgar/data/1140536/000114053618000012/wltw-20180331_10q.htm,1620599870,18:37:50,20210509
13,2017-12-31,WLTW,USD,2018-02-28 00:00:00,2018-02-28 14:54:19,Q4,2078000000,0.0,0.0,1.0,0.0,0.0,0.0,376000000.0,568000000.0,1998000000.0,85000000.0,223000000.0,303000000.0,0.14581328200192492,80000000.0,0.03849855630413859,49000000.0,80000000.0,0.03849855630413859,-243000000.0,245000000.0,0.11790182868142444,1.84211,1.84211,133000000,133000000,https://www.sec.gov/Archives/edgar/data/1140536/000114053618000008/0001140536-18-000008-index.html,https://www.sec.gov/Archives/edgar/data/1140536/000114053618000008/wtw-10k_2017.htm,1620599870,18:37:50,20210509
14,2017-09-30,WLTW,USD,2017-11-06 00:00:00,2017-11-06 14:30:21,Q3,1852000000,0.0,0.0,1.0,0.0,0.0,0.0,366000000.0,561000000.0,1878000000.0,-103000000.0,198000000.0,172000000.0,0.09287257019438445,-26000000.0,-0.014038876889848811,38000000.0,-35000000.0,-0.018898488120950324,19000000.0,-54000000.0,-0.029157667386609073,-0.40299,-0.40299,134000000,134000000,https://www.sec.gov/Archives/edgar/data/1140536/000114053617000034/0001140536-17-000034-index.html,https://www.sec.gov/Archives/edgar/data/1140536/000114053617000034/wltw-20170930_10q.htm,1620599870,18:37:50,20210509
15,2017-06-30,WLTW,USD,2017-08-07 00:00:00,2017-08-07 17:14:49,Q2,1953000000,0.0,0.0,1.0,0.0,0.0,0.0,391000000.0,591000000.0,1892000000.0,-103000000.0,209000000.0,270000000.0,0.1382488479262673,61000000.0,0.03123399897593446,34000000.0,49000000.0,0.025089605734767026,8000000.0,33000000.0,0.016897081413210446,0.24088,0.24088,137000000,137000000,https://www.sec.gov/Archives/edgar/data/1140536/000114053617000028/0001140536-17-000028-index.html,https://www.sec.gov/Archives/edgar/data/1140536/000114053617000028/wltw-20170630_10q.htm,1620599870,18:37:50,20210509
16,2017-03-31,WLTW,USD,2017-05-09 00:00:00,2017-05-09 16:41:17,Q1,2319000000,0.0,0.0,1.0,0.0,0.0,0.0,401000000.0,598000000.0,1918000000.0,-46000000.0,203000000.0,604000000.0,0.2604570935748167,401000000.0,0.17291936179387668,43000000.0,398000000.0,0.1716257007330746,46000000.0,344000000.0,0.14833980163863733,2.49275,2.49275,138000000,138000000,https://www.sec.gov/Archives/edgar/data/1140536/000114053617000020/0001140536-17-000020-index.html,https://www.sec.gov/Archives/edgar/data/1140536/000114053617000020/wltw-20170331_10q.htm,1620599870,18:37:50,20210509
17,2016-12-31,WLTW,USD,2017-03-01 00:00:00,2017-03-01 16:20:38,Q4,1927000000,0.0,0.0,1.0,0.0,0.0,0.0,380000000.0,574000000.0,2042000000.0,81000000.0,194000000.0,79000000.0,0.04099636741048261,-115000000.0,-0.05967825635703165,204000000.0,43000000.0,0.022314478463933574,-107000000.0,142000000.0,0.07368967306694343,1.0365,1.0365,137000000,137000000,https://www.sec.gov/Archives/edgar/data/1140536/000114053617000008/0001140536-17-000008-index.html,https://www.sec.gov/Archives/edgar/data/1140536/000114053617000008/wtw-20161231x10k.htm,1620599870,18:37:50,20210509
18,2016-09-30,WLTW,USD,2016-11-07 00:00:00,2016-11-07 16:59:56,Q3,1777000000,0.0,0.0,1.0,0.0,0.0,0.0,370000000.0,572000000.0,1776000000.0,45000000.0,202000000.0,203000000.0,0.11423747889701745,1000000.0,0.0005627462014631402,-14000000.0,-58000000.0,-0.032639279684862126,-26000000.0,-32000000.0,-0.018007878446820485,-0.23188,-0.23188,138000000,138000000,https://www.sec.gov/Archives/edgar/data/1140536/000114053616000074/0001140536-16-000074-index.html,https://www.sec.gov/Archives/edgar/data/1140536/000114053616000074/wtw-20160930x10q.htm,1620599870,18:37:50,20210509
19,2016-06-30,WLTW,USD,2016-08-09 00:00:00,2016-08-09 16:28:48,Q2,1949000000,0.0,0.0,1.0,0.0,0.0,0.0,373000000.0,542000000.0,1813000000.0,47000000.0,169000000.0,305000000.0,0.15649050795279631,136000000.0,0.06977937403796819,6000000.0,95000000.0,0.04874294510005131,19000000.0,72000000.0,0.03694202154951257,0.52174,0.52174,138000000,138000000,https://www.sec.gov/Archives/edgar/data/1140536/000114053616000069/0001140536-16-000069-index.html,https://www.sec.gov/Archives/edgar/data/1140536/000114053616000069/wtw-20160630x10q.htm,1620599870,18:37:50,20210509
20,2016-03-31,WLTW,USD,2016-05-10 00:00:00,2016-05-10 15:37:34,Q1,2234000000,0.0,0.0,1.0,0.0,0.0,0.0,431000000.0,635000000.0,1908000000.0,-46000000.0,204000000.0,530000000.0,0.23724261414503134,326000000.0,0.1459265890778872,-18000000.0,262000000.0,0.11727842435094002,18000000.0,238000000.0,0.10653536257833482,1.75,1.75,136000000,136000000,https://www.sec.gov/Archives/edgar/data/1140536/000114053616000058/0001140536-16-000058-index.html,https://www.sec.gov/Archives/edgar/data/1140536/000114053616000058/wtw-20160331x10q.htm,1620599870,18:37:50,20210509
21,2015-12-31,WLTW,USD,2016-02-29 00:00:00,2016-02-29 15:47:48,Q4,974000000,0.0,0.0,1.0,0.0,0.0,0.0,283000000.0,331000000.0,972000000.0,39000000.0,48000000.0,50000000.0,0.0513347022587269,2000000.0,0.002053388090349076,0.0,-8000000.0,-0.008213552361396304,4000000.0,-24000000.0,-0.024640657084188913,-0.35242,-0.35242,68100000,68100000,https://www.sec.gov/Archives/edgar/data/1140536/000114053616000035/0001140536-16-000035-index.html,https://www.sec.gov/Archives/edgar/data/1140536/000114053616000035/wtw10-k2015.htm,1620599870,18:37:50,20210509
22,2015-09-30,WLTW,USD,2015-11-05 00:00:00,2015-11-05 14:43:56,Q3,846000000,0.0,0.0,1.0,0.0,0.0,0.0,177000000.0,225000000.0,819000000.0,2000000.0,48000000.0,75000000.0,0.08865248226950355,27000000.0,0.031914893617021274,0.0,1000000.0,0.001182033096926714,-112000000.0,117000000.0,0.13829787234042554,1.70306,1.70306,68700000,68700000,https://www.sec.gov/Archives/edgar/data/1140536/000114053615000028/0001140536-15-000028-index.html,https://www.sec.gov/Archives/edgar/data/1140536/000114053615000028/willisgroupholdings10qq320.htm,1620599870,18:37:50,20210509
23,2015-06-30,WLTW,USD,2015-08-06 00:00:00,2015-08-06 14:21:46,Q2,922000000,0.0,0.0,1.0,0.0,0.0,0.0,179000000.0,218000000.0,817000000.0,35000000.0,39000000.0,144000000.0,0.1561822125813449,105000000.0,0.113882863340564,0.0,93000000.0,0.10086767895878525,19000000.0,70000000.0,0.07592190889370933,1.01892,1.01892,68700000,68700000,https://www.sec.gov/Archives/edgar/data/1140536/000114053615000015/0001140536-15-000015-index.html,https://www.sec.gov/Archives/edgar/data/1140536/000114053615000015/willisgroupholdings10qq220.htm,1620599870,18:37:50,20210509
24,2015-03-31,WLTW,USD,2015-05-06 00:00:00,2015-05-06 14:37:37,Q1,1087000000,0.0,0.0,1.0,0.0,0.0,0.0,160000000.0,196000000.0,794000000.0,-43000000.0,36000000.0,329000000.0,0.30266789328426863,293000000.0,0.26954921803127874,0.0,254000000.0,0.23367065317387303,56000000.0,210000000.0,0.19319227230910763,3.05677,3.05677,68700000,68700000,https://www.sec.gov/Archives/edgar/data/1140536/000114053615000009/0001140536-15-000009-index.html,https://www.sec.gov/Archives/edgar/data/1140536/000114053615000009/willisgroupholdings10qq120.htm,1620599870,18:37:50,20210509
25,2014-12-31,WLTW,USD,2015-02-24,2015-02-24 16:57:00,Q4,958000000,0.0,0.0,1.0,0.0,0.0,0.0,165000000.0,203000000.0,819000000.0,34000000.0,38000000.0,177000000.0,0.1847599164926931,139000000.0,0.14509394572025053,18000000.0,123000000.0,0.12839248434237996,35000000.0,76000000.0,0.07933194154488518,1.13095,1.13095,67200000,67200000,https://www.sec.gov/Archives/edgar/data/1140536/000114053615000003/willisgroup10-k2014.htm,https://www.sec.gov/Archives/edgar/data/1140536/000114053615000003/willisgroup10-k2014.htm,1620599870,18:37:50,20210509
26,2014-09-30,WLTW,USD,2014-11-06 00:00:00,2014-11-06 12:35:53,Q3,812000000,0.0,0.0,1.0,0.0,0.0,0.0,156000000.0,192000000.0,778000000.0,69000000.0,36000000.0,70000000.0,0.08620689655172414,34000000.0,0.04187192118226601,0.0,-9000000.0,-0.011083743842364532,2000000.0,-7000000.0,-0.008620689655172414,-0.10417,-0.10417,67200000,67200000,https://www.sec.gov/Archives/edgar/data/1140536/000114053614000016/0001140536-14-000016-index.html,https://www.sec.gov/Archives/edgar/data/1140536/000114053614000016/willisgroupholdings10qq320.htm,1620599870,18:37:50,20210509
27,2014-06-30,WLTW,USD,2014-08-06 00:00:00,2014-08-06 13:21:37,Q2,935000000,0.0,0.0,1.0,0.0,0.0,0.0,173000000.0,209000000.0,787000000.0,-32000000.0,36000000.0,184000000.0,0.19679144385026737,148000000.0,0.15828877005347594,0.0,110000000.0,0.11764705882352941,59000000.0,47000000.0,0.05026737967914439,0.68413,0.68413,68700000,68700000,https://www.sec.gov/Archives/edgar/data/1140536/000114053614000013/0001140536-14-000013-index.html,https://www.sec.gov/Archives/edgar/data/1140536/000114053614000013/willisgroupholdings10qq220.htm,1620599870,18:37:50,20210509
28,2014-03-31,WLTW,USD,2014-05-09 00:00:00,2014-05-09 11:07:33,Q1,1097000000,0.0,0.0,1.0,0.0,0.0,0.0,165000000.0,201000000.0,771000000.0,32000000.0,36000000.0,362000000.0,0.3299908842297174,326000000.0,0.29717411121239745,0.0,294000000.0,0.268003646308113,63000000.0,246000000.0,0.22424794895168643,3.58079,3.58079,68700000,68700000,https://www.sec.gov/Archives/edgar/data/1140536/000114053614000010/0001140536-14-000010-index.html,https://www.sec.gov/Archives/edgar/data/1140536/000114053614000010/willisgroupholdings10qq120.htm,1620599870,18:37:50,20210509
29,2013-12-31,WLTW,USD,2014-02-27,2014-02-27 15:04:27,Q4,919000000,0.0,0.0,1.0,0.0,0.0,0.0,181000000.0,200000000.0,789000000.0,63000000.0,39000000.0,169000000.0,0.1838955386289445,130000000.0,0.14145810663764963,22000000.0,119000000.0,0.1294885745375408,34000000.0,68000000.0,0.07399347116430903,0.98981,0.98981,68700000,68700000,https://www.sec.gov/Archives/edgar/data/1140536/000114053614000004/willisgroup10-k2013.htm,https://www.sec.gov/Archives/edgar/data/1140536/000114053614000004/willisgroup10-k2013.htm,1620599870,18:37:50,20210509
30,2013-09-30,WLTW,USD,2013-11-05 00:00:00,2013-11-05 13:04:14,Q3,795000000,0.0,0.0,1.0,0.0,0.0,0.0,144000000.0,179000000.0,780000000.0,-63000000.0,35000000.0,50000000.0,0.06289308176100629,15000000.0,0.018867924528301886,0.0,-15000000.0,-0.018867924528301886,11000000.0,-27000000.0,-0.033962264150943396,-0.40419,-0.40419,66800000,66800000,https://www.sec.gov/Archives/edgar/data/1140536/000114053613000015/0001140536-13-000015-index.html,https://www.sec.gov/Archives/edgar/data/1140536/000114053613000015/willisgroupholdings10qq3.htm,1620599870,18:37:50,20210509
31,2013-06-30,WLTW,USD,2013-08-06 00:00:00,2013-08-06 10:16:06,Q2,890000000,0.0,0.0,1.0,0.0,0.0,0.0,155000000.0,190000000.0,719000000.0,31000000.0,35000000.0,206000000.0,0.23146067415730337,171000000.0,0.19213483146067414,0.0,139000000.0,0.15617977528089888,29000000.0,105000000.0,0.11797752808988764,1.5625,1.5625,67200000,67200000,https://www.sec.gov/Archives/edgar/data/1140536/000114053613000007/0001140536-13-000007-index.html,https://www.sec.gov/Archives/edgar/data/1140536/000114053613000007/willisgroupholdings10qq2.htm,1620599870,18:37:50,20210509
32,2013-03-31,WLTW,USD,2013-05-08 00:00:00,2013-05-08 11:56:58,Q1,1051000000,0.0,0.0,1.0,0.0,0.0,0.0,162000000.0,196000000.0,770000000.0,-25000000.0,40000000.0,321000000.0,0.3054234062797336,281000000.0,0.26736441484300666,0.0,256000000.0,0.24357754519505234,48000000.0,219000000.0,0.20837297811607994,3.29819,3.29819,66400000,66400000,https://www.sec.gov/Archives/edgar/data/1140536/000114053613000004/0001140536-13-000004-index.html,https://www.sec.gov/Archives/edgar/data/1140536/000114053613000004/willisgroupholdings10q.htm,1620599870,18:37:50,20210509
33,2012-12-31,WLTW,USD,2013-02-28 00:00:00,2013-02-28 16:46:24,Q4,871000000,0.0,0.0,1.0,0.0,0.0,0.0,169000000.0,-1323000000.0,1662000000.0,96000000.0,35000000.0,-756000000.0,-0.8679678530424799,-791000000.0,-0.9081515499425947,16000000.0,-806000000.0,-0.9253731343283582,-13000000.0,-805000000.0,-0.9242250287026407,-12.4037,-12.4037,64900000,64900000,https://www.sec.gov/Archives/edgar/data/1140536/000144530513000389/0001445305-13-000389-index.html,https://www.sec.gov/Archives/edgar/data/1140536/000144530513000389/willisgroup10-k.htm,1620599870,18:37:50,20210509
34,2012-09-30,WLTW,USD,2012-11-07 00:00:00,2012-11-07 13:57:30,Q3,758000000,0.0,0.0,1.0,0.0,502000000.0,0.0,146000000.0,683000000.0,684000000.0,-32000000.0,35000000.0,109000000.0,0.1437994722955145,74000000.0,0.09762532981530343,0.0,42000000.0,0.055408970976253295,10000000.0,30000000.0,0.0395778364116095,0.46225,0.46225,64900000,64900000,https://www.sec.gov/Archives/edgar/data/1140536/000119312512456928/0001193125-12-456928-index.html,https://www.sec.gov/Archives/edgar/data/1140536/000119312512456928/d402199d10q.htm,1620599870,18:37:50,20210509
35,2012-06-30,WLTW,USD,2012-08-09 00:00:00,2012-08-09 11:20:44,Q2,842000000,0.0,0.0,1.0,0.0,500000000.0,0.0,129000000.0,663000000.0,663000000.0,-32000000.0,34000000.0,213000000.0,0.2529691211401425,179000000.0,0.21258907363420426,0.0,146000000.0,0.17339667458432304,36000000.0,108000000.0,0.12826603325415678,1.62651,1.62651,66400000,66400000,https://www.sec.gov/Archives/edgar/data/1140536/000119312512346209/0001193125-12-346209-index.html,https://www.sec.gov/Archives/edgar/data/1140536/000119312512346209/d352817d10q.htm,1620599870,18:37:50,20210509
36,2012-03-31,WLTW,USD,2012-05-10,2012-05-10 13:33:29,Q1,1013000000,0.0,0.0,1.0,0.0,506000000.0,0.0,156000000.0,696000000.0,696000000.0,32000000.0,34000000.0,351000000.0,0.3464955577492596,317000000.0,0.3129318854886476,0.0,285000000.0,0.2813425468904245,68000000.0,225000000.0,0.22211253701875616,3.38855,3.38855,66400000,66400000,https://www.sec.gov/Archives/edgar/data/1140536/000095012312004309/u11467e10vk.htm,https://www.sec.gov/Archives/edgar/data/1140536/000095012312004309/u11467e10vk.htm,1620599870,18:37:50,20210509
37,2011-12-31,WLTW,USD,2012-02-29 00:00:00,2012-02-29 16:10:39,Q4,819000000,0.0,0.0,1.0,0.0,507000000.0,0.0,194000000.0,733000000.0,738000000.0,44000000.0,34000000.0,115000000.0,0.14041514041514042,81000000.0,0.0989010989010989,0.0,37000000.0,0.045177045177045176,-2000000.0,25000000.0,0.030525030525030524,0.38285,0.38285,65300000,65300000,https://www.sec.gov/Archives/edgar/data/1140536/000095012312004309/0000950123-12-004309-index.html,https://www.sec.gov/Archives/edgar/data/1140536/000095012312004309/u11467e10vk.htm,1620599870,18:37:50,20210509
38,2011-09-30,WLTW,USD,2011-11-09 00:00:00,2011-11-09 14:55:43,Q3,760000000,0.0,0.0,1.0,0.0,490000000.0,0.0,146000000.0,672000000.0,670000000.0,112000000.0,35000000.0,125000000.0,0.16447368421052633,90000000.0,0.11842105263157894,0.0,52000000.0,0.06842105263157895,2000000.0,60000000.0,0.07894736842105263,0.90361,0.90361,66400000,66400000,https://www.sec.gov/Archives/edgar/data/1140536/000095012311096962/0000950123-11-096962-index.html,https://www.sec.gov/Archives/edgar/data/1140536/000095012311096962/u11461e10vq.htm,1620599870,18:37:50,20210509
39,2011-06-30,WLTW,USD,2011-08-09 00:00:00,2011-08-09 11:50:20,Q2,861000000,0.0,0.0,1.0,0.0,506000000.0,0.0,164000000.0,706000000.0,705000000.0,-34000000.0,36000000.0,192000000.0,0.2229965156794425,156000000.0,0.18118466898954705,0.0,122000000.0,0.14169570267131243,31000000.0,85000000.0,0.09872241579558652,1.28012,1.28012,66400000,66400000,https://www.sec.gov/Archives/edgar/data/1140536/000095012311074829/0000950123-11-074829-index.html,https://www.sec.gov/Archives/edgar/data/1140536/000095012311074829/u10790e10vq.htm,1620599870,18:37:50,20210509
40,2011-03-31,WLTW,USD,2011-05-10 00:00:00,2011-05-10 09:33:50,Q1,1007000000,0.0,0.0,1.0,0.0,584000000.0,0.0,152000000.0,774000000.0,939000000.0,-40000000.0,37000000.0,105000000.0,0.10427010923535253,68000000.0,0.06752730883813307,0.0,28000000.0,0.027805362462760674,1000000.0,34000000.0,0.033763654419066536,0.5175,0.5175,65700000,65700000,https://www.sec.gov/Archives/edgar/data/1140536/000095012311047905/0000950123-11-047905-index.html,https://www.sec.gov/Archives/edgar/data/1140536/000095012311047905/u10791e10vq.htm,1620599870,18:37:50,20210509
41,2010-12-31,WLTW,USD,2011-02-28,2011-02-25 19:33:24,Q4,835000000,0.0,0.0,1.0,0.0,469000000.0,0.0,153000000.0,656000000.0,658000000.0,166000000.0,36000000.0,213000000.0,0.25508982035928146,177000000.0,0.2119760479041916,0.0,135000000.0,0.16167664670658682,28000000.0,98000000.0,0.11736526946107785,1.51002,1.51002,64900000,64900000,https://www.sec.gov/Archives/edgar/data/1140536/000095012311019018/u10354e10vk.htm,https://www.sec.gov/Archives/edgar/data/1140536/000095012311019018/u10354e10vk.htm,1620599870,18:37:50,20210509
42,2010-09-30,WLTW,USD,2010-11-05 00:00:00,2010-11-05 16:19:52,Q3,733000000,0.0,0.0,1.0,0.0,462000000.0,0.0,129000000.0,627000000.0,627000000.0,-40000000.0,36000000.0,142000000.0,0.1937244201909959,106000000.0,0.1446111869031378,0.0,66000000.0,0.09004092769440655,10000000.0,64000000.0,0.08731241473396999,0.99071,0.99071,64600000,64600000,https://www.sec.gov/Archives/edgar/data/1140536/000095012310101712/0000950123-10-101712-index.html,https://www.sec.gov/Archives/edgar/data/1140536/000095012310101712/u09753e10vq.htm,1620599870,18:37:50,20210509
43,2010-06-30,WLTW,USD,2010-08-06 00:00:00,2010-08-06 16:55:25,Q2,799000000,0.0,0.0,1.0,0.0,456000000.0,0.0,135000000.0,628000000.0,630000000.0,-41000000.0,37000000.0,206000000.0,0.25782227784730916,169000000.0,0.21151439299123906,0.0,128000000.0,0.16020025031289112,35000000.0,89000000.0,0.1113892365456821,1.37771,1.37771,64600000,64600000,https://www.sec.gov/Archives/edgar/data/1140536/000095012310074389/0000950123-10-074389-index.html,https://www.sec.gov/Archives/edgar/data/1140536/000095012310074389/u09352e10vq.htm,1620599870,18:37:50,20210509
44,2010-03-31,WLTW,USD,2010-05-10 00:00:00,2010-05-10 16:33:22,Q1,972000000,0.0,0.0,1.0,0.0,486000000.0,0.0,149000000.0,671000000.0,671000000.0,43000000.0,36000000.0,337000000.0,0.34670781893004116,301000000.0,0.3096707818930041,0.0,258000000.0,0.2654320987654321,67000000.0,204000000.0,0.20987654320987653,3.17757,3.17757,64200000,64200000,https://www.sec.gov/Archives/edgar/data/1140536/000095012310047214/0000950123-10-047214-index.html,https://www.sec.gov/Archives/edgar/data/1140536/000095012310047214/u08858e10vq.htm,1620599870,18:37:50,20210509
45,2009-12-31,WLTW,USD,2010-03-01 00:00:00,2010-02-26 21:04:24,Q4,824000000,0.0,0.0,1.0,0.0,455000000.0,0.0,167000000.0,651000000.0,651000000.0,46000000.0,45000000.0,218000000.0,0.2645631067961165,173000000.0,0.2099514563106796,0.0,127000000.0,0.154126213592233,32000000.0,79000000.0,0.09587378640776699,1.23824,1.23824,63800000,63800000,https://www.sec.gov/Archives/edgar/data/1140536/000095012310018538/0000950123-10-018538-index.html,https://www.sec.gov/Archives/edgar/data/1140536/000095012310018538/u08176e10vk.htm,1620599870,18:37:50,20210509
46,2009-09-30,WLTW,USD,2009-11-06 00:00:00,2009-11-06 06:31:00,Q3,725000000,0.0,0.0,1.0,0.0,449000000.0,0.0,151000000.0,643000000.0,643000000.0,47000000.0,44000000.0,126000000.0,0.17379310344827587,82000000.0,0.11310344827586206,0.0,35000000.0,0.04827586206896552,-29000000.0,79000000.0,0.10896551724137932,1.23824,1.23824,63800000,63800000,https://www.sec.gov/Archives/edgar/data/1140536/000095012309058730/0000950123-09-058730-index.html,https://www.sec.gov/Archives/edgar/data/1140536/000095012309058730/u07636e10vq.htm,1620599870,18:37:50,20210509
47,2009-06-30,WLTW,USD,2009-08-07 00:00:00,2009-08-07 15:20:42,Q2,784000000,0.0,0.0,1.0,0.0,443000000.0,0.0,139000000.0,619000000.0,619000000.0,43000000.0,37000000.0,202000000.0,0.2576530612244898,165000000.0,0.21045918367346939,0.0,122000000.0,0.1556122448979592,31000000.0,87000000.0,0.11096938775510204,1.37224,1.37224,63400000,63400000,https://www.sec.gov/Archives/edgar/data/1140536/000095012309032027/0000950123-09-032027-index.html,https://www.sec.gov/Archives/edgar/data/1140536/000095012309032027/u07252e10vq.htm,1620599870,18:37:50,20210509
48,2009-03-31,WLTW,USD,2009-05-08 00:00:00,2009-05-08 13:28:10,Q1,930000000,0.0,0.0,1.0,0.0,480000000.0,0.0,138000000.0,656000000.0,656000000.0,38000000.0,38000000.0,312000000.0,0.33548387096774196,274000000.0,0.2946236559139785,0.0,236000000.0,0.2537634408602151,62000000.0,193000000.0,0.2075268817204301,3.06349,3.06349,63000000,63000000,https://www.sec.gov/Archives/edgar/data/1140536/000104746909005234/0001047469-09-005234-index.html,https://www.sec.gov/Archives/edgar/data/1140536/000104746909005234/a2192768z10-q.htm,1620599870,18:37:50,20210509
49,2008-12-31,WLTW,USD,2009-02-27 00:00:00,2009-02-27 16:35:40,Q4,792000000,0.0,0.0,1.0,0.0,0.0,0.0,182000000.0,1084000000.0,657000000.0,36000000.0,37000000.0,172000000.0,0.21717171717171718,135000000.0,0.17045454545454544,0.0,99000000.0,0.125,23000000.0,62000000.0,0.07828282828282829,0.98413,0.98413,63000000,63000000,https://www.sec.gov/Archives/edgar/data/1140536/000104746909001993/0001047469-09-001993-index.html,https://www.sec.gov/Archives/edgar/data/1140536/000104746909001993/a2190890z10-k.htm,1620599870,18:37:50,20210509
50,2008-09-30,WLTW,USD,2008-11-10 00:00:00,2008-11-10 15:01:29,Q3,579000000,0.0,0.0,1.0,0.0,0.0,0.0,131000000.0,382000000.0,513000000.0,32000000.0,20000000.0,86000000.0,0.14853195164075994,66000000.0,0.11398963730569948,0.0,34000000.0,0.05872193436960276,2000000.0,36000000.0,0.06217616580310881,0.67164,0.67164,53600000,53600000,https://www.sec.gov/Archives/edgar/data/1140536/000104746908011894/0001047469-08-011894-index.html,https://www.sec.gov/Archives/edgar/data/1140536/000104746908011894/a2188707z10-q.htm,1620599870,18:37:50,20210509
51,2008-06-30,WLTW,USD,2008-08-06 00:00:00,2008-08-06 14:35:01,Q2,661000000,0.0,0.0,1.0,0.0,0.0,0.0,141000000.0,443000000.0,584000000.0,21000000.0,17000000.0,94000000.0,0.1422087745839637,77000000.0,0.11649016641452345,0.0,56000000.0,0.08472012102874432,12000000.0,39000000.0,0.059001512859304085,0.72761,0.72761,53600000,53600000,https://www.sec.gov/Archives/edgar/data/1140536/000104746908008806/0001047469-08-008806-index.html,https://www.sec.gov/Archives/edgar/data/1140536/000104746908008806/a2187153z10-q.htm,1620599870,18:37:50,20210509
52,2008-03-31,WLTW,USD,2008-05-09 00:00:00,2008-05-09 10:46:07,Q1,795000000,0.0,0.0,1.0,0.0,0.0,0.0,149000000.0,421000000.0,570000000.0,16000000.0,16000000.0,241000000.0,0.3031446540880503,225000000.0,0.2830188679245283,0.0,209000000.0,0.2628930817610063,60000000.0,166000000.0,0.2088050314465409,3.07407,3.07407,54000000,54000000,https://www.sec.gov/Archives/edgar/data/1140536/000104746908006264/0001047469-08-006264-index.html,https://www.sec.gov/Archives/edgar/data/1140536/000104746908006264/a2185413z10-q.htm,1620599870,18:37:50,20210509
53,2007-12-31,WLTW,USD,2008-02-27,2008-02-27 16:31:47,Q4,639000000,0.0,0.0,1.0,0.0,0.0,0.0,119000000.0,829000000.0,488000000.0,49000000.0,17000000.0,168000000.0,0.26291079812206575,151000000.0,0.23630672926447574,0.0,133000000.0,0.2081377151799687,28000000.0,95000000.0,0.1486697965571205,1.73675,1.73675,54700000,54700000,https://www.sec.gov/Archives/edgar/data/1140536/000104746908001829/a2182840z10-k.htm,https://www.sec.gov/Archives/edgar/data/1140536/000104746908001829/a2182840z10-k.htm,1620599870,18:37:50,20210509
54,2007-09-30,WLTW,USD,2007-11-09 00:00:00,2007-11-09 12:22:19,Q3,574000000,0.0,0.0,1.0,0.0,0.0,0.0,116000000.0,365000000.0,481000000.0,17000000.0,16000000.0,109000000.0,0.18989547038327526,93000000.0,0.16202090592334495,0.0,76000000.0,0.13240418118466898,12000000.0,67000000.0,0.11672473867595819,1.22486,1.22486,54700000,54700000,https://www.sec.gov/Archives/edgar/data/1140536/000104746907008834/0001047469-07-008834-index.html,https://www.sec.gov/Archives/edgar/data/1140536/000104746907008834/a2180622z10-q.htm,1620599870,18:37:50,20210509
55,2007-06-30,WLTW,USD,2007-08-08 00:00:00,2007-08-07 19:24:29,Q2,626000000,0.0,0.0,1.0,0.0,0.0,0.0,114000000.0,374000000.0,488000000.0,19000000.0,17000000.0,155000000.0,0.2476038338658147,138000000.0,0.22044728434504793,0.0,119000000.0,0.1900958466453674,36000000.0,78000000.0,0.12460063897763578,1.42596,1.42596,54700000,54700000,https://www.sec.gov/Archives/edgar/data/1140536/000110465907059828/0001104659-07-059828-index.html,https://www.sec.gov/Archives/edgar/data/1140536/000110465907059828/a07-19007_110q.htm,1620599870,18:37:50,20210509
56,2007-03-31,WLTW,USD,2007-05-10 00:00:00,2007-05-10 09:05:40,Q1,739000000,0.0,0.0,1.0,0.0,0.0,0.0,111000000.0,390000000.0,501000000.0,12000000.0,16000000.0,254000000.0,0.34370771312584575,238000000.0,0.32205683355886333,0.0,226000000.0,0.30581867388362655,68000000.0,169000000.0,0.22868741542625168,2.90878,2.90878,58100000,58100000,https://www.sec.gov/Archives/edgar/data/1140536/000110465907037890/0001104659-07-037890-index.html,https://www.sec.gov/Archives/edgar/data/1140536/000110465907037890/a07-10997_110q.htm,1620599870,18:37:50,20210509
57,2006-12-31,WLTW,USD,2007-02-28,2007-02-28 15:06:52,Q4,621000000,0.0,0.0,1.0,0.0,0.0,0.0,103000000.0,847000000.0,489000000.0,11000000.0,17000000.0,149000000.0,0.23993558776167473,132000000.0,0.21256038647342995,0.0,121000000.0,0.19484702093397746,-38000000.0,148000000.0,0.23832528180354268,2.49578,2.49578,59300000,59300000,https://www.sec.gov/Archives/edgar/data/1140536/000110465907014849/a07-4697_110k.htm,https://www.sec.gov/Archives/edgar/data/1140536/000110465907014849/a07-4697_110k.htm,1620599870,18:37:50,20210509
58,2006-09-30,WLTW,USD,2006-11-08,2006-11-08 10:17:47,Q3,543000000,0.0,0.0,1.0,0.0,0.0,0.0,138000000.0,301000000.0,446000000.0,9000000.0,17000000.0,114000000.0,0.20994475138121546,97000000.0,0.17863720073664824,0.0,88000000.0,0.16206261510128914,3000000.0,89000000.0,0.16390423572744015,1.48333,1.48333,60000000,60000000,https://www.sec.gov/Archives/edgar/data/1140536/000110465906072518/a06-21878_110q.htm,https://www.sec.gov/Archives/edgar/data/1140536/000110465906072518/a06-21878_110q.htm,1620599870,18:37:50,20210509
59,2006-06-30,WLTW,USD,2006-08-09,2006-08-09 11:37:13,Q2,593000000,0.0,0.0,1.0,0.0,0.0,0.0,108000000.0,366000000.0,474000000.0,9000000.0,15000000.0,134000000.0,0.22596964586846544,119000000.0,0.20067453625632378,0.0,110000000.0,0.18549747048903878,36000000.0,72000000.0,0.12141652613827993,1.2,1.2,60000000,60000000,https://www.sec.gov/Archives/edgar/data/1140536/000110465906052890/a06-15564_110q.htm,https://www.sec.gov/Archives/edgar/data/1140536/000110465906052890/a06-15564_110q.htm,1620599870,18:37:50,20210509
60,2006-03-31,WLTW,USD,2006-05-09,2006-05-09 15:29:23,Q1,671000000,0.0,0.0,1.0,0.0,0.0,0.0,105000000.0,467000000.0,467000000.0,9000000.0,14000000.0,218000000.0,0.32488822652757077,204000000.0,0.30402384500745155,0.0,195000000.0,0.2906110283159464,62000000.0,140000000.0,0.20864381520119224,2.33333,2.33333,60000000,60000000,https://www.sec.gov/Archives/edgar/data/1140536/000104746906002748/a2167658z10-k.htm,https://www.sec.gov/Archives/edgar/data/1140536/000104746906002748/a2167658z10-k.htm,1620599870,18:37:50,20210509
61,2005-12-31,WLTW,USD,2006-03-02,2006-03-02 13:29:57,Q4,562000000,0.0,0.0,1.0,0.0,0.0,0.0,93000000.0,455000000.0,463000000.0,82000000.0,14000000.0,113000000.0,0.20106761565836298,99000000.0,0.17615658362989323,0.0,90000000.0,0.1601423487544484,28000000.0,55000000.0,0.09786476868327403,0.9106,0.9106,60400000,60400000,https://www.sec.gov/Archives/edgar/data/1140536/000104746906002748/a2167658z10-k.htm,https://www.sec.gov/Archives/edgar/data/1140536/000104746906002748/a2167658z10-k.htm,1620599870,18:37:50,20210509
62,2005-09-30,WLTW,USD,2005-11-07,2005-11-07 14:14:11,Q3,487000000,0.0,0.0,1.0,0.0,0.0,0.0,89000000.0,415000000.0,421000000.0,-9000000.0,13000000.0,79000000.0,0.162217659137577,66000000.0,0.13552361396303902,0.0,57000000.0,0.11704312114989733,16000000.0,45000000.0,0.09240246406570841,0.73171,0.73171,61500000,61500000,https://www.sec.gov/Archives/edgar/data/1140536/000110465905053016/a05-18484_210q.htm,https://www.sec.gov/Archives/edgar/data/1140536/000110465905053016/a05-18484_210q.htm,1620599870,18:37:50,20210509
63,2005-06-30,WLTW,USD,2005-08-08,2005-08-08 10:29:31,Q2,549000000,0.0,0.0,1.0,0.0,0.0,0.0,98000000.0,343000000.0,350000000.0,-6000000.0,14000000.0,213000000.0,0.3879781420765027,199000000.0,0.36247723132969034,0.0,193000000.0,0.35154826958105645,75000000.0,114000000.0,0.20765027322404372,1.81818,1.81818,62700000,62700000,https://www.sec.gov/Archives/edgar/data/1140536/000110465905037076/a05-13896_110q.htm,https://www.sec.gov/Archives/edgar/data/1140536/000110465905037076/a05-13896_110q.htm,1620599870,18:37:50,20210509
64,2005-03-31,WLTW,USD,2005-05-06,2005-05-06 13:59:08,Q1,669000000,0.0,0.0,1.0,0.0,0.0,0.0,125000000.0,575000000.0,582000000.0,-6000000.0,13000000.0,100000000.0,0.14947683109118087,87000000.0,0.13004484304932734,0.0,81000000.0,0.1210762331838565,24000000.0,67000000.0,0.10014947683109118,1.05678,1.05678,63400000,63400000,https://www.sec.gov/Archives/edgar/data/1140536/000104746905005731/a2152742z10-k.htm,https://www.sec.gov/Archives/edgar/data/1140536/000104746905005731/a2152742z10-k.htm,1620599870,18:37:50,20210509
65,2004-12-31,WLTW,USD,2005-03-08,2005-03-08 17:06:12,Q4,588000000,0.0,0.0,1.0,0.0,0.0,0.0,0.0,418000000.0,418000000.0,-47000000.0,16000000.0,186000000.0,0.3163265306122449,170000000.0,0.2891156462585034,0.0,163000000.0,0.27721088435374147,53000000.0,108000000.0,0.1836734693877551,1.72249,1.72249,62700000,62700000,https://www.sec.gov/Archives/edgar/data/1140536/000104746905005731/a2152742z10-k.htm,https://www.sec.gov/Archives/edgar/data/1140536/000104746905005731/a2152742z10-k.htm,1620599870,18:37:50,20210509
66,2004-09-30,WLTW,USD,2004-11-09 00:00:00,2004-11-09 16:06:01,Q3,490000000,0.0,0.0,1.0,0.0,0.0,0.0,93000000.0,381000000.0,381000000.0,-6000000.0,12000000.0,121000000.0,0.24693877551020407,109000000.0,0.22244897959183674,0.0,103000000.0,0.21020408163265306,31000000.0,75000000.0,0.15306122448979592,1.19048,1.19048,63000000,63000000,https://www.sec.gov/Archives/edgar/data/1140536/000104746904033582/0001047469-04-033582-index.html,https://www.sec.gov/Archives/edgar/data/1140536/000104746904033582/a2146153z10-q.htm,1620599870,18:37:50,20210509
67,2004-06-30,WLTW,USD,2004-08-09 00:00:00,2004-08-09 14:24:03,Q2,532000000,0.0,0.0,0.0,0.0,0.0,0.0,0.0,379000000.0,379000000.0,-4000000.0,11000000.0,164000000.0,0.3082706766917293,153000000.0,0.287593984962406,0.0,149000000.0,0.2800751879699248,52000000.0,96000000.0,0.18045112781954886,1.46341,1.46341,65600000,65600000,https://www.sec.gov/Archives/edgar/data/1140536/000104746904025790/0001047469-04-025790-index.html,https://www.sec.gov/Archives/edgar/data/1140536/000104746904025790/a2141469z10-q.htm,1620599870,18:37:50,20210509
68,2004-03-31,WLTW,USD,2004-05-10 00:00:00,2004-05-10 14:08:09,Q1,665000000,0.0,0.0,1.0,0.0,0.0,0.0,0.0,431000000.0,431000000.0,-5000000.0,12000000.0,246000000.0,0.3699248120300752,234000000.0,0.3518796992481203,-17000000.0,212000000.0,0.318796992481203,72000000.0,148000000.0,0.22255639097744362,2.3053,2.3053,64200000,64200000,https://www.sec.gov/Archives/edgar/data/1140536/000104746904016618/0001047469-04-016618-index.html,https://www.sec.gov/Archives/edgar/data/1140536/000104746904016618/a2135935z10-q.htm,1620599870,18:37:50,20210509
69,2003-12-31,WLTW,USD,2004-03-15,2004-03-15 12:58:39,Q4,577000000,0.0,0.0,0.0,0.0,0.0,0.0,0.0,385000000.0,385000000.0,-13000000.0,13000000.0,205000000.0,0.35528596187175043,192000000.0,0.3327556325823224,0.0,179000000.0,0.31022530329289427,57000000.0,118000000.0,0.2045060658578856,1.83801,1.83801,64200000,64200000,https://www.sec.gov/Archives/edgar/data/1140536/000104746904007909/a2129365z10-k.htm,https://www.sec.gov/Archives/edgar/data/1140536/000104746904007909/a2129365z10-k.htm,1620599870,18:37:50,20210509
70,2003-09-30,WLTW,USD,2003-11-14 00:00:00,2003-11-14 12:16:44,Q3,452000000,0.0,0.0,1.0,0.0,0.0,0.0,0.0,346000000.0,346000000.0,-12000000.0,9000000.0,115000000.0,0.25442477876106195,106000000.0,0.2345132743362832,0.0,94000000.0,0.2079646017699115,-3000000.0,99000000.0,0.21902654867256638,1.56151,1.56151,63400000,63400000,https://www.sec.gov/Archives/edgar/data/1140536/000104746903037411/0001047469-03-037411-index.html,https://www.sec.gov/Archives/edgar/data/1140536/000104746903037411/a2122303z10-q.htm,1620599870,18:37:50,20210509
71,2003-06-30,WLTW,USD,2003-08-14 00:00:00,2003-08-14 14:12:59,Q2,492000000,0.0,0.0,1.0,0.0,0.0,0.0,0.0,356000000.0,356000000.0,-13000000.0,9000000.0,145000000.0,0.29471544715447157,136000000.0,0.2764227642276423,0.0,123000000.0,0.25,44000000.0,80000000.0,0.16260162601626016,1.25392,1.25392,63800000,63800000,https://www.sec.gov/Archives/edgar/data/1140536/000104746903027679/0001047469-03-027679-index.html,https://www.sec.gov/Archives/edgar/data/1140536/000104746903027679/a2116310z10-q.htm,1620599870,18:37:50,20210509
72,2003-03-31,WLTW,USD,2003-05-15 00:00:00,2003-05-15 15:05:52,Q1,555000000,0.0,0.0,0.0,0.0,0.0,0.0,0.0,369000000.0,369000000.0,-15000000.0,10000000.0,196000000.0,0.35315315315315315,186000000.0,0.33513513513513515,0.0,171000000.0,0.3081081081081081,61000000.0,117000000.0,0.21081081081081082,1.83386,1.83386,63800000,63800000,https://www.sec.gov/Archives/edgar/data/1140536/000104746903018880/0001047469-03-018880-index.html,https://www.sec.gov/Archives/edgar/data/1140536/000104746903018880/a2110873z10-q.htm,1620599870,18:37:50,20210509
