,date,symbol,reportedCurrency,fillingDate,acceptedDate,period,revenue,costOfRevenue,grossProfit,grossProfitRatio,researchAndDevelopmentExpenses,generalAndAdministrativeExpenses,sellingAndMarketingExpenses,otherExpenses,operatingExpenses,costAndExpenses,interestExpense,depreciationAndAmortization,ebitda,ebitdaratio,operatingIncome,operatingIncomeRatio,totalOtherIncomeExpensesNet,incomeBeforeTax,incomeBeforeTaxRatio,incomeTaxExpense,netIncome,netIncomeRatio,eps,epsdiluted,weightedAverageShsOut,weightedAverageShsOutDil,link,finalLink,timestamp,est_time,est_date
0,2020-12-31,CTT.LS,EUR,2020-12-31,2020-12-31,Q4,200766449,98772855.0,101993594.0,0.508021108646495,0.0,67236439.0,0.0,0.0,79182746.0,177955601,2356622.0,0.0,18858586.0,0.09393295589941923,22810848.0,0.11361882482665218,0.0,14236151.0,0.0709090142845531,1885233.0,12339831.0,0.0614636113825971,0.07817675251919957,0.07817675251919957,157845275,157845275,https://find-and-update.company-information.service.gov.uk/search/companies?q=CTT+Correios+de+Portugal+SA,https://find-and-update.company-information.service.gov.uk/search/companies?q=CTT+Correios+de+Portugal+SA,1620590815,16:06:55,20210509
1,2020-09-30,CTT.LS,EUR,2020-09-30,2020-09-30,Q3,178884500,150232515.0,28651985.0,0.1601703054205367,0.0,0.0,0.0,0.0,14138662.0,164371177,2564772.0,16020694.0,30534017.0,0.17069123931922553,14513323.0,0.08113236753324073,0.0,9919872.0,0.055454061140009336,3576025.0,6313811.0,0.03529546159672862,0.04,0.04,157845275,157845275,https://find-and-update.company-information.service.gov.uk/search/companies?q=CTT+Correios+de+Portugal+SA,https://find-and-update.company-information.service.gov.uk/search/companies?q=CTT+Correios+de+Portugal+SA,1620590815,16:06:55,20210509
2,2020-06-30,CTT.LS,EUR,2020-06-30,2020-06-30,Q2,164021379,146457248.0,17564131.0,0.10708440025979785,0.0,0.0,0.0,0.0,13629276.0,160086524,2230753.0,15567800.0,19502655.0,0.11890312786603263,3934855.0,0.023989890976346444,0.0,-7226962.0,-0.04406109766946905,-1587477.0,-5665874.0,-0.03454350911169939,-0.04,-0.04,141646850,141646850,https://find-and-update.company-information.service.gov.uk/search/companies?q=CTT+Correios+de+Portugal+SA,https://find-and-update.company-information.service.gov.uk/search/companies?q=CTT+Correios+de+Portugal+SA,1620590815,16:06:55,20210509
3,2020-03-31,CTT.LS,EUR,2020-03-31,2020-03-31,Q1,173818604,149877926.0,23940678.0,0.13773369161335572,0.0,0.0,0.0,0.0,13429784.0,163307710,2514353.0,14466372.0,24977266.0,0.1436973110197111,10510894.0,0.0604704776020408,0.0,6196447.0,0.03564892858074041,2485192.0,3681542.0,0.021180368011700288,0.02,0.02,149999999,149999999,https://find-and-update.company-information.service.gov.uk/search/companies?q=CTT+Correios+de+Portugal+SA,https://find-and-update.company-information.service.gov.uk/search/companies?q=CTT+Correios+de+Portugal+SA,1620590815,16:06:55,20210509
4,2019-12-31,CTT.LS,EUR,2019-12-31,2019-12-31,Q4,192053007,154099901.0,37953106.0,0.19761786911256224,0.0,0.0,0.0,0.0,31799022.0,185898923,2993726.0,14760277.0,20914361.0,0.10889889893783335,6154084.0,0.03204367427582115,0.0,9201367.0,0.04791055940092622,2798067.0,6344750.0,0.03303645227486597,0.0401960084012651,0.0401960084012651,157845275,157845275,https://find-and-update.company-information.service.gov.uk/search/companies?q=CTT+Correios+de+Portugal+SA,https://find-and-update.company-information.service.gov.uk/search/companies?q=CTT+Correios+de+Portugal+SA,1620590815,16:06:55,20210509
5,2019-09-30,CTT.LS,EUR,2019-09-30,2019-09-30,Q3,179019022,150118363.0,28900659.0,0.1614390397016022,0.0,0.0,0.0,0.0,11227574.0,161345937,2561645.0,13022185.0,30695270.0,0.1714637341723384,17673085.0,0.0987218274491523,0.0,11623041.0,0.06492629034695542,-2271635.0,13863738.0,0.07744282057355893,0.09,0.09,154041533,154041533,https://find-and-update.company-information.service.gov.uk/search/companies?q=CTT+Correios+de+Portugal+SA,https://find-and-update.company-information.service.gov.uk/search/companies?q=CTT+Correios+de+Portugal+SA,1620590815,16:06:55,20210509
6,2019-06-30,CTT.LS,EUR,2019-06-30,2019-06-30,Q2,173613142,148427083.0,25186059.0,0.14507000282271257,0.0,0.0,0.0,0.0,12431915.0,160858998,2554453.0,13157365.0,25911509.0,0.14924854594244946,12754144.0,0.07346301007558517,0.0,8099348.0,0.04665169875216013,2803016.0,5290291.0,0.030471719704260637,0.04,0.04,132257275,132257275,https://find-and-update.company-information.service.gov.uk/search/companies?q=CTT+Correios+de+Portugal+SA,https://find-and-update.company-information.service.gov.uk/search/companies?q=CTT+Correios+de+Portugal+SA,1620590815,16:06:55,20210509
7,2019-03-31,CTT.LS,EUR,2019-03-31,2019-03-31,Q1,172652354,150880828.0,21771526.0,0.12610037161729054,0.0,0.0,0.0,0.0,12528776.0,163409604,2384084.0,13283402.0,22526152.0,0.1304711547691959,9242750.0,0.05353387767884126,0.0,6603407.0,0.038246840237116025,2913015.0,3698154.0,0.02141965582467529,0.02,0.02,149999999,149999999,https://find-and-update.company-information.service.gov.uk/search/companies?q=CTT+Correios+de+Portugal+SA,https://find-and-update.company-information.service.gov.uk/search/companies?q=CTT+Correios+de+Portugal+SA,1620590815,16:06:55,20210509
8,2018-12-31,CTT.LS,EUR,2018-12-31,2018-12-31,Q4,180174286,46768059.0,133406227.0,0.7404287812745932,0.0,0.0,0.0,0.0,114579991.0,161348050,1437601.0,0.0,23019843.0,0.12776430816548373,18826236.0,0.10448902791822358,0.0,15236654.0,0.08456619608860279,5514226.0,9728766.0,0.05399641766861227,0.06163482562274988,0.06163482562274988,157845275,157845275,https://find-and-update.company-information.service.gov.uk/search/companies?q=CTT+Correios+de+Portugal+SA,https://find-and-update.company-information.service.gov.uk/search/companies?q=CTT+Correios+de+Portugal+SA,1620590815,16:06:55,20210509
9,2018-09-30,CTT.LS,EUR,2018-09-30,2018-09-30,Q3,166663637,159082684.0,7580953.0,0.045486544854412364,0.0,0.0,0.0,0.0,650141.0,159732825,1348150.0,0.0,6942299.0,0.04165455119643165,6930812.0,0.041585627943544756,0.0,5487243.0,0.032924056493498936,1845077.0,3642208.0,0.021853645255563457,0.02,0.02,182110400,182110400,https://find-and-update.company-information.service.gov.uk/search/companies?q=CTT+Correios+de+Portugal+SA,https://find-and-update.company-information.service.gov.uk/search/companies?q=CTT+Correios+de+Portugal+SA,1620590815,16:06:55,20210509
10,2018-06-30,CTT.LS,EUR,2018-06-30,2018-06-30,Q2,174401857,162503077.0,11898780.0,0.06822622307284262,0.0,0.0,0.0,0.0,6918832.0,169421909,1390062.0,7824577.0,12804525.0,0.07341965974593952,4979948.0,0.02855444366053969,0.0,3293747.0,0.01888596289430565,2396404.0,894091.0,0.005126613990125117,0.01,0.01,149999999,149999999,https://find-and-update.company-information.service.gov.uk/search/companies?q=CTT+Correios+de+Portugal+SA,https://find-and-update.company-information.service.gov.uk/search/companies?q=CTT+Correios+de+Portugal+SA,1620590815,16:06:55,20210509
11,2018-03-31,CTT.LS,EUR,2018-03-31,2018-03-31,Q1,172572266,155577453.0,16994813.0,0.09847939876967253,0.0,0.0,0.0,0.0,8026812.0,163604265,1393492.0,7494143.0,16462144.0,0.09539275563548548,8968001.0,0.05196664103605153,0.0,8379889.0,0.04855872379864329,2999572.0,5356199.0,0.03103742637301871,0.04,0.04,149999999,149999999,https://find-and-update.company-information.service.gov.uk/search/companies?q=CTT+Correios+de+Portugal+SA,https://find-and-update.company-information.service.gov.uk/search/companies?q=CTT+Correios+de+Portugal+SA,1620590815,16:06:55,20210509
12,2017-12-31,CTT.LS,EUR,2017-12-31,2017-12-31,Q4,176025309,87606596.0,88418713.0,0.5023068188450105,0.0,0.0,0.0,0.0,71153201.0,158759797,1370465.0,-874054.0,16391458.0,0.0931198933444281,17265512.0,0.0980853952087083,0.0,9496017.0,0.05394688442217136,1752715.0,7753677.0,0.04404864870880584,0.04912200887863131,0.04912200887863131,157845275,157845275,https://find-and-update.company-information.service.gov.uk/search/companies?q=CTT+Correios+de+Portugal+SA,https://find-and-update.company-information.service.gov.uk/search/companies?q=CTT+Correios+de+Portugal+SA,1620590815,16:06:55,20210509
13,2017-09-30,CTT.LS,EUR,2017-09-30,2017-09-30,Q3,161744458,148681705.0,13062753.0,0.08076167283580127,0.0,0.0,0.0,0.0,6668198.0,155349903,1342000.0,7854632.0,14249187.0,0.08809691025086003,6394555.0,0.0395349248998689,0.0,4441737.0,0.02746144785993224,2764861.0,1764468.0,0.01090898582750823,0.01,0.01,176446800,176446800,https://find-and-update.company-information.service.gov.uk/search/companies?q=CTT+Correios+de+Portugal+SA,https://find-and-update.company-information.service.gov.uk/search/companies?q=CTT+Correios+de+Portugal+SA,1620590815,16:06:55,20210509
14,2017-06-30,CTT.LS,EUR,2017-06-30,2017-06-30,Q2,168067842,149633020.0,18434822.0,0.10968678945731926,0.0,0.0,0.0,0.0,5230739.0,154863759,1340516.0,7721878.0,20925961.0,0.12450901225946603,13204083.0,0.0785640063135933,0.0,11650641.0,0.06932106024185163,4260062.0,7410608.0,0.04409295622418952,0.05,0.05,148212160,148212160,https://find-and-update.company-information.service.gov.uk/search/companies?q=CTT+Correios+de+Portugal+SA,https://find-and-update.company-information.service.gov.uk/search/companies?q=CTT+Correios+de+Portugal+SA,1620590815,16:06:55,20210509
15,2017-03-31,CTT.LS,EUR,2017-03-31,2017-03-31,Q1,173559479,131798742.0,41760737.0,0.24061340377727222,0.0,0.0,0.0,0.0,24418542.0,156217284,1344392.0,7178552.0,24520747.0,0.14128151997967223,17342195.0,0.0999207597298676,0.0,16504319.0,0.09509315823654899,6199753.0,10334491.0,0.059544376714797585,0.07,0.07,149799822,149799822,https://find-and-update.company-information.service.gov.uk/search/companies?q=CTT+Correios+de+Portugal+SA,https://find-and-update.company-information.service.gov.uk/search/companies?q=CTT+Correios+de+Portugal+SA,1620590815,16:06:55,20210509
16,2016-12-31,CTT.LS,EUR,2016-12-31,2016-12-31,Q4,172464536,206251589.0,-33787053.0,-0.1959072501722905,0.0,0.0,0.0,0.0,-53301218.0,152950371,1780207.0,1053837.0,20568002.0,0.11925931253483904,19514165.0,0.11314885629588219,0.0,18862479.0,0.10937018959074578,2761819.0,16125720.0,0.09350165763934215,0.10216156296094388,0.10216156296094388,157845275,157845275,https://find-and-update.company-information.service.gov.uk/search/companies?q=CTT+Correios+de+Portugal+SA,https://find-and-update.company-information.service.gov.uk/search/companies?q=CTT+Correios+de+Portugal+SA,1620590815,16:06:55,20210509
17,2016-09-30,CTT.LS,EUR,2016-09-30,2016-09-30,Q3,161027270,139297657.0,21729613.0,0.13494368376238386,0.0,0.0,0.0,0.0,-1004937.0,138292720,1600992.0,6919585.0,29654135.0,0.18415598177873846,22734550.0,0.14118447142524368,0.0,21457624.0,0.13325459718717209,7211067.0,14358139.0,0.08916588475976771,0.1,0.1,143581390,143581390,https://find-and-update.company-information.service.gov.uk/search/companies?q=CTT+Correios+de+Portugal+SA,https://find-and-update.company-information.service.gov.uk/search/companies?q=CTT+Correios+de+Portugal+SA,1620590815,16:06:55,20210509
18,2016-06-30,CTT.LS,EUR,2016-06-30,2016-06-30,Q2,165571532,145775972.0,19795560.0,0.11955895896403254,0.0,0.0,0.0,0.0,3138527.0,148914499,1601219.0,6766262.0,23423295.0,0.14146933785694513,16657033.0,0.1006032425912445,0.0,15092934.0,0.09115657636120683,4170618.0,11004572.0,0.06646415520271927,0.07,0.07,157208171,157208171,https://find-and-update.company-information.service.gov.uk/search/companies?q=CTT+Correios+de+Portugal+SA,https://find-and-update.company-information.service.gov.uk/search/companies?q=CTT+Correios+de+Portugal+SA,1620590815,16:06:55,20210509
19,2016-03-31,CTT.LS,EUR,2016-03-31,2016-03-31,Q1,170631284,125773385.0,44857899.0,0.26289375516860086,0.0,0.0,0.0,0.0,13523292.0,139296677,1600222.0,6220016.0,37554623.0,0.22009224873441144,31334607.0,0.1836392850445877,0.0,29831670.0,0.1748311874626695,9204135.0,20671965.0,0.12114991175944032,0.14,0.14,149755015,149755015,https://find-and-update.company-information.service.gov.uk/search/companies?q=CTT+Correios+de+Portugal+SA,https://find-and-update.company-information.service.gov.uk/search/companies?q=CTT+Correios+de+Portugal+SA,1620590815,16:06:55,20210509
20,2015-12-31,CTT.LS,EUR,2015-12-31,2015-12-31,Q4,178208284,64994750.0,113213534.0,0.635287717601276,0.0,0.0,0.0,0.0,87839599.0,152834349,1798618.0,3345402.0,28719337.0,0.16115601562046353,25373935.0,0.14238358863272596,0.0,28773554.0,0.1614602495134289,7345753.0,21430326.0,0.12025437605358458,0.13576792843498167,0.13576792843498167,157845275,157845275,https://find-and-update.company-information.service.gov.uk/search/companies?q=CTT+Correios+de+Portugal+SA,https://find-and-update.company-information.service.gov.uk/search/companies?q=CTT+Correios+de+Portugal+SA,1620590815,16:06:55,20210509
21,2015-09-30,CTT.LS,EUR,2015-09-30,2015-09-30,Q3,166759673,142329196.0,24430477.0,0.14650110881423953,0.0,0.0,0.0,0.0,3551369.0,145880565,1689487.0,6043569.0,26922677.0,0.16144596901434316,20879108.0,0.12520477897555005,0.0,18515427.0,0.11103060270452797,7050861.0,11469551.0,0.06877892474639237,0.08,0.08,143369388,143369388,https://find-and-update.company-information.service.gov.uk/search/companies?q=CTT+Correios+de+Portugal+SA,https://find-and-update.company-information.service.gov.uk/search/companies?q=CTT+Correios+de+Portugal+SA,1620590815,16:06:55,20210509
22,2015-06-30,CTT.LS,EUR,2015-06-30,2015-06-30,Q2,173833688,142213337.0,31620351.0,0.18190001813687576,0.0,0.0,0.0,0.0,5383685.0,147597022,1660284.0,5241224.0,31477890.0,0.18108049344267493,26236666.0,0.15092969781553503,0.0,25493648.0,0.14665539397633903,8647405.0,16868371.0,0.09703741083834107,0.11,0.11,153348827,153348827,https://find-and-update.company-information.service.gov.uk/search/companies?q=CTT+Correios+de+Portugal+SA,https://find-and-update.company-information.service.gov.uk/search/companies?q=CTT+Correios+de+Portugal+SA,1620590815,16:06:55,20210509
23,2015-03-31,CTT.LS,EUR,2015-03-31,2015-03-31,Q1,186367218,130243737.0,56123481.0,0.3011445982951787,0.0,0.0,0.0,0.0,22112462.0,152356199,1801212.0,5400974.0,39411993.0,0.21147492259073158,34011019.0,0.1824946434517255,0.0,31827352.0,0.17077763107458094,9495327.0,22297035.0,0.11964032751725681,0.15,0.15,150000000,150000000,https://find-and-update.company-information.service.gov.uk/search/companies?q=CTT+Correios+de+Portugal+SA,https://find-and-update.company-information.service.gov.uk/search/companies?q=CTT+Correios+de+Portugal+SA,1620590815,16:06:55,20210509
24,2014-12-31,CTT.LS,EUR,2014-12-31,2014-12-31,Q4,187381784,-1195690.0,188577474.0,1.0063810364832475,0.0,0.0,0.0,0.0,114496451.0,113300761,2902910.0,2519453.0,76600476.0,0.4087936103757023,74081023.0,0.39534805048072336,0.0,51207654.0,0.27327978689753535,26925379.0,24537556.0,0.13094952708957025,0.15545321834942477,0.15545321834942477,157845275,157845275,https://find-and-update.company-information.service.gov.uk/search/companies?q=CTT+Correios+de+Portugal+SA,https://find-and-update.company-information.service.gov.uk/search/companies?q=CTT+Correios+de+Portugal+SA,1620590815,16:06:55,20210509
25,2014-09-30,CTT.LS,EUR,2014-09-30,2014-09-30,Q3,170921996,139213373.0,31708623.0,0.18551516915353597,0.0,0.0,0.0,0.0,4280675.0,143494048,2927789.0,5326751.0,32754699.0,0.19163536447351107,27427948.0,0.1604705575752813,0.0,25022711.0,0.14639842492829303,8498991.0,16570445.0,0.09694741102836173,0.11,0.11,150640409,150640409,https://find-and-update.company-information.service.gov.uk/search/companies?q=CTT+Correios+de+Portugal+SA,https://find-and-update.company-information.service.gov.uk/search/companies?q=CTT+Correios+de+Portugal+SA,1620590815,16:06:55,20210509
26,2014-06-30,CTT.LS,EUR,2014-06-30,2014-06-30,Q2,173205733,141915785.0,31289948.0,0.18065191872142014,0.0,0.0,0.0,0.0,1152994.0,143068779,2994642.0,5351041.0,35487995.0,0.20488926310539618,30136954.0,0.17399512982633203,0.0,26913952.0,0.1553871891757763,8945128.0,17985722.0,0.10384022334872714,0.12,0.12,149881017,149881017,https://find-and-update.company-information.service.gov.uk/search/companies?q=CTT+Correios+de+Portugal+SA,https://find-and-update.company-information.service.gov.uk/search/companies?q=CTT+Correios+de+Portugal+SA,1620590815,16:06:55,20210509
27,2014-03-31,CTT.LS,EUR,2014-03-31,2014-03-31,Q1,171774077,126379400.0,45394677.0,0.2642696604331048,0.0,0.0,0.0,0.0,18264672.0,144644072,2987031.0,5383026.0,32513031.0,0.18927786757951842,27130005.0,0.1579400423732156,0.0,24854373.0,0.14469222268037568,6785556.0,18077405.0,0.10523942445634564,0.12,0.12,150000000,150000000,https://find-and-update.company-information.service.gov.uk/search/companies?q=CTT+Correios+de+Portugal+SA,https://find-and-update.company-information.service.gov.uk/search/companies?q=CTT+Correios+de+Portugal+SA,1620590815,16:06:55,20210509
28,2013-12-31,CTT.LS,EUR,2013-12-31,2013-12-31,Q4,180326967,69960580.0,110366387.0,0.6120348433520761,0.0,2173880.0,0.0,0.0,86961145.0,156921725,3069111.0,5015962.0,28421204.0,0.15760928314177214,23405242.0,0.12979335475652956,0.0,18394149.0,0.10200442732450549,2540257.0,15846584.0,0.08787695076133566,0.10039314765677972,0.10039314765677972,157845275,157845275,https://find-and-update.company-information.service.gov.uk/search/companies?q=CTT+Correios+de+Portugal+SA,https://find-and-update.company-information.service.gov.uk/search/companies?q=CTT+Correios+de+Portugal+SA,1620590815,16:06:55,20210509
29,2013-09-30,CTT.LS,EUR,2013-09-30,2013-09-30,Q3,165556892,107258679.0,58298213.0,0.3521340144510565,0.0,2056666.0,0.0,0.0,33768424.0,141027103,8936204.0,5017878.0,29547667.0,0.17847440020799618,24529789.0,0.1481653146762383,0.0,18636398.0,0.11256793827707276,5202606.0,13525994.0,0.08169997537764843,0.08569147223443971,0.08569147223443971,157845275,157845275,https://find-and-update.company-information.service.gov.uk/search/companies?q=CTT+Correios+de+Portugal+SA,https://find-and-update.company-information.service.gov.uk/search/companies?q=CTT+Correios+de+Portugal+SA,1620590815,16:06:55,20210509
30,2013-06-30,CTT.LS,EUR,2013-06-30,2013-06-30,Q2,170289158,133121766.0,37167392.0,0.218260471990824,0.0,0.0,0.0,0.0,18833761.0,151955527,-2490944.0,4030874.0,22364505.0,0.13133252441121354,18333631.0,0.10766176317578598,0.0,22710014.0,0.13336147918471708,8774700.0,13791923.0,0.08099119851188646,0.08737621699477542,0.08737621699477542,157845275,157845275,https://find-and-update.company-information.service.gov.uk/search/companies?q=CTT+Correios+de+Portugal+SA,https://find-and-update.company-information.service.gov.uk/search/companies?q=CTT+Correios+de+Portugal+SA,1620590815,16:06:55,20210509
31,2013-03-31,CTT.LS,EUR,2013-03-31,2013-03-31,Q1,173895665,128947737.0,44947928.0,0.2584764145788223,0.0,0.0,0.0,0.0,20147826.0,149095563,3002878.0,5999311.0,30799413.0,0.17711432312013067,24800102.0,0.14261483746590234,0.0,23512623.0,0.1352110933875206,5630336.0,17851566.0,0.10265676260532429,0.12,0.12,150000000,150000000,https://find-and-update.company-information.service.gov.uk/search/companies?q=CTT+Correios+de+Portugal+SA,https://find-and-update.company-information.service.gov.uk/search/companies?q=CTT+Correios+de+Portugal+SA,1620590815,16:06:55,20210509
32,2012-12-31,CTT.LS,EUR,2012-12-31,2012-12-31,Q4,179145311,139261465.0,39883846.0,0.22263404929420677,0.0,2092270.0,0.0,0.0,38342727.0,177604192,4986409.0,5259079.0,6800198.0,0.03795911800337325,1541119.0,0.008602619802870531,0.0,2187576.0,0.012211182016368824,1754388.0,376976.0,0.0021043029141856805,0.0023882628098940563,0.0023882628098940563,157845275,157845275,https://find-and-update.company-information.service.gov.uk/search/companies?q=CTT+Correios+de+Portugal+SA,https://find-and-update.company-information.service.gov.uk/search/companies?q=CTT+Correios+de+Portugal+SA,1620590815,16:06:55,20210509
33,2012-09-30,CTT.LS,EUR,2012-09-30,2012-09-30,Q3,163572632,123367320.0,40205312.0,0.2457948588856845,0.0,2282824.0,0.0,0.0,31834324.0,155201644,11979344.0,5038254.0,13409242.0,0.08197729556616781,8370988.0,0.05117596933941859,0.0,-2062111.0,-0.012606699389663181,-618452.0,-1507137.0,-0.009213870202932236,-0.009548192050728158,-0.009548192050728158,157845275,157845275,https://find-and-update.company-information.service.gov.uk/search/companies?q=CTT+Correios+de+Portugal+SA,https://find-and-update.company-information.service.gov.uk/search/companies?q=CTT+Correios+de+Portugal+SA,1620590815,16:06:55,20210509
