,date,symbol,reportedCurrency,fillingDate,acceptedDate,period,revenue,costOfRevenue,grossProfit,grossProfitRatio,researchAndDevelopmentExpenses,generalAndAdministrativeExpenses,sellingAndMarketingExpenses,otherExpenses,operatingExpenses,costAndExpenses,interestExpense,depreciationAndAmortization,ebitda,ebitdaratio,operatingIncome,operatingIncomeRatio,totalOtherIncomeExpensesNet,incomeBeforeTax,incomeBeforeTaxRatio,incomeTaxExpense,netIncome,netIncomeRatio,eps,epsdiluted,weightedAverageShsOut,weightedAverageShsOutDil,link,finalLink,timestamp,est_time,est_date
0,2020-09-30,KCT.L,GBP,2020-09-30,2020-09-30,Q3,34422750,17608000,16814750,0.48847782353240227,0,11720750,3882000,0,0,35844250,823250,2640750,1219250,0.035419889462637355,-1421500,-0.041295364257649375,0,-8462000,-0.2458257983455709,-541750,-8062750,-0.23422736417049772,-0.04920181118074583,-0.04851700524719588,163871000,166184000,https://find-and-update.company-information.service.gov.uk/search/companies?q=Kin+and+Carta+PLC,https://find-and-update.company-information.service.gov.uk/search/companies?q=Kin+and+Carta+PLC,1620594081,17:01:21,20210509
1,2020-06-30,KCT.L,GBP,2020-06-30,2020-06-30,Q2,34422750,17608000,16814750,0.48847782353240227,0,11720750,3882000,0,0,35844250,823250,2640750,1219250,0.035419889462637355,-1421500,-0.041295364257649375,0,-8462000,-0.2458257983455709,-541750,-8062750,-0.23422736417049772,-0.04920181118074583,-0.04851700524719588,163871000,166184000,https://find-and-update.company-information.service.gov.uk/search/companies?q=Kin+and+Carta+PLC,https://find-and-update.company-information.service.gov.uk/search/companies?q=Kin+and+Carta+PLC,1620594081,17:01:21,20210509
2,2020-03-31,KCT.L,GBP,2020-03-31,2020-03-31,Q1,34422750,17608000,16814750,0.48847782353240227,0,11720750,3882000,0,0,35844250,823250,2640750,1219250,0.035419889462637355,-1421500,-0.041295364257649375,0,-8462000,-0.2458257983455709,-541750,-8062750,-0.23422736417049772,-0.04920181118074583,-0.04851700524719588,163871000,166184000,https://find-and-update.company-information.service.gov.uk/search/companies?q=Kin+and+Carta+PLC,https://find-and-update.company-information.service.gov.uk/search/companies?q=Kin+and+Carta+PLC,1620594081,17:01:21,20210509
3,2020-01-31,KCT.L,GBP,2020-01-31,2020-01-31,Q1,34422750,17608000,16814750,0.48847782353240227,0,11720750,3882000,0,0,35844250,823250,2640750,1219250,0.035419889462637355,-1421500,-0.041295364257649375,0,-8462000,-0.2458257983455709,-541750,-8062750,-0.23422736417049772,-0.04920181118074583,-0.04851700524719588,163871000,166184000,https://find-and-update.company-information.service.gov.uk/search/companies?q=Kin+and+Carta+PLC,https://find-and-update.company-information.service.gov.uk/search/companies?q=Kin+and+Carta+PLC,1620594081,17:01:21,20210509
4,2019-06-30,KCT.L,GBP,2019-06-30,2019-06-30,Q2,37064750,18777000,18287750,0.49340006340255904,0,9690750,3683000,0,1250,32152000,513000,2367750,7280500,0.1964265238535266,4912750,0.13254507314901626,0,444250,0.011985781638888702,164000,280250,0.00756109241260227,0.0018280313358163686,0.0018180461761023426,153307000,154149000,https://find-and-update.company-information.service.gov.uk/search/companies?q=Kin+and+Carta+PLC,https://find-and-update.company-information.service.gov.uk/search/companies?q=Kin+and+Carta+PLC,1620594081,17:01:21,20210509
5,2019-03-31,KCT.L,GBP,2019-03-31,2019-03-31,Q1,37064750,18777000,18287750,0.49340006340255904,0,9690750,3683000,0,1250,32152000,513000,2367750,7280500,0.1964265238535266,4912750,0.13254507314901626,0,444250,0.011985781638888702,164000,280250,0.00756109241260227,0.0018280313358163686,0.0018180461761023426,153307000,154149000,https://find-and-update.company-information.service.gov.uk/search/companies?q=Kin+and+Carta+PLC,https://find-and-update.company-information.service.gov.uk/search/companies?q=Kin+and+Carta+PLC,1620594081,17:01:21,20210509
6,2019-01-31,KCT.L,GBP,2019-01-31,2019-01-31,Q1,37064750,18777000,18287750,0.49340006340255904,0,9690750,3683000,0,1250,32152000,513000,2367750,7280500,0.1964265238535266,4912750,0.13254507314901626,0,444250,0.011985781638888702,164000,280250,0.00756109241260227,0.0018280313358163686,0.0018180461761023426,153307000,154149000,https://find-and-update.company-information.service.gov.uk/search/companies?q=Kin+and+Carta+PLC,https://find-and-update.company-information.service.gov.uk/search/companies?q=Kin+and+Carta+PLC,1620594081,17:01:21,20210509
7,2018-06-30,KCT.L,GBP,2018-06-30,2018-06-30,Q2,44588750,26339250,18249500,0.4092848532421295,0,23123250,2687250,0,5000,51769250,673500,3147000,-4033500,-0.09046003756552942,-7180500,-0.16103837851475988,0,-7792750,-0.17476942053769168,305750,-7302250,-0.16376888789212526,-0.0498,-0.0498,146654000,146654000,https://find-and-update.company-information.service.gov.uk/search/companies?q=Kin+and+Carta+PLC,https://find-and-update.company-information.service.gov.uk/search/companies?q=Kin+and+Carta+PLC,1620594081,17:01:21,20210509
8,2018-03-31,KCT.L,GBP,2018-03-31,2018-03-31,Q1,44588750,26339250,18249500,0.4092848532421295,0,23123250,2687250,0,5000,51769250,673500,3147000,-4033500,-0.09046003756552942,-7180500,-0.16103837851475988,0,-7792750,-0.17476942053769168,305750,-7302250,-0.16376888789212526,-0.0498,-0.0498,146654000,146654000,https://find-and-update.company-information.service.gov.uk/search/companies?q=Kin+and+Carta+PLC,https://find-and-update.company-information.service.gov.uk/search/companies?q=Kin+and+Carta+PLC,1620594081,17:01:21,20210509
9,2018-01-31,KCT.L,GBP,2018-01-31,2018-01-31,Q1,44588750,26339250,18249500,0.4092848532421295,0,23123250,2687250,0,5000,51769250,673500,3147000,-4033500,-0.09046003756552942,-7180500,-0.16103837851475988,0,-7792750,-0.17476942053769168,305750,-7302250,-0.16376888789212526,-0.0498,-0.0498,146654000,146654000,https://find-and-update.company-information.service.gov.uk/search/companies?q=Kin+and+Carta+PLC,https://find-and-update.company-information.service.gov.uk/search/companies?q=Kin+and+Carta+PLC,1620594081,17:01:21,20210509
10,2017-06-30,KCT.L,GBP,2017-06-30,2017-06-30,Q2,98288500,71085500,27203000,0.27676686489263747,0,31388750,6710750,-159500,161500,108480500,3022750,2488250,-7703750,-0.07837895582901357,-10192000,-0.1036947353963078,0,-11017000,-0.1120883928435168,-177500,-10839500,-0.11028248472608698,-0.076,-0.076,142642000,142642000,https://find-and-update.company-information.service.gov.uk/search/companies?q=Kin+and+Carta+PLC,https://find-and-update.company-information.service.gov.uk/search/companies?q=Kin+and+Carta+PLC,1620594081,17:01:21,20210509
11,2017-03-31,KCT.L,GBP,2017-03-31,2017-03-31,Q1,98288500,71085500,27203000,0.27676686489263747,0,31388750,6710750,-159500,161500,108480500,3022750,2488250,-7703750,-0.07837895582901357,-10192000,-0.1036947353963078,0,-11017000,-0.1120883928435168,-177500,-10839500,-0.11028248472608698,-0.076,-0.076,142642000,142642000,https://find-and-update.company-information.service.gov.uk/search/companies?q=Kin+and+Carta+PLC,https://find-and-update.company-information.service.gov.uk/search/companies?q=Kin+and+Carta+PLC,1620594081,17:01:21,20210509
12,2017-01-31,KCT.L,GBP,2017-01-31,2017-01-31,Q1,98288500,71085500,27203000,0.27676686489263747,0,31388750,6710750,-159500,161500,108480500,3022750,2488250,-7703750,-0.07837895582901357,-10192000,-0.1036947353963078,0,-11017000,-0.1120883928435168,-177500,-10839500,-0.11028248472608698,-0.076,-0.076,142642000,142642000,https://find-and-update.company-information.service.gov.uk/search/companies?q=Kin+and+Carta+PLC,https://find-and-update.company-information.service.gov.uk/search/companies?q=Kin+and+Carta+PLC,1620594081,17:01:21,20210509
13,2016-06-30,KCT.L,GBP,2016-06-30,2016-06-30,Q2,91886500,62432500,29454000,0.32054763213312076,0,23260500,6252750,0,371000,92316750,3804750,4304250,3874000,0.042160709135727226,-430250,-0.004682407100063665,0,-1428500,-0.015546353381617539,597750,-2026250,-0.022051661560729813,-0.014829872724744389,-0.014729614794675895,136633000,137563000,https://find-and-update.company-information.service.gov.uk/search/companies?q=Kin+and+Carta+PLC,https://find-and-update.company-information.service.gov.uk/search/companies?q=Kin+and+Carta+PLC,1620594081,17:01:21,20210509
14,2016-03-31,KCT.L,GBP,2016-03-31,2016-03-31,Q1,91886500,62432500,29454000,0.32054763213312076,0,23260500,6252750,0,371000,92316750,3804750,4304250,3874000,0.042160709135727226,-430250,-0.004682407100063665,0,-1428500,-0.015546353381617539,597750,-2026250,-0.022051661560729813,-0.014829872724744389,-0.014729614794675895,136633000,137563000,https://find-and-update.company-information.service.gov.uk/search/companies?q=Kin+and+Carta+PLC,https://find-and-update.company-information.service.gov.uk/search/companies?q=Kin+and+Carta+PLC,1620594081,17:01:21,20210509
15,2016-01-31,KCT.L,GBP,2016-01-31,2016-01-31,Q1,91886500,62432500,29454000,0.32054763213312076,0,23260500,6252750,0,371000,92316750,3804750,4304250,3874000,0.042160709135727226,-430250,-0.004682407100063665,0,-1428500,-0.015546353381617539,597750,-2026250,-0.022051661560729813,-0.014829872724744389,-0.014729614794675895,136633000,137563000,https://find-and-update.company-information.service.gov.uk/search/companies?q=Kin+and+Carta+PLC,https://find-and-update.company-information.service.gov.uk/search/companies?q=Kin+and+Carta+PLC,1620594081,17:01:21,20210509
16,2015-09-30,KCT.L,GBP,2015-09-30,2015-09-30,Q3,86138250,57413500,28724750,0.33347264426662954,0,20010000,5944750,-93250,0,83188000,652750,3757000,6707250,0.07786610477923571,2950250,0.03425017341308884,0,2182250,0.025334273682133084,793250,1389000,0.016125240529033268,0.010875,0.0106,127784000,131016000,https://find-and-update.company-information.service.gov.uk/search/companies?q=Kin+and+Carta+PLC,https://find-and-update.company-information.service.gov.uk/search/companies?q=Kin+and+Carta+PLC,1620594081,17:01:21,20210509
17,2015-06-30,KCT.L,GBP,2015-06-30,2015-06-30,Q2,86138250,57413500,28724750,0.33347264426662954,0,20010000,5944750,-93250,0,83188000,652750,3757000,6707250,0.07786610477923571,2950250,0.03425017341308884,0,2182250,0.025334273682133084,793250,1389000,0.016125240529033268,0.010875,0.0106,127784000,131016000,https://find-and-update.company-information.service.gov.uk/search/companies?q=Kin+and+Carta+PLC,https://find-and-update.company-information.service.gov.uk/search/companies?q=Kin+and+Carta+PLC,1620594081,17:01:21,20210509
18,2015-03-31,KCT.L,GBP,2015-03-31,2015-03-31,Q1,86138250,57413500,28724750,0.33347264426662954,0,20010000,5944750,-93250,0,83188000,652750,3757000,6707250,0.07786610477923571,2950250,0.03425017341308884,0,2182250,0.025334273682133084,793250,1389000,0.016125240529033268,0.010875,0.0106,127784000,131016000,https://find-and-update.company-information.service.gov.uk/search/companies?q=Kin+and+Carta+PLC,https://find-and-update.company-information.service.gov.uk/search/companies?q=Kin+and+Carta+PLC,1620594081,17:01:21,20210509
19,2015-01-31,KCT.L,GBP,2015-01-31,2015-01-31,Q1,86138250,57413500,28724750,0.33347264426662954,0,20010000,5944750,-93250,0,83188000,652750,3757000,6707250,0.07786610477923571,2950250,0.03425017341308884,0,2182250,0.025334273682133084,793250,1389000,0.016125240529033268,0.010875,0.0106,127784000,131016000,https://find-and-update.company-information.service.gov.uk/search/companies?q=Kin+and+Carta+PLC,https://find-and-update.company-information.service.gov.uk/search/companies?q=Kin+and+Carta+PLC,1620594081,17:01:21,20210509
20,2014-09-30,KCT.L,GBP,2014-09-30,2014-09-30,Q3,82671000,56951000,25720000,0.311112723929794,0,17306250,5562750,0,0,79268000,3665750,1531250,4934250,0.05968537939543492,3403000,0.041163164834101436,0,2970750,0.03593460826650216,344500,2629250,0.03180377641494599,0.0215,0.0208,122318000,126406000,https://find-and-update.company-information.service.gov.uk/search/companies?q=Kin+and+Carta+PLC,https://find-and-update.company-information.service.gov.uk/search/companies?q=Kin+and+Carta+PLC,1620594081,17:01:21,20210509
21,2014-06-30,KCT.L,GBP,2014-06-30,2014-06-30,Q2,82671000,56951000,25720000,0.311112723929794,0,17306250,5562750,0,0,79268000,3665750,1531250,4934250,0.05968537939543492,3403000,0.041163164834101436,0,2970750,0.03593460826650216,344500,2629250,0.03180377641494599,0.0215,0.0208,122318000,126406000,https://find-and-update.company-information.service.gov.uk/search/companies?q=Kin+and+Carta+PLC,https://find-and-update.company-information.service.gov.uk/search/companies?q=Kin+and+Carta+PLC,1620594081,17:01:21,20210509
22,2014-03-31,KCT.L,GBP,2014-03-31,2014-03-31,Q1,82671000,56951000,25720000,0.311112723929794,0,17306250,5562750,0,0,79268000,3665750,1531250,4934250,0.05968537939543492,3403000,0.041163164834101436,0,2970750,0.03593460826650216,344500,2629250,0.03180377641494599,0.0215,0.0208,122318000,126406000,https://find-and-update.company-information.service.gov.uk/search/companies?q=Kin+and+Carta+PLC,https://find-and-update.company-information.service.gov.uk/search/companies?q=Kin+and+Carta+PLC,1620594081,17:01:21,20210509
23,2014-01-31,KCT.L,GBP,2014-01-31,2014-01-31,Q1,82671000,56951000,25720000,0.311112723929794,0,17306250,5562750,0,0,79268000,3665750,1531250,4934250,0.05968537939543492,3403000,0.041163164834101436,0,2970750,0.03593460826650216,344500,2629250,0.03180377641494599,0.0215,0.0208,122318000,126406000,https://find-and-update.company-information.service.gov.uk/search/companies?q=Kin+and+Carta+PLC,https://find-and-update.company-information.service.gov.uk/search/companies?q=Kin+and+Carta+PLC,1620594081,17:01:21,20210509
24,2013-09-30,KCT.L,GBP,2013-09-30,2013-09-30,Q3,80669750,58222250,22447500,0.2782641572584519,0,15164500,5469250,0,0,78786000,3268250,1328500,3212250,0.03981975895549447,1883750,0.02335138016418794,0,1765000,0.02187932899259016,366750,1418750,0.017587137681720842,0.011825,0.011475,119877000,123622000,https://find-and-update.company-information.service.gov.uk/search/companies?q=Kin+and+Carta+PLC,https://find-and-update.company-information.service.gov.uk/search/companies?q=Kin+and+Carta+PLC,1620594081,17:01:21,20210509
25,2013-06-30,KCT.L,GBP,2013-06-30,2013-06-30,Q2,80669750,58222250,22447500,0.2782641572584519,0,15164500,5469250,0,0,78786000,3268250,1328500,3212250,0.03981975895549447,1883750,0.02335138016418794,0,1765000,0.02187932899259016,366750,1418750,0.017587137681720842,0.011825,0.011475,119877000,123622000,https://find-and-update.company-information.service.gov.uk/search/companies?q=Kin+and+Carta+PLC,https://find-and-update.company-information.service.gov.uk/search/companies?q=Kin+and+Carta+PLC,1620594081,17:01:21,20210509
26,2013-03-31,KCT.L,GBP,2013-03-31,2013-03-31,Q1,80669750,58222250,22447500,0.2782641572584519,0,15164500,5469250,0,0,78786000,3268250,1328500,3212250,0.03981975895549447,1883750,0.02335138016418794,0,1765000,0.02187932899259016,366750,1418750,0.017587137681720842,0.011825,0.011475,119877000,123622000,https://find-and-update.company-information.service.gov.uk/search/companies?q=Kin+and+Carta+PLC,https://find-and-update.company-information.service.gov.uk/search/companies?q=Kin+and+Carta+PLC,1620594081,17:01:21,20210509
27,2013-01-31,KCT.L,GBP,2013-01-31,2013-01-31,Q1,80669750,58222250,22447500,0.2782641572584519,0,15164500,5469250,0,0,78786000,3268250,1328500,3212250,0.03981975895549447,1883750,0.02335138016418794,0,1765000,0.02187932899259016,366750,1418750,0.017587137681720842,0.011825,0.011475,119877000,123622000,https://find-and-update.company-information.service.gov.uk/search/companies?q=Kin+and+Carta+PLC,https://find-and-update.company-information.service.gov.uk/search/companies?q=Kin+and+Carta+PLC,1620594081,17:01:21,20210509
28,2012-09-30,KCT.L,GBP,2012-09-30,2012-09-30,Q3,82364750,60438000,21926750,0.26621521949620436,0,12242750,6302000,-7619500,8269250,78581500,389250,932250,4715500,0.0572514334105306,3783250,0.04593287783912414,0,3727000,0.0452499400532388,394750,3315750,0.04025690601865482,0.0291,0.028775,114017000,115228000,https://find-and-update.company-information.service.gov.uk/search/companies?q=Kin+and+Carta+PLC,https://find-and-update.company-information.service.gov.uk/search/companies?q=Kin+and+Carta+PLC,1620594081,17:01:21,20210509
29,2012-06-30,KCT.L,GBP,2012-06-30,2012-06-30,Q2,82364750,60438000,21926750,0.26621521949620436,0,12242750,6302000,-7619500,8269250,78581500,389250,932250,4715500,0.0572514334105306,3783250,0.04593287783912414,0,3727000,0.0452499400532388,394750,3315750,0.04025690601865482,0.0291,0.028775,114017000,115228000,https://find-and-update.company-information.service.gov.uk/search/companies?q=Kin+and+Carta+PLC,https://find-and-update.company-information.service.gov.uk/search/companies?q=Kin+and+Carta+PLC,1620594081,17:01:21,20210509
30,2012-03-31,KCT.L,GBP,2012-03-31,2012-03-31,Q1,82364750,60438000,21926750,0.26621521949620436,0,12242750,6302000,-7619500,8269250,78581500,389250,932250,4715500,0.0572514334105306,3783250,0.04593287783912414,0,3727000,0.0452499400532388,394750,3315750,0.04025690601865482,0.0291,0.028775,114017000,115228000,https://find-and-update.company-information.service.gov.uk/search/companies?q=Kin+and+Carta+PLC,https://find-and-update.company-information.service.gov.uk/search/companies?q=Kin+and+Carta+PLC,1620594081,17:01:21,20210509
31,2012-01-31,KCT.L,GBP,2012-01-31,2012-01-31,Q1,82364750,60438000,21926750,0.26621521949620436,0,12242750,6302000,-7619500,8269250,78581500,389250,932250,4715500,0.0572514334105306,3783250,0.04593287783912414,0,3727000,0.0452499400532388,394750,3315750,0.04025690601865482,0.0291,0.028775,114017000,115228000,https://find-and-update.company-information.service.gov.uk/search/companies?q=Kin+and+Carta+PLC,https://find-and-update.company-information.service.gov.uk/search/companies?q=Kin+and+Carta+PLC,1620594081,17:01:21,20210509
32,2011-09-30,KCT.L,GBP,2011-09-30,2011-09-30,Q3,74311000,55482250,18828750,0.2533776964379432,0,-967000,6109000,-6986500,10272250,69333500,260250,2848000,7825500,0.10530742420368451,4977500,0.06698200804726083,0,4224000,0.05684219025447108,768000,-1200750,-0.01615844222255117,-0.011522848972228087,-0.011448907788975867,104206000,104879000,https://find-and-update.company-information.service.gov.uk/search/companies?q=Kin+and+Carta+PLC,https://find-and-update.company-information.service.gov.uk/search/companies?q=Kin+and+Carta+PLC,1620594081,17:01:21,20210509
33,2011-06-30,KCT.L,GBP,2011-06-30,2011-06-30,Q2,74311000,55482250,18828750,0.2533776964379432,0,-967000,6109000,-6986500,10272250,69333500,260250,2848000,7825500,0.10530742420368451,4977500,0.06698200804726083,0,4224000,0.05684219025447108,768000,-1200750,-0.01615844222255117,-0.011522848972228087,-0.011448907788975867,104206000,104879000,https://find-and-update.company-information.service.gov.uk/search/companies?q=Kin+and+Carta+PLC,https://find-and-update.company-information.service.gov.uk/search/companies?q=Kin+and+Carta+PLC,1620594081,17:01:21,20210509
34,2011-03-31,KCT.L,GBP,2011-03-31,2011-03-31,Q1,74311000,55482250,18828750,0.2533776964379432,0,-967000,6109000,-6986500,10272250,69333500,260250,2848000,7825500,0.10530742420368451,4977500,0.06698200804726083,0,4224000,0.05684219025447108,768000,-1200750,-0.01615844222255117,-0.011522848972228087,-0.011448907788975867,104206000,104879000,https://find-and-update.company-information.service.gov.uk/search/companies?q=Kin+and+Carta+PLC,https://find-and-update.company-information.service.gov.uk/search/companies?q=Kin+and+Carta+PLC,1620594081,17:01:21,20210509
35,2011-01-31,KCT.L,GBP,2011-01-31,2011-01-31,Q1,74311000,55482250,18828750,0.2533776964379432,0,-967000,6109000,-6986500,10272250,69333500,260250,2848000,7825500,0.10530742420368451,4977500,0.06698200804726083,0,4224000,0.05684219025447108,768000,-1200750,-0.01615844222255117,-0.011522848972228087,-0.011448907788975867,104206000,104879000,https://find-and-update.company-information.service.gov.uk/search/companies?q=Kin+and+Carta+PLC,https://find-and-update.company-information.service.gov.uk/search/companies?q=Kin+and+Carta+PLC,1620594081,17:01:21,20210509
36,2010-09-30,KCT.L,GBP,2010-09-30,2010-09-30,Q3,72867250,54940000,17927250,0.24602616401744268,0,3601250,5521500,-6633500,9421250,68318750,238750,2892000,7440500,0.10211034449632722,4548500,0.06242173267139901,0,3293750,0.04520206265503364,493500,1934500,0.026548277861453532,0.018775,0.018775,103056000,103056000,https://find-and-update.company-information.service.gov.uk/search/companies?q=Kin+and+Carta+PLC,https://find-and-update.company-information.service.gov.uk/search/companies?q=Kin+and+Carta+PLC,1620594081,17:01:21,20210509
37,2010-06-30,KCT.L,GBP,2010-06-30,2010-06-30,Q2,72867250,54940000,17927250,0.24602616401744268,0,3601250,5521500,-6633500,9421250,68318750,238750,2892000,7440500,0.10211034449632722,4548500,0.06242173267139901,0,3293750,0.04520206265503364,493500,1934500,0.026548277861453532,0.018775,0.018775,103056000,103056000,https://find-and-update.company-information.service.gov.uk/search/companies?q=Kin+and+Carta+PLC,https://find-and-update.company-information.service.gov.uk/search/companies?q=Kin+and+Carta+PLC,1620594081,17:01:21,20210509
38,2010-03-31,KCT.L,GBP,2010-03-31,2010-03-31,Q1,72867250,54940000,17927250,0.24602616401744268,0,3601250,5521500,-6633500,9421250,68318750,238750,2892000,7440500,0.10211034449632722,4548500,0.06242173267139901,0,3293750,0.04520206265503364,493500,1934500,0.026548277861453532,0.018775,0.018775,103056000,103056000,https://find-and-update.company-information.service.gov.uk/search/companies?q=Kin+and+Carta+PLC,https://find-and-update.company-information.service.gov.uk/search/companies?q=Kin+and+Carta+PLC,1620594081,17:01:21,20210509
39,2010-01-31,KCT.L,GBP,2010-01-31,2010-01-31,Q1,72867250,54940000,17927250,0.24602616401744268,0,3601250,5521500,-6633500,9421250,68318750,238750,2892000,7440500,0.10211034449632722,4548500,0.06242173267139901,0,3293750,0.04520206265503364,493500,1934500,0.026548277861453532,0.018775,0.018775,103056000,103056000,https://find-and-update.company-information.service.gov.uk/search/companies?q=Kin+and+Carta+PLC,https://find-and-update.company-information.service.gov.uk/search/companies?q=Kin+and+Carta+PLC,1620594081,17:01:21,20210509
40,2009-09-30,KCT.L,GBP,2009-09-30,2009-09-30,Q3,96695500,77855750,18839750,0.1948358506859161,0,4895500,6828750,-6428500,10402250,94111750,780500,5031000,7614750,0.07874978670155282,2583750,0.026720478202191415,0,-1810250,-0.018721140073736625,-229000,-3639500,-0.037638773262457924,-0.035325,-0.035325,103051000,103051000,https://find-and-update.company-information.service.gov.uk/search/companies?q=Kin+and+Carta+PLC,https://find-and-update.company-information.service.gov.uk/search/companies?q=Kin+and+Carta+PLC,1620594081,17:01:21,20210509
41,2009-06-30,KCT.L,GBP,2009-06-30,2009-06-30,Q2,96695500,77855750,18839750,0.1948358506859161,0,4895500,6828750,-6428500,10402250,94111750,780500,5031000,7614750,0.07874978670155282,2583750,0.026720478202191415,0,-1810250,-0.018721140073736625,-229000,-3639500,-0.037638773262457924,-0.035325,-0.035325,103051000,103051000,https://find-and-update.company-information.service.gov.uk/search/companies?q=Kin+and+Carta+PLC,https://find-and-update.company-information.service.gov.uk/search/companies?q=Kin+and+Carta+PLC,1620594081,17:01:21,20210509
42,2009-03-31,KCT.L,GBP,2009-03-31,2009-03-31,Q1,96695500,77855750,18839750,0.1948358506859161,0,4895500,6828750,-6428500,10402250,94111750,780500,5031000,7614750,0.07874978670155282,2583750,0.026720478202191415,0,-1810250,-0.018721140073736625,-229000,-3639500,-0.037638773262457924,-0.035325,-0.035325,103051000,103051000,https://find-and-update.company-information.service.gov.uk/search/companies?q=Kin+and+Carta+PLC,https://find-and-update.company-information.service.gov.uk/search/companies?q=Kin+and+Carta+PLC,1620594081,17:01:21,20210509
43,2009-01-31,KCT.L,GBP,2009-01-31,2009-01-31,Q1,96695500,77855750,18839750,0.1948358506859161,0,4895500,6828750,-6428500,10402250,94111750,780500,5031000,7614750,0.07874978670155282,2583750,0.026720478202191415,0,-1810250,-0.018721140073736625,-229000,-3639500,-0.037638773262457924,-0.035325,-0.035325,103051000,103051000,https://find-and-update.company-information.service.gov.uk/search/companies?q=Kin+and+Carta+PLC,https://find-and-update.company-information.service.gov.uk/search/companies?q=Kin+and+Carta+PLC,1620594081,17:01:21,20210509
44,2008-09-30,KCT.L,GBP,2008-09-30,2008-09-30,Q3,97800000,71979000,25821000,0.26401840490797546,0,4156250,6861750,-5525500,11515750,89785250,995500,5509250,13524000,0.13828220858895707,8014750,0.08195040899795501,0,7655500,0.07827709611451943,4024000,4060000,0.04151329243353783,0.0394,0.0394,103051000,103051000,https://find-and-update.company-information.service.gov.uk/search/companies?q=Kin+and+Carta+PLC,https://find-and-update.company-information.service.gov.uk/search/companies?q=Kin+and+Carta+PLC,1620594081,17:01:21,20210509
45,2008-06-30,KCT.L,GBP,2008-06-30,2008-06-30,Q2,97800000,71979000,25821000,0.26401840490797546,0,4156250,6861750,-5525500,11515750,89785250,995500,5509250,13524000,0.13828220858895707,8014750,0.08195040899795501,0,7655500,0.07827709611451943,4024000,4060000,0.04151329243353783,0.0394,0.0394,103051000,103051000,https://find-and-update.company-information.service.gov.uk/search/companies?q=Kin+and+Carta+PLC,https://find-and-update.company-information.service.gov.uk/search/companies?q=Kin+and+Carta+PLC,1620594081,17:01:21,20210509
46,2008-03-31,KCT.L,GBP,2008-03-31,2008-03-31,Q1,97800000,71979000,25821000,0.26401840490797546,0,4156250,6861750,-5525500,11515750,89785250,995500,5509250,13524000,0.13828220858895707,8014750,0.08195040899795501,0,7655500,0.07827709611451943,4024000,4060000,0.04151329243353783,0.0394,0.0394,103051000,103051000,https://find-and-update.company-information.service.gov.uk/search/companies?q=Kin+and+Carta+PLC,https://find-and-update.company-information.service.gov.uk/search/companies?q=Kin+and+Carta+PLC,1620594081,17:01:21,20210509
47,2008-01-31,KCT.L,GBP,2008-01-31,2008-01-31,Q1,97800000,71979000,25821000,0.26401840490797546,0,4156250,6861750,-5525500,11515750,89785250,995500,5509250,13524000,0.13828220858895707,8014750,0.08195040899795501,0,7655500,0.07827709611451943,4024000,4060000,0.04151329243353783,0.0394,0.0394,103051000,103051000,https://find-and-update.company-information.service.gov.uk/search/companies?q=Kin+and+Carta+PLC,https://find-and-update.company-information.service.gov.uk/search/companies?q=Kin+and+Carta+PLC,1620594081,17:01:21,20210509
48,2007-09-30,KCT.L,GBP,2007-09-30,2007-09-30,Q3,106257500,80120250,26137250,0.24598028374467684,0,4746000,7170250,-5085500,10345250,97814750,1118250,6528500,14971250,0.14089593675740536,8442750,0.07945556784226995,0,6889000,0.0648330706067807,1789250,1578750,0.014857774745312096,0.015325,0.015325,103051000,103051000,https://find-and-update.company-information.service.gov.uk/search/companies?q=Kin+and+Carta+PLC,https://find-and-update.company-information.service.gov.uk/search/companies?q=Kin+and+Carta+PLC,1620594081,17:01:21,20210509
49,2007-06-30,KCT.L,GBP,2007-06-30,2007-06-30,Q2,106257500,80120250,26137250,0.24598028374467684,0,4746000,7170250,-5085500,10345250,97814750,1118250,6528500,14971250,0.14089593675740536,8442750,0.07945556784226995,0,6889000,0.0648330706067807,1789250,1578750,0.014857774745312096,0.015325,0.015325,103051000,103051000,https://find-and-update.company-information.service.gov.uk/search/companies?q=Kin+and+Carta+PLC,https://find-and-update.company-information.service.gov.uk/search/companies?q=Kin+and+Carta+PLC,1620594081,17:01:21,20210509
50,2007-03-31,KCT.L,GBP,2007-03-31,2007-03-31,Q1,106257500,80120250,26137250,0.24598028374467684,0,4746000,7170250,-5085500,10345250,97814750,1118250,6528500,14971250,0.14089593675740536,8442750,0.07945556784226995,0,6889000,0.0648330706067807,1789250,1578750,0.014857774745312096,0.015325,0.015325,103051000,103051000,https://find-and-update.company-information.service.gov.uk/search/companies?q=Kin+and+Carta+PLC,https://find-and-update.company-information.service.gov.uk/search/companies?q=Kin+and+Carta+PLC,1620594081,17:01:21,20210509
51,2007-01-31,KCT.L,GBP,2007-01-31,2007-01-31,Q1,106257500,80120250,26137250,0.24598028374467684,0,4746000,7170250,-5085500,10345250,97814750,1118250,6528500,14971250,0.14089593675740536,8442750,0.07945556784226995,0,6889000,0.0648330706067807,1789250,1578750,0.014857774745312096,0.015325,0.015325,103051000,103051000,https://find-and-update.company-information.service.gov.uk/search/companies?q=Kin+and+Carta+PLC,https://find-and-update.company-information.service.gov.uk/search/companies?q=Kin+and+Carta+PLC,1620594081,17:01:21,20210509
52,2006-09-30,KCT.L,GBP,2006-09-30,2006-09-30,Q3,95627500,73370000,22257500,0.23275208491281274,0,4611000,5701750,-4610500,8772500,89364250,947250,6556000,12819250,0.1340540116598259,6263250,0.06549632689341456,0,6045500,0.06321926224151003,2026000,3703500,0.03872839925753575,0.03595,0.03595,103000000,103000000,https://find-and-update.company-information.service.gov.uk/search/companies?q=Kin+and+Carta+PLC,https://find-and-update.company-information.service.gov.uk/search/companies?q=Kin+and+Carta+PLC,1620594081,17:01:21,20210509
53,2006-06-30,KCT.L,GBP,2006-06-30,2006-06-30,Q2,95627500,73370000,22257500,0.23275208491281274,0,4611000,5701750,-4610500,8772500,89364250,947250,6556000,12819250,0.1340540116598259,6263250,0.06549632689341456,0,6045500,0.06321926224151003,2026000,3703500,0.03872839925753575,0.03595,0.03595,103000000,103000000,https://find-and-update.company-information.service.gov.uk/search/companies?q=Kin+and+Carta+PLC,https://find-and-update.company-information.service.gov.uk/search/companies?q=Kin+and+Carta+PLC,1620594081,17:01:21,20210509
54,2006-03-31,KCT.L,GBP,2006-03-31,2006-03-31,Q1,95627500,73370000,22257500,0.23275208491281274,0,4611000,5701750,-4610500,8772500,89364250,947250,6556000,12819250,0.1340540116598259,6263250,0.06549632689341456,0,6045500,0.06321926224151003,2026000,3703500,0.03872839925753575,0.03595,0.03595,103000000,103000000,https://find-and-update.company-information.service.gov.uk/search/companies?q=Kin+and+Carta+PLC,https://find-and-update.company-information.service.gov.uk/search/companies?q=Kin+and+Carta+PLC,1620594081,17:01:21,20210509
55,2006-01-31,KCT.L,GBP,2006-01-31,2006-01-31,Q1,95627500,73370000,22257500,0.23275208491281274,0,4611000,5701750,-4610500,8772500,89364250,947250,6556000,12819250,0.1340540116598259,6263250,0.06549632689341456,0,6045500,0.06321926224151003,2026000,3703500,0.03872839925753575,0.03595,0.03595,103000000,103000000,https://find-and-update.company-information.service.gov.uk/search/companies?q=Kin+and+Carta+PLC,https://find-and-update.company-information.service.gov.uk/search/companies?q=Kin+and+Carta+PLC,1620594081,17:01:21,20210509
56,2005-09-30,KCT.L,GBP,2005-09-30,2005-09-30,Q3,104869250,78915250,25954000,0.247489135280361,0,0,27663250,-4168000,-28113750,86763500,758000,7425250,25531000,0.2434555410666139,18105750,0.17265070552139927,0,5059750,0.048248175704508234,2193750,2866000,0.027329269542787804,0.02785,0.027825,102900000,103000000,https://find-and-update.company-information.service.gov.uk/search/companies?q=Kin+and+Carta+PLC,https://find-and-update.company-information.service.gov.uk/search/companies?q=Kin+and+Carta+PLC,1620594081,17:01:21,20210509
57,2005-06-30,KCT.L,GBP,2005-06-30,2005-06-30,Q2,104869250,78915250,25954000,0.247489135280361,0,0,27663250,-4168000,-28113750,86763500,758000,7425250,25531000,0.2434555410666139,18105750,0.17265070552139927,0,5059750,0.048248175704508234,2193750,2866000,0.027329269542787804,0.02785,0.027825,102900000,103000000,https://find-and-update.company-information.service.gov.uk/search/companies?q=Kin+and+Carta+PLC,https://find-and-update.company-information.service.gov.uk/search/companies?q=Kin+and+Carta+PLC,1620594081,17:01:21,20210509
58,2005-03-31,KCT.L,GBP,2005-03-31,2005-03-31,Q1,104869250,78915250,25954000,0.247489135280361,0,0,27663250,-4168000,-28113750,86763500,758000,7425250,25531000,0.2434555410666139,18105750,0.17265070552139927,0,5059750,0.048248175704508234,2193750,2866000,0.027329269542787804,0.02785,0.027825,102900000,103000000,https://find-and-update.company-information.service.gov.uk/search/companies?q=Kin+and+Carta+PLC,https://find-and-update.company-information.service.gov.uk/search/companies?q=Kin+and+Carta+PLC,1620594081,17:01:21,20210509
59,2005-01-31,KCT.L,GBP,2005-01-31,2005-01-31,Q1,104869250,78915250,25954000,0.247489135280361,0,0,27663250,-4168000,-28113750,86763500,758000,7425250,25531000,0.2434555410666139,18105750,0.17265070552139927,0,5059750,0.048248175704508234,2193750,2866000,0.027329269542787804,0.02785,0.027825,102900000,103000000,https://find-and-update.company-information.service.gov.uk/search/companies?q=Kin+and+Carta+PLC,https://find-and-update.company-information.service.gov.uk/search/companies?q=Kin+and+Carta+PLC,1620594081,17:01:21,20210509
60,2004-09-30,KCT.L,GBP,2004-09-30,2004-09-30,Q3,102576000,76549000,26027000,0.2537338168772422,0,4987500,6407000,-298750,7432500,92686750,112500,7942250,17831500,0.17383695991265014,9889250,0.09640900405552956,0,3724750,0.03631210029636562,2974750,750000,0.007311651848385587,0.0073,0.0073,102783290,102783290,https://find-and-update.company-information.service.gov.uk/search/companies?q=Kin+and+Carta+PLC,https://find-and-update.company-information.service.gov.uk/search/companies?q=Kin+and+Carta+PLC,1620594081,17:01:21,20210509
61,2004-06-30,KCT.L,GBP,2004-06-30,2004-06-30,Q2,102576000,76549000,26027000,0.2537338168772422,0,4987500,6407000,-298750,7432500,92686750,112500,7942250,17831500,0.17383695991265014,9889250,0.09640900405552956,0,3724750,0.03631210029636562,2974750,750000,0.007311651848385587,0.0073,0.0073,102783290,102783290,https://find-and-update.company-information.service.gov.uk/search/companies?q=Kin+and+Carta+PLC,https://find-and-update.company-information.service.gov.uk/search/companies?q=Kin+and+Carta+PLC,1620594081,17:01:21,20210509
62,2004-03-31,KCT.L,GBP,2004-03-31,2004-03-31,Q1,102576000,76549000,26027000,0.2537338168772422,0,4987500,6407000,-298750,7432500,92686750,112500,7942250,17831500,0.17383695991265014,9889250,0.09640900405552956,0,3724750,0.03631210029636562,2974750,750000,0.007311651848385587,0.0073,0.0073,102783290,102783290,https://find-and-update.company-information.service.gov.uk/search/companies?q=Kin+and+Carta+PLC,https://find-and-update.company-information.service.gov.uk/search/companies?q=Kin+and+Carta+PLC,1620594081,17:01:21,20210509
63,2004-01-31,KCT.L,GBP,2004-01-31,2004-01-31,Q1,102576000,76549000,26027000,0.2537338168772422,0,4987500,6407000,-298750,7432500,92686750,112500,7942250,17831500,0.17383695991265014,9889250,0.09640900405552956,0,3724750,0.03631210029636562,2974750,750000,0.007311651848385587,0.0073,0.0073,102783290,102783290,https://find-and-update.company-information.service.gov.uk/search/companies?q=Kin+and+Carta+PLC,https://find-and-update.company-information.service.gov.uk/search/companies?q=Kin+and+Carta+PLC,1620594081,17:01:21,20210509
64,2003-09-30,KCT.L,GBP,2003-09-30,2003-09-30,Q3,109302750,82151500,27151250,0.24840408864369834,0,3975500,7231750,-130500,9044750,100590500,155000,8597500,17309750,0.15836518294370452,8712250,0.07970750964637212,0,8647250,0.07911283110443242,3026500,5620750,0.05142368330165527,0.05455,0.054525,103038000,103085740,https://find-and-update.company-information.service.gov.uk/search/companies?q=Kin+and+Carta+PLC,https://find-and-update.company-information.service.gov.uk/search/companies?q=Kin+and+Carta+PLC,1620594081,17:01:21,20210509
65,2003-06-30,KCT.L,GBP,2003-06-30,2003-06-30,Q2,109302750,82151500,27151250,0.24840408864369834,0,3975500,7231750,-130500,9044750,100590500,155000,8597500,17309750,0.15836518294370452,8712250,0.07970750964637212,0,8647250,0.07911283110443242,3026500,5620750,0.05142368330165527,0.05455,0.054525,103038000,103085740,https://find-and-update.company-information.service.gov.uk/search/companies?q=Kin+and+Carta+PLC,https://find-and-update.company-information.service.gov.uk/search/companies?q=Kin+and+Carta+PLC,1620594081,17:01:21,20210509
66,2003-03-31,KCT.L,GBP,2003-03-31,2003-03-31,Q1,109302750,82151500,27151250,0.24840408864369834,0,3975500,7231750,-130500,9044750,100590500,155000,8597500,17309750,0.15836518294370452,8712250,0.07970750964637212,0,8647250,0.07911283110443242,3026500,5620750,0.05142368330165527,0.05455,0.054525,103038000,103085740,https://find-and-update.company-information.service.gov.uk/search/companies?q=Kin+and+Carta+PLC,https://find-and-update.company-information.service.gov.uk/search/companies?q=Kin+and+Carta+PLC,1620594081,17:01:21,20210509
67,2003-01-31,KCT.L,GBP,2003-01-31,2003-01-31,Q1,109302750,82151500,27151250,0.24840408864369834,0,3975500,7231750,-130500,9044750,100590500,155000,8597500,17309750,0.15836518294370452,8712250,0.07970750964637212,0,8647250,0.07911283110443242,3026500,5620750,0.05142368330165527,0.05455,0.054525,103038000,103085740,https://find-and-update.company-information.service.gov.uk/search/companies?q=Kin+and+Carta+PLC,https://find-and-update.company-information.service.gov.uk/search/companies?q=Kin+and+Carta+PLC,1620594081,17:01:21,20210509
68,2002-09-30,KCT.L,GBP,2002-09-30,2002-09-30,Q3,116701500,89246500,27455000,0.23525833001289614,0,5044000,7924750,71750,9001000,107611000,268500,8461750,17552250,0.15040295111888022,9090500,0.07789531411335758,0,6069000,0.05200447295021915,2112250,3956750,0.0339048769724468,0.0385,0.0384,102800000,103000000,https://find-and-update.company-information.service.gov.uk/search/companies?q=Kin+and+Carta+PLC,https://find-and-update.company-information.service.gov.uk/search/companies?q=Kin+and+Carta+PLC,1620594081,17:01:21,20210509
69,2002-06-30,KCT.L,GBP,2002-06-30,2002-06-30,Q2,116701500,89246500,27455000,0.23525833001289614,0,5044000,7924750,71750,9001000,107611000,268500,8461750,17552250,0.15040295111888022,9090500,0.07789531411335758,0,6069000,0.05200447295021915,2112250,3956750,0.0339048769724468,0.0385,0.0384,102800000,103000000,https://find-and-update.company-information.service.gov.uk/search/companies?q=Kin+and+Carta+PLC,https://find-and-update.company-information.service.gov.uk/search/companies?q=Kin+and+Carta+PLC,1620594081,17:01:21,20210509
70,2002-03-31,KCT.L,GBP,2002-03-31,2002-03-31,Q1,116701500,89246500,27455000,0.23525833001289614,0,5044000,7924750,71750,9001000,107611000,268500,8461750,17552250,0.15040295111888022,9090500,0.07789531411335758,0,6069000,0.05200447295021915,2112250,3956750,0.0339048769724468,0.0385,0.0384,102800000,103000000,https://find-and-update.company-information.service.gov.uk/search/companies?q=Kin+and+Carta+PLC,https://find-and-update.company-information.service.gov.uk/search/companies?q=Kin+and+Carta+PLC,1620594081,17:01:21,20210509
71,2002-01-31,KCT.L,GBP,2002-01-31,2002-01-31,Q1,116701500,89246500,27455000,0.23525833001289614,0,5044000,7924750,71750,9001000,107611000,268500,8461750,17552250,0.15040295111888022,9090500,0.07789531411335758,0,6069000,0.05200447295021915,2112250,3956750,0.0339048769724468,0.0385,0.0384,102800000,103000000,https://find-and-update.company-information.service.gov.uk/search/companies?q=Kin+and+Carta+PLC,https://find-and-update.company-information.service.gov.uk/search/companies?q=Kin+and+Carta+PLC,1620594081,17:01:21,20210509
72,2001-09-30,KCT.L,GBP,2001-09-30,2001-09-30,Q3,124538500,90265750,34272750,0.27519803113093544,0,0,0,0,10418250,109609250,291000,7889000,22818250,0.18322245731239736,14929250,0.11987658434941806,0,15114750,0.1213660835805795,4657000,10457750,0.0839720247152487,0.1005,0.1,104067000,104575000,https://find-and-update.company-information.service.gov.uk/search/companies?q=Kin+and+Carta+PLC,https://find-and-update.company-information.service.gov.uk/search/companies?q=Kin+and+Carta+PLC,1620594081,17:01:21,20210509
73,2001-06-30,KCT.L,GBP,2001-06-30,2001-06-30,Q2,124538500,90265750,34272750,0.27519803113093544,0,0,0,0,10418250,109609250,291000,7889000,22818250,0.18322245731239736,14929250,0.11987658434941806,0,15114750,0.1213660835805795,4657000,10457750,0.0839720247152487,0.1005,0.1,104067000,104575000,https://find-and-update.company-information.service.gov.uk/search/companies?q=Kin+and+Carta+PLC,https://find-and-update.company-information.service.gov.uk/search/companies?q=Kin+and+Carta+PLC,1620594081,17:01:21,20210509
74,2001-03-31,KCT.L,GBP,2001-03-31,2001-03-31,Q1,124538500,90265750,34272750,0.27519803113093544,0,0,0,0,10418250,109609250,291000,7889000,22818250,0.18322245731239736,14929250,0.11987658434941806,0,15114750,0.1213660835805795,4657000,10457750,0.0839720247152487,0.1005,0.1,104067000,104575000,https://find-and-update.company-information.service.gov.uk/search/companies?q=Kin+and+Carta+PLC,https://find-and-update.company-information.service.gov.uk/search/companies?q=Kin+and+Carta+PLC,1620594081,17:01:21,20210509
75,2001-01-31,KCT.L,GBP,2001-01-31,2001-01-31,Q1,124538500,90265750,34272750,0.27519803113093544,0,0,0,0,10418250,109609250,291000,7889000,22818250,0.18322245731239736,14929250,0.11987658434941806,0,15114750,0.1213660835805795,4657000,10457750,0.0839720247152487,0.1005,0.1,104067000,104575000,https://find-and-update.company-information.service.gov.uk/search/companies?q=Kin+and+Carta+PLC,https://find-and-update.company-information.service.gov.uk/search/companies?q=Kin+and+Carta+PLC,1620594081,17:01:21,20210509
76,2000-09-30,KCT.L,GBP,2000-09-30,2000-09-30,Q3,118301750,85025250,33276500,0.28128493450012365,0,0,0,0,8848750,101780000,310750,7066500,23588250,0.1993905415600361,16521750,0.13965769737134065,0,17209750,0.1454733340800115,5335000,11874750,0.1003767907068154,0.1145,0.11325,103776000,104896000,https://find-and-update.company-information.service.gov.uk/search/companies?q=Kin+and+Carta+PLC,https://find-and-update.company-information.service.gov.uk/search/companies?q=Kin+and+Carta+PLC,1620594081,17:01:21,20210509
77,2000-06-30,KCT.L,GBP,2000-06-30,2000-06-30,Q2,118301750,85025250,33276500,0.28128493450012365,0,0,0,0,8848750,101780000,310750,7066500,23588250,0.1993905415600361,16521750,0.13965769737134065,0,17209750,0.1454733340800115,5335000,11874750,0.1003767907068154,0.1145,0.11325,103776000,104896000,https://find-and-update.company-information.service.gov.uk/search/companies?q=Kin+and+Carta+PLC,https://find-and-update.company-information.service.gov.uk/search/companies?q=Kin+and+Carta+PLC,1620594081,17:01:21,20210509
78,2000-03-31,KCT.L,GBP,2000-03-31,2000-03-31,Q1,118301750,85025250,33276500,0.28128493450012365,0,0,0,0,8848750,101780000,310750,7066500,23588250,0.1993905415600361,16521750,0.13965769737134065,0,17209750,0.1454733340800115,5335000,11874750,0.1003767907068154,0.1145,0.11325,103776000,104896000,https://find-and-update.company-information.service.gov.uk/search/companies?q=Kin+and+Carta+PLC,https://find-and-update.company-information.service.gov.uk/search/companies?q=Kin+and+Carta+PLC,1620594081,17:01:21,20210509
79,2000-01-31,KCT.L,GBP,2000-01-31,2000-01-31,Q1,118301750,85025250,33276500,0.28128493450012365,0,0,0,0,8848750,101780000,310750,7066500,23588250,0.1993905415600361,16521750,0.13965769737134065,0,17209750,0.1454733340800115,5335000,11874750,0.1003767907068154,0.1145,0.11325,103776000,104896000,https://find-and-update.company-information.service.gov.uk/search/companies?q=Kin+and+Carta+PLC,https://find-and-update.company-information.service.gov.uk/search/companies?q=Kin+and+Carta+PLC,1620594081,17:01:21,20210509
80,1999-09-30,KCT.L,GBP,1999-09-30,1999-09-30,Q3,113059250,82869250,30190000,0.2670281290562249,0,0,0,0,7512750,98422250,370500,7384250,22021250,0.19477619036036414,14637000,0.1294630912552489,0,15026250,0.13290597629119244,4763250,10263000,0.09077541200742088,0.09975,0.099,102958000,103579000,https://find-and-update.company-information.service.gov.uk/search/companies?q=Kin+and+Carta+PLC,https://find-and-update.company-information.service.gov.uk/search/companies?q=Kin+and+Carta+PLC,1620594081,17:01:21,20210509
81,1999-06-30,KCT.L,GBP,1999-06-30,1999-06-30,Q2,113059250,82869250,30190000,0.2670281290562249,0,0,0,0,7512750,98422250,370500,7384250,22021250,0.19477619036036414,14637000,0.1294630912552489,0,15026250,0.13290597629119244,4763250,10263000,0.09077541200742088,0.09975,0.099,102958000,103579000,https://find-and-update.company-information.service.gov.uk/search/companies?q=Kin+and+Carta+PLC,https://find-and-update.company-information.service.gov.uk/search/companies?q=Kin+and+Carta+PLC,1620594081,17:01:21,20210509
82,1999-03-31,KCT.L,GBP,1999-03-31,1999-03-31,Q1,113059250,82869250,30190000,0.2670281290562249,0,0,0,0,7512750,98422250,370500,7384250,22021250,0.19477619036036414,14637000,0.1294630912552489,0,15026250,0.13290597629119244,4763250,10263000,0.09077541200742088,0.09975,0.099,102958000,103579000,https://find-and-update.company-information.service.gov.uk/search/companies?q=Kin+and+Carta+PLC,https://find-and-update.company-information.service.gov.uk/search/companies?q=Kin+and+Carta+PLC,1620594081,17:01:21,20210509
83,1999-01-31,KCT.L,GBP,1999-01-31,1999-01-31,Q1,113059250,82869250,30190000,0.2670281290562249,0,0,0,0,7512750,98422250,370500,7384250,22021250,0.19477619036036414,14637000,0.1294630912552489,0,15026250,0.13290597629119244,4763250,10263000,0.09077541200742088,0.09975,0.099,102958000,103579000,https://find-and-update.company-information.service.gov.uk/search/companies?q=Kin+and+Carta+PLC,https://find-and-update.company-information.service.gov.uk/search/companies?q=Kin+and+Carta+PLC,1620594081,17:01:21,20210509
84,1998-09-30,KCT.L,GBP,1998-09-30,1998-09-30,Q3,92113250,67657500,24455750,0.2654965490849579,0,0,0,0,5629500,80006250,272000,6342500,18449500,0.20029148900945304,12107000,0.13143603118986683,0,12787250,0.13882096223941723,4052500,8734750,0.09482620578472695,0.086,0.08475,101722000,103036000,https://find-and-update.company-information.service.gov.uk/search/companies?q=Kin+and+Carta+PLC,https://find-and-update.company-information.service.gov.uk/search/companies?q=Kin+and+Carta+PLC,1620594081,17:01:21,20210509
85,1998-06-30,KCT.L,GBP,1998-06-30,1998-06-30,Q2,92113250,67657500,24455750,0.2654965490849579,0,0,0,0,5629500,80006250,272000,6342500,18449500,0.20029148900945304,12107000,0.13143603118986683,0,12787250,0.13882096223941723,4052500,8734750,0.09482620578472695,0.086,0.08475,101722000,103036000,https://find-and-update.company-information.service.gov.uk/search/companies?q=Kin+and+Carta+PLC,https://find-and-update.company-information.service.gov.uk/search/companies?q=Kin+and+Carta+PLC,1620594081,17:01:21,20210509
86,1998-03-31,KCT.L,GBP,1998-03-31,1998-03-31,Q1,92113250,67657500,24455750,0.2654965490849579,0,0,0,0,5629500,80006250,272000,6342500,18449500,0.20029148900945304,12107000,0.13143603118986683,0,12787250,0.13882096223941723,4052500,8734750,0.09482620578472695,0.086,0.08475,101722000,103036000,https://find-and-update.company-information.service.gov.uk/search/companies?q=Kin+and+Carta+PLC,https://find-and-update.company-information.service.gov.uk/search/companies?q=Kin+and+Carta+PLC,1620594081,17:01:21,20210509
87,1998-01-31,KCT.L,GBP,1998-01-31,1998-01-31,Q1,92113250,67657500,24455750,0.2654965490849579,0,0,0,0,5629500,80006250,272000,6342500,18449500,0.20029148900945304,12107000,0.13143603118986683,0,12787250,0.13882096223941723,4052500,8734750,0.09482620578472695,0.086,0.08475,101722000,103036000,https://find-and-update.company-information.service.gov.uk/search/companies?q=Kin+and+Carta+PLC,https://find-and-update.company-information.service.gov.uk/search/companies?q=Kin+and+Carta+PLC,1620594081,17:01:21,20210509
88,1997-09-30,KCT.L,GBP,1997-09-30,1997-09-30,Q3,92498750,0,92498750,1.0,0,0,0,0,73937250,80376500,329250,6079500,18201750,0.19677833484236273,12122250,0.13105312233949107,0,12371750,0.13375045608724442,3888000,8483750,0.09171745564129245,0.0845,0.0845,100554000,100554000,https://find-and-update.company-information.service.gov.uk/search/companies?q=Kin+and+Carta+PLC,https://find-and-update.company-information.service.gov.uk/search/companies?q=Kin+and+Carta+PLC,1620594081,17:01:21,20210509
89,1997-06-30,KCT.L,GBP,1997-06-30,1997-06-30,Q2,92498750,0,92498750,1.0,0,0,0,0,73937250,80376500,329250,6079500,18201750,0.19677833484236273,12122250,0.13105312233949107,0,12371750,0.13375045608724442,3888000,8483750,0.09171745564129245,0.0845,0.0845,100554000,100554000,https://find-and-update.company-information.service.gov.uk/search/companies?q=Kin+and+Carta+PLC,https://find-and-update.company-information.service.gov.uk/search/companies?q=Kin+and+Carta+PLC,1620594081,17:01:21,20210509
90,1997-03-31,KCT.L,GBP,1997-03-31,1997-03-31,Q1,92498750,0,92498750,1.0,0,0,0,0,73937250,80376500,329250,6079500,18201750,0.19677833484236273,12122250,0.13105312233949107,0,12371750,0.13375045608724442,3888000,8483750,0.09171745564129245,0.0845,0.0845,100554000,100554000,https://find-and-update.company-information.service.gov.uk/search/companies?q=Kin+and+Carta+PLC,https://find-and-update.company-information.service.gov.uk/search/companies?q=Kin+and+Carta+PLC,1620594081,17:01:21,20210509
91,1997-01-31,KCT.L,GBP,1997-01-31,1997-01-31,Q1,92498750,0,92498750,1.0,0,0,0,0,73937250,80376500,329250,6079500,18201750,0.19677833484236273,12122250,0.13105312233949107,0,12371750,0.13375045608724442,3888000,8483750,0.09171745564129245,0.0845,0.0845,100554000,100554000,https://find-and-update.company-information.service.gov.uk/search/companies?q=Kin+and+Carta+PLC,https://find-and-update.company-information.service.gov.uk/search/companies?q=Kin+and+Carta+PLC,1620594081,17:01:21,20210509
92,1996-09-30,KCT.L,GBP,1996-09-30,1996-09-30,Q3,82209750,0,82209750,1.0,0,0,0,0,66641250,72379250,119250,5509750,15340250,0.1865989131459468,9830500,0.1195782738665426,0,10558000,0.1284275891849811,3366500,7191500,0.0874774585739526,0.07175,0.07175,100096000,100096000,https://find-and-update.company-information.service.gov.uk/search/companies?q=Kin+and+Carta+PLC,https://find-and-update.company-information.service.gov.uk/search/companies?q=Kin+and+Carta+PLC,1620594081,17:01:21,20210509
93,1996-06-30,KCT.L,GBP,1996-06-30,1996-06-30,Q2,82209750,0,82209750,1.0,0,0,0,0,66641250,72379250,119250,5509750,15340250,0.1865989131459468,9830500,0.1195782738665426,0,10558000,0.1284275891849811,3366500,7191500,0.0874774585739526,0.07175,0.07175,100096000,100096000,https://find-and-update.company-information.service.gov.uk/search/companies?q=Kin+and+Carta+PLC,https://find-and-update.company-information.service.gov.uk/search/companies?q=Kin+and+Carta+PLC,1620594081,17:01:21,20210509
94,1996-03-31,KCT.L,GBP,1996-03-31,1996-03-31,Q1,82209750,0,82209750,1.0,0,0,0,0,66641250,72379250,119250,5509750,15340250,0.1865989131459468,9830500,0.1195782738665426,0,10558000,0.1284275891849811,3366500,7191500,0.0874774585739526,0.07175,0.07175,100096000,100096000,https://find-and-update.company-information.service.gov.uk/search/companies?q=Kin+and+Carta+PLC,https://find-and-update.company-information.service.gov.uk/search/companies?q=Kin+and+Carta+PLC,1620594081,17:01:21,20210509
95,1996-01-31,KCT.L,GBP,1996-01-31,1996-01-31,Q1,82209750,0,82209750,1.0,0,0,0,0,66641250,72379250,119250,5509750,15340250,0.1865989131459468,9830500,0.1195782738665426,0,10558000,0.1284275891849811,3366500,7191500,0.0874774585739526,0.07175,0.07175,100096000,100096000,https://find-and-update.company-information.service.gov.uk/search/companies?q=Kin+and+Carta+PLC,https://find-and-update.company-information.service.gov.uk/search/companies?q=Kin+and+Carta+PLC,1620594081,17:01:21,20210509
96,1995-09-30,KCT.L,GBP,1995-09-30,1995-09-30,Q3,66055750,0,66055750,1.0,0,0,0,0,53491250,57773000,56000,4232250,12515000,0.18946117484094874,8282750,0.12539029531872697,0,8884000,0.13449245523667508,2586250,6297750,0.09533992120292328,0.0635,0.0635,99319000,99319000,https://find-and-update.company-information.service.gov.uk/search/companies?q=Kin+and+Carta+PLC,https://find-and-update.company-information.service.gov.uk/search/companies?q=Kin+and+Carta+PLC,1620594081,17:01:21,20210509
97,1995-06-30,KCT.L,GBP,1995-06-30,1995-06-30,Q2,66055750,0,66055750,1.0,0,0,0,0,53491250,57773000,56000,4232250,12515000,0.18946117484094874,8282750,0.12539029531872697,0,8884000,0.13449245523667508,2586250,6297750,0.09533992120292328,0.0635,0.0635,99319000,99319000,https://find-and-update.company-information.service.gov.uk/search/companies?q=Kin+and+Carta+PLC,https://find-and-update.company-information.service.gov.uk/search/companies?q=Kin+and+Carta+PLC,1620594081,17:01:21,20210509
98,1995-03-31,KCT.L,GBP,1995-03-31,1995-03-31,Q1,66055750,0,66055750,1.0,0,0,0,0,53491250,57773000,56000,4232250,12515000,0.18946117484094874,8282750,0.12539029531872697,0,8884000,0.13449245523667508,2586250,6297750,0.09533992120292328,0.0635,0.0635,99319000,99319000,https://find-and-update.company-information.service.gov.uk/search/companies?q=Kin+and+Carta+PLC,https://find-and-update.company-information.service.gov.uk/search/companies?q=Kin+and+Carta+PLC,1620594081,17:01:21,20210509
99,1995-01-31,KCT.L,GBP,1995-01-31,1995-01-31,Q1,66055750,0,66055750,1.0,0,0,0,0,53491250,57773000,56000,4232250,12515000,0.18946117484094874,8282750,0.12539029531872697,0,8884000,0.13449245523667508,2586250,6297750,0.09533992120292328,0.0635,0.0635,99319000,99319000,https://find-and-update.company-information.service.gov.uk/search/companies?q=Kin+and+Carta+PLC,https://find-and-update.company-information.service.gov.uk/search/companies?q=Kin+and+Carta+PLC,1620594081,17:01:21,20210509
100,1994-09-30,KCT.L,GBP,1994-09-30,1994-09-30,Q3,59253500,0,0,0.0,0,0,0,0,47101250,51637500,140250,4497500,12113500,0.20443518104415773,7616000,0.1285324917515421,0,5564750,0.09391428354443197,2230500,3334250,0.05627093758174623,0.03375,0.03375,98973000,98973000,https://find-and-update.company-information.service.gov.uk/search/companies?q=Kin+and+Carta+PLC,https://find-and-update.company-information.service.gov.uk/search/companies?q=Kin+and+Carta+PLC,1620594081,17:01:21,20210509
101,1994-06-30,KCT.L,GBP,1994-06-30,1994-06-30,Q2,59253500,0,0,0.0,0,0,0,0,47101250,51637500,140250,4497500,12113500,0.20443518104415773,7616000,0.1285324917515421,0,5564750,0.09391428354443197,2230500,3334250,0.05627093758174623,0.03375,0.03375,98973000,98973000,https://find-and-update.company-information.service.gov.uk/search/companies?q=Kin+and+Carta+PLC,https://find-and-update.company-information.service.gov.uk/search/companies?q=Kin+and+Carta+PLC,1620594081,17:01:21,20210509
102,1994-03-31,KCT.L,GBP,1994-03-31,1994-03-31,Q1,59253500,0,0,0.0,0,0,0,0,47101250,51637500,140250,4497500,12113500,0.20443518104415773,7616000,0.1285324917515421,0,5564750,0.09391428354443197,2230500,3334250,0.05627093758174623,0.03375,0.03375,98973000,98973000,https://find-and-update.company-information.service.gov.uk/search/companies?q=Kin+and+Carta+PLC,https://find-and-update.company-information.service.gov.uk/search/companies?q=Kin+and+Carta+PLC,1620594081,17:01:21,20210509
103,1994-01-31,KCT.L,GBP,1994-01-31,1994-01-31,Q1,59253500,0,0,0.0,0,0,0,0,47101250,51637500,140250,4497500,12113500,0.20443518104415773,7616000,0.1285324917515421,0,5564750,0.09391428354443197,2230500,3334250,0.05627093758174623,0.03375,0.03375,98973000,98973000,https://find-and-update.company-information.service.gov.uk/search/companies?q=Kin+and+Carta+PLC,https://find-and-update.company-information.service.gov.uk/search/companies?q=Kin+and+Carta+PLC,1620594081,17:01:21,20210509
104,1993-09-30,KCT.L,GBP,1993-09-30,1993-09-30,Q3,55331500,0,55331500,1.0,0,0,0,0,46106000,50215000,370250,4070250,9186750,0.16603110344017422,5116500,0.09246993123266133,0,5515000,0.09967197708357807,1777250,3737750,0.06755193696176681,0.038,0.038,98686000,98686000,https://find-and-update.company-information.service.gov.uk/search/companies?q=Kin+and+Carta+PLC,https://find-and-update.company-information.service.gov.uk/search/companies?q=Kin+and+Carta+PLC,1620594081,17:01:21,20210509
105,1993-06-30,KCT.L,GBP,1993-06-30,1993-06-30,Q2,55331500,0,55331500,1.0,0,0,0,0,46106000,50215000,370250,4070250,9186750,0.16603110344017422,5116500,0.09246993123266133,0,5515000,0.09967197708357807,1777250,3737750,0.06755193696176681,0.038,0.038,98686000,98686000,https://find-and-update.company-information.service.gov.uk/search/companies?q=Kin+and+Carta+PLC,https://find-and-update.company-information.service.gov.uk/search/companies?q=Kin+and+Carta+PLC,1620594081,17:01:21,20210509
106,1993-03-31,KCT.L,GBP,1993-03-31,1993-03-31,Q1,55331500,0,55331500,1.0,0,0,0,0,46106000,50215000,370250,4070250,9186750,0.16603110344017422,5116500,0.09246993123266133,0,5515000,0.09967197708357807,1777250,3737750,0.06755193696176681,0.038,0.038,98686000,98686000,https://find-and-update.company-information.service.gov.uk/search/companies?q=Kin+and+Carta+PLC,https://find-and-update.company-information.service.gov.uk/search/companies?q=Kin+and+Carta+PLC,1620594081,17:01:21,20210509
107,1993-01-31,KCT.L,GBP,1993-01-31,1993-01-31,Q1,55331500,0,55331500,1.0,0,0,0,0,46106000,50215000,370250,4070250,9186750,0.16603110344017422,5116500,0.09246993123266133,0,5515000,0.09967197708357807,1777250,3737750,0.06755193696176681,0.038,0.038,98686000,98686000,https://find-and-update.company-information.service.gov.uk/search/companies?q=Kin+and+Carta+PLC,https://find-and-update.company-information.service.gov.uk/search/companies?q=Kin+and+Carta+PLC,1620594081,17:01:21,20210509
108,1992-09-30,KCT.L,GBP,1992-09-30,1992-09-30,Q3,52025250,0,0,0.0,0,0,0,0,43010750,47106250,340250,4056500,8975500,0.17252199653053085,4919000,0.09455024243035834,0,5264250,0.10118644312136896,1536500,3727750,0.07165270709895676,0.038,0.038,98328000,98328000,https://find-and-update.company-information.service.gov.uk/search/companies?q=Kin+and+Carta+PLC,https://find-and-update.company-information.service.gov.uk/search/companies?q=Kin+and+Carta+PLC,1620594081,17:01:21,20210509
109,1992-06-30,KCT.L,GBP,1992-06-30,1992-06-30,Q2,52025250,0,0,0.0,0,0,0,0,43010750,47106250,340250,4056500,8975500,0.17252199653053085,4919000,0.09455024243035834,0,5264250,0.10118644312136896,1536500,3727750,0.07165270709895676,0.038,0.038,98328000,98328000,https://find-and-update.company-information.service.gov.uk/search/companies?q=Kin+and+Carta+PLC,https://find-and-update.company-information.service.gov.uk/search/companies?q=Kin+and+Carta+PLC,1620594081,17:01:21,20210509
110,1992-03-31,KCT.L,GBP,1992-03-31,1992-03-31,Q1,52025250,0,0,0.0,0,0,0,0,43010750,47106250,340250,4056500,8975500,0.17252199653053085,4919000,0.09455024243035834,0,5264250,0.10118644312136896,1536500,3727750,0.07165270709895676,0.038,0.038,98328000,98328000,https://find-and-update.company-information.service.gov.uk/search/companies?q=Kin+and+Carta+PLC,https://find-and-update.company-information.service.gov.uk/search/companies?q=Kin+and+Carta+PLC,1620594081,17:01:21,20210509
111,1992-01-31,KCT.L,GBP,1992-01-31,1992-01-31,Q1,52025250,0,0,0.0,0,0,0,0,43010750,47106250,340250,4056500,8975500,0.17252199653053085,4919000,0.09455024243035834,0,5264250,0.10118644312136896,1536500,3727750,0.07165270709895676,0.038,0.038,98328000,98328000,https://find-and-update.company-information.service.gov.uk/search/companies?q=Kin+and+Carta+PLC,https://find-and-update.company-information.service.gov.uk/search/companies?q=Kin+and+Carta+PLC,1620594081,17:01:21,20210509
112,1991-09-30,KCT.L,GBP,1991-09-30,1991-09-30,Q3,54422250,0,54422250,1.0,0,0,0,4966250,50473000,54422250,469750,3909500,9417000,5.779149410640331,0,0.0,0,5037750,0.0925678376031862,1473250,3564500,0.06549710825994882,0.03644825,0.03644825,97796000,97796000,https://find-and-update.company-information.service.gov.uk/search/companies?q=Kin+and+Carta+PLC,https://find-and-update.company-information.service.gov.uk/search/companies?q=Kin+and+Carta+PLC,1620594081,17:01:21,20210509
113,1991-06-30,KCT.L,GBP,1991-06-30,1991-06-30,Q2,54422250,0,54422250,1.0,0,0,0,4966250,50473000,54422250,469750,3909500,9417000,5.779149410640331,0,0.0,0,5037750,0.0925678376031862,1473250,3564500,0.06549710825994882,0.03644825,0.03644825,97796000,97796000,https://find-and-update.company-information.service.gov.uk/search/companies?q=Kin+and+Carta+PLC,https://find-and-update.company-information.service.gov.uk/search/companies?q=Kin+and+Carta+PLC,1620594081,17:01:21,20210509
114,1991-03-31,KCT.L,GBP,1991-03-31,1991-03-31,Q1,54422250,0,54422250,1.0,0,0,0,4966250,50473000,54422250,469750,3909500,9417000,5.779149410640331,0,0.0,0,5037750,0.0925678376031862,1473250,3564500,0.06549710825994882,0.03644825,0.03644825,97796000,97796000,https://find-and-update.company-information.service.gov.uk/search/companies?q=Kin+and+Carta+PLC,https://find-and-update.company-information.service.gov.uk/search/companies?q=Kin+and+Carta+PLC,1620594081,17:01:21,20210509
115,1991-01-31,KCT.L,GBP,1991-01-31,1991-01-31,Q1,54422250,0,54422250,1.0,0,0,0,4966250,50473000,54422250,469750,3909500,9417000,5.779149410640331,0,0.0,0,5037750,0.0925678376031862,1473250,3564500,0.06549710825994882,0.03644825,0.03644825,97796000,97796000,https://find-and-update.company-information.service.gov.uk/search/companies?q=Kin+and+Carta+PLC,https://find-and-update.company-information.service.gov.uk/search/companies?q=Kin+and+Carta+PLC,1620594081,17:01:21,20210509
116,1990-09-30,KCT.L,GBP,1990-09-30,1990-09-30,Q3,56579000,0,56579000,1.0,0,0,0,7212250,53131000,56579000,311000,3416250,10995000,5.145884492951342,0,0.0,0,7267750,0.1284531363226639,2435500,2965250,0.05240902101486417,0.0303475,0.0303475,97710000,97710000,https://find-and-update.company-information.service.gov.uk/search/companies?q=Kin+and+Carta+PLC,https://find-and-update.company-information.service.gov.uk/search/companies?q=Kin+and+Carta+PLC,1620594081,17:01:21,20210509
117,1990-06-30,KCT.L,GBP,1990-06-30,1990-06-30,Q2,56579000,0,56579000,1.0,0,0,0,7212250,53131000,56579000,311000,3416250,10995000,5.145884492951342,0,0.0,0,7267750,0.1284531363226639,2435500,2965250,0.05240902101486417,0.0303475,0.0303475,97710000,97710000,https://find-and-update.company-information.service.gov.uk/search/companies?q=Kin+and+Carta+PLC,https://find-and-update.company-information.service.gov.uk/search/companies?q=Kin+and+Carta+PLC,1620594081,17:01:21,20210509
118,1990-03-31,KCT.L,GBP,1990-03-31,1990-03-31,Q1,56579000,0,56579000,1.0,0,0,0,7212250,53131000,56579000,311000,3416250,10995000,5.145884492951342,0,0.0,0,7267750,0.1284531363226639,2435500,2965250,0.05240902101486417,0.0303475,0.0303475,97710000,97710000,https://find-and-update.company-information.service.gov.uk/search/companies?q=Kin+and+Carta+PLC,https://find-and-update.company-information.service.gov.uk/search/companies?q=Kin+and+Carta+PLC,1620594081,17:01:21,20210509
119,1990-01-31,KCT.L,GBP,1990-01-31,1990-01-31,Q1,56579000,0,56579000,1.0,0,0,0,7212250,53131000,56579000,311000,3416250,10995000,5.145884492951342,0,0.0,0,7267750,0.1284531363226639,2435500,2965250,0.05240902101486417,0.0303475,0.0303475,97710000,97710000,https://find-and-update.company-information.service.gov.uk/search/companies?q=Kin+and+Carta+PLC,https://find-and-update.company-information.service.gov.uk/search/companies?q=Kin+and+Carta+PLC,1620594081,17:01:21,20210509
120,1989-09-30,KCT.L,GBP,1989-09-30,1989-09-30,Q3,45397500,0,45397500,1.0,0,0,0,6704250,42737000,45397500,22500,2642500,9840500,4.613332655860983,0,0.0,0,7175500,0.1580593645024506,2310000,4865500,0.10717550525910018,0.04973425,0.04973425,97830000,97830000,https://find-and-update.company-information.service.gov.uk/search/companies?q=Kin+and+Carta+PLC,https://find-and-update.company-information.service.gov.uk/search/companies?q=Kin+and+Carta+PLC,1620594081,17:01:21,20210509
121,1989-06-30,KCT.L,GBP,1989-06-30,1989-06-30,Q2,45397500,0,45397500,1.0,0,0,0,6704250,42737000,45397500,22500,2642500,9840500,4.613332655860983,0,0.0,0,7175500,0.1580593645024506,2310000,4865500,0.10717550525910018,0.04973425,0.04973425,97830000,97830000,https://find-and-update.company-information.service.gov.uk/search/companies?q=Kin+and+Carta+PLC,https://find-and-update.company-information.service.gov.uk/search/companies?q=Kin+and+Carta+PLC,1620594081,17:01:21,20210509
122,1989-03-31,KCT.L,GBP,1989-03-31,1989-03-31,Q1,45397500,0,45397500,1.0,0,0,0,6704250,42737000,45397500,22500,2642500,9840500,4.613332655860983,0,0.0,0,7175500,0.1580593645024506,2310000,4865500,0.10717550525910018,0.04973425,0.04973425,97830000,97830000,https://find-and-update.company-information.service.gov.uk/search/companies?q=Kin+and+Carta+PLC,https://find-and-update.company-information.service.gov.uk/search/companies?q=Kin+and+Carta+PLC,1620594081,17:01:21,20210509
123,1989-01-31,KCT.L,GBP,1989-01-31,1989-01-31,Q1,45397500,0,45397500,1.0,0,0,0,6704250,42737000,45397500,22500,2642500,9840500,4.613332655860983,0,0.0,0,7175500,0.1580593645024506,2310000,4865500,0.10717550525910018,0.04973425,0.04973425,97830000,97830000,https://find-and-update.company-information.service.gov.uk/search/companies?q=Kin+and+Carta+PLC,https://find-and-update.company-information.service.gov.uk/search/companies?q=Kin+and+Carta+PLC,1620594081,17:01:21,20210509
124,1988-09-30,KCT.L,GBP,1988-09-30,1988-09-30,Q3,41833500,0,0,0.0,0,0,0,0,39750750,41833500,11500,2053750,7824500,5.346475813151,0,0.0,0,5759250,0.13767076625192728,1752750,4006500,0.09577252680268206,0.06432525,0.06432525,62285000,62285000,https://find-and-update.company-information.service.gov.uk/search/companies?q=Kin+and+Carta+PLC,https://find-and-update.company-information.service.gov.uk/search/companies?q=Kin+and+Carta+PLC,1620594081,17:01:21,20210509
125,1988-06-30,KCT.L,GBP,1988-06-30,1988-06-30,Q2,41833500,0,0,0.0,0,0,0,0,39750750,41833500,11500,2053750,7824500,5.346475813151,0,0.0,0,5759250,0.13767076625192728,1752750,4006500,0.09577252680268206,0.06432525,0.06432525,62285000,62285000,https://find-and-update.company-information.service.gov.uk/search/companies?q=Kin+and+Carta+PLC,https://find-and-update.company-information.service.gov.uk/search/companies?q=Kin+and+Carta+PLC,1620594081,17:01:21,20210509
126,1988-03-31,KCT.L,GBP,1988-03-31,1988-03-31,Q1,41833500,0,0,0.0,0,0,0,0,39750750,41833500,11500,2053750,7824500,5.346475813151,0,0.0,0,5759250,0.13767076625192728,1752750,4006500,0.09577252680268206,0.06432525,0.06432525,62285000,62285000,https://find-and-update.company-information.service.gov.uk/search/companies?q=Kin+and+Carta+PLC,https://find-and-update.company-information.service.gov.uk/search/companies?q=Kin+and+Carta+PLC,1620594081,17:01:21,20210509
127,1988-01-31,KCT.L,GBP,1988-01-31,1988-01-31,Q1,41833500,0,0,0.0,0,0,0,0,39750750,41833500,11500,2053750,7824500,5.346475813151,0,0.0,0,5759250,0.13767076625192728,1752750,4006500,0.09577252680268206,0.06432525,0.06432525,62285000,62285000,https://find-and-update.company-information.service.gov.uk/search/companies?q=Kin+and+Carta+PLC,https://find-and-update.company-information.service.gov.uk/search/companies?q=Kin+and+Carta+PLC,1620594081,17:01:21,20210509
128,1987-09-30,KCT.L,GBP,1987-09-30,1987-09-30,Q3,24021000,0,24021000,1.0,0,0,0,3535000,22730750,24021000,109250,1280750,4831750,4.971490660733688,0,0.0,0,3441750,0.14328087923067315,1111750,2526750,0.10518920944173848,0.04352725,0.04352725,58050000,58050000,https://find-and-update.company-information.service.gov.uk/search/companies?q=Kin+and+Carta+PLC,https://find-and-update.company-information.service.gov.uk/search/companies?q=Kin+and+Carta+PLC,1620594081,17:01:21,20210509
129,1987-06-30,KCT.L,GBP,1987-06-30,1987-06-30,Q2,24021000,0,24021000,1.0,0,0,0,3535000,22730750,24021000,109250,1280750,4831750,4.971490660733688,0,0.0,0,3441750,0.14328087923067315,1111750,2526750,0.10518920944173848,0.04352725,0.04352725,58050000,58050000,https://find-and-update.company-information.service.gov.uk/search/companies?q=Kin+and+Carta+PLC,https://find-and-update.company-information.service.gov.uk/search/companies?q=Kin+and+Carta+PLC,1620594081,17:01:21,20210509
130,1987-03-31,KCT.L,GBP,1987-03-31,1987-03-31,Q1,24021000,0,24021000,1.0,0,0,0,3535000,22730750,24021000,109250,1280750,4831750,4.971490660733688,0,0.0,0,3441750,0.14328087923067315,1111750,2526750,0.10518920944173848,0.04352725,0.04352725,58050000,58050000,https://find-and-update.company-information.service.gov.uk/search/companies?q=Kin+and+Carta+PLC,https://find-and-update.company-information.service.gov.uk/search/companies?q=Kin+and+Carta+PLC,1620594081,17:01:21,20210509
131,1987-01-31,KCT.L,GBP,1987-01-31,1987-01-31,Q1,24021000,0,24021000,1.0,0,0,0,3535000,22730750,24021000,109250,1280750,4831750,4.971490660733688,0,0.0,0,3441750,0.14328087923067315,1111750,2526750,0.10518920944173848,0.04352725,0.04352725,58050000,58050000,https://find-and-update.company-information.service.gov.uk/search/companies?q=Kin+and+Carta+PLC,https://find-and-update.company-information.service.gov.uk/search/companies?q=Kin+and+Carta+PLC,1620594081,17:01:21,20210509
132,1986-09-30,KCT.L,GBP,1986-09-30,1986-09-30,Q3,17353750,0,17353750,1.0,0,0,0,2295500,16564750,17353750,199750,783000,3095000,5.60702746365105,0,0.0,0,2112250,0.1217172080962328,786750,1149500,0.06623928545703378,0.0158595,0.0158595,72480000,72480000,https://find-and-update.company-information.service.gov.uk/search/companies?q=Kin+and+Carta+PLC,https://find-and-update.company-information.service.gov.uk/search/companies?q=Kin+and+Carta+PLC,1620594081,17:01:21,20210509
133,1986-06-30,KCT.L,GBP,1986-06-30,1986-06-30,Q2,17353750,0,17353750,1.0,0,0,0,2295500,16564750,17353750,199750,783000,3095000,5.60702746365105,0,0.0,0,2112250,0.1217172080962328,786750,1149500,0.06623928545703378,0.0158595,0.0158595,72480000,72480000,https://find-and-update.company-information.service.gov.uk/search/companies?q=Kin+and+Carta+PLC,https://find-and-update.company-information.service.gov.uk/search/companies?q=Kin+and+Carta+PLC,1620594081,17:01:21,20210509
134,1986-03-31,KCT.L,GBP,1986-03-31,1986-03-31,Q1,17353750,0,17353750,1.0,0,0,0,2295500,16564750,17353750,199750,783000,3095000,5.60702746365105,0,0.0,0,2112250,0.1217172080962328,786750,1149500,0.06623928545703378,0.0158595,0.0158595,72480000,72480000,https://find-and-update.company-information.service.gov.uk/search/companies?q=Kin+and+Carta+PLC,https://find-and-update.company-information.service.gov.uk/search/companies?q=Kin+and+Carta+PLC,1620594081,17:01:21,20210509
135,1986-01-31,KCT.L,GBP,1986-01-31,1986-01-31,Q1,17353750,0,17353750,1.0,0,0,0,2295500,16564750,17353750,199750,783000,3095000,5.60702746365105,0,0.0,0,2112250,0.1217172080962328,786750,1149500,0.06623928545703378,0.0158595,0.0158595,72480000,72480000,https://find-and-update.company-information.service.gov.uk/search/companies?q=Kin+and+Carta+PLC,https://find-and-update.company-information.service.gov.uk/search/companies?q=Kin+and+Carta+PLC,1620594081,17:01:21,20210509
