,date,symbol,reportedCurrency,fillingDate,acceptedDate,period,revenue,costOfRevenue,grossProfit,grossProfitRatio,researchAndDevelopmentExpenses,generalAndAdministrativeExpenses,sellingAndMarketingExpenses,otherExpenses,operatingExpenses,costAndExpenses,interestExpense,depreciationAndAmortization,ebitda,ebitdaratio,operatingIncome,operatingIncomeRatio,totalOtherIncomeExpensesNet,incomeBeforeTax,incomeBeforeTaxRatio,incomeTaxExpense,netIncome,netIncomeRatio,eps,epsdiluted,weightedAverageShsOut,weightedAverageShsOutDil,link,finalLink,timestamp,est_time,est_date
0,2020-09-30,MTVW.L,GBP,2020-09-30,2020-09-30,Q3,16218250.0,5879750.0,10338500.0,0.6374608851139919,0.0,1407500.0,0.0,0.0,0.0,7287250.0,247000.0,16000.0,8947000.0,0.5516624789974257,8931000.0,0.5506759360596859,0.0,8735250.0,0.5386061998057744,1661250.0,7074000.0,0.43617529634824964,1.8142155095165529,1.8142155095165529,3899206.0,3899206.0,https://find-and-update.company-information.service.gov.uk/search/companies?q=Mountview+Estates+PLC,https://find-and-update.company-information.service.gov.uk/search/companies?q=Mountview+Estates+PLC,1620595397,17:23:17,20210509
1,2020-06-30,MTVW.L,GBP,2020-06-30,2020-06-30,Q2,16218250.0,5879750.0,10338500.0,0.6374608851139919,0.0,1407500.0,0.0,0.0,0.0,7287250.0,247000.0,16000.0,8947000.0,0.5516624789974257,8931000.0,0.5506759360596859,0.0,8735250.0,0.5386061998057744,1661250.0,7074000.0,0.43617529634824964,1.8142155095165529,1.8142155095165529,3899206.0,3899206.0,https://find-and-update.company-information.service.gov.uk/search/companies?q=Mountview+Estates+PLC,https://find-and-update.company-information.service.gov.uk/search/companies?q=Mountview+Estates+PLC,1620595397,17:23:17,20210509
2,2020-03-31,MTVW.L,GBP,2020-03-31,2020-03-31,Q1,16218250.0,5879750.0,10338500.0,0.6374608851139919,0.0,1407500.0,0.0,0.0,0.0,7287250.0,247000.0,16000.0,8947000.0,0.5516624789974257,8931000.0,0.5506759360596859,0.0,8735250.0,0.5386061998057744,1661250.0,7074000.0,0.43617529634824964,1.8142155095165529,1.8142155095165529,3899206.0,3899206.0,https://find-and-update.company-information.service.gov.uk/search/companies?q=Mountview+Estates+PLC,https://find-and-update.company-information.service.gov.uk/search/companies?q=Mountview+Estates+PLC,1620595397,17:23:17,20210509
3,2020-01-31,MTVW.L,GBP,2020-01-31,2020-01-31,Q1,16218250.0,5879750.0,10338500.0,0.6374608851139919,0.0,1407500.0,0.0,0.0,0.0,7287250.0,247000.0,16000.0,8947000.0,0.5516624789974257,8931000.0,0.5506759360596859,0.0,8735250.0,0.5386061998057744,1661250.0,7074000.0,0.43617529634824964,1.8142155095165529,1.8142155095165529,3899206.0,3899206.0,https://find-and-update.company-information.service.gov.uk/search/companies?q=Mountview+Estates+PLC,https://find-and-update.company-information.service.gov.uk/search/companies?q=Mountview+Estates+PLC,1620595397,17:23:17,20210509
4,2019-06-30,MTVW.L,GBP,2019-06-30,2019-06-30,Q2,16357000.0,6156750.0,10200250.0,0.6236015161704469,0.0,1360500.0,0.0,0.0,0.0,7517250.0,269750.0,15250.0,8855000.0,0.5413584398117014,8839750.0,0.540426117258666,0.0,8641750.0,0.5283212080454851,1639750.0,7002000.0,0.42807360762976093,1.79575,1.79575,3899206.0,3899206.0,https://find-and-update.company-information.service.gov.uk/search/companies?q=Mountview+Estates+PLC,https://find-and-update.company-information.service.gov.uk/search/companies?q=Mountview+Estates+PLC,1620595397,17:23:17,20210509
5,2019-03-31,MTVW.L,GBP,2019-03-31,2019-03-31,Q1,16357000.0,6156750.0,10200250.0,0.6236015161704469,0.0,1360500.0,0.0,0.0,0.0,7517250.0,269750.0,15250.0,8855000.0,0.5413584398117014,8839750.0,0.540426117258666,0.0,8641750.0,0.5283212080454851,1639750.0,7002000.0,0.42807360762976093,1.79575,1.79575,3899206.0,3899206.0,https://find-and-update.company-information.service.gov.uk/search/companies?q=Mountview+Estates+PLC,https://find-and-update.company-information.service.gov.uk/search/companies?q=Mountview+Estates+PLC,1620595397,17:23:17,20210509
6,2019-01-31,MTVW.L,GBP,2019-01-31,2019-01-31,Q1,16357000.0,6156750.0,10200250.0,0.6236015161704469,0.0,1360500.0,0.0,0.0,0.0,7517250.0,269750.0,15250.0,8855000.0,0.5413584398117014,8839750.0,0.540426117258666,0.0,8641750.0,0.5283212080454851,1639750.0,7002000.0,0.42807360762976093,1.79575,1.79575,3899206.0,3899206.0,https://find-and-update.company-information.service.gov.uk/search/companies?q=Mountview+Estates+PLC,https://find-and-update.company-information.service.gov.uk/search/companies?q=Mountview+Estates+PLC,1620595397,17:23:17,20210509
7,2018-06-30,MTVW.L,GBP,2018-06-30,2018-06-30,Q2,17568000.0,6728750.0,10839250.0,0.6169882741347905,0.0,1376750.0,0.0,0.0,0.0,8105500.0,178500.0,16500.0,9479000.0,0.5395605646630237,9462500.0,0.5386213570127505,0.0,9226250.0,0.5251736111111112,1756000.0,7470250.0,0.4252191484517304,1.916,1.916,3898877.0,3898877.0,https://find-and-update.company-information.service.gov.uk/search/companies?q=Mountview+Estates+PLC,https://find-and-update.company-information.service.gov.uk/search/companies?q=Mountview+Estates+PLC,1620595397,17:23:17,20210509
8,2018-03-31,MTVW.L,GBP,2018-03-31,2018-03-31,Q1,17568000.0,6728750.0,10839250.0,0.6169882741347905,0.0,1376750.0,0.0,0.0,0.0,8105500.0,178500.0,16500.0,9479000.0,0.5395605646630237,9462500.0,0.5386213570127505,0.0,9226250.0,0.5251736111111112,1756000.0,7470250.0,0.4252191484517304,1.916,1.916,3898877.0,3898877.0,https://find-and-update.company-information.service.gov.uk/search/companies?q=Mountview+Estates+PLC,https://find-and-update.company-information.service.gov.uk/search/companies?q=Mountview+Estates+PLC,1620595397,17:23:17,20210509
9,2018-01-31,MTVW.L,GBP,2018-01-31,2018-01-31,Q1,17568000.0,6728750.0,10839250.0,0.6169882741347905,0.0,1376750.0,0.0,0.0,0.0,8105500.0,178500.0,16500.0,9479000.0,0.5395605646630237,9462500.0,0.5386213570127505,0.0,9226250.0,0.5251736111111112,1756000.0,7470250.0,0.4252191484517304,1.916,1.916,3898877.0,3898877.0,https://find-and-update.company-information.service.gov.uk/search/companies?q=Mountview+Estates+PLC,https://find-and-update.company-information.service.gov.uk/search/companies?q=Mountview+Estates+PLC,1620595397,17:23:17,20210509
10,2017-06-30,MTVW.L,GBP,2017-06-30,2017-06-30,Q2,19558000.0,6544000.0,13014000.0,0.6654054606810512,0.0,1307750.0,0.0,0.0,0.0,7851750.0,204750.0,19750.0,11726000.0,0.5995500562429696,11706250.0,0.5985402392882708,0.0,11246500.0,0.5750332344820533,2190250.0,9056250.0,0.4630458124552613,2.32275,2.32275,3898934.0,3898934.0,https://find-and-update.company-information.service.gov.uk/search/companies?q=Mountview+Estates+PLC,https://find-and-update.company-information.service.gov.uk/search/companies?q=Mountview+Estates+PLC,1620595397,17:23:17,20210509
11,2017-03-31,MTVW.L,GBP,2017-03-31,2017-03-31,Q1,19558000.0,6544000.0,13014000.0,0.6654054606810512,0.0,1307750.0,0.0,0.0,0.0,7851750.0,204750.0,19750.0,11726000.0,0.5995500562429696,11706250.0,0.5985402392882708,0.0,11246500.0,0.5750332344820533,2190250.0,9056250.0,0.4630458124552613,2.32275,2.32275,3898934.0,3898934.0,https://find-and-update.company-information.service.gov.uk/search/companies?q=Mountview+Estates+PLC,https://find-and-update.company-information.service.gov.uk/search/companies?q=Mountview+Estates+PLC,1620595397,17:23:17,20210509
12,2017-01-31,MTVW.L,GBP,2017-01-31,2017-01-31,Q1,19558000.0,6544000.0,13014000.0,0.6654054606810512,0.0,1307750.0,0.0,0.0,0.0,7851750.0,204750.0,19750.0,11726000.0,0.5995500562429696,11706250.0,0.5985402392882708,0.0,11246500.0,0.5750332344820533,2190250.0,9056250.0,0.4630458124552613,2.32275,2.32275,3898934.0,3898934.0,https://find-and-update.company-information.service.gov.uk/search/companies?q=Mountview+Estates+PLC,https://find-and-update.company-information.service.gov.uk/search/companies?q=Mountview+Estates+PLC,1620595397,17:23:17,20210509
13,2016-06-30,MTVW.L,GBP,2016-06-30,2016-06-30,Q2,19941250.0,6687750.0,13253500.0,0.6646273428195324,0.0,1287000.0,0.0,0.0,0.0,7974750.0,294750.0,28250.0,11994750.0,0.6015044192314926,11966500.0,0.6000877577885038,0.0,12097000.0,0.6066319814454961,2419000.0,9678000.0,0.4853256440794835,2.48225,2.48225,3898882.0,3898882.0,https://find-and-update.company-information.service.gov.uk/search/companies?q=Mountview+Estates+PLC,https://find-and-update.company-information.service.gov.uk/search/companies?q=Mountview+Estates+PLC,1620595397,17:23:17,20210509
14,2016-03-31,MTVW.L,GBP,2016-03-31,2016-03-31,Q1,19941250.0,6687750.0,13253500.0,0.6646273428195324,0.0,1287000.0,0.0,0.0,0.0,7974750.0,294750.0,28250.0,11994750.0,0.6015044192314926,11966500.0,0.6000877577885038,0.0,12097000.0,0.6066319814454961,2419000.0,9678000.0,0.4853256440794835,2.48225,2.48225,3898882.0,3898882.0,https://find-and-update.company-information.service.gov.uk/search/companies?q=Mountview+Estates+PLC,https://find-and-update.company-information.service.gov.uk/search/companies?q=Mountview+Estates+PLC,1620595397,17:23:17,20210509
15,2016-01-31,MTVW.L,GBP,2016-01-31,2016-01-31,Q1,19941250.0,6687750.0,13253500.0,0.6646273428195324,0.0,1287000.0,0.0,0.0,0.0,7974750.0,294750.0,28250.0,11994750.0,0.6015044192314926,11966500.0,0.6000877577885038,0.0,12097000.0,0.6066319814454961,2419000.0,9678000.0,0.4853256440794835,2.48225,2.48225,3898882.0,3898882.0,https://find-and-update.company-information.service.gov.uk/search/companies?q=Mountview+Estates+PLC,https://find-and-update.company-information.service.gov.uk/search/companies?q=Mountview+Estates+PLC,1620595397,17:23:17,20210509
16,2015-09-30,MTVW.L,GBP,2015-09-30,2015-09-30,Q3,17832750.0,6155250.0,11677500.0,0.6548345039323716,0.0,1263750.0,0.0,0.0,0.0,7419000.0,434000.0,35000.0,10448750.0,0.5859303809003098,10413750.0,0.5839676998780334,0.0,9994000.0,0.5604295467608753,2039750.0,7954250.0,0.44604730061263687,2.04,2.04,3899142.0,3899142.0,https://find-and-update.company-information.service.gov.uk/search/companies?q=Mountview+Estates+PLC,https://find-and-update.company-information.service.gov.uk/search/companies?q=Mountview+Estates+PLC,1620595397,17:23:17,20210509
17,2015-06-30,MTVW.L,GBP,2015-06-30,2015-06-30,Q2,17832750.0,6155250.0,11677500.0,0.6548345039323716,0.0,1263750.0,0.0,0.0,0.0,7419000.0,434000.0,35000.0,10448750.0,0.5859303809003098,10413750.0,0.5839676998780334,0.0,9994000.0,0.5604295467608753,2039750.0,7954250.0,0.44604730061263687,2.04,2.04,3899142.0,3899142.0,https://find-and-update.company-information.service.gov.uk/search/companies?q=Mountview+Estates+PLC,https://find-and-update.company-information.service.gov.uk/search/companies?q=Mountview+Estates+PLC,1620595397,17:23:17,20210509
18,2015-03-31,MTVW.L,GBP,2015-03-31,2015-03-31,Q1,17832750.0,6155250.0,11677500.0,0.6548345039323716,0.0,1263750.0,0.0,0.0,0.0,7419000.0,434000.0,35000.0,10448750.0,0.5859303809003098,10413750.0,0.5839676998780334,0.0,9994000.0,0.5604295467608753,2039750.0,7954250.0,0.44604730061263687,2.04,2.04,3899142.0,3899142.0,https://find-and-update.company-information.service.gov.uk/search/companies?q=Mountview+Estates+PLC,https://find-and-update.company-information.service.gov.uk/search/companies?q=Mountview+Estates+PLC,1620595397,17:23:17,20210509
19,2015-01-31,MTVW.L,GBP,2015-01-31,2015-01-31,Q1,17832750.0,6155250.0,11677500.0,0.6548345039323716,0.0,1263750.0,0.0,0.0,0.0,7419000.0,434000.0,35000.0,10448750.0,0.5859303809003098,10413750.0,0.5839676998780334,0.0,9994000.0,0.5604295467608753,2039750.0,7954250.0,0.44604730061263687,2.04,2.04,3899142.0,3899142.0,https://find-and-update.company-information.service.gov.uk/search/companies?q=Mountview+Estates+PLC,https://find-and-update.company-information.service.gov.uk/search/companies?q=Mountview+Estates+PLC,1620595397,17:23:17,20210509
20,2014-09-30,MTVW.L,GBP,2014-09-30,2014-09-30,Q3,16537500.0,6888750.0,9648750.0,0.5834467120181406,0.0,1064000.0,0.0,0.0,0.0,7952750.0,586000.0,34500.0,8619250.0,0.5211942554799698,8584750.0,0.5191080876795162,0.0,8848500.0,0.5350566893424036,1738000.0,7110500.0,0.4299622071050642,1.82375,1.82375,3898835.0,3898835.0,https://find-and-update.company-information.service.gov.uk/search/companies?q=Mountview+Estates+PLC,https://find-and-update.company-information.service.gov.uk/search/companies?q=Mountview+Estates+PLC,1620595397,17:23:17,20210509
21,2014-06-30,MTVW.L,GBP,2014-06-30,2014-06-30,Q2,16537500.0,6888750.0,9648750.0,0.5834467120181406,0.0,1064000.0,0.0,0.0,0.0,7952750.0,586000.0,34500.0,8619250.0,0.5211942554799698,8584750.0,0.5191080876795162,0.0,8848500.0,0.5350566893424036,1738000.0,7110500.0,0.4299622071050642,1.82375,1.82375,3898835.0,3898835.0,https://find-and-update.company-information.service.gov.uk/search/companies?q=Mountview+Estates+PLC,https://find-and-update.company-information.service.gov.uk/search/companies?q=Mountview+Estates+PLC,1620595397,17:23:17,20210509
22,2014-03-31,MTVW.L,GBP,2014-03-31,2014-03-31,Q1,16537500.0,6888750.0,9648750.0,0.5834467120181406,0.0,1064000.0,0.0,0.0,0.0,7952750.0,586000.0,34500.0,8619250.0,0.5211942554799698,8584750.0,0.5191080876795162,0.0,8848500.0,0.5350566893424036,1738000.0,7110500.0,0.4299622071050642,1.82375,1.82375,3898835.0,3898835.0,https://find-and-update.company-information.service.gov.uk/search/companies?q=Mountview+Estates+PLC,https://find-and-update.company-information.service.gov.uk/search/companies?q=Mountview+Estates+PLC,1620595397,17:23:17,20210509
23,2014-01-31,MTVW.L,GBP,2014-01-31,2014-01-31,Q1,16537500.0,6888750.0,9648750.0,0.5834467120181406,0.0,1064000.0,0.0,0.0,0.0,7952750.0,586000.0,34500.0,8619250.0,0.5211942554799698,8584750.0,0.5191080876795162,0.0,8848500.0,0.5350566893424036,1738000.0,7110500.0,0.4299622071050642,1.82375,1.82375,3898835.0,3898835.0,https://find-and-update.company-information.service.gov.uk/search/companies?q=Mountview+Estates+PLC,https://find-and-update.company-information.service.gov.uk/search/companies?q=Mountview+Estates+PLC,1620595397,17:23:17,20210509
24,2013-09-30,MTVW.L,GBP,2013-09-30,2013-09-30,Q3,14161500.0,5726500.0,8435000.0,0.5956289941037319,0.0,939750.0,0.0,0.0,0.0,6666250.0,1075500.0,40750.0,7536000.0,0.5321470183243301,7495250.0,0.5292694982876108,0.0,7232000.0,0.510680365780461,1695750.0,5536250.0,0.39093669455919217,1.42,1.42,3898768.0,3898768.0,https://find-and-update.company-information.service.gov.uk/search/companies?q=Mountview+Estates+PLC,https://find-and-update.company-information.service.gov.uk/search/companies?q=Mountview+Estates+PLC,1620595397,17:23:17,20210509
25,2013-06-30,MTVW.L,GBP,2013-06-30,2013-06-30,Q2,14161500.0,5726500.0,8435000.0,0.5956289941037319,0.0,939750.0,0.0,0.0,0.0,6666250.0,1075500.0,40750.0,7536000.0,0.5321470183243301,7495250.0,0.5292694982876108,0.0,7232000.0,0.510680365780461,1695750.0,5536250.0,0.39093669455919217,1.42,1.42,3898768.0,3898768.0,https://find-and-update.company-information.service.gov.uk/search/companies?q=Mountview+Estates+PLC,https://find-and-update.company-information.service.gov.uk/search/companies?q=Mountview+Estates+PLC,1620595397,17:23:17,20210509
26,2013-03-31,MTVW.L,GBP,2013-03-31,2013-03-31,Q1,14161500.0,5726500.0,8435000.0,0.5956289941037319,0.0,939750.0,0.0,0.0,0.0,6666250.0,1075500.0,40750.0,7536000.0,0.5321470183243301,7495250.0,0.5292694982876108,0.0,7232000.0,0.510680365780461,1695750.0,5536250.0,0.39093669455919217,1.42,1.42,3898768.0,3898768.0,https://find-and-update.company-information.service.gov.uk/search/companies?q=Mountview+Estates+PLC,https://find-and-update.company-information.service.gov.uk/search/companies?q=Mountview+Estates+PLC,1620595397,17:23:17,20210509
27,2013-01-31,MTVW.L,GBP,2013-01-31,2013-01-31,Q1,14161500.0,5726500.0,8435000.0,0.5956289941037319,0.0,939750.0,0.0,0.0,0.0,6666250.0,1075500.0,40750.0,7536000.0,0.5321470183243301,7495250.0,0.5292694982876108,0.0,7232000.0,0.510680365780461,1695750.0,5536250.0,0.39093669455919217,1.42,1.42,3898768.0,3898768.0,https://find-and-update.company-information.service.gov.uk/search/companies?q=Mountview+Estates+PLC,https://find-and-update.company-information.service.gov.uk/search/companies?q=Mountview+Estates+PLC,1620595397,17:23:17,20210509
28,2012-09-30,MTVW.L,GBP,2012-09-30,2012-09-30,Q3,10732750.0,3935250.0,6797500.0,0.6333418741701801,0.0,822250.0,0.0,2160250.0,3494750.0,7471500.0,1008250.0,41500.0,3302750.0,0.307726351587431,3261250.0,0.3038596818150055,0.0,5701250.0,0.5312012298805059,1337500.0,4363750.0,0.40658265588968345,1.11925,1.11925,3899014.0,3899014.0,https://find-and-update.company-information.service.gov.uk/search/companies?q=Mountview+Estates+PLC,https://find-and-update.company-information.service.gov.uk/search/companies?q=Mountview+Estates+PLC,1620595397,17:23:17,20210509
29,2012-06-30,MTVW.L,GBP,2012-06-30,2012-06-30,Q2,10732750.0,3935250.0,6797500.0,0.6333418741701801,0.0,822250.0,0.0,2160250.0,3494750.0,7471500.0,1008250.0,41500.0,3302750.0,0.307726351587431,3261250.0,0.3038596818150055,0.0,5701250.0,0.5312012298805059,1337500.0,4363750.0,0.40658265588968345,1.11925,1.11925,3899014.0,3899014.0,https://find-and-update.company-information.service.gov.uk/search/companies?q=Mountview+Estates+PLC,https://find-and-update.company-information.service.gov.uk/search/companies?q=Mountview+Estates+PLC,1620595397,17:23:17,20210509
30,2012-03-31,MTVW.L,GBP,2012-03-31,2012-03-31,Q1,10732750.0,3935250.0,6797500.0,0.6333418741701801,0.0,822250.0,0.0,2160250.0,3494750.0,7471500.0,1008250.0,41500.0,3302750.0,0.307726351587431,3261250.0,0.3038596818150055,0.0,5701250.0,0.5312012298805059,1337500.0,4363750.0,0.40658265588968345,1.11925,1.11925,3899014.0,3899014.0,https://find-and-update.company-information.service.gov.uk/search/companies?q=Mountview+Estates+PLC,https://find-and-update.company-information.service.gov.uk/search/companies?q=Mountview+Estates+PLC,1620595397,17:23:17,20210509
31,2012-01-31,MTVW.L,GBP,2012-01-31,2012-01-31,Q1,10732750.0,3935250.0,6797500.0,0.6333418741701801,0.0,822250.0,0.0,2160250.0,3494750.0,7471500.0,1008250.0,41500.0,3302750.0,0.307726351587431,3261250.0,0.3038596818150055,0.0,5701250.0,0.5312012298805059,1337500.0,4363750.0,0.40658265588968345,1.11925,1.11925,3899014.0,3899014.0,https://find-and-update.company-information.service.gov.uk/search/companies?q=Mountview+Estates+PLC,https://find-and-update.company-information.service.gov.uk/search/companies?q=Mountview+Estates+PLC,1620595397,17:23:17,20210509
32,2011-09-30,MTVW.L,GBP,2011-09-30,2011-09-30,Q3,11913750.0,4637000.0,7276750.0,0.610785856678208,0.0,1076250.0,0.0,2020500.0,3844000.0,8524500.0,851000.0,43500.0,3432750.0,0.2881334592382751,3389250.0,0.28448221592697515,0.0,5890000.0,0.4943867380128003,1647250.0,4242750.0,0.3561221277935159,1.08825,1.08825,3899014.0,3899014.0,https://find-and-update.company-information.service.gov.uk/search/companies?q=Mountview+Estates+PLC,https://find-and-update.company-information.service.gov.uk/search/companies?q=Mountview+Estates+PLC,1620595397,17:23:17,20210509
33,2011-06-30,MTVW.L,GBP,2011-06-30,2011-06-30,Q2,11913750.0,4637000.0,7276750.0,0.610785856678208,0.0,1076250.0,0.0,2020500.0,3844000.0,8524500.0,851000.0,43500.0,3432750.0,0.2881334592382751,3389250.0,0.28448221592697515,0.0,5890000.0,0.4943867380128003,1647250.0,4242750.0,0.3561221277935159,1.08825,1.08825,3899014.0,3899014.0,https://find-and-update.company-information.service.gov.uk/search/companies?q=Mountview+Estates+PLC,https://find-and-update.company-information.service.gov.uk/search/companies?q=Mountview+Estates+PLC,1620595397,17:23:17,20210509
34,2011-03-31,MTVW.L,GBP,2011-03-31,2011-03-31,Q1,11913750.0,4637000.0,7276750.0,0.610785856678208,0.0,1076250.0,0.0,2020500.0,3844000.0,8524500.0,851000.0,43500.0,3432750.0,0.2881334592382751,3389250.0,0.28448221592697515,0.0,5890000.0,0.4943867380128003,1647250.0,4242750.0,0.3561221277935159,1.08825,1.08825,3899014.0,3899014.0,https://find-and-update.company-information.service.gov.uk/search/companies?q=Mountview+Estates+PLC,https://find-and-update.company-information.service.gov.uk/search/companies?q=Mountview+Estates+PLC,1620595397,17:23:17,20210509
35,2011-01-31,MTVW.L,GBP,2011-01-31,2011-01-31,Q1,11913750.0,4637000.0,7276750.0,0.610785856678208,0.0,1076250.0,0.0,2020500.0,3844000.0,8524500.0,851000.0,43500.0,3432750.0,0.2881334592382751,3389250.0,0.28448221592697515,0.0,5890000.0,0.4943867380128003,1647250.0,4242750.0,0.3561221277935159,1.08825,1.08825,3899014.0,3899014.0,https://find-and-update.company-information.service.gov.uk/search/companies?q=Mountview+Estates+PLC,https://find-and-update.company-information.service.gov.uk/search/companies?q=Mountview+Estates+PLC,1620595397,17:23:17,20210509
36,2010-09-30,MTVW.L,GBP,2010-09-30,2010-09-30,Q3,14174250.0,5547750.0,8626500.0,0.6086036298216837,0.0,1011500.0,0.0,2281500.0,4463250.0,10050000.0,836750.0,39000.0,4163250.0,0.29371924440446584,4124250.0,0.2909677760728081,0.0,7313750.0,0.515988500273383,1905000.0,5408750.0,0.38158985484240787,1.387,1.387,3899014.0,3899014.0,https://find-and-update.company-information.service.gov.uk/search/companies?q=Mountview+Estates+PLC,https://find-and-update.company-information.service.gov.uk/search/companies?q=Mountview+Estates+PLC,1620595397,17:23:17,20210509
37,2010-06-30,MTVW.L,GBP,2010-06-30,2010-06-30,Q2,14174250.0,5547750.0,8626500.0,0.6086036298216837,0.0,1011500.0,0.0,2281500.0,4463250.0,10050000.0,836750.0,39000.0,4163250.0,0.29371924440446584,4124250.0,0.2909677760728081,0.0,7313750.0,0.515988500273383,1905000.0,5408750.0,0.38158985484240787,1.387,1.387,3899014.0,3899014.0,https://find-and-update.company-information.service.gov.uk/search/companies?q=Mountview+Estates+PLC,https://find-and-update.company-information.service.gov.uk/search/companies?q=Mountview+Estates+PLC,1620595397,17:23:17,20210509
38,2010-03-31,MTVW.L,GBP,2010-03-31,2010-03-31,Q1,14174250.0,5547750.0,8626500.0,0.6086036298216837,0.0,1011500.0,0.0,2281500.0,4463250.0,10050000.0,836750.0,39000.0,4163250.0,0.29371924440446584,4124250.0,0.2909677760728081,0.0,7313750.0,0.515988500273383,1905000.0,5408750.0,0.38158985484240787,1.387,1.387,3899014.0,3899014.0,https://find-and-update.company-information.service.gov.uk/search/companies?q=Mountview+Estates+PLC,https://find-and-update.company-information.service.gov.uk/search/companies?q=Mountview+Estates+PLC,1620595397,17:23:17,20210509
39,2010-01-31,MTVW.L,GBP,2010-01-31,2010-01-31,Q1,14174250.0,5547750.0,8626500.0,0.6086036298216837,0.0,1011500.0,0.0,2281500.0,4463250.0,10050000.0,836750.0,39000.0,4163250.0,0.29371924440446584,4124250.0,0.2909677760728081,0.0,7313750.0,0.515988500273383,1905000.0,5408750.0,0.38158985484240787,1.387,1.387,3899014.0,3899014.0,https://find-and-update.company-information.service.gov.uk/search/companies?q=Mountview+Estates+PLC,https://find-and-update.company-information.service.gov.uk/search/companies?q=Mountview+Estates+PLC,1620595397,17:23:17,20210509
40,2009-09-30,MTVW.L,GBP,2009-09-30,2009-09-30,Q3,13399750.0,6914250.0,6485500.0,0.4840015671934178,0.0,941750.0,0.0,2228500.0,6919500.0,13881750.0,1476500.0,48000.0,-434000.0,-0.032388663967611336,-482000.0,-0.035970820351125955,0.0,3265500.0,0.24369857646597884,918250.0,2347250.0,0.1751711785667643,0.6025,0.6025,3899000.0,3899000.0,https://find-and-update.company-information.service.gov.uk/search/companies?q=Mountview+Estates+PLC,https://find-and-update.company-information.service.gov.uk/search/companies?q=Mountview+Estates+PLC,1620595397,17:23:17,20210509
41,2009-06-30,MTVW.L,GBP,2009-06-30,2009-06-30,Q2,13399750.0,6914250.0,6485500.0,0.4840015671934178,0.0,941750.0,0.0,2228500.0,6919500.0,13881750.0,1476500.0,48000.0,-434000.0,-0.032388663967611336,-482000.0,-0.035970820351125955,0.0,3265500.0,0.24369857646597884,918250.0,2347250.0,0.1751711785667643,0.6025,0.6025,3899000.0,3899000.0,https://find-and-update.company-information.service.gov.uk/search/companies?q=Mountview+Estates+PLC,https://find-and-update.company-information.service.gov.uk/search/companies?q=Mountview+Estates+PLC,1620595397,17:23:17,20210509
42,2009-03-31,MTVW.L,GBP,2009-03-31,2009-03-31,Q1,13399750.0,6914250.0,6485500.0,0.4840015671934178,0.0,941750.0,0.0,2228500.0,6919500.0,13881750.0,1476500.0,48000.0,-434000.0,-0.032388663967611336,-482000.0,-0.035970820351125955,0.0,3265500.0,0.24369857646597884,918250.0,2347250.0,0.1751711785667643,0.6025,0.6025,3899000.0,3899000.0,https://find-and-update.company-information.service.gov.uk/search/companies?q=Mountview+Estates+PLC,https://find-and-update.company-information.service.gov.uk/search/companies?q=Mountview+Estates+PLC,1620595397,17:23:17,20210509
43,2009-01-31,MTVW.L,GBP,2009-01-31,2009-01-31,Q1,13399750.0,6914250.0,6485500.0,0.4840015671934178,0.0,941750.0,0.0,2228500.0,6919500.0,13881750.0,1476500.0,48000.0,-434000.0,-0.032388663967611336,-482000.0,-0.035970820351125955,0.0,3265500.0,0.24369857646597884,918250.0,2347250.0,0.1751711785667643,0.6025,0.6025,3899000.0,3899000.0,https://find-and-update.company-information.service.gov.uk/search/companies?q=Mountview+Estates+PLC,https://find-and-update.company-information.service.gov.uk/search/companies?q=Mountview+Estates+PLC,1620595397,17:23:17,20210509
44,2008-09-30,MTVW.L,GBP,2008-09-30,2008-09-30,Q3,13584500.0,4586750.0,8997750.0,0.6623541536309765,0.0,1051750.0,0.0,1588250.0,3283500.0,7917750.0,1010750.0,47500.0,5714250.0,0.42064485258934814,5666750.0,0.417148220398248,0.0,7382250.0,0.5434318524789282,2215250.0,5167000.0,0.3803599690824101,1.32525,1.32525,3899000.0,3899000.0,https://find-and-update.company-information.service.gov.uk/search/companies?q=Mountview+Estates+PLC,https://find-and-update.company-information.service.gov.uk/search/companies?q=Mountview+Estates+PLC,1620595397,17:23:17,20210509
45,2008-06-30,MTVW.L,GBP,2008-06-30,2008-06-30,Q2,13584500.0,4586750.0,8997750.0,0.6623541536309765,0.0,1051750.0,0.0,1588250.0,3283500.0,7917750.0,1010750.0,47500.0,5714250.0,0.42064485258934814,5666750.0,0.417148220398248,0.0,7382250.0,0.5434318524789282,2215250.0,5167000.0,0.3803599690824101,1.32525,1.32525,3899000.0,3899000.0,https://find-and-update.company-information.service.gov.uk/search/companies?q=Mountview+Estates+PLC,https://find-and-update.company-information.service.gov.uk/search/companies?q=Mountview+Estates+PLC,1620595397,17:23:17,20210509
46,2008-03-31,MTVW.L,GBP,2008-03-31,2008-03-31,Q1,13584500.0,4586750.0,8997750.0,0.6623541536309765,0.0,1051750.0,0.0,1588250.0,3283500.0,7917750.0,1010750.0,47500.0,5714250.0,0.42064485258934814,5666750.0,0.417148220398248,0.0,7382250.0,0.5434318524789282,2215250.0,5167000.0,0.3803599690824101,1.32525,1.32525,3899000.0,3899000.0,https://find-and-update.company-information.service.gov.uk/search/companies?q=Mountview+Estates+PLC,https://find-and-update.company-information.service.gov.uk/search/companies?q=Mountview+Estates+PLC,1620595397,17:23:17,20210509
47,2008-01-31,MTVW.L,GBP,2008-01-31,2008-01-31,Q1,13584500.0,4586750.0,8997750.0,0.6623541536309765,0.0,1051750.0,0.0,1588250.0,3283500.0,7917750.0,1010750.0,47500.0,5714250.0,0.42064485258934814,5666750.0,0.417148220398248,0.0,7382250.0,0.5434318524789282,2215250.0,5167000.0,0.3803599690824101,1.32525,1.32525,3899000.0,3899000.0,https://find-and-update.company-information.service.gov.uk/search/companies?q=Mountview+Estates+PLC,https://find-and-update.company-information.service.gov.uk/search/companies?q=Mountview+Estates+PLC,1620595397,17:23:17,20210509
48,2007-09-30,MTVW.L,GBP,2007-09-30,2007-09-30,Q3,17042000.0,6269000.0,10773000.0,0.6321441145405469,0.0,1131500.0,0.0,-10000.0,-6028250.0,277250.0,645750.0,36500.0,16801250.0,0.9858731369557564,16764750.0,0.9837313695575637,0.0,12556750.0,0.7368119938974299,3791750.0,8765000.0,0.5143175683605211,2.248,2.248,3899000.0,3899000.0,https://find-and-update.company-information.service.gov.uk/search/companies?q=Mountview+Estates+PLC,https://find-and-update.company-information.service.gov.uk/search/companies?q=Mountview+Estates+PLC,1620595397,17:23:17,20210509
49,2007-06-30,MTVW.L,GBP,2007-06-30,2007-06-30,Q2,17042000.0,6269000.0,10773000.0,0.6321441145405469,0.0,1131500.0,0.0,-10000.0,-6028250.0,277250.0,645750.0,36500.0,16801250.0,0.9858731369557564,16764750.0,0.9837313695575637,0.0,12556750.0,0.7368119938974299,3791750.0,8765000.0,0.5143175683605211,2.248,2.248,3899000.0,3899000.0,https://find-and-update.company-information.service.gov.uk/search/companies?q=Mountview+Estates+PLC,https://find-and-update.company-information.service.gov.uk/search/companies?q=Mountview+Estates+PLC,1620595397,17:23:17,20210509
50,2007-03-31,MTVW.L,GBP,2007-03-31,2007-03-31,Q1,17042000.0,6269000.0,10773000.0,0.6321441145405469,0.0,1131500.0,0.0,-10000.0,-6028250.0,277250.0,645750.0,36500.0,16801250.0,0.9858731369557564,16764750.0,0.9837313695575637,0.0,12556750.0,0.7368119938974299,3791750.0,8765000.0,0.5143175683605211,2.248,2.248,3899000.0,3899000.0,https://find-and-update.company-information.service.gov.uk/search/companies?q=Mountview+Estates+PLC,https://find-and-update.company-information.service.gov.uk/search/companies?q=Mountview+Estates+PLC,1620595397,17:23:17,20210509
51,2007-01-31,MTVW.L,GBP,2007-01-31,2007-01-31,Q1,17042000.0,6269000.0,10773000.0,0.6321441145405469,0.0,1131500.0,0.0,-10000.0,-6028250.0,277250.0,645750.0,36500.0,16801250.0,0.9858731369557564,16764750.0,0.9837313695575637,0.0,12556750.0,0.7368119938974299,3791750.0,8765000.0,0.5143175683605211,2.248,2.248,3899000.0,3899000.0,https://find-and-update.company-information.service.gov.uk/search/companies?q=Mountview+Estates+PLC,https://find-and-update.company-information.service.gov.uk/search/companies?q=Mountview+Estates+PLC,1620595397,17:23:17,20210509
52,2006-09-30,MTVW.L,GBP,2006-09-30,2006-09-30,Q3,11864000.0,4850500.0,7013500.0,0.591158125421443,0.0,764500.0,0.0,1668250.0,3585500.0,8475750.0,824750.0,39750.0,3428000.0,0.28894133513149023,3388250.0,0.2855908631153068,0.0,5665000.0,0.47749494268374915,1684500.0,3980500.0,0.3355107889413351,1.021,1.021,3899000.0,3899000.0,https://find-and-update.company-information.service.gov.uk/search/companies?q=Mountview+Estates+PLC,https://find-and-update.company-information.service.gov.uk/search/companies?q=Mountview+Estates+PLC,1620595397,17:23:17,20210509
53,2006-06-30,MTVW.L,GBP,2006-06-30,2006-06-30,Q2,11864000.0,4850500.0,7013500.0,0.591158125421443,0.0,764500.0,0.0,1668250.0,3585500.0,8475750.0,824750.0,39750.0,3428000.0,0.28894133513149023,3388250.0,0.2855908631153068,0.0,5665000.0,0.47749494268374915,1684500.0,3980500.0,0.3355107889413351,1.021,1.021,3899000.0,3899000.0,https://find-and-update.company-information.service.gov.uk/search/companies?q=Mountview+Estates+PLC,https://find-and-update.company-information.service.gov.uk/search/companies?q=Mountview+Estates+PLC,1620595397,17:23:17,20210509
54,2006-03-31,MTVW.L,GBP,2006-03-31,2006-03-31,Q1,11864000.0,4850500.0,7013500.0,0.591158125421443,0.0,764500.0,0.0,1668250.0,3585500.0,8475750.0,824750.0,39750.0,3428000.0,0.28894133513149023,3388250.0,0.2855908631153068,0.0,5665000.0,0.47749494268374915,1684500.0,3980500.0,0.3355107889413351,1.021,1.021,3899000.0,3899000.0,https://find-and-update.company-information.service.gov.uk/search/companies?q=Mountview+Estates+PLC,https://find-and-update.company-information.service.gov.uk/search/companies?q=Mountview+Estates+PLC,1620595397,17:23:17,20210509
55,2006-01-31,MTVW.L,GBP,2006-01-31,2006-01-31,Q1,11864000.0,4850500.0,7013500.0,0.591158125421443,0.0,764500.0,0.0,1668250.0,3585500.0,8475750.0,824750.0,39750.0,3428000.0,0.28894133513149023,3388250.0,0.2855908631153068,0.0,5665000.0,0.47749494268374915,1684500.0,3980500.0,0.3355107889413351,1.021,1.021,3899000.0,3899000.0,https://find-and-update.company-information.service.gov.uk/search/companies?q=Mountview+Estates+PLC,https://find-and-update.company-information.service.gov.uk/search/companies?q=Mountview+Estates+PLC,1620595397,17:23:17,20210509
56,2005-09-30,MTVW.L,GBP,2005-09-30,2005-09-30,Q3,12194500.0,4439500.0,7755000.0,0.6359424330640863,0.0,754750.0,0.0,1797000.0,3989750.0,8459500.0,957500.0,30250.0,3765250.0,0.308766247078601,3735000.0,0.3062856205666489,0.0,6212000.0,0.5094099799089754,1870500.0,4341500.0,0.35602115707901105,1.1135,1.1135,3899000.0,3899000.0,https://find-and-update.company-information.service.gov.uk/search/companies?q=Mountview+Estates+PLC,https://find-and-update.company-information.service.gov.uk/search/companies?q=Mountview+Estates+PLC,1620595397,17:23:17,20210509
57,2005-06-30,MTVW.L,GBP,2005-06-30,2005-06-30,Q2,12194500.0,4439500.0,7755000.0,0.6359424330640863,0.0,754750.0,0.0,1797000.0,3989750.0,8459500.0,957500.0,30250.0,3765250.0,0.308766247078601,3735000.0,0.3062856205666489,0.0,6212000.0,0.5094099799089754,1870500.0,4341500.0,0.35602115707901105,1.1135,1.1135,3899000.0,3899000.0,https://find-and-update.company-information.service.gov.uk/search/companies?q=Mountview+Estates+PLC,https://find-and-update.company-information.service.gov.uk/search/companies?q=Mountview+Estates+PLC,1620595397,17:23:17,20210509
58,2005-03-31,MTVW.L,GBP,2005-03-31,2005-03-31,Q1,12194500.0,4439500.0,7755000.0,0.6359424330640863,0.0,754750.0,0.0,1797000.0,3989750.0,8459500.0,957500.0,30250.0,3765250.0,0.308766247078601,3735000.0,0.3062856205666489,0.0,6212000.0,0.5094099799089754,1870500.0,4341500.0,0.35602115707901105,1.1135,1.1135,3899000.0,3899000.0,https://find-and-update.company-information.service.gov.uk/search/companies?q=Mountview+Estates+PLC,https://find-and-update.company-information.service.gov.uk/search/companies?q=Mountview+Estates+PLC,1620595397,17:23:17,20210509
59,2005-01-31,MTVW.L,GBP,2005-01-31,2005-01-31,Q1,12194500.0,4439500.0,7755000.0,0.6359424330640863,0.0,754750.0,0.0,1797000.0,3989750.0,8459500.0,957500.0,30250.0,3765250.0,0.308766247078601,3735000.0,0.3062856205666489,0.0,6212000.0,0.5094099799089754,1870500.0,4341500.0,0.35602115707901105,1.1135,1.1135,3899000.0,3899000.0,https://find-and-update.company-information.service.gov.uk/search/companies?q=Mountview+Estates+PLC,https://find-and-update.company-information.service.gov.uk/search/companies?q=Mountview+Estates+PLC,1620595397,17:23:17,20210509
60,2004-09-30,MTVW.L,GBP,2004-09-30,2004-09-30,Q3,13771750.0,4988000.0,8783750.0,0.6378092834970138,0.0,834000.0,0.0,801750.0,778250.0,5797250.0,801500.0,27500.0,8002000.0,0.5810445295623287,7974500.0,0.5790476882022981,0.0,7148250.0,0.5190516818850183,2146000.0,5002250.0,0.36322544338954743,1.283,1.283,3899000.0,3899000.0,https://find-and-update.company-information.service.gov.uk/search/companies?q=Mountview+Estates+PLC,https://find-and-update.company-information.service.gov.uk/search/companies?q=Mountview+Estates+PLC,1620595397,17:23:17,20210509
61,2004-06-30,MTVW.L,GBP,2004-06-30,2004-06-30,Q2,13771750.0,4988000.0,8783750.0,0.6378092834970138,0.0,834000.0,0.0,801750.0,778250.0,5797250.0,801500.0,27500.0,8002000.0,0.5810445295623287,7974500.0,0.5790476882022981,0.0,7148250.0,0.5190516818850183,2146000.0,5002250.0,0.36322544338954743,1.283,1.283,3899000.0,3899000.0,https://find-and-update.company-information.service.gov.uk/search/companies?q=Mountview+Estates+PLC,https://find-and-update.company-information.service.gov.uk/search/companies?q=Mountview+Estates+PLC,1620595397,17:23:17,20210509
62,2004-03-31,MTVW.L,GBP,2004-03-31,2004-03-31,Q1,13771750.0,4988000.0,8783750.0,0.6378092834970138,0.0,834000.0,0.0,801750.0,778250.0,5797250.0,801500.0,27500.0,8002000.0,0.5810445295623287,7974500.0,0.5790476882022981,0.0,7148250.0,0.5190516818850183,2146000.0,5002250.0,0.36322544338954743,1.283,1.283,3899000.0,3899000.0,https://find-and-update.company-information.service.gov.uk/search/companies?q=Mountview+Estates+PLC,https://find-and-update.company-information.service.gov.uk/search/companies?q=Mountview+Estates+PLC,1620595397,17:23:17,20210509
63,2004-01-31,MTVW.L,GBP,2004-01-31,2004-01-31,Q1,13771750.0,4988000.0,8783750.0,0.6378092834970138,0.0,834000.0,0.0,801750.0,778250.0,5797250.0,801500.0,27500.0,8002000.0,0.5810445295623287,7974500.0,0.5790476882022981,0.0,7148250.0,0.5190516818850183,2146000.0,5002250.0,0.36322544338954743,1.283,1.283,3899000.0,3899000.0,https://find-and-update.company-information.service.gov.uk/search/companies?q=Mountview+Estates+PLC,https://find-and-update.company-information.service.gov.uk/search/companies?q=Mountview+Estates+PLC,1620595397,17:23:17,20210509
64,2003-09-30,MTVW.L,GBP,2003-09-30,2003-09-30,Q3,11499250.0,4100500.0,7398750.0,0.6434115268387068,0.0,0.0,0.0,806750.0,618500.0,4752500.0,806750.0,29000.0,6775750.0,0.5892340804835098,6746750.0,0.5867121768811009,0.0,5900750.0,0.5131421614453117,1969500.0,3931250.0,0.34187012196447597,1.00825,1.00825,3899000.0,3899000.0,https://find-and-update.company-information.service.gov.uk/search/companies?q=Mountview+Estates+PLC,https://find-and-update.company-information.service.gov.uk/search/companies?q=Mountview+Estates+PLC,1620595397,17:23:17,20210509
65,2003-06-30,MTVW.L,GBP,2003-06-30,2003-06-30,Q2,11499250.0,4100500.0,7398750.0,0.6434115268387068,0.0,0.0,0.0,806750.0,618500.0,4752500.0,806750.0,29000.0,6775750.0,0.5892340804835098,6746750.0,0.5867121768811009,0.0,5900750.0,0.5131421614453117,1969500.0,3931250.0,0.34187012196447597,1.00825,1.00825,3899000.0,3899000.0,https://find-and-update.company-information.service.gov.uk/search/companies?q=Mountview+Estates+PLC,https://find-and-update.company-information.service.gov.uk/search/companies?q=Mountview+Estates+PLC,1620595397,17:23:17,20210509
66,2003-03-31,MTVW.L,GBP,2003-03-31,2003-03-31,Q1,11499250.0,4100500.0,7398750.0,0.6434115268387068,0.0,0.0,0.0,806750.0,618500.0,4752500.0,806750.0,29000.0,6775750.0,0.5892340804835098,6746750.0,0.5867121768811009,0.0,5900750.0,0.5131421614453117,1969500.0,3931250.0,0.34187012196447597,1.00825,1.00825,3899000.0,3899000.0,https://find-and-update.company-information.service.gov.uk/search/companies?q=Mountview+Estates+PLC,https://find-and-update.company-information.service.gov.uk/search/companies?q=Mountview+Estates+PLC,1620595397,17:23:17,20210509
67,2003-01-31,MTVW.L,GBP,2003-01-31,2003-01-31,Q1,11499250.0,4100500.0,7398750.0,0.6434115268387068,0.0,0.0,0.0,806750.0,618500.0,4752500.0,806750.0,29000.0,6775750.0,0.5892340804835098,6746750.0,0.5867121768811009,0.0,5900750.0,0.5131421614453117,1969500.0,3931250.0,0.34187012196447597,1.00825,1.00825,3899000.0,3899000.0,https://find-and-update.company-information.service.gov.uk/search/companies?q=Mountview+Estates+PLC,https://find-and-update.company-information.service.gov.uk/search/companies?q=Mountview+Estates+PLC,1620595397,17:23:17,20210509
68,2002-09-30,MTVW.L,GBP,2002-09-30,2002-09-30,Q3,10072250.0,3707250.0,6365000.0,0.6319342748641068,0.0,0.0,0.0,0.0,538750.0,4281750.0,745750.0,31250.0,5821750.0,0.5779989575318325,5790500.0,0.5748963737000173,0.0,5018750.0,0.49827496338951077,1503250.0,3515500.0,0.3490282707438755,0.81275,0.81275,3899000.0,3899000.0,https://find-and-update.company-information.service.gov.uk/search/companies?q=Mountview+Estates+PLC,https://find-and-update.company-information.service.gov.uk/search/companies?q=Mountview+Estates+PLC,1620595397,17:23:17,20210509
69,2002-06-30,MTVW.L,GBP,2002-06-30,2002-06-30,Q2,10072250.0,3707250.0,6365000.0,0.6319342748641068,0.0,0.0,0.0,0.0,538750.0,4281750.0,745750.0,31250.0,5821750.0,0.5779989575318325,5790500.0,0.5748963737000173,0.0,5018750.0,0.49827496338951077,1503250.0,3515500.0,0.3490282707438755,0.81275,0.81275,3899000.0,3899000.0,https://find-and-update.company-information.service.gov.uk/search/companies?q=Mountview+Estates+PLC,https://find-and-update.company-information.service.gov.uk/search/companies?q=Mountview+Estates+PLC,1620595397,17:23:17,20210509
70,2002-03-31,MTVW.L,GBP,2002-03-31,2002-03-31,Q1,10072250.0,3707250.0,6365000.0,0.6319342748641068,0.0,0.0,0.0,0.0,538750.0,4281750.0,745750.0,31250.0,5821750.0,0.5779989575318325,5790500.0,0.5748963737000173,0.0,5018750.0,0.49827496338951077,1503250.0,3515500.0,0.3490282707438755,0.81275,0.81275,3899000.0,3899000.0,https://find-and-update.company-information.service.gov.uk/search/companies?q=Mountview+Estates+PLC,https://find-and-update.company-information.service.gov.uk/search/companies?q=Mountview+Estates+PLC,1620595397,17:23:17,20210509
71,2002-01-31,MTVW.L,GBP,2002-01-31,2002-01-31,Q1,10072250.0,3707250.0,6365000.0,0.6319342748641068,0.0,0.0,0.0,0.0,538750.0,4281750.0,745750.0,31250.0,5821750.0,0.5779989575318325,5790500.0,0.5748963737000173,0.0,5018750.0,0.49827496338951077,1503250.0,3515500.0,0.3490282707438755,0.81275,0.81275,3899000.0,3899000.0,https://find-and-update.company-information.service.gov.uk/search/companies?q=Mountview+Estates+PLC,https://find-and-update.company-information.service.gov.uk/search/companies?q=Mountview+Estates+PLC,1620595397,17:23:17,20210509
72,2001-09-30,MTVW.L,GBP,2001-09-30,2001-09-30,Q3,9123250.0,3216750.0,5906500.0,0.6474118324062149,0.0,0.0,0.0,0.0,439500.0,3678250.0,418750.0,22000.0,5467000.0,0.5992382100676842,5445000.0,0.5968267886992026,0.0,5002000.0,0.548269531142959,1502250.0,3499750.0,0.38360781519743514,0.763,0.763,4587000.0,4587000.0,https://find-and-update.company-information.service.gov.uk/search/companies?q=Mountview+Estates+PLC,https://find-and-update.company-information.service.gov.uk/search/companies?q=Mountview+Estates+PLC,1620595397,17:23:17,20210509
73,2001-06-30,MTVW.L,GBP,2001-06-30,2001-06-30,Q2,9123250.0,3216750.0,5906500.0,0.6474118324062149,0.0,0.0,0.0,0.0,439500.0,3678250.0,418750.0,22000.0,5467000.0,0.5992382100676842,5445000.0,0.5968267886992026,0.0,5002000.0,0.548269531142959,1502250.0,3499750.0,0.38360781519743514,0.763,0.763,4587000.0,4587000.0,https://find-and-update.company-information.service.gov.uk/search/companies?q=Mountview+Estates+PLC,https://find-and-update.company-information.service.gov.uk/search/companies?q=Mountview+Estates+PLC,1620595397,17:23:17,20210509
74,2001-03-31,MTVW.L,GBP,2001-03-31,2001-03-31,Q1,9123250.0,3216750.0,5906500.0,0.6474118324062149,0.0,0.0,0.0,0.0,439500.0,3678250.0,418750.0,22000.0,5467000.0,0.5992382100676842,5445000.0,0.5968267886992026,0.0,5002000.0,0.548269531142959,1502250.0,3499750.0,0.38360781519743514,0.763,0.763,4587000.0,4587000.0,https://find-and-update.company-information.service.gov.uk/search/companies?q=Mountview+Estates+PLC,https://find-and-update.company-information.service.gov.uk/search/companies?q=Mountview+Estates+PLC,1620595397,17:23:17,20210509
75,2001-01-31,MTVW.L,GBP,2001-01-31,2001-01-31,Q1,9123250.0,3216750.0,5906500.0,0.6474118324062149,0.0,0.0,0.0,0.0,439500.0,3678250.0,418750.0,22000.0,5467000.0,0.5992382100676842,5445000.0,0.5968267886992026,0.0,5002000.0,0.548269531142959,1502250.0,3499750.0,0.38360781519743514,0.763,0.763,4587000.0,4587000.0,https://find-and-update.company-information.service.gov.uk/search/companies?q=Mountview+Estates+PLC,https://find-and-update.company-information.service.gov.uk/search/companies?q=Mountview+Estates+PLC,1620595397,17:23:17,20210509
76,2000-09-30,MTVW.L,GBP,2000-09-30,2000-09-30,Q3,9071000.0,3661250.0,5409750.0,0.5963785690662551,0.0,0.0,0.0,0.0,400750.0,4072750.0,232500.0,10750.0,5009000.0,0.5521993165031419,4998250.0,0.551014221144306,0.0,4766000.0,0.5254106493220152,1449250.0,3316750.0,0.3656432587366332,0.723,0.723,4587000.0,4587000.0,https://find-and-update.company-information.service.gov.uk/search/companies?q=Mountview+Estates+PLC,https://find-and-update.company-information.service.gov.uk/search/companies?q=Mountview+Estates+PLC,1620595397,17:23:17,20210509
77,2000-06-30,MTVW.L,GBP,2000-06-30,2000-06-30,Q2,9071000.0,3661250.0,5409750.0,0.5963785690662551,0.0,0.0,0.0,0.0,400750.0,4072750.0,232500.0,10750.0,5009000.0,0.5521993165031419,4998250.0,0.551014221144306,0.0,4766000.0,0.5254106493220152,1449250.0,3316750.0,0.3656432587366332,0.723,0.723,4587000.0,4587000.0,https://find-and-update.company-information.service.gov.uk/search/companies?q=Mountview+Estates+PLC,https://find-and-update.company-information.service.gov.uk/search/companies?q=Mountview+Estates+PLC,1620595397,17:23:17,20210509
78,2000-03-31,MTVW.L,GBP,2000-03-31,2000-03-31,Q1,9071000.0,3661250.0,5409750.0,0.5963785690662551,0.0,0.0,0.0,0.0,400750.0,4072750.0,232500.0,10750.0,5009000.0,0.5521993165031419,4998250.0,0.551014221144306,0.0,4766000.0,0.5254106493220152,1449250.0,3316750.0,0.3656432587366332,0.723,0.723,4587000.0,4587000.0,https://find-and-update.company-information.service.gov.uk/search/companies?q=Mountview+Estates+PLC,https://find-and-update.company-information.service.gov.uk/search/companies?q=Mountview+Estates+PLC,1620595397,17:23:17,20210509
79,2000-01-31,MTVW.L,GBP,2000-01-31,2000-01-31,Q1,9071000.0,3661250.0,5409750.0,0.5963785690662551,0.0,0.0,0.0,0.0,400750.0,4072750.0,232500.0,10750.0,5009000.0,0.5521993165031419,4998250.0,0.551014221144306,0.0,4766000.0,0.5254106493220152,1449250.0,3316750.0,0.3656432587366332,0.723,0.723,4587000.0,4587000.0,https://find-and-update.company-information.service.gov.uk/search/companies?q=Mountview+Estates+PLC,https://find-and-update.company-information.service.gov.uk/search/companies?q=Mountview+Estates+PLC,1620595397,17:23:17,20210509
80,1999-09-30,MTVW.L,GBP,1999-09-30,1999-09-30,Q3,7138750.0,3189750.0,3949000.0,0.5531780773945019,0.0,0.0,0.0,0.0,332500.0,3532000.0,324750.0,9750.0,3616500.0,0.5066012957450534,3606750.0,0.5052355104184907,0.0,3280000.0,0.45946419191034843,1060500.0,2219500.0,0.3109087725442129,0.48375,0.48375,4587000.0,4587000.0,https://find-and-update.company-information.service.gov.uk/search/companies?q=Mountview+Estates+PLC,https://find-and-update.company-information.service.gov.uk/search/companies?q=Mountview+Estates+PLC,1620595397,17:23:17,20210509
81,1999-06-30,MTVW.L,GBP,1999-06-30,1999-06-30,Q2,7138750.0,3189750.0,3949000.0,0.5531780773945019,0.0,0.0,0.0,0.0,332500.0,3532000.0,324750.0,9750.0,3616500.0,0.5066012957450534,3606750.0,0.5052355104184907,0.0,3280000.0,0.45946419191034843,1060500.0,2219500.0,0.3109087725442129,0.48375,0.48375,4587000.0,4587000.0,https://find-and-update.company-information.service.gov.uk/search/companies?q=Mountview+Estates+PLC,https://find-and-update.company-information.service.gov.uk/search/companies?q=Mountview+Estates+PLC,1620595397,17:23:17,20210509
82,1999-03-31,MTVW.L,GBP,1999-03-31,1999-03-31,Q1,7138750.0,3189750.0,3949000.0,0.5531780773945019,0.0,0.0,0.0,0.0,332500.0,3532000.0,324750.0,9750.0,3616500.0,0.5066012957450534,3606750.0,0.5052355104184907,0.0,3280000.0,0.45946419191034843,1060500.0,2219500.0,0.3109087725442129,0.48375,0.48375,4587000.0,4587000.0,https://find-and-update.company-information.service.gov.uk/search/companies?q=Mountview+Estates+PLC,https://find-and-update.company-information.service.gov.uk/search/companies?q=Mountview+Estates+PLC,1620595397,17:23:17,20210509
83,1999-01-31,MTVW.L,GBP,1999-01-31,1999-01-31,Q1,7138750.0,3189750.0,3949000.0,0.5531780773945019,0.0,0.0,0.0,0.0,332500.0,3532000.0,324750.0,9750.0,3616500.0,0.5066012957450534,3606750.0,0.5052355104184907,0.0,3280000.0,0.45946419191034843,1060500.0,2219500.0,0.3109087725442129,0.48375,0.48375,4587000.0,4587000.0,https://find-and-update.company-information.service.gov.uk/search/companies?q=Mountview+Estates+PLC,https://find-and-update.company-information.service.gov.uk/search/companies?q=Mountview+Estates+PLC,1620595397,17:23:17,20210509
84,1998-09-30,MTVW.L,GBP,1998-09-30,1998-09-30,Q3,6603750.0,0.0,0.0,0.0,0.0,0.0,0.0,0.0,3381000.0,3389500.0,297250.0,8500.0,3222750.0,0.4880181714934696,3214250.0,0.4867310240393716,0.0,2905750.0,0.4400151429112247,948500.0,1957250.0,0.29638462994510695,0.42675,0.42675,4587000.0,4587000.0,https://find-and-update.company-information.service.gov.uk/search/companies?q=Mountview+Estates+PLC,https://find-and-update.company-information.service.gov.uk/search/companies?q=Mountview+Estates+PLC,1620595397,17:23:17,20210509
85,1998-06-30,MTVW.L,GBP,1998-06-30,1998-06-30,Q2,6603750.0,0.0,0.0,0.0,0.0,0.0,0.0,0.0,3381000.0,3389500.0,297250.0,8500.0,3222750.0,0.4880181714934696,3214250.0,0.4867310240393716,0.0,2905750.0,0.4400151429112247,948500.0,1957250.0,0.29638462994510695,0.42675,0.42675,4587000.0,4587000.0,https://find-and-update.company-information.service.gov.uk/search/companies?q=Mountview+Estates+PLC,https://find-and-update.company-information.service.gov.uk/search/companies?q=Mountview+Estates+PLC,1620595397,17:23:17,20210509
86,1998-03-31,MTVW.L,GBP,1998-03-31,1998-03-31,Q1,6603750.0,0.0,0.0,0.0,0.0,0.0,0.0,0.0,3381000.0,3389500.0,297250.0,8500.0,3222750.0,0.4880181714934696,3214250.0,0.4867310240393716,0.0,2905750.0,0.4400151429112247,948500.0,1957250.0,0.29638462994510695,0.42675,0.42675,4587000.0,4587000.0,https://find-and-update.company-information.service.gov.uk/search/companies?q=Mountview+Estates+PLC,https://find-and-update.company-information.service.gov.uk/search/companies?q=Mountview+Estates+PLC,1620595397,17:23:17,20210509
87,1998-01-31,MTVW.L,GBP,1998-01-31,1998-01-31,Q1,6603750.0,0.0,0.0,0.0,0.0,0.0,0.0,0.0,3381000.0,3389500.0,297250.0,8500.0,3222750.0,0.4880181714934696,3214250.0,0.4867310240393716,0.0,2905750.0,0.4400151429112247,948500.0,1957250.0,0.29638462994510695,0.42675,0.42675,4587000.0,4587000.0,https://find-and-update.company-information.service.gov.uk/search/companies?q=Mountview+Estates+PLC,https://find-and-update.company-information.service.gov.uk/search/companies?q=Mountview+Estates+PLC,1620595397,17:23:17,20210509
88,1997-09-30,MTVW.L,GBP,1997-09-30,1997-09-30,Q3,5103000.0,0.0,0.0,0.0,0.0,0.0,0.0,0.0,2809000.0,2816250.0,189500.0,7250.0,2294000.0,0.4495394865765236,2286750.0,0.44811875367430926,0.0,2097500.0,0.41103272584754064,693000.0,1404500.0,0.2752302567117382,0.30625,0.30625,4587000.0,4587000.0,https://find-and-update.company-information.service.gov.uk/search/companies?q=Mountview+Estates+PLC,https://find-and-update.company-information.service.gov.uk/search/companies?q=Mountview+Estates+PLC,1620595397,17:23:17,20210509
89,1997-06-30,MTVW.L,GBP,1997-06-30,1997-06-30,Q2,5103000.0,0.0,0.0,0.0,0.0,0.0,0.0,0.0,2809000.0,2816250.0,189500.0,7250.0,2294000.0,0.4495394865765236,2286750.0,0.44811875367430926,0.0,2097500.0,0.41103272584754064,693000.0,1404500.0,0.2752302567117382,0.30625,0.30625,4587000.0,4587000.0,https://find-and-update.company-information.service.gov.uk/search/companies?q=Mountview+Estates+PLC,https://find-and-update.company-information.service.gov.uk/search/companies?q=Mountview+Estates+PLC,1620595397,17:23:17,20210509
90,1997-03-31,MTVW.L,GBP,1997-03-31,1997-03-31,Q1,5103000.0,0.0,0.0,0.0,0.0,0.0,0.0,0.0,2809000.0,2816250.0,189500.0,7250.0,2294000.0,0.4495394865765236,2286750.0,0.44811875367430926,0.0,2097500.0,0.41103272584754064,693000.0,1404500.0,0.2752302567117382,0.30625,0.30625,4587000.0,4587000.0,https://find-and-update.company-information.service.gov.uk/search/companies?q=Mountview+Estates+PLC,https://find-and-update.company-information.service.gov.uk/search/companies?q=Mountview+Estates+PLC,1620595397,17:23:17,20210509
91,1997-01-31,MTVW.L,GBP,1997-01-31,1997-01-31,Q1,5103000.0,0.0,0.0,0.0,0.0,0.0,0.0,0.0,2809000.0,2816250.0,189500.0,7250.0,2294000.0,0.4495394865765236,2286750.0,0.44811875367430926,0.0,2097500.0,0.41103272584754064,693000.0,1404500.0,0.2752302567117382,0.30625,0.30625,4587000.0,4587000.0,https://find-and-update.company-information.service.gov.uk/search/companies?q=Mountview+Estates+PLC,https://find-and-update.company-information.service.gov.uk/search/companies?q=Mountview+Estates+PLC,1620595397,17:23:17,20210509
92,1996-09-30,MTVW.L,GBP,1996-09-30,1996-09-30,Q3,4528250.0,0.0,0.0,0.0,0.0,0.0,0.0,0.0,2387500.0,2394750.0,161000.0,7250.0,2140750.0,0.4727543753105504,2133500.0,0.4711533152984045,0.0,1973500.0,0.43581957709932095,649250.0,1324250.0,0.2924418925633523,0.28875,0.28875,4587000.0,4587000.0,https://find-and-update.company-information.service.gov.uk/search/companies?q=Mountview+Estates+PLC,https://find-and-update.company-information.service.gov.uk/search/companies?q=Mountview+Estates+PLC,1620595397,17:23:17,20210509
93,1996-06-30,MTVW.L,GBP,1996-06-30,1996-06-30,Q2,4528250.0,0.0,0.0,0.0,0.0,0.0,0.0,0.0,2387500.0,2394750.0,161000.0,7250.0,2140750.0,0.4727543753105504,2133500.0,0.4711533152984045,0.0,1973500.0,0.43581957709932095,649250.0,1324250.0,0.2924418925633523,0.28875,0.28875,4587000.0,4587000.0,https://find-and-update.company-information.service.gov.uk/search/companies?q=Mountview+Estates+PLC,https://find-and-update.company-information.service.gov.uk/search/companies?q=Mountview+Estates+PLC,1620595397,17:23:17,20210509
94,1996-03-31,MTVW.L,GBP,1996-03-31,1996-03-31,Q1,4528250.0,0.0,0.0,0.0,0.0,0.0,0.0,0.0,2387500.0,2394750.0,161000.0,7250.0,2140750.0,0.4727543753105504,2133500.0,0.4711533152984045,0.0,1973500.0,0.43581957709932095,649250.0,1324250.0,0.2924418925633523,0.28875,0.28875,4587000.0,4587000.0,https://find-and-update.company-information.service.gov.uk/search/companies?q=Mountview+Estates+PLC,https://find-and-update.company-information.service.gov.uk/search/companies?q=Mountview+Estates+PLC,1620595397,17:23:17,20210509
95,1996-01-31,MTVW.L,GBP,1996-01-31,1996-01-31,Q1,4528250.0,0.0,0.0,0.0,0.0,0.0,0.0,0.0,2387500.0,2394750.0,161000.0,7250.0,2140750.0,0.4727543753105504,2133500.0,0.4711533152984045,0.0,1973500.0,0.43581957709932095,649250.0,1324250.0,0.2924418925633523,0.28875,0.28875,4587000.0,4587000.0,https://find-and-update.company-information.service.gov.uk/search/companies?q=Mountview+Estates+PLC,https://find-and-update.company-information.service.gov.uk/search/companies?q=Mountview+Estates+PLC,1620595397,17:23:17,20210509
96,1995-09-30,MTVW.L,GBP,1995-09-30,1995-09-30,Q3,4312250.0,0.0,0.0,0.0,0.0,0.0,0.0,0.0,1864000.0,1870250.0,111000.0,6250.0,2448250.0,0.5677430575685547,2442000.0,0.5662936981854021,0.0,2329250.0,0.5401472549133283,762500.0,1566750.0,0.36332541016870545,0.3415,0.3415,4587000.0,4587000.0,https://find-and-update.company-information.service.gov.uk/search/companies?q=Mountview+Estates+PLC,https://find-and-update.company-information.service.gov.uk/search/companies?q=Mountview+Estates+PLC,1620595397,17:23:17,20210509
97,1995-06-30,MTVW.L,GBP,1995-06-30,1995-06-30,Q2,4312250.0,0.0,0.0,0.0,0.0,0.0,0.0,0.0,1864000.0,1870250.0,111000.0,6250.0,2448250.0,0.5677430575685547,2442000.0,0.5662936981854021,0.0,2329250.0,0.5401472549133283,762500.0,1566750.0,0.36332541016870545,0.3415,0.3415,4587000.0,4587000.0,https://find-and-update.company-information.service.gov.uk/search/companies?q=Mountview+Estates+PLC,https://find-and-update.company-information.service.gov.uk/search/companies?q=Mountview+Estates+PLC,1620595397,17:23:17,20210509
98,1995-03-31,MTVW.L,GBP,1995-03-31,1995-03-31,Q1,4312250.0,0.0,0.0,0.0,0.0,0.0,0.0,0.0,1864000.0,1870250.0,111000.0,6250.0,2448250.0,0.5677430575685547,2442000.0,0.5662936981854021,0.0,2329250.0,0.5401472549133283,762500.0,1566750.0,0.36332541016870545,0.3415,0.3415,4587000.0,4587000.0,https://find-and-update.company-information.service.gov.uk/search/companies?q=Mountview+Estates+PLC,https://find-and-update.company-information.service.gov.uk/search/companies?q=Mountview+Estates+PLC,1620595397,17:23:17,20210509
99,1995-01-31,MTVW.L,GBP,1995-01-31,1995-01-31,Q1,4312250.0,0.0,0.0,0.0,0.0,0.0,0.0,0.0,1864000.0,1870250.0,111000.0,6250.0,2448250.0,0.5677430575685547,2442000.0,0.5662936981854021,0.0,2329250.0,0.5401472549133283,762500.0,1566750.0,0.36332541016870545,0.3415,0.3415,4587000.0,4587000.0,https://find-and-update.company-information.service.gov.uk/search/companies?q=Mountview+Estates+PLC,https://find-and-update.company-information.service.gov.uk/search/companies?q=Mountview+Estates+PLC,1620595397,17:23:17,20210509
100,1994-09-30,MTVW.L,GBP,1994-09-30,1994-09-30,Q3,3602750.0,0.0,0.0,0.0,0.0,0.0,0.0,0.0,1646250.0,1652750.0,139750.0,6500.0,1956500.0,0.5430573867184789,1950000.0,0.5412532093539657,0.0,1810000.0,0.5023940045798349,598750.0,1211250.0,0.3362015127333287,0.264,0.264,4587000.0,4587000.0,https://find-and-update.company-information.service.gov.uk/search/companies?q=Mountview+Estates+PLC,https://find-and-update.company-information.service.gov.uk/search/companies?q=Mountview+Estates+PLC,1620595397,17:23:17,20210509
101,1994-06-30,MTVW.L,GBP,1994-06-30,1994-06-30,Q2,3602750.0,0.0,0.0,0.0,0.0,0.0,0.0,0.0,1646250.0,1652750.0,139750.0,6500.0,1956500.0,0.5430573867184789,1950000.0,0.5412532093539657,0.0,1810000.0,0.5023940045798349,598750.0,1211250.0,0.3362015127333287,0.264,0.264,4587000.0,4587000.0,https://find-and-update.company-information.service.gov.uk/search/companies?q=Mountview+Estates+PLC,https://find-and-update.company-information.service.gov.uk/search/companies?q=Mountview+Estates+PLC,1620595397,17:23:17,20210509
102,1994-03-31,MTVW.L,GBP,1994-03-31,1994-03-31,Q1,3602750.0,0.0,0.0,0.0,0.0,0.0,0.0,0.0,1646250.0,1652750.0,139750.0,6500.0,1956500.0,0.5430573867184789,1950000.0,0.5412532093539657,0.0,1810000.0,0.5023940045798349,598750.0,1211250.0,0.3362015127333287,0.264,0.264,4587000.0,4587000.0,https://find-and-update.company-information.service.gov.uk/search/companies?q=Mountview+Estates+PLC,https://find-and-update.company-information.service.gov.uk/search/companies?q=Mountview+Estates+PLC,1620595397,17:23:17,20210509
103,1994-01-31,MTVW.L,GBP,1994-01-31,1994-01-31,Q1,3602750.0,0.0,0.0,0.0,0.0,0.0,0.0,0.0,1646250.0,1652750.0,139750.0,6500.0,1956500.0,0.5430573867184789,1950000.0,0.5412532093539657,0.0,1810000.0,0.5023940045798349,598750.0,1211250.0,0.3362015127333287,0.264,0.264,4587000.0,4587000.0,https://find-and-update.company-information.service.gov.uk/search/companies?q=Mountview+Estates+PLC,https://find-and-update.company-information.service.gov.uk/search/companies?q=Mountview+Estates+PLC,1620595397,17:23:17,20210509
104,1993-09-30,MTVW.L,GBP,1993-09-30,1993-09-30,Q3,3357500.0,0.0,0.0,0.0,0.0,0.0,0.0,0.0,1499750.0,1506500.0,152750.0,6750.0,1857750.0,0.5533134772896501,1851000.0,0.5513030528667163,0.0,1698500.0,0.5058823529411764,560250.0,1138250.0,0.33901712583767685,0.24825,0.24825,4587000.0,4587000.0,https://find-and-update.company-information.service.gov.uk/search/companies?q=Mountview+Estates+PLC,https://find-and-update.company-information.service.gov.uk/search/companies?q=Mountview+Estates+PLC,1620595397,17:23:17,20210509
105,1993-06-30,MTVW.L,GBP,1993-06-30,1993-06-30,Q2,3357500.0,0.0,0.0,0.0,0.0,0.0,0.0,0.0,1499750.0,1506500.0,152750.0,6750.0,1857750.0,0.5533134772896501,1851000.0,0.5513030528667163,0.0,1698500.0,0.5058823529411764,560250.0,1138250.0,0.33901712583767685,0.24825,0.24825,4587000.0,4587000.0,https://find-and-update.company-information.service.gov.uk/search/companies?q=Mountview+Estates+PLC,https://find-and-update.company-information.service.gov.uk/search/companies?q=Mountview+Estates+PLC,1620595397,17:23:17,20210509
106,1993-03-31,MTVW.L,GBP,1993-03-31,1993-03-31,Q1,3357500.0,0.0,0.0,0.0,0.0,0.0,0.0,0.0,1499750.0,1506500.0,152750.0,6750.0,1857750.0,0.5533134772896501,1851000.0,0.5513030528667163,0.0,1698500.0,0.5058823529411764,560250.0,1138250.0,0.33901712583767685,0.24825,0.24825,4587000.0,4587000.0,https://find-and-update.company-information.service.gov.uk/search/companies?q=Mountview+Estates+PLC,https://find-and-update.company-information.service.gov.uk/search/companies?q=Mountview+Estates+PLC,1620595397,17:23:17,20210509
107,1993-01-31,MTVW.L,GBP,1993-01-31,1993-01-31,Q1,3357500.0,0.0,0.0,0.0,0.0,0.0,0.0,0.0,1499750.0,1506500.0,152750.0,6750.0,1857750.0,0.5533134772896501,1851000.0,0.5513030528667163,0.0,1698500.0,0.5058823529411764,560250.0,1138250.0,0.33901712583767685,0.24825,0.24825,4587000.0,4587000.0,https://find-and-update.company-information.service.gov.uk/search/companies?q=Mountview+Estates+PLC,https://find-and-update.company-information.service.gov.uk/search/companies?q=Mountview+Estates+PLC,1620595397,17:23:17,20210509
108,1992-09-30,MTVW.L,GBP,1992-09-30,1992-09-30,Q3,3426250.0,0.0,0.0,0.0,0.0,0.0,0.0,0.0,3422250.0,3426250.0,165500.0,4000.0,1809000.0,1.8940022111663903,0.0,0.0,0.0,1639500.0,0.4785114921561474,541500.0,1098000.0,0.32046698285297337,0.23937225,0.23937225,4587000.0,4587000.0,https://find-and-update.company-information.service.gov.uk/search/companies?q=Mountview+Estates+PLC,https://find-and-update.company-information.service.gov.uk/search/companies?q=Mountview+Estates+PLC,1620595397,17:23:17,20210509
109,1992-06-30,MTVW.L,GBP,1992-06-30,1992-06-30,Q2,3426250.0,0.0,0.0,0.0,0.0,0.0,0.0,0.0,3422250.0,3426250.0,165500.0,4000.0,1809000.0,1.8940022111663903,0.0,0.0,0.0,1639500.0,0.4785114921561474,541500.0,1098000.0,0.32046698285297337,0.23937225,0.23937225,4587000.0,4587000.0,https://find-and-update.company-information.service.gov.uk/search/companies?q=Mountview+Estates+PLC,https://find-and-update.company-information.service.gov.uk/search/companies?q=Mountview+Estates+PLC,1620595397,17:23:17,20210509
110,1992-03-31,MTVW.L,GBP,1992-03-31,1992-03-31,Q1,3426250.0,0.0,0.0,0.0,0.0,0.0,0.0,0.0,3422250.0,3426250.0,165500.0,4000.0,1809000.0,1.8940022111663903,0.0,0.0,0.0,1639500.0,0.4785114921561474,541500.0,1098000.0,0.32046698285297337,0.23937225,0.23937225,4587000.0,4587000.0,https://find-and-update.company-information.service.gov.uk/search/companies?q=Mountview+Estates+PLC,https://find-and-update.company-information.service.gov.uk/search/companies?q=Mountview+Estates+PLC,1620595397,17:23:17,20210509
111,1992-01-31,MTVW.L,GBP,1992-01-31,1992-01-31,Q1,3426250.0,0.0,0.0,0.0,0.0,0.0,0.0,0.0,3422250.0,3426250.0,165500.0,4000.0,1809000.0,1.8940022111663903,0.0,0.0,0.0,1639500.0,0.4785114921561474,541500.0,1098000.0,0.32046698285297337,0.23937225,0.23937225,4587000.0,4587000.0,https://find-and-update.company-information.service.gov.uk/search/companies?q=Mountview+Estates+PLC,https://find-and-update.company-information.service.gov.uk/search/companies?q=Mountview+Estates+PLC,1620595397,17:23:17,20210509
112,1991-09-30,MTVW.L,GBP,1991-09-30,1991-09-30,Q3,3537000.0,0.0,0.0,0.0,0.0,0.0,0.0,0.0,3533250.0,3537000.0,228250.0,3750.0,2249250.0,1.5725241747249084,0.0,0.0,0.0,2017250.0,0.5703279615493356,686000.0,1331250.0,0.3763782866836302,0.29022225,0.29022225,4587000.0,4587000.0,https://find-and-update.company-information.service.gov.uk/search/companies?q=Mountview+Estates+PLC,https://find-and-update.company-information.service.gov.uk/search/companies?q=Mountview+Estates+PLC,1620595397,17:23:17,20210509
113,1991-06-30,MTVW.L,GBP,1991-06-30,1991-06-30,Q2,3537000.0,0.0,0.0,0.0,0.0,0.0,0.0,0.0,3533250.0,3537000.0,228250.0,3750.0,2249250.0,1.5725241747249084,0.0,0.0,0.0,2017250.0,0.5703279615493356,686000.0,1331250.0,0.3763782866836302,0.29022225,0.29022225,4587000.0,4587000.0,https://find-and-update.company-information.service.gov.uk/search/companies?q=Mountview+Estates+PLC,https://find-and-update.company-information.service.gov.uk/search/companies?q=Mountview+Estates+PLC,1620595397,17:23:17,20210509
114,1991-03-31,MTVW.L,GBP,1991-03-31,1991-03-31,Q1,3537000.0,0.0,0.0,0.0,0.0,0.0,0.0,0.0,3533250.0,3537000.0,228250.0,3750.0,2249250.0,1.5725241747249084,0.0,0.0,0.0,2017250.0,0.5703279615493356,686000.0,1331250.0,0.3763782866836302,0.29022225,0.29022225,4587000.0,4587000.0,https://find-and-update.company-information.service.gov.uk/search/companies?q=Mountview+Estates+PLC,https://find-and-update.company-information.service.gov.uk/search/companies?q=Mountview+Estates+PLC,1620595397,17:23:17,20210509
115,1991-01-31,MTVW.L,GBP,1991-01-31,1991-01-31,Q1,3537000.0,0.0,0.0,0.0,0.0,0.0,0.0,0.0,3533250.0,3537000.0,228250.0,3750.0,2249250.0,1.5725241747249084,0.0,0.0,0.0,2017250.0,0.5703279615493356,686000.0,1331250.0,0.3763782866836302,0.29022225,0.29022225,4587000.0,4587000.0,https://find-and-update.company-information.service.gov.uk/search/companies?q=Mountview+Estates+PLC,https://find-and-update.company-information.service.gov.uk/search/companies?q=Mountview+Estates+PLC,1620595397,17:23:17,20210509
116,1990-09-30,MTVW.L,GBP,1990-09-30,1990-09-30,Q3,3415000.0,0.0,0.0,0.0,0.0,0.0,0.0,0.0,3411500.0,3415000.0,102750.0,3500.0,2344250.0,1.456755892076357,0.0,0.0,0.0,2238000.0,0.6553440702781845,785000.0,1453000.0,0.42547584187408494,0.31676475,0.31676475,4587000.0,4587000.0,https://find-and-update.company-information.service.gov.uk/search/companies?q=Mountview+Estates+PLC,https://find-and-update.company-information.service.gov.uk/search/companies?q=Mountview+Estates+PLC,1620595397,17:23:17,20210509
117,1990-06-30,MTVW.L,GBP,1990-06-30,1990-06-30,Q2,3415000.0,0.0,0.0,0.0,0.0,0.0,0.0,0.0,3411500.0,3415000.0,102750.0,3500.0,2344250.0,1.456755892076357,0.0,0.0,0.0,2238000.0,0.6553440702781845,785000.0,1453000.0,0.42547584187408494,0.31676475,0.31676475,4587000.0,4587000.0,https://find-and-update.company-information.service.gov.uk/search/companies?q=Mountview+Estates+PLC,https://find-and-update.company-information.service.gov.uk/search/companies?q=Mountview+Estates+PLC,1620595397,17:23:17,20210509
118,1990-03-31,MTVW.L,GBP,1990-03-31,1990-03-31,Q1,3415000.0,0.0,0.0,0.0,0.0,0.0,0.0,0.0,3411500.0,3415000.0,102750.0,3500.0,2344250.0,1.456755892076357,0.0,0.0,0.0,2238000.0,0.6553440702781845,785000.0,1453000.0,0.42547584187408494,0.31676475,0.31676475,4587000.0,4587000.0,https://find-and-update.company-information.service.gov.uk/search/companies?q=Mountview+Estates+PLC,https://find-and-update.company-information.service.gov.uk/search/companies?q=Mountview+Estates+PLC,1620595397,17:23:17,20210509
119,1990-01-31,MTVW.L,GBP,1990-01-31,1990-01-31,Q1,3415000.0,0.0,0.0,0.0,0.0,0.0,0.0,0.0,3411500.0,3415000.0,102750.0,3500.0,2344250.0,1.456755892076357,0.0,0.0,0.0,2238000.0,0.6553440702781845,785000.0,1453000.0,0.42547584187408494,0.31676475,0.31676475,4587000.0,4587000.0,https://find-and-update.company-information.service.gov.uk/search/companies?q=Mountview+Estates+PLC,https://find-and-update.company-information.service.gov.uk/search/companies?q=Mountview+Estates+PLC,1620595397,17:23:17,20210509
120,1989-09-30,MTVW.L,GBP,1989-09-30,1989-09-30,Q3,3872000.0,0.0,0.0,0.0,0.0,0.0,0.0,0.0,3870250.0,3872000.0,13250.0,1750.0,2943500.0,1.3154408017666044,0.0,0.0,0.0,2928500.0,0.7563274793388429,1023250.0,1905250.0,0.492058367768595,0.40537225,0.40537225,4700000.0,4700000.0,https://find-and-update.company-information.service.gov.uk/search/companies?q=Mountview+Estates+PLC,https://find-and-update.company-information.service.gov.uk/search/companies?q=Mountview+Estates+PLC,1620595397,17:23:17,20210509
121,1989-06-30,MTVW.L,GBP,1989-06-30,1989-06-30,Q2,3872000.0,0.0,0.0,0.0,0.0,0.0,0.0,0.0,3870250.0,3872000.0,13250.0,1750.0,2943500.0,1.3154408017666044,0.0,0.0,0.0,2928500.0,0.7563274793388429,1023250.0,1905250.0,0.492058367768595,0.40537225,0.40537225,4700000.0,4700000.0,https://find-and-update.company-information.service.gov.uk/search/companies?q=Mountview+Estates+PLC,https://find-and-update.company-information.service.gov.uk/search/companies?q=Mountview+Estates+PLC,1620595397,17:23:17,20210509
122,1989-03-31,MTVW.L,GBP,1989-03-31,1989-03-31,Q1,3872000.0,0.0,0.0,0.0,0.0,0.0,0.0,0.0,3870250.0,3872000.0,13250.0,1750.0,2943500.0,1.3154408017666044,0.0,0.0,0.0,2928500.0,0.7563274793388429,1023250.0,1905250.0,0.492058367768595,0.40537225,0.40537225,4700000.0,4700000.0,https://find-and-update.company-information.service.gov.uk/search/companies?q=Mountview+Estates+PLC,https://find-and-update.company-information.service.gov.uk/search/companies?q=Mountview+Estates+PLC,1620595397,17:23:17,20210509
123,1989-01-31,MTVW.L,GBP,1989-01-31,1989-01-31,Q1,3872000.0,0.0,0.0,0.0,0.0,0.0,0.0,0.0,3870250.0,3872000.0,13250.0,1750.0,2943500.0,1.3154408017666044,0.0,0.0,0.0,2928500.0,0.7563274793388429,1023250.0,1905250.0,0.492058367768595,0.40537225,0.40537225,4700000.0,4700000.0,https://find-and-update.company-information.service.gov.uk/search/companies?q=Mountview+Estates+PLC,https://find-and-update.company-information.service.gov.uk/search/companies?q=Mountview+Estates+PLC,1620595397,17:23:17,20210509
124,1988-09-30,MTVW.L,GBP,1988-09-30,1988-09-30,Q3,3517750.0,0.0,0.0,0.0,0.0,0.0,0.0,0.0,3516500.0,3517750.0,7250.0,1250.0,2617250.0,1.3440634253510364,0.0,0.0,0.0,2608750.0,0.7415961907469263,916500.0,1692250.0,0.48106033686305166,0.3481995,0.3481995,4860000.0,4860000.0,https://find-and-update.company-information.service.gov.uk/search/companies?q=Mountview+Estates+PLC,https://find-and-update.company-information.service.gov.uk/search/companies?q=Mountview+Estates+PLC,1620595397,17:23:17,20210509
125,1988-06-30,MTVW.L,GBP,1988-06-30,1988-06-30,Q2,3517750.0,0.0,0.0,0.0,0.0,0.0,0.0,0.0,3516500.0,3517750.0,7250.0,1250.0,2617250.0,1.3440634253510364,0.0,0.0,0.0,2608750.0,0.7415961907469263,916500.0,1692250.0,0.48106033686305166,0.3481995,0.3481995,4860000.0,4860000.0,https://find-and-update.company-information.service.gov.uk/search/companies?q=Mountview+Estates+PLC,https://find-and-update.company-information.service.gov.uk/search/companies?q=Mountview+Estates+PLC,1620595397,17:23:17,20210509
126,1988-03-31,MTVW.L,GBP,1988-03-31,1988-03-31,Q1,3517750.0,0.0,0.0,0.0,0.0,0.0,0.0,0.0,3516500.0,3517750.0,7250.0,1250.0,2617250.0,1.3440634253510364,0.0,0.0,0.0,2608750.0,0.7415961907469263,916500.0,1692250.0,0.48106033686305166,0.3481995,0.3481995,4860000.0,4860000.0,https://find-and-update.company-information.service.gov.uk/search/companies?q=Mountview+Estates+PLC,https://find-and-update.company-information.service.gov.uk/search/companies?q=Mountview+Estates+PLC,1620595397,17:23:17,20210509
127,1988-01-31,MTVW.L,GBP,1988-01-31,1988-01-31,Q1,3517750.0,0.0,0.0,0.0,0.0,0.0,0.0,0.0,3516500.0,3517750.0,7250.0,1250.0,2617250.0,1.3440634253510364,0.0,0.0,0.0,2608750.0,0.7415961907469263,916500.0,1692250.0,0.48106033686305166,0.3481995,0.3481995,4860000.0,4860000.0,https://find-and-update.company-information.service.gov.uk/search/companies?q=Mountview+Estates+PLC,https://find-and-update.company-information.service.gov.uk/search/companies?q=Mountview+Estates+PLC,1620595397,17:23:17,20210509
128,1987-09-30,MTVW.L,GBP,1987-09-30,1987-09-30,Q3,3044750.0,0.0,0.0,0.0,0.0,0.0,0.0,0.0,3043250.0,3044750.0,13000.0,1500.0,1803500.0,1.6882450790130301,0.0,0.0,0.0,1789000.0,0.5875687659085311,626750.0,1162250.0,0.3817226373265457,0.234798,0.234798,4950000.0,4950000.0,https://find-and-update.company-information.service.gov.uk/search/companies?q=Mountview+Estates+PLC,https://find-and-update.company-information.service.gov.uk/search/companies?q=Mountview+Estates+PLC,1620595397,17:23:17,20210509
129,1987-06-30,MTVW.L,GBP,1987-06-30,1987-06-30,Q2,3044750.0,0.0,0.0,0.0,0.0,0.0,0.0,0.0,3043250.0,3044750.0,13000.0,1500.0,1803500.0,1.6882450790130301,0.0,0.0,0.0,1789000.0,0.5875687659085311,626750.0,1162250.0,0.3817226373265457,0.234798,0.234798,4950000.0,4950000.0,https://find-and-update.company-information.service.gov.uk/search/companies?q=Mountview+Estates+PLC,https://find-and-update.company-information.service.gov.uk/search/companies?q=Mountview+Estates+PLC,1620595397,17:23:17,20210509
130,1987-03-31,MTVW.L,GBP,1987-03-31,1987-03-31,Q1,3044750.0,0.0,0.0,0.0,0.0,0.0,0.0,0.0,3043250.0,3044750.0,13000.0,1500.0,1803500.0,1.6882450790130301,0.0,0.0,0.0,1789000.0,0.5875687659085311,626750.0,1162250.0,0.3817226373265457,0.234798,0.234798,4950000.0,4950000.0,https://find-and-update.company-information.service.gov.uk/search/companies?q=Mountview+Estates+PLC,https://find-and-update.company-information.service.gov.uk/search/companies?q=Mountview+Estates+PLC,1620595397,17:23:17,20210509
131,1987-01-31,MTVW.L,GBP,1987-01-31,1987-01-31,Q1,3044750.0,0.0,0.0,0.0,0.0,0.0,0.0,0.0,3043250.0,3044750.0,13000.0,1500.0,1803500.0,1.6882450790130301,0.0,0.0,0.0,1789000.0,0.5875687659085311,626750.0,1162250.0,0.3817226373265457,0.234798,0.234798,4950000.0,4950000.0,https://find-and-update.company-information.service.gov.uk/search/companies?q=Mountview+Estates+PLC,https://find-and-update.company-information.service.gov.uk/search/companies?q=Mountview+Estates+PLC,1620595397,17:23:17,20210509
132,1986-09-30,MTVW.L,GBP,1986-09-30,1986-09-30,Q3,2059250.0,0.0,0.0,0.0,0.0,0.0,0.0,0.0,2058250.0,2059250.0,27000.0,1000.0,1388000.0,1.4836095100864553,0.0,0.0,0.0,1360000.0,0.660434624256404,543250.0,816750.0,0.39662498482457204,0.16335,0.16335,5000000.0,5000000.0,https://find-and-update.company-information.service.gov.uk/search/companies?q=Mountview+Estates+PLC,https://find-and-update.company-information.service.gov.uk/search/companies?q=Mountview+Estates+PLC,1620595397,17:23:17,20210509
133,1986-06-30,MTVW.L,GBP,1986-06-30,1986-06-30,Q2,2059250.0,0.0,0.0,0.0,0.0,0.0,0.0,0.0,2058250.0,2059250.0,27000.0,1000.0,1388000.0,1.4836095100864553,0.0,0.0,0.0,1360000.0,0.660434624256404,543250.0,816750.0,0.39662498482457204,0.16335,0.16335,5000000.0,5000000.0,https://find-and-update.company-information.service.gov.uk/search/companies?q=Mountview+Estates+PLC,https://find-and-update.company-information.service.gov.uk/search/companies?q=Mountview+Estates+PLC,1620595397,17:23:17,20210509
134,1986-03-31,MTVW.L,GBP,1986-03-31,1986-03-31,Q1,2059250.0,0.0,0.0,0.0,0.0,0.0,0.0,0.0,2058250.0,2059250.0,27000.0,1000.0,1388000.0,1.4836095100864553,0.0,0.0,0.0,1360000.0,0.660434624256404,543250.0,816750.0,0.39662498482457204,0.16335,0.16335,5000000.0,5000000.0,https://find-and-update.company-information.service.gov.uk/search/companies?q=Mountview+Estates+PLC,https://find-and-update.company-information.service.gov.uk/search/companies?q=Mountview+Estates+PLC,1620595397,17:23:17,20210509
135,1986-01-31,MTVW.L,GBP,1986-01-31,1986-01-31,Q1,2059250.0,0.0,0.0,0.0,0.0,0.0,0.0,0.0,2058250.0,2059250.0,27000.0,1000.0,1388000.0,1.4836095100864553,0.0,0.0,0.0,1360000.0,0.660434624256404,543250.0,816750.0,0.39662498482457204,0.16335,0.16335,5000000.0,5000000.0,https://find-and-update.company-information.service.gov.uk/search/companies?q=Mountview+Estates+PLC,https://find-and-update.company-information.service.gov.uk/search/companies?q=Mountview+Estates+PLC,1620595397,17:23:17,20210509
