,date,symbol,reportedCurrency,fillingDate,acceptedDate,period,revenue,costOfRevenue,grossProfit,grossProfitRatio,researchAndDevelopmentExpenses,generalAndAdministrativeExpenses,sellingAndMarketingExpenses,otherExpenses,operatingExpenses,costAndExpenses,interestExpense,depreciationAndAmortization,ebitda,ebitdaratio,operatingIncome,operatingIncomeRatio,totalOtherIncomeExpensesNet,incomeBeforeTax,incomeBeforeTaxRatio,incomeTaxExpense,netIncome,netIncomeRatio,eps,epsdiluted,weightedAverageShsOut,weightedAverageShsOutDil,link,finalLink,timestamp,est_time,est_date
0,2020-12-31,TALBROAUTO.NS,INR,2020-12-31,2020-12-31,Q4,1295161000,700508000,594653000,0.4591344242144413,0.0,0.0,0.0,25429000.0,468455000,1168963000,33313000.0,59653000,185851000.0,0.14349644561564162,126198000,0.09743807912684214,0.0,145375000.0,0.11224473250815922,39851000.0,105524000.0,0.08147558488867407,8.55,8.55,12341988,12341988,https://www.nseindia.com/companies-listing/corporate-filings-annual-reports,https://www.nseindia.com/companies-listing/corporate-filings-annual-reports,1620598579,18:16:19,20210509
1,2020-09-30,TALBROAUTO.NS,INR,2020-09-30,2020-09-30,Q3,1082571000,574282000,508289000,0.469520243937811,0.0,0.0,0.0,19582000.0,417193000,991475000,33641000.0,59704000,150800000.0,0.1392980229472247,91096000,0.08414782956498927,0.0,105370000.0,0.09733310794395933,5355000.0,100015000.0,0.09238655016622466,8.1,8.1,12347531,12347531,https://www.nseindia.com/companies-listing/corporate-filings-annual-reports,https://www.nseindia.com/companies-listing/corporate-filings-annual-reports,1620598579,18:16:19,20210509
2,2020-06-30,TALBROAUTO.NS,INR,2020-06-30,2020-06-30,Q2,487912000,283805000,204107000,0.4183274852842316,0.0,0.0,0.0,16945000.0,248476000,532281000,37410000.0,45547000,1178000.0,0.0024143698043909557,-44369000,-0.09093648034891538,0.0,-91563000.0,-0.1876629392185476,-2992000.0,-88571000.0,-0.18153068586138485,-7.17,-7.17,12352999,12352999,https://www.nseindia.com/companies-listing/corporate-filings-annual-reports,https://www.nseindia.com/companies-listing/corporate-filings-annual-reports,1620598579,18:16:19,20210509
3,2020-03-31,TALBROAUTO.NS,INR,2020-03-31,2020-03-31,Q1,733331000,774121000,-40790000,-0.055622904254695356,0.0,0.0,0.0,-19059000.0,-78086000,696035000,28571000.0,43756000,81052000.0,0.11052580621847433,37296000,0.05085834364018431,0.0,-4880000.0,-0.006654566628166544,-7627000.0,2747000.0,0.0037459210097486673,0.22247362650881378,0.22247362650881378,12347531,12347531,https://www.nseindia.com/companies-listing/corporate-filings-annual-reports,https://www.nseindia.com/companies-listing/corporate-filings-annual-reports,1620598579,18:16:19,20210509
4,2019-12-31,TALBROAUTO.NS,INR,2019-12-31,2019-12-31,Q4,954278000,494248000,460030000,0.4820712622527188,0.0,0.0,0.0,19684000.0,409266000,903514000,42186000.0,46510000,97274000.0,0.1019346563580005,50764000,0.05319623841270573,0.0,49759000.0,0.05214308618662486,6552000.0,43207000.0,0.04527716242017525,3.5,3.5,12344857,12344857,https://www.nseindia.com/companies-listing/corporate-filings-annual-reports,https://www.nseindia.com/companies-listing/corporate-filings-annual-reports,1620598579,18:16:19,20210509
5,2019-09-30,TALBROAUTO.NS,INR,2019-09-30,2019-09-30,Q3,907498000,490486000,417012000,0.45951836808455776,0.0,0.0,0.0,13445000.0,376433000,866919000,41402000.0,48203000,88782000.0,0.09783162056555497,40579000,0.04471525006115716,0.0,33980000.0,0.03744360869114863,3922000.0,30058000.0,0.033121836081181445,2.44,2.44,12318852,12318852,https://www.nseindia.com/companies-listing/corporate-filings-annual-reports,https://www.nseindia.com/companies-listing/corporate-filings-annual-reports,1620598579,18:16:19,20210509
6,2019-06-30,TALBROAUTO.NS,INR,2019-06-30,2019-06-30,Q2,1074774000,586558000,488216000,0.4542499167266793,0.0,0.0,0.0,15841000.0,427195000,1013753000,40149000.0,46152000,107173000.0,0.09971677766674668,61021000,0.056775657021848315,0.0,56363000.0,0.052441722631920755,10379000.0,45984000.0,0.04278480871327368,3.72,3.72,12361290,12361290,https://www.nseindia.com/companies-listing/corporate-filings-annual-reports,https://www.nseindia.com/companies-listing/corporate-filings-annual-reports,1620598579,18:16:19,20210509
7,2019-03-31,TALBROAUTO.NS,INR,2019-03-31,2019-03-31,Q1,829549000,925282000,-95733000,-0.1154036711514329,0.0,0.0,0.0,-17455000.0,-162221000,763061000,27444000.0,42564000,109052000.0,0.13145938335167665,66488000,0.08014957525113044,0.0,68950000.0,0.08311745297746125,7844000.0,61106000.0,0.07366171256911888,4.9488436190198675,4.9488436190198675,12347531,12347531,https://www.nseindia.com/companies-listing/corporate-filings-annual-reports,https://www.nseindia.com/companies-listing/corporate-filings-annual-reports,1620598579,18:16:19,20210509
8,2018-12-31,TALBROAUTO.NS,INR,2018-12-31,2018-12-31,Q4,1251446000,728399000,523047000,0.41795411068475985,0.0,0.0,0.0,26972000.0,447048000,1175447000,39822000.0,48082000,124081000.0,0.09915010316066375,75999000,0.06072894875208359,0.0,85379000.0,0.06822427815503027,21204000.0,64175000.0,0.05128067851109836,5.2,5.2,12341346,12341346,https://www.nseindia.com/companies-listing/corporate-filings-annual-reports,https://www.nseindia.com/companies-listing/corporate-filings-annual-reports,1620598579,18:16:19,20210509
9,2018-09-30,TALBROAUTO.NS,INR,2018-09-30,2018-09-30,Q3,1282918000,723547000,559371000,0.43601461667854063,0.0,0.0,0.0,9265000.0,457680000,1181227000,39157000.0,45306000,146997000.0,0.11458019920213139,101691000,0.07926539342343003,0.0,100642000.0,0.0784477261991803,24241000.0,76401000.0,0.05955252011430193,6.19,6.19,12342649,12342649,https://www.nseindia.com/companies-listing/corporate-filings-annual-reports,https://www.nseindia.com/companies-listing/corporate-filings-annual-reports,1620598579,18:16:19,20210509
10,2018-06-30,TALBROAUTO.NS,INR,2018-06-30,2018-06-30,Q2,1231752000,688237000,543515000,0.4412535965031922,0.0,0.0,0.0,8835000.0,448676000,1136913000,38119000.0,39247000,134086000.0,0.10885795192538758,94839000,0.07699520682734837,0.0,86410000.0,0.07015210854132975,24313000.0,62097000.0,0.050413557274516296,5.03,5.03,12345328,12345328,https://www.nseindia.com/companies-listing/corporate-filings-annual-reports,https://www.nseindia.com/companies-listing/corporate-filings-annual-reports,1620598579,18:16:19,20210509
11,2018-03-31,TALBROAUTO.NS,INR,2018-03-31,2018-03-31,Q1,1101658000,621879000,479779000,0.43550630050342304,0.0,0.0,0.0,20820000.0,392106000,1013985000,35311000.0,40558000,128231000.0,0.1163981925425132,87673000,0.07958277432742285,0.0,89811000.0,0.08152348551002217,14297000.0,75514000.0,0.06854577373377219,6.12,6.12,12338889,12338889,https://www.nseindia.com/companies-listing/corporate-filings-annual-reports,https://www.nseindia.com/companies-listing/corporate-filings-annual-reports,1620598579,18:16:19,20210509
12,2017-12-31,TALBROAUTO.NS,INR,2017-12-31,2017-12-31,Q4,1019865000,579913000,439952000,0.4313825849499689,0.0,0.0,0.0,0.0,342282000,922195000,0.0,33193000,130863000.0,0.1283140415643247,97670000,0.09576757708128036,0.0,77184000.0,0.07568060478592754,20468000.0,56716000.0,0.05561128188534757,4.59,4.59,12356427,12356427,https://www.nseindia.com/companies-listing/corporate-filings-annual-reports,https://www.nseindia.com/companies-listing/corporate-filings-annual-reports,1620598579,18:16:19,20210509
13,2017-09-30,TALBROAUTO.NS,INR,2017-09-30,2017-09-30,Q3,1008022000,589529000,418493000,0.41516256589637923,0.0,0.0,0.0,0.0,346745000,936274000,0.0,34762000,106510000.0,0.10566237641638773,71748000,0.07117701796190956,0.0,80391000.0,0.07975123558811216,10957000.0,69434000.0,0.06888143314332425,5.62,5.62,12354804,12354804,https://www.nseindia.com/companies-listing/corporate-filings-annual-reports,https://www.nseindia.com/companies-listing/corporate-filings-annual-reports,1620598579,18:16:19,20210509
14,2017-06-30,TALBROAUTO.NS,INR,2017-06-30,2017-06-30,Q2,800204000,425783000,374421000,0.46790693373189834,0.0,0.0,0.0,14593000.0,337766000,763549000,33535000.0,33432000,70087000.0,0.08758641546405667,36655000,0.04580706919735467,0.0,33217000.0,0.041510664780480974,5925000.0,27292000.0,0.03410630289276235,2.21,2.21,12349321,12349321,https://www.nseindia.com/companies-listing/corporate-filings-annual-reports,https://www.nseindia.com/companies-listing/corporate-filings-annual-reports,1620598579,18:16:19,20210509
15,2017-03-31,TALBROAUTO.NS,INR,2017-03-31,2017-03-31,Q1,1124216000,653279000,470937000,0.41890259523080975,0.0,0.0,0.0,29138000.0,397175000,1050454000,41791000.0,39685000,113447000.0,0.1009121023006255,73762000,0.06561194645868765,0.0,61109000.0,0.054356991894796015,20494000.0,40615000.0,0.03612739900517338,3.29,3.29,12344985,12344985,https://www.nseindia.com/companies-listing/corporate-filings-annual-reports,https://www.nseindia.com/companies-listing/corporate-filings-annual-reports,1620598579,18:16:19,20210509
16,2016-12-31,TALBROAUTO.NS,INR,2016-12-31,2016-12-31,Q4,1024225000,568635000,455590000,0.4448143718421245,0.0,0.0,0.0,21759000.0,389273000,957908000,41132000.0,35799000,102116000.0,0.0997007493470673,66317000,0.0647484683541214,0.0,46944000.0,0.045833679123239525,2091000.0,44853000.0,0.04379213551709829,3.63,3.63,12356198,12356198,https://www.nseindia.com/companies-listing/corporate-filings-annual-reports,https://www.nseindia.com/companies-listing/corporate-filings-annual-reports,1620598579,18:16:19,20210509
17,2016-09-30,TALBROAUTO.NS,INR,2016-09-30,2016-09-30,Q3,1061628000,597027000,464601000,0.437630695497858,0.0,0.0,0.0,21952000.0,391594000,988621000,39747000.0,38190000,111197000.0,0.10474196234462542,73007000,0.06876890963689729,0.0,55212000.0,0.052006917677378514,14011000.0,41201000.0,0.03880926275493864,3.34,3.34,12335629,12335629,https://www.nseindia.com/companies-listing/corporate-filings-annual-reports,https://www.nseindia.com/companies-listing/corporate-filings-annual-reports,1620598579,18:16:19,20210509
18,2016-06-30,TALBROAUTO.NS,INR,2016-06-30,2016-06-30,Q2,1071280000,608279000,463001000,0.4321941975953999,0.0,0.0,0.0,0.0,375605000,983884000,43976000.0,39225000,126621000.0,0.11819598984392503,87396000,0.08158091255320737,0.0,43420000.0,0.04053095362556941,12841000.0,30579000.0,0.02854435815099694,2.48,2.48,12330242,12330242,https://www.nseindia.com/companies-listing/corporate-filings-annual-reports,https://www.nseindia.com/companies-listing/corporate-filings-annual-reports,1620598579,18:16:19,20210509
19,2016-03-31,TALBROAUTO.NS,INR,2016-03-31,2016-03-31,Q1,1031138000,567405000,463733000,0.4497293281791574,0.0,0.0,0.0,20234000.0,420785000,988190000,44879000.0,45971000,88919000.0,0.08623385036726412,42948000,0.041651069013070995,0.0,18303000.0,0.017750291425589978,6967000.0,11336000.0,0.010993678828633995,0.92,0.92,12321739,12321739,https://www.nseindia.com/companies-listing/corporate-filings-annual-reports,https://www.nseindia.com/companies-listing/corporate-filings-annual-reports,1620598579,18:16:19,20210509
20,2015-12-31,TALBROAUTO.NS,INR,2015-12-31,2015-12-31,Q4,953734000,537519000,416215000,0.43640574835331447,0.0,0.0,0.0,0.0,322651000,860170000,42541000.0,26109000,119673000.0,0.1254783828614687,93564000,0.09810282531607345,0.0,51023000.0,0.05349814518513548,12091000.0,38932000.0,0.04082060616482164,3.15,3.15,12359365,12359365,https://www.nseindia.com/companies-listing/corporate-filings-annual-reports,https://www.nseindia.com/companies-listing/corporate-filings-annual-reports,1620598579,18:16:19,20210509
21,2015-09-30,TALBROAUTO.NS,INR,2015-09-30,2015-09-30,Q3,974784000,535169000,439615000,0.45098709047337665,0.0,0.0,0.0,0.0,356672000,891841000,44552000.0,23992000,106935000.0,0.1097012261177861,82943000,0.0850885939859497,0.0,38391000.0,0.039384109710458935,13852000.0,24539000.0,0.025173782089160265,1.99,1.99,12331156,12331156,https://www.nseindia.com/companies-listing/corporate-filings-annual-reports,https://www.nseindia.com/companies-listing/corporate-filings-annual-reports,1620598579,18:16:19,20210509
22,2015-06-30,TALBROAUTO.NS,INR,2015-06-30,2015-06-30,Q2,958870000,545121000,413749000,0.43149644894511247,0.0,0.0,0.0,0.0,334619000,879740000,44955000.0,22339000,101469000.0,0.10582143564821092,79130000,0.08252422121872621,0.0,34175000.0,0.03564091065525045,11874000.0,22301000.0,0.023257584448361093,1.81,1.81,12320994,12320994,https://www.nseindia.com/companies-listing/corporate-filings-annual-reports,https://www.nseindia.com/companies-listing/corporate-filings-annual-reports,1620598579,18:16:19,20210509
23,2015-03-31,TALBROAUTO.NS,INR,2015-03-31,2015-03-31,Q1,992121062,545068927,447052135,0.45060240339903196,0.0,0.0,0.0,0.0,430004435,975073362,0.0,19333733,36381433.0,0.03667035646502584,17047700,0.017183084457086144,0.0,47112140.0,0.047486281467533246,4534327.0,42577813.0,0.042915945070421256,3.448285572233024,3.448285572233024,12347531,12347531,https://www.nseindia.com/companies-listing/corporate-filings-annual-reports,https://www.nseindia.com/companies-listing/corporate-filings-annual-reports,1620598579,18:16:19,20210509
24,2014-12-31,TALBROAUTO.NS,INR,2014-12-31,2014-12-31,Q4,1008090000,570022000,438068000,0.4345524705135454,0.0,0.0,0.0,0.0,334619000,904641000,0.0,27827000,131276000.0,0.13022249997520063,103449000,0.10261881379638722,0.0,57241000.0,0.056781636560227756,19673000.0,37568000.0,0.037266513902528546,3.04,3.04,12357895,12357895,https://www.nseindia.com/companies-listing/corporate-filings-annual-reports,https://www.nseindia.com/companies-listing/corporate-filings-annual-reports,1620598579,18:16:19,20210509
25,2014-09-30,TALBROAUTO.NS,INR,2014-09-30,2014-09-30,Q3,981448000,554159000,427289000,0.43536590833136346,0.0,0.0,0.0,0.0,336887000,891046000,0.0,25576000,115978000.0,0.11817029531875352,90402000,0.09211084030942036,0.0,46374000.0,0.04725059300136125,14367000.0,32007000.0,0.032612018160921415,2.59,2.59,12357915,12357915,https://www.nseindia.com/companies-listing/corporate-filings-annual-reports,https://www.nseindia.com/companies-listing/corporate-filings-annual-reports,1620598579,18:16:19,20210509
26,2014-06-30,TALBROAUTO.NS,INR,2014-06-30,2014-06-30,Q2,922546000,501904000,420642000,0.4559577517001862,0.0,0.0,0.0,0.0,333659000,835563000,0.0,27122000,114105000.0,0.12368488942556793,86983000,0.09428581339033501,0.0,41376000.0,0.04484979610772796,12308000.0,29068000.0,0.03150845594691213,2.35,2.35,12369362,12369362,https://www.nseindia.com/companies-listing/corporate-filings-annual-reports,https://www.nseindia.com/companies-listing/corporate-filings-annual-reports,1620598579,18:16:19,20210509
27,2014-03-31,TALBROAUTO.NS,INR,2014-03-31,2014-03-31,Q1,979361213,530282182,449079031,0.4585427981412207,0.0,0.0,0.0,0.0,433204480,963486662,0.0,25501475,41376026.0,0.04224797291415706,15874551,0.016209086891824865,0.0,113537779.0,0.11593044271398974,11047458.0,102490321.0,0.10465017364333787,8.30047083906896,8.30047083906896,12347531,12347531,https://www.nseindia.com/companies-listing/corporate-filings-annual-reports,https://www.nseindia.com/companies-listing/corporate-filings-annual-reports,1620598579,18:16:19,20210509
28,2013-12-31,TALBROAUTO.NS,INR,2013-12-31,2013-12-31,Q4,876535000,533892000,342643000,0.39090623876970115,0.0,0.0,0.0,0.0,259986000,793878000,0.0,28085000,110742000.0,0.12634064812015494,82657000,0.09429971421563314,0.0,34507000.0,0.03936750956892765,6206000.0,28301000.0,0.03228735874779672,2.29,2.29,12345630,12345630,https://www.nseindia.com/companies-listing/corporate-filings-annual-reports,https://www.nseindia.com/companies-listing/corporate-filings-annual-reports,1620598579,18:16:19,20210509
29,2013-09-30,TALBROAUTO.NS,INR,2013-09-30,2013-09-30,Q3,884148000,505776000,378372000,0.4279509765333406,0.0,0.0,0.0,0.0,303209000,808985000,0.0,25834000,100997000.0,0.11423087537380619,75163000,0.08501178535720263,0.0,29678000.0,0.03356677841266394,5522000.0,24156000.0,0.027321217714681253,1.96,1.96,12345630,12345630,https://www.nseindia.com/companies-listing/corporate-filings-annual-reports,https://www.nseindia.com/companies-listing/corporate-filings-annual-reports,1620598579,18:16:19,20210509
30,2013-06-30,TALBROAUTO.NS,INR,2013-06-30,2013-06-30,Q2,919661000,520442000,399219000,0.4340936497252792,0.0,0.0,0.0,0.0,311740000,832182000,0.0,25108000,112587000.0,0.12242228386329311,87479000,0.09512091955622778,0.0,42328000.0,0.046025655105522575,4147000.0,38181000.0,0.04151638484180584,3.09,3.09,12345630,12345630,https://www.nseindia.com/companies-listing/corporate-filings-annual-reports,https://www.nseindia.com/companies-listing/corporate-filings-annual-reports,1620598579,18:16:19,20210509
31,2013-03-31,TALBROAUTO.NS,INR,2013-03-31,2013-03-31,Q1,900097634,504696352,395401282,0.4392871029366576,0.0,0.0,0.0,0.0,357106197,861802549,0.0,21249974,59545059.0,0.06615400013372327,38295085,0.04254547901633524,0.0,44370007.0,0.04929466018349738,-1008161.0,45377168.0,0.05041360657548401,3.674999317677356,3.674999317677356,12347531,12347531,https://www.nseindia.com/companies-listing/corporate-filings-annual-reports,https://www.nseindia.com/companies-listing/corporate-filings-annual-reports,1620598579,18:16:19,20210509
32,2012-12-31,TALBROAUTO.NS,INR,2012-12-31,2012-12-31,Q4,779697000,425722000,353975000,0.4539904603967952,0.0,0.0,0.0,0.0,264980000,690702000,0.0,26235000,115230000.0,0.14778817925424875,88995000,0.11414049303768002,0.0,37091000.0,0.047571043623356256,3502000.0,33589000.0,0.04307955526313427,2.72,2.72,12348897,12348897,https://www.nseindia.com/companies-listing/corporate-filings-annual-reports,https://www.nseindia.com/companies-listing/corporate-filings-annual-reports,1620598579,18:16:19,20210509
33,2012-09-30,TALBROAUTO.NS,INR,2012-09-30,2012-09-30,Q3,825459000,472342000,353117000,0.4277826033758188,0.0,0.0,0.0,0.0,277496000,749838000,0.0,28166000,103787000.0,0.12573247126750087,75621000,0.09161084923660655,0.0,23164000.0,0.028061963101740972,1069000.0,22095000.0,0.026766926037513673,1.79,1.79,12345630,12345630,https://www.nseindia.com/companies-listing/corporate-filings-annual-reports,https://www.nseindia.com/companies-listing/corporate-filings-annual-reports,1620598579,18:16:19,20210509
34,2012-06-30,TALBROAUTO.NS,INR,2012-06-30,2012-06-30,Q2,942695000,529268000,413427000,0.4385586006078318,0.0,0.0,0.0,0.0,322712000,851980000,0.0,27769000,118484000.0,0.1256864627477604,90715000,0.09622942733333686,0.0,39461000.0,0.04185977437028943,1742000.0,37719000.0,0.040011880831021696,3.06,3.06,12345630,12345630,https://www.nseindia.com/companies-listing/corporate-filings-annual-reports,https://www.nseindia.com/companies-listing/corporate-filings-annual-reports,1620598579,18:16:19,20210509
35,2012-03-31,TALBROAUTO.NS,INR,2012-03-31,2012-03-31,Q1,992136386,579967421,412168965,0.41543579170777434,0.0,0.0,0.0,0.0,341857784,921825205,0.0,28654304,98965485.0,0.09974987954932237,70311181,0.07086846323969011,0.0,54710601.0,0.055144233970267874,4820903.0,49889698.0,0.050285120779755374,4.04045942464125,4.04045942464125,12347531,12347531,https://www.nseindia.com/companies-listing/corporate-filings-annual-reports,https://www.nseindia.com/companies-listing/corporate-filings-annual-reports,1620598579,18:16:19,20210509
36,2011-12-31,TALBROAUTO.NS,INR,2011-12-31,2011-12-31,Q4,926526000,515199000,411327000,0.4439454478341676,0.0,0.0,0.0,0.0,324789000,839988000,0.0,27336000,113874000.0,0.12290426820186373,86538000,0.09340050899812849,0.0,31354000.0,0.03384038872087777,2200000.0,29154000.0,0.03146592756166584,2.36,2.36,12353390,12353390,https://www.nseindia.com/companies-listing/corporate-filings-annual-reports,https://www.nseindia.com/companies-listing/corporate-filings-annual-reports,1620598579,18:16:19,20210509
37,2011-09-30,TALBROAUTO.NS,INR,2011-09-30,2011-09-30,Q3,923940000,510434000,413506000,0.4475463774703985,0.0,0.0,0.0,0.0,335981000,846415000,0.0,28633000,106158000.0,0.1148970712383921,77525000,0.08390696365564863,0.0,31535000.0,0.03413100417776046,1345000.0,30190000.0,0.03267528194471502,2.45,2.45,12345630,12345630,https://www.nseindia.com/companies-listing/corporate-filings-annual-reports,https://www.nseindia.com/companies-listing/corporate-filings-annual-reports,1620598579,18:16:19,20210509
