,date,symbol,reportedCurrency,fillingDate,acceptedDate,period,revenue,costOfRevenue,grossProfit,grossProfitRatio,researchAndDevelopmentExpenses,generalAndAdministrativeExpenses,sellingAndMarketingExpenses,otherExpenses,operatingExpenses,costAndExpenses,interestExpense,depreciationAndAmortization,ebitda,ebitdaratio,operatingIncome,operatingIncomeRatio,totalOtherIncomeExpensesNet,incomeBeforeTax,incomeBeforeTaxRatio,incomeTaxExpense,netIncome,netIncomeRatio,eps,epsdiluted,weightedAverageShsOut,weightedAverageShsOutDil,link,finalLink,timestamp,est_time,est_date
0,2019-09-30,LPT,USD,2019-11-06,2019-11-06 17:14:11,Q3,163200000,35200000.0,128000000,0.7843137254901961,0.0,13300000.0,0.0,6248000.0,86200000.0,121328000.0,25741000.0,43800000.0,85600000.0,0.5245098039215687,41800000,0.25612745098039214,0.0,61400000.0,0.3762254901960784,900000.0,100400000.0,0.6151960784313726,0.6649,0.6649,151000000,151000000,https://www.sec.gov/Archives/edgar/data/921112/000162828019013525/lpt930201910q.htm,https://www.sec.gov/Archives/edgar/data/921112/000162828019013525/lpt930201910q.htm,1620594592,17:09:52,20210509
1,2019-06-30,LPT,USD,2019-08-05,2019-08-02 18:59:54,Q2,161300000,38400000.0,122900000,0.7619342839429635,0.0,13000000.0,0.0,9782000.0,84699999.99999999,122988000.0,25384000.0,43000000.0,81200000.0,0.5034097954122753,38200000,0.23682579045257285,0.0,53900000.0,0.3341599504029758,-300000.0,99800000.0,0.6187228766274023,0.65059,0.65059,153400000,153400000,https://www.sec.gov/Archives/edgar/data/921112/000162828019009889/lpt630201910q.htm,https://www.sec.gov/Archives/edgar/data/921112/000162828019009889/lpt630201910q.htm,1620594592,17:09:52,20210509
2,2019-03-31,LPT,USD,2019-05-08,2019-05-08 16:48:14,Q1,157200000,36900000.0,120400000,0.7659033078880407,0.0,18800000.0,0.0,2268000.0,90000000.0,127100000.0,25519000.0,45700000.0,76000000.0,0.48346055979643765,30300000,0.19274809160305342,0.0,41100000.0,0.26145038167938933,800000.0,54300000.0,0.34541984732824427,0.36541,0.36541,148600000,148600000,https://www.sec.gov/Archives/edgar/data/921112/000162828019006285/lpt331201910q.htm,https://www.sec.gov/Archives/edgar/data/921112/000162828019006285/lpt331201910q.htm,1620594592,17:09:52,20210509
3,2018-12-31,LPT,USD,2019-02-27,2019-02-26 18:25:36,Q4,177800000,56500000.0,121300000,0.6822272215973003,0.0,10400000.0,0.0,10319000.0,84000000.0,212417000.0,23048000.0,43500000.0,80800000.0,0.4544431946006749,37300000,0.20978627671541059,-5300000.0,62300000.0,0.35039370078740156,5400000.0,169700000.0,0.954443194600675,1.14353,1.14353,148400000,148400000,https://www.sec.gov/Archives/edgar/data/921112/000162828019002017/lpt1231201810k.htm,https://www.sec.gov/Archives/edgar/data/921112/000162828019002017/lpt1231201810k.htm,1620594592,17:09:52,20210509
4,2018-09-30,LPT,USD,2018-11-02,2018-11-02 17:13:19,Q3,161300000,48500000.0,112800000,0.6993180409175449,0.0,12400000.0,0.0,1292000.0,79699999.99999999,107212000.0,22937000.0,43800000.00000001,76900000.0,0.476751394916305,33100000,0.20520768753874769,0.0,45300000.0,0.28084314941103533,400000.0,150100000.0,0.930564166150031,1.01214,1.01214,148300000,148300000,https://www.sec.gov/Archives/edgar/data/921112/000162828018013486/lpt930201810q.htm,https://www.sec.gov/Archives/edgar/data/921112/000162828018013486/lpt930201810q.htm,1620594592,17:09:52,20210509
5,2018-06-30,LPT,USD,2018-08-02,2018-08-02 16:12:25,Q2,164900000,114700000.0,50200000,0.30442692540933897,0.0,11400000.0,0.0,59000.0,99499999.99999999,195935000.0,20895000.0,43400000.0,-5900000.0,-0.035779260157671314,-49300000,-0.29896907216494845,0.0,9500000.0,0.05761067313523347,900000.0,19600000.0,0.11885991510006064,0.13049,0.13049,150200000,150200000,https://www.sec.gov/Archives/edgar/data/921112/000162828018010340/lpt630201810q.htm,https://www.sec.gov/Archives/edgar/data/921112/000162828018010340/lpt630201810q.htm,1620594592,17:09:52,20210509
6,2018-03-31,LPT,USD,2018-05-03,2018-05-02 17:54:47,Q1,172700000,62900000.0,109800000,0.6357845975680371,0.0,17100000.0,0.0,324000.0,82000000.0,130840000.0,22750000.0,45100000.0,72900000.0,0.42211928199189347,27800000,0.16097278517660682,0.0,41200000.0,0.23856398378691374,500000.0,140200000.0,0.8118123914302259,0.94794,0.94794,147900000,147900000,https://www.sec.gov/Archives/edgar/data/921112/000162828018005743/lpt331201810q.htm,https://www.sec.gov/Archives/edgar/data/921112/000162828018005743/lpt331201810q.htm,1620594592,17:09:52,20210509
7,2017-12-31,LPT,USD,2018-03-01,2018-02-28 19:06:24,Q4,177400000,69800000.0,107600000,0.6065388951521984,0.0,12100000.0,0.0,109000.0,136300000.0,107926000.0,21512000.0,44500000.0,15900000.0,0.08962795941375423,-28600000,-0.161217587373168,-5100000.0,105900000.0,0.59695603156708,500000.0,128400000.0,0.7237880496054115,0.86815,0.86815,147900000,147900000,https://www.sec.gov/Archives/edgar/data/921112/000162828018002551/lpt1231201710k.htm,https://www.sec.gov/Archives/edgar/data/921112/000162828018002551/lpt1231201710k.htm,1620594592,17:09:52,20210509
8,2017-09-30,LPT,USD,2017-11-03,2017-11-03 15:30:11,Q3,171600000,58900000.0,112700000,0.6567599067599068,0.0,11900000.0,0.0,4957000.0,62500000.00000001,138778000.0,23060000.0,47100000.00000001,97300000.0,0.567016317016317,50200000,0.2925407925407925,4900000.0,54300000.0,0.31643356643356646,600000.0,59500000.0,0.34673659673659674,0.40312,0.40312,147600000,147600000,https://www.sec.gov/Archives/edgar/data/921112/000162828017010834/lpt930201710q.htm,https://www.sec.gov/Archives/edgar/data/921112/000162828017010834/lpt930201710q.htm,1620594592,17:09:52,20210509
9,2017-06-30,LPT,USD,2017-08-03,2017-08-03 16:36:11,Q2,159600000,50400000.0,109200000,0.6842105263157895,0.0,15200000.0,0.0,15153000.0,56100000.0,119859000.0,21942000.0,46300000.0,99400000.0,0.6228070175438597,53100000,0.33270676691729323,200000.0,40700000.0,0.2550125313283208,300000.0,51400000.0,0.32205513784461154,0.3445,0.3445,149200000,149200000,https://www.sec.gov/Archives/edgar/data/921112/000162828017008024/lpt630201710q.htm,https://www.sec.gov/Archives/edgar/data/921112/000162828017008024/lpt630201710q.htm,1620594592,17:09:52,20210509
10,2017-03-31,LPT,USD,2017-05-05,2017-05-05 14:42:29,Q1,156800000,47400000.0,109400000,0.6977040816326531,0.0,17000000.0,0.0,17774000.0,58500000.00000001,116571000.0,22343000.0,46000000.0,96900000.0,0.6179846938775511,50900000,0.32461734693877553,0.0,32800000.0,0.20918367346938777,600000.0,43000000.0,0.274234693877551,0.29172,0.29172,147400000,147400000,https://www.sec.gov/Archives/edgar/data/921112/000162828017005030/lpt331201710q.htm,https://www.sec.gov/Archives/edgar/data/921112/000162828017005030/lpt331201710q.htm,1620594592,17:09:52,20210509
11,2016-12-31,LPT,USD,2017-03-01,2017-03-01 12:15:46,Q4,143000000,45300000.0,97700000,0.6832167832167833,0.0,14300000.0,0.0,112623000.0,85000000.00000001,128051000.0,24006000.0,51099999.99999999,63899999.99999999,0.4468531468531468,12800000,0.08951048951048951,0.0,186200000.0,1.302097902097902,300000.0,195400000.0,1.3664335664335665,1.2992,1.2992,150400000,150400000,https://www.sec.gov/Archives/edgar/data/921112/000162828017002031/lpt1231201610k.htm,https://www.sec.gov/Archives/edgar/data/921112/000162828017002031/lpt1231201610k.htm,1620594592,17:09:52,20210509
12,2016-09-30,LPT,USD,2016-11-03,2016-11-03 16:40:21,Q3,190900000,52500000.0,138400000,0.7249869041382923,0.0,16200000.0,0.0,99385000.0,66500000.0,115536000.0,29528000.0,47599999.99999999,119400000.0,0.6254583551597696,71800000,0.3761131482451545,0.0,46800000.0,0.24515453116815086,100000.0,54300000.0,0.284442116291252,0.36914,0.36914,147100000,147100000,https://www.sec.gov/Archives/edgar/data/921112/000162828016020762/lpt930201610q.htm,https://www.sec.gov/Archives/edgar/data/921112/000162828016020762/lpt930201610q.htm,1620594592,17:09:52,20210509
13,2016-06-30,LPT,USD,2016-08-04,2016-08-04 16:31:04,Q2,186700000,49900000.0,136700000,0.7321906802356722,0.0,15600000.0,0.0,103493000.0,69199999.99999999,119122000.0,30131000.0,54200000.0,121700000.0,0.6518478843063739,67500000,0.3615425816818425,0.0,46200000.0,0.24745581146223888,800000.0,49600000.0,0.2656668452062132,0.3381,0.3381,146700000,146700000,https://www.sec.gov/Archives/edgar/data/921112/000162828016018522/lpt630201610q.htm,https://www.sec.gov/Archives/edgar/data/921112/000162828016018522/lpt630201610q.htm,1620594592,17:09:52,20210509
14,2016-03-31,LPT,USD,2016-05-05,2016-05-05 16:12:12,Q1,190100000,53800000.0,136300000,0.716991057338243,0.0,21000000.0,0.0,107907000.0,75100000.00000001,128897000.0,31412000.0,54800000.0,116000000.0,0.6102051551814834,61200000,0.32193582325092057,0.0,55000000.0,0.289321409784324,800000.0,57600000.0,0.30299842188321935,0.39317,0.39317,146500000,146500000,https://www.sec.gov/Archives/edgar/data/921112/000162828016015712/lpt331201610q.htm,https://www.sec.gov/Archives/edgar/data/921112/000162828016015712/lpt331201610q.htm,1620594592,17:09:52,20210509
15,2015-12-31,LPT,USD,2016-02-26,2016-02-26 13:57:37,Q4,199400000,60600000.0,138800000,0.6960882647943831,0.0,17300000.0,0.0,117257000.0,73900000.0,134539000.0,32484000.0,56100000.00000002,120900000.00000003,0.606318956870612,64800000,0.324974924774323,0.0,81600000.0,0.4092276830491474,100000.0,81700000.0,0.40972918756268806,0.55315,0.55315,147700000,147700000,https://www.sec.gov/Archives/edgar/data/921112/000162828016011773/lry1231201510k.htm,https://www.sec.gov/Archives/edgar/data/921112/000162828016011773/lry1231201510k.htm,1620594592,17:09:52,20210509
16,2015-09-30,LPT,USD,2015-11-04,2015-11-04 12:44:59,Q3,199000000,57400000.0,141600000,0.7115577889447237,0.0,15600000.0,0.0,113124000.0,71299999.99999999,128697000.0,33559000.0,56499999.999999985,126799999.99999999,0.6371859296482412,70300000,0.35326633165829147,0.0,95100000.0,0.47788944723618093,600000.0,91300000.0,0.45879396984924625,0.61193,0.61193,149200000,149200000,https://www.sec.gov/Archives/edgar/data/921112/000162828015008235/lpt930201510q.htm,https://www.sec.gov/Archives/edgar/data/921112/000162828015008235/lpt930201510q.htm,1620594592,17:09:52,20210509
17,2015-06-30,LPT,USD,2015-08-03,2015-08-03 16:33:38,Q2,203500000,58400000.0,145100000,0.713022113022113,0.0,17100000.0,0.0,116280000.0,74900000.0,133333000.0,35066000.0,57800000.00000001,128000000.0,0.628992628992629,70200000,0.34496314496314495,0.0,42900000.0,0.21081081081081082,1200000.0,35500000.0,0.17444717444717445,0.23746,0.23746,149500000,149500000,https://www.sec.gov/Archives/edgar/data/921112/000162828015005969/lry630201510q.htm,https://www.sec.gov/Archives/edgar/data/921112/000162828015005969/lry630201510q.htm,1620594592,17:09:52,20210509
18,2015-03-31,LPT,USD,2015-04-30,2015-04-30 12:41:26,Q1,206900000,61700000.0,145200000,0.7017883035282745,0.0,18800000.0,0.0,136270000.0,93399999.99999999,155072000.0,34670000.0,59400000.0,111200000.0,0.5374577090381827,51800000,0.250362493958434,0.0,25800000.0,0.12469792170130498,800000.0,31000000.0,0.1498308361527308,0.20805,0.20805,149000000,149000000,https://www.sec.gov/Archives/edgar/data/921112/000162828015003102/lry331201510q.htm,https://www.sec.gov/Archives/edgar/data/921112/000162828015003102/lry331201510q.htm,1620594592,17:09:52,20210509
19,2014-12-31,LPT,USD,2015-02-26,2015-02-26 16:05:00,Q4,203700000,60400000.0,143300000,0.7034855179185077,0.0,15300000.0,0.0,78290000.0,74100000.0,134407000.0,36252000.0,59900000.00000001,129100000.0,0.6337751595483554,69200000,0.3397152675503191,0.0,82000000.0,0.4025527736867943,500000.0,82600000.0,0.4054982817869416,0.55585,0.55585,148600000,148600000,https://www.sec.gov/Archives/edgar/data/921112/000162828015001086/lry1231201410k.htm,https://www.sec.gov/Archives/edgar/data/921112/000162828015001086/lry1231201410k.htm,1620594592,17:09:52,20210509
20,2014-09-30,LPT,USD,2014-10-30,2014-10-30 15:44:33,Q3,198400000,58700000.0,139700000,0.704133064516129,0.0,14700000.0,0.0,117412000.0,73300000.0,132155000.0,37958000.0,59699999.99999999,126000000.0,0.6350806451612904,66300000,0.3341733870967742,0.0,34600000.0,0.1743951612903226,900000.0,34400000.0,0.17338709677419356,0.23228,0.23228,148100000,148100000,https://www.sec.gov/Archives/edgar/data/921112/000144530514004608/lry930201410q.htm,https://www.sec.gov/Archives/edgar/data/921112/000144530514004608/lry930201410q.htm,1620594592,17:09:52,20210509
21,2014-06-30,LPT,USD,2014-07-31,2014-07-31 16:09:49,Q2,193000000,57700000.0,135300000,0.7010362694300518,0.0,15000000.0,0.0,115516000.0,72800000.0,130489000.0,38470000.0,58900000.0,121300000.0,0.6284974093264248,62400000,0.3233160621761658,0.0,29000000.0,0.15025906735751296,700000.0,29200000.0,0.15129533678756477,0.19756,0.19756,147800000,147800000,https://www.sec.gov/Archives/edgar/data/921112/000144530514003296/lry630201410q.htm,https://www.sec.gov/Archives/edgar/data/921112/000144530514003296/lry630201410q.htm,1620594592,17:09:52,20210509
22,2014-03-31,LPT,USD,2014-05-01,2014-05-01 15:23:30,Q1,197600000,63100000.0,134500000,0.680668016194332,0.0,18400000.0,0.0,119796000.0,75100000.0,138157000.0,39207000.0,57600000.0,117000000.0,0.5921052631578947,59400000,0.3006072874493927,0.0,22600000.0,0.11437246963562753,500000.0,71900000.0,0.3638663967611336,0.48878,0.48878,147100000,147100000,https://www.sec.gov/Archives/edgar/data/921112/000144530514001758/lry331201410q.htm,https://www.sec.gov/Archives/edgar/data/921112/000144530514001758/lry331201410q.htm,1620594592,17:09:52,20210509
23,2013-12-31,LPT,USD,2014-02-28,2014-02-28 15:02:38,Q4,192400000,59200000.0,133200000,0.6923076923076923,0.0,21100000.0,0.0,78290000.0,81200000.0,89018000.0,25974000.0,67799999.99999999,119799999.99999999,0.6226611226611226,52000000,0.2702702702702703,0.0,18800000.0,0.09771309771309772,1000000.0,69700000.0,0.3622661122661123,0.47512,0.47512,146700000,146700000,https://www.sec.gov/Archives/edgar/data/921112/000144530514000732/lry1231201310k.htm,https://www.sec.gov/Archives/edgar/data/921112/000144530514000732/lry1231201310k.htm,1620594592,17:09:52,20210509
24,2013-09-30,LPT,USD,2013-11-06,2013-11-06 15:04:46,Q3,155300000,46600000.0,108800000,0.7005795235028976,0.0,17200000.0,0.0,103356000.0,56300000.00000001,120587000.0,37412000.0,46300000.00000001,98700000.0,0.6355441081777206,52400000,0.3374114616870573,0.0,23400000.0,0.15067611075338055,600000.0,28700000.0,0.18480360592401804,0.21056,0.21056,136300000,136300000,https://www.sec.gov/Archives/edgar/data/921112/000144530513002752/lry930201310q.htm,https://www.sec.gov/Archives/edgar/data/921112/000144530513002752/lry930201310q.htm,1620594592,17:09:52,20210509
25,2013-06-30,LPT,USD,2013-07-31,2013-07-31 16:11:47,Q2,151000000,45600000.0,105400000,0.6980132450331126,0.0,16500000.0,0.0,98516000.0,53999999.99999999,115004000.0,31795000.0,45400000.0,96900000.0,0.6417218543046358,51500000,0.34105960264900664,0.0,28700000.0,0.1900662251655629,700000.0,40100000.0,0.26556291390728476,0.28062,0.28062,142900000,142900000,https://www.sec.gov/Archives/edgar/data/921112/000144530513001766/lry630201310q.htm,https://www.sec.gov/Archives/edgar/data/921112/000144530513001766/lry630201310q.htm,1620594592,17:09:52,20210509
26,2013-03-31,LPT,USD,2013-04-26,2013-04-26 14:11:03,Q1,147100000,43200000.0,103900000,0.7063222297756628,0.0,19800000.0,0.0,98441000.0,57000000.0,118274000.0,31934000.0,45600000.0,92500000.0,0.628823929299796,46900000,0.318830727396329,0.0,23600000.0,0.16043507817811012,500000.0,71200000.0,0.4840244731475187,0.59038,0.59038,120600000,120600000,https://www.sec.gov/Archives/edgar/data/921112/000144530513000930/lry331201310q.htm,https://www.sec.gov/Archives/edgar/data/921112/000144530513000930/lry331201310q.htm,1620594592,17:09:52,20210509
27,2012-12-31,LPT,USD,2013-02-26,2013-02-26 16:28:45,Q4,63100000,17100000.0,46000000,0.7290015847860539,0.0,18300000.0,0.0,99034000.0,33500000.0,117320000.0,29738000.0,43000000.0,55500000.0,0.8795562599049128,12500000,0.19809825673534073,0.0,0.0,0.0,300000.0,38400000.0,0.6085578446909667,0.32653,0.32653,117600000,117600000,https://www.sec.gov/Archives/edgar/data/921112/000144530513000344/lry1231201210k.htm,https://www.sec.gov/Archives/edgar/data/921112/000144530513000344/lry1231201210k.htm,1620594592,17:09:52,20210509
28,2012-09-30,LPT,USD,2012-11-01,2012-11-01 16:17:04,Q3,167700000,53500000.0,114200000,0.6809779367918902,0.0,14600000.0,0.0,94969000.0,54700000.0,109590000.0,29783000.0,41400000.00000001,100900000.0,0.6016696481812761,59500000,0.35480023852116876,0.0,33000000.0,0.1967799642218247,300000.0,27800000.0,0.1657722122838402,0.23559,0.23559,118000000,118000000,https://www.sec.gov/Archives/edgar/data/921112/000092111212000010/lry930201210q.htm,https://www.sec.gov/Archives/edgar/data/921112/000092111212000010/lry930201210q.htm,1620594592,17:09:52,20210509
29,2012-06-30,LPT,USD,2012-08-01,2012-08-01 15:17:51,Q2,164500000,50100000.0,114400000,0.6954407294832827,0.0,14600000.0,0.0,92525000.0,54400000.0,107144000.0,31633000.0,41200000.0,101200000.0,0.6151975683890577,60000000,0.364741641337386,0.0,32400000.0,0.19696048632218846,100000.0,34100000.0,0.2072948328267477,0.28417,0.28417,120000000,120000000,https://www.sec.gov/Archives/edgar/data/921112/000092111212000007/lry630201210q.htm,https://www.sec.gov/Archives/edgar/data/921112/000092111212000007/lry630201210q.htm,1620594592,17:09:52,20210509
30,2012-03-31,LPT,USD,2012-05-01,2012-05-01 15:22:31,Q1,165000000,49400000.0,115500000,0.7,0.0,17200000.0,0.0,92589000.0,57600000.0,109793000.0,28476000.0,41800000.0,99800000.0,0.6048484848484849,58000000,0.3515151515151515,0.0,32900000.0,0.1993939393939394,200000.0,37100000.0,0.22484848484848485,0.31764,0.31764,116800000,116800000,https://www.sec.gov/Archives/edgar/data/921112/000092111212000005/lry331201210q.htm,https://www.sec.gov/Archives/edgar/data/921112/000092111212000005/lry331201210q.htm,1620594592,17:09:52,20210509
31,2011-12-31,LPT,USD,2012-02-24,2012-02-24 16:21:57,Q4,168700000,52400000.0,116300000,0.6893894487255483,0.0,16500000.0,0.0,73852000.0,56600000.0,90374000.0,25664000.0,42899999.99999998,102599999.99999997,0.6081802015411972,59700000,0.35388263189093067,0.0,32300000.0,0.19146413752222882,100000.0,34800000.0,0.20628334321280378,0.30026,0.30026,115900000,115900000,https://www.sec.gov/Archives/edgar/data/921112/000092111212000003/lry1231201110k.htm,https://www.sec.gov/Archives/edgar/data/921112/000092111212000003/lry1231201110k.htm,1620594592,17:09:52,20210509
32,2011-09-30,LPT,USD,2011-11-03,2011-11-03 11:45:07,Q3,165200000,51600000.0,113600000,0.6876513317191283,0.0,13600000.0,0.0,96903000.0,52600000.0,110527000.0,30524000.0,42000000.000000015,103000000.00000001,0.6234866828087168,61000000,0.3692493946731235,0.0,35700000.0,0.21610169491525424,400000.0,35300000.0,0.21368038740920098,0.30484,0.30484,115800000,115800000,https://www.sec.gov/Archives/edgar/data/921112/000092111211000004/lry930201110q.htm,https://www.sec.gov/Archives/edgar/data/921112/000092111211000004/lry930201110q.htm,1620594592,17:09:52,20210509
33,2011-06-30,LPT,USD,2011-08-05,2011-08-05 17:05:55,Q2,163500000,47500000.0,115900000,0.708868501529052,0.0,13300000.0,0.0,92354000.0,51599999.99999999,220702000.0,65830000.0,42000000.0,106400000.0,0.6507645259938838,64400000,0.39388379204892965,0.0,38800000.0,0.23730886850152905,100000.0,84700000.0,0.5180428134556575,0.72829,0.72829,116300000,116300000,https://www.sec.gov/Archives/edgar/data/921112/000119312511212535/d10q.htm,https://www.sec.gov/Archives/edgar/data/921112/000119312511212535/d10q.htm,1620594592,17:09:52,20210509
34,2011-03-31,LPT,USD,2011-05-05,2011-05-05 16:22:26,Q1,165900000,51200000.0,114700000,0.6913803496081977,0.0,15900000.0,0.0,99124000.0,54899999.99999999,115089000.0,0.0,44800000.0,104600000.0,0.6305003013863774,59800000,0.3604581072935503,0.0,30700000.0,0.18505123568414708,600000.0,29200000.0,0.17600964436407474,0.25436,0.25436,114800000,114800000,https://www.sec.gov/Archives/edgar/data/921112/000095012311045667/c15655e10vq.htm,https://www.sec.gov/Archives/edgar/data/921112/000095012311045667/c15655e10vq.htm,1620594592,17:09:52,20210509
35,2010-12-31,LPT,USD,2011-02-25,2011-02-25 17:40:05,Q4,164500000,50800000.0,113700000,0.6911854103343466,0.0,12800000.0,0.0,103385000.0,51200000.0,116161000.0,0.0,43800000.00000001,106300000.0,0.6462006079027356,62500000,0.3799392097264438,0.0,33100000.0,0.2012158054711246,300000.0,30100000.0,0.1829787234042553,0.26334,0.26334,114300000,114300000,https://www.sec.gov/Archives/edgar/data/921112/000095012311018924/c12029e10vk.htm,https://www.sec.gov/Archives/edgar/data/921112/000095012311018924/c12029e10vk.htm,1620594592,17:09:52,20210509
36,2010-09-30,LPT,USD,2010-11-05,2010-11-05 11:48:04,Q3,146700000,43100000.0,103600000,0.7062031356509885,0.0,12600000.0,0.0,103663000.0,45699999.99999999,116296000.0,0.0,43299999.99999998,101199999.99999997,0.6898432174505792,57900000,0.3946830265848671,0.0,30700000.0,0.2092706203135651,500000.0,34600000.0,0.23585548738922973,0.30728,0.30728,112600000,112600000,https://www.sec.gov/Archives/edgar/data/921112/000095012310101452/c06810e10vq.htm,https://www.sec.gov/Archives/edgar/data/921112/000095012310101452/c06810e10vq.htm,1620594592,17:09:52,20210509
37,2010-06-30,LPT,USD,2010-08-06,2010-08-06 09:01:17,Q2,170000000,52100000.0,117900000,0.6935294117647058,0.0,12500000.0,0.0,100566000.0,51600000.0,113133000.0,-23000.0,43900000.00000001,110200000.0,0.648235294117647,66300000,0.39,0.0,36600000.0,0.21529411764705883,500000.0,33400000.0,0.19647058823529412,0.29221,0.29221,114300000,114300000,https://www.sec.gov/Archives/edgar/data/921112/000095012310073823/c01626e10vq.htm,https://www.sec.gov/Archives/edgar/data/921112/000095012310073823/c01626e10vq.htm,1620594592,17:09:52,20210509
38,2010-03-31,LPT,USD,2010-05-06,2010-05-06 11:44:37,Q1,175800000,57700000.0,118100000,0.6717861205915814,0.0,14900000.0,0.0,106221000.0,55000000.0,121095000.0,38637000.0,43000000.0,106100000.0,0.6035267349260524,63100000,0.3589306029579067,0.0,30900000.0,0.1757679180887372,500000.0,29600000.0,0.16837315130830488,0.26195,0.26195,113000000,113000000,https://www.sec.gov/Archives/edgar/data/921112/000095012310045232/c00337e10vq.htm,https://www.sec.gov/Archives/edgar/data/921112/000095012310045232/c00337e10vq.htm,1620594592,17:09:52,20210509
39,2009-12-31,LPT,USD,2010-02-26,2010-02-26 15:32:00,Q4,186300000,59700000.0,126700000,0.6800858829844337,0.0,12800000.0,0.0,102508000.0,150300000.0,115288000.0,38105000.0,42900000.00000001,19300000.000000007,0.10359634997316161,-23600000,-0.1266774020397209,0.0,-57900000.0,-0.3107890499194847,100000.0,-52100000.0,-0.2796564680622652,-0.46435,-0.46435,112200000,112200000,https://www.sec.gov/Archives/edgar/data/921112/000095012310018051/c96894e10vk.htm,https://www.sec.gov/Archives/edgar/data/921112/000095012310018051/c96894e10vk.htm,1620594592,17:09:52,20210509
40,2009-09-30,LPT,USD,2009-11-06,2009-11-06 13:14:06,Q3,185500000,58300000.0,127200000,0.6857142857142857,0.0,11200000.0,0.0,100436000.0,53900000.00000001,111684000.0,36044000.0,43399999.99999999,116700000.0,0.6291105121293801,73300000,0.3951482479784367,0.0,38300000.0,0.2064690026954178,100000.0,43900000.0,0.2366576819407008,0.5522,0.5522,79500000,79500000,https://www.sec.gov/Archives/edgar/data/921112/000095012309059085/c92067e10vq.htm,https://www.sec.gov/Archives/edgar/data/921112/000095012309059085/c92067e10vq.htm,1620594592,17:09:52,20210509
41,2009-06-30,LPT,USD,2009-08-07,2009-08-07 13:38:23,Q2,182600000,56300000.0,126300000,0.6916757940854327,0.0,11700000.0,0.0,99093000.0,55900000.00000001,110739000.0,36991000.0,42800000.0,113200000.0,0.619934282584885,70400000,0.3855421686746988,0.0,38300000.0,0.20974808324205915,100000.0,36700000.0,0.2009857612267251,0.3598,0.3598,102000000,102000000,https://www.sec.gov/Archives/edgar/data/921112/000095012309031920/c88914e10vq.htm,https://www.sec.gov/Archives/edgar/data/921112/000095012309031920/c88914e10vq.htm,1620594592,17:09:52,20210509
42,2009-03-31,LPT,USD,2009-05-11,2009-05-11 14:26:07,Q1,185000000,60200000.0,124800000,0.6745945945945946,0.0,15600000.0,0.0,105371000.0,57599999.99999999,120947000.0,38429000.0,43500000.0,110700000.0,0.5983783783783784,67200000,0.36324324324324325,0.0,32800000.0,0.1772972972972973,200000.0,27900000.0,0.1508108108108108,0.27624,0.27624,101000000,101000000,https://www.sec.gov/Archives/edgar/data/921112/000089322009001118/w73990e10vq.htm,https://www.sec.gov/Archives/edgar/data/921112/000089322009001118/w73990e10vq.htm,1620594592,17:09:52,20210509
43,2008-12-31,LPT,USD,2009-02-27,2009-02-27 17:24:19,Q4,184800000,58800000.0,126000000,0.6818181818181818,0.0,14100000.0,0.0,98850000.0,53400000.00000001,113050000.0,37339000.0,43099999.99999999,115700000.0,0.6260822510822511,72600000,0.39285714285714285,0.0,47500000.0,0.25703463203463206,300000.0,51800000.0,0.2803030303030303,0.53128,0.53128,97500000,97500000,https://www.sec.gov/Archives/edgar/data/921112/000089322009000427/w72905e10vk.htm,https://www.sec.gov/Archives/edgar/data/921112/000089322009000427/w72905e10vk.htm,1620594592,17:09:52,20210509
44,2008-09-30,LPT,USD,2008-11-07,2008-11-07 13:31:20,Q3,182000000,57900000.0,124100000,0.6818681318681319,0.0,13200000.0,0.0,103800000.0,56199999.99999999,116941000.0,38590000.0,44699999.99999999,112600000.0,0.6186813186813187,67900000,0.3730769230769231,0.0,33600000.0,0.18461538461538463,300000.0,38600000.0,0.21208791208791208,0.44573,0.44573,86600000,86600000,https://www.sec.gov/Archives/edgar/data/921112/000089322008002930/w71520e10vq.htm,https://www.sec.gov/Archives/edgar/data/921112/000089322008002930/w71520e10vq.htm,1620594592,17:09:52,20210509
45,2008-06-30,LPT,USD,2008-08-07,2008-08-07 10:41:34,Q2,177200000,57400000.0,119800000,0.6760722347629797,0.0,13100000.0,0.0,104633000.0,54900000.0,117701000.0,37296000.0,43700000.0,108700000.0,0.613431151241535,65000000,0.36681715575620766,0.0,33200000.0,0.1873589164785553,600000.0,31600000.0,0.17832957110609482,0.33978,0.33978,93000000,93000000,https://www.sec.gov/Archives/edgar/data/921112/000089322008002300/w64857e10vq.htm,https://www.sec.gov/Archives/edgar/data/921112/000089322008002300/w64857e10vq.htm,1620594592,17:09:52,20210509
46,2008-03-31,LPT,USD,2008-05-08,2008-05-08 15:34:05,Q1,187400000,58800000.0,128500000,0.6856990394877268,0.0,14000000.0,0.0,104920000.0,56700000.0,118889000.0,42450000.0,43700000.0,115500000.0,0.6163287086446104,71800000,0.3831376734258271,0.0,34200000.0,0.1824973319103522,500000.0,30000000.0,0.16008537886872998,0.3268,0.3268,91800000,91800000,https://www.sec.gov/Archives/edgar/data/921112/000089322008001406/w57608e10vq.htm,https://www.sec.gov/Archives/edgar/data/921112/000089322008001406/w57608e10vq.htm,1620594592,17:09:52,20210509
47,2007-12-31,LPT,USD,2008-02-29,2008-02-29 12:47:50,Q4,179700000,55800000.0,123900000,0.6894824707846411,0.0,15500000.0,0.0,102146000.0,57800000.0,117390000.0,39419000.0,44299999.99999998,110399999.99999997,0.6143572621035057,66100000,0.36783528102392876,0.0,31700000.0,0.17640511964385086,-200000.0,65900000.0,0.36672231496939345,0.71943,0.71943,91600000,91600000,https://www.sec.gov/Archives/edgar/data/921112/000089322008000565/w50228e10vk.htm,https://www.sec.gov/Archives/edgar/data/921112/000089322008000565/w50228e10vk.htm,1620594592,17:09:52,20210509
48,2007-09-30,LPT,USD,2007-11-05,2007-11-05 17:26:18,Q3,175100000,55400000.0,119700000,0.6836093660765277,0.0,13100000.0,0.0,87670000.0,53300000.00000001,100404000.0,31567000.0,41900000.00000001,108300000.0,0.6185037121644774,66400000,0.3792118789263278,0.0,36000000.0,0.20559680182752713,-1000000.0,37200000.0,0.21245002855511136,0.407,0.407,91400000,91400000,https://www.sec.gov/Archives/edgar/data/921112/000089322007003536/w41911e10vq.htm,https://www.sec.gov/Archives/edgar/data/921112/000089322007003536/w41911e10vq.htm,1620594592,17:09:52,20210509
49,2007-06-30,LPT,USD,2007-08-07,2007-08-07 15:09:26,Q2,165400000,52600000.0,112800000,0.6819830713422007,0.0,12600000.0,0.0,94638000.0,49499999.99999999,107437000.0,30159000.0,39300000.0,102500000.0,0.6197097944377267,63200000,0.38210399032648124,0.0,38800000.0,0.23458282950423218,200000.0,22100000.0,0.1336154776299879,0.23536,0.23536,93900000,93900000,https://www.sec.gov/Archives/edgar/data/921112/000089322007002708/w38004e10vq.htm,https://www.sec.gov/Archives/edgar/data/921112/000089322007002708/w38004e10vq.htm,1620594592,17:09:52,20210509
50,2007-03-31,LPT,USD,2007-05-07,2007-05-07 14:57:32,Q1,164700000,51700000.0,113000000,0.6860959319975714,0.0,13100000.0,0.0,95011000.0,48899999.99999999,108350000.0,28156000.0,38200000.0,102300000.0,0.6211293260473588,64100000,0.38919247115968425,0.0,39800000.0,0.2416514875531269,300000.0,39700000.0,0.24104432301153614,0.43152,0.43152,92000000,92000000,https://www.sec.gov/Archives/edgar/data/921112/000089322007001701/w34622e10vq.htm,https://www.sec.gov/Archives/edgar/data/921112/000089322007001701/w34622e10vq.htm,1620594592,17:09:52,20210509
51,2006-12-31,LPT,USD,2007-03-01,2007-02-28 18:17:25,Q4,163500000,51400000.0,112100000,0.6856269113149847,0.0,12600000.0,0.0,85730000.0,47500000.00000001,98210000.0,28690000.0,38099999.99999999,102700000.0,0.6281345565749236,64600000,0.39510703363914373,0.0,39000000.0,0.23853211009174313,300000.0,60800000.0,0.37186544342507644,0.66521,0.66521,91400000,91400000,https://www.sec.gov/Archives/edgar/data/921112/000089322007000517/w31008e10vk.htm,https://www.sec.gov/Archives/edgar/data/921112/000089322007000517/w31008e10vk.htm,1620594592,17:09:52,20210509
52,2006-09-30,LPT,USD,2006-10-30,2006-10-30 15:57:08,Q3,153200000,47700000.0,105500000,0.6886422976501305,0.0,12000000.0,0.0,192073000.0,45599999.99999999,204067000.0,30445000.0,38000000.0,97900000.0,0.6390339425587467,59900000,0.39099216710182766,0.0,34600000.0,0.2258485639686684,-600000.0,46900000.0,0.30613577023498695,0.52285,0.52285,89700000,89700000,https://www.sec.gov/Archives/edgar/data/921112/000089322006002273/w26382e10vq.htm,https://www.sec.gov/Archives/edgar/data/921112/000089322006002273/w26382e10vq.htm,1620594592,17:09:52,20210509
53,2006-06-30,LPT,USD,2006-08-07,2006-08-07 15:45:10,Q2,145200000,43200000.0,102000000,0.7024793388429752,0.0,11500000.0,0.0,-13655000.0,43700000.0,-2157000.0,28397000.0,38500000.00000001,96800000.0,0.6666666666666666,58300000,0.4015151515151515,0.0,51600000.0,0.35537190082644626,200000.0,68500000.0,0.47176308539944906,0.75942,0.75942,90200000,90200000,https://www.sec.gov/Archives/edgar/data/921112/000089322006001746/w23972e10vq.htm,https://www.sec.gov/Archives/edgar/data/921112/000089322006001746/w23972e10vq.htm,1620594592,17:09:52,20210509
54,2006-03-31,LPT,USD,2006-05-09,2006-05-09 13:51:39,Q1,156500000,49400000.0,107100000,0.6843450479233227,0.0,10000000.0,0.0,91251000.0,43800000.00000001,101270000.0,32052000.0,37400000.0,100700000.0,0.6434504792332268,63300000,0.40447284345047924,0.0,35800000.0,0.22875399361022364,400000.0,90400000.0,0.5776357827476039,1.00556,1.00556,89900000,89900000,https://www.sec.gov/Archives/edgar/data/921112/000089322006001078/w20962e10vq.htm,https://www.sec.gov/Archives/edgar/data/921112/000089322006001078/w20962e10vq.htm,1620594592,17:09:52,20210509
55,2005-12-31,LPT,USD,2006-03-14,2006-03-14 17:24:48,Q4,160500000,52000000.0,108500000,0.67601246105919,0.0,10800000.0,0.0,87385000.0,47200000.0,98662000.0,30357000.0,39899999.99999999,101200000.0,0.6305295950155764,61300000,0.38193146417445484,0.0,122400000.0,0.7626168224299066,12600000.0,107300000.0,0.6685358255451713,1.20157,1.20157,89300000,89300000,https://www.sec.gov/Archives/edgar/data/921112/000089322006000535/w17499e10vk.htm,https://www.sec.gov/Archives/edgar/data/921112/000089322006000535/w17499e10vk.htm,1620594592,17:09:52,20210509
56,2005-09-30,LPT,USD,2005-11-07,2005-11-07 15:35:03,Q3,149500000,45500000.0,104000000,0.6956521739130435,0.0,9300000.0,0.0,92352000.0,41400000.00000001,101526000.0,32539000.0,37599999.99999999,100100000.0,0.6695652173913044,62500000,0.4180602006688963,0.0,35900000.0,0.24013377926421406,800000.0,51900000.0,0.34715719063545153,0.59179,0.59179,87700000,87700000,https://www.sec.gov/Archives/edgar/data/921112/000089322005002529/w14437e10vq.htm,https://www.sec.gov/Archives/edgar/data/921112/000089322005002529/w14437e10vq.htm,1620594592,17:09:52,20210509
57,2005-06-30,LPT,USD,2005-08-05,2005-08-05 14:21:57,Q2,166200000,47500000.0,118700000,0.7141997593261131,0.0,9600000.0,0.0,89173000.0,44500000.0,98547000.0,33533000.0,37800000.00000001,112000000.0,0.6738868832731648,74200000,0.4464500601684717,0.0,41500000.0,0.2496991576413959,900000.0,44600000.0,0.2683513838748496,0.5051,0.5051,88300000,88300000,https://www.sec.gov/Archives/edgar/data/921112/000089322005001843/w11577e10vq.htm,https://www.sec.gov/Archives/edgar/data/921112/000089322005001843/w11577e10vq.htm,1620594592,17:09:52,20210509
58,2005-03-31,LPT,USD,2005-05-06,2005-05-06 17:30:47,Q1,157300000,50200000.0,107000000,0.6802288620470439,0.0,8400000.0,0.0,89319000.0,40800000.0,97632000.0,33188000.0,35400000.0,101700000.0,0.6465352828989193,66300000,0.4214876033057851,0.0,38500000.0,0.24475524475524477,500000.0,45600000.0,0.2898919262555626,0.52234,0.52234,87300000,87300000,https://www.sec.gov/Archives/edgar/data/921112/000089322005001077/w08777e10vq.htm,https://www.sec.gov/Archives/edgar/data/921112/000089322005001077/w08777e10vq.htm,1620594592,17:09:52,20210509
59,2004-12-31,LPT,USD,2005-03-11,2005-03-11 10:59:02,Q4,160900000,48700000.0,112200000,0.6973275326289621,0.0,8300000.0,0.0,85262000.0,42099999.99999999,93477000.0,31398000.0,35499999.999999985,105499999.99999999,0.6556867619639527,70000000,0.435052827843381,0.0,42900000.0,0.2666252330640149,400000.0,45900000.0,0.2852703542573027,0.5288,0.5288,86800000,86800000,https://www.sec.gov/Archives/edgar/data/921112/000089322005000529/w06575e10vk.htm,https://www.sec.gov/Archives/edgar/data/921112/000089322005000529/w06575e10vk.htm,1620594592,17:09:52,20210509
60,2004-09-30,LPT,USD,2004-11-08,2004-11-08 16:24:04,Q3,150100000,45100000.0,105000000,0.6995336442371752,0.0,9000000.0,0.0,85305000.0,39999999.99999999,93854000.0,30817000.0,34200000.0,99100000.0,0.6602265156562291,64900000,0.4323784143904064,0.0,39400000.0,0.262491672218521,500000.0,39500000.0,0.2631578947368421,0.46307,0.46307,85300000,85300000,https://www.sec.gov/Archives/edgar/data/921112/000089322004002398/w68441e10vq.htm,https://www.sec.gov/Archives/edgar/data/921112/000089322004002398/w68441e10vq.htm,1620594592,17:09:52,20210509
61,2004-06-30,LPT,USD,2004-08-05,2004-08-05 17:12:58,Q2,157900000,47400000.0,110500000,0.6998100063331222,0.0,8000000.0,0.0,82933000.0,40699999.99999999,90996000.0,30438000.0,34200000.0,104000000.0,0.6586447118429386,69800000,0.4420519316022799,0.0,41200000.0,0.2609246358454718,500000.0,37400000.0,0.2368587713742875,0.43387,0.43387,86200000,86200000,https://www.sec.gov/Archives/edgar/data/921112/000089322004001604/w99872e10vq.htm,https://www.sec.gov/Archives/edgar/data/921112/000089322004001604/w99872e10vq.htm,1620594592,17:09:52,20210509
62,2004-03-31,LPT,USD,2004-05-07,2004-05-07 15:14:44,Q1,159500000,49700000.0,109800000,0.6884012539184953,0.0,8500000.0,0.0,83371000.0,40099999.99999999,91853000.0,30699000.0,32800000.0,102500000.0,0.6426332288401254,69700000,0.4369905956112853,0.0,42100000.0,0.2639498432601881,400000.0,38700000.0,0.2426332288401254,0.45476,0.45476,85100000,85100000,https://www.sec.gov/Archives/edgar/data/921112/000089322004000946/w97175e10vq.htm,https://www.sec.gov/Archives/edgar/data/921112/000089322004000946/w97175e10vq.htm,1620594592,17:09:52,20210509
63,2003-12-31,LPT,USD,2004-03-11,2004-03-11 15:42:24,Q4,157400000,48200000.0,109200000,0.6937738246505718,0.0,7700000.0,0.0,202215000.0,38800000.0,209868000.0,216494000.0,32000000.0,102400000.0,0.650571791613723,70400000,0.44726810673443457,0.0,41800000.0,0.2655654383735705,700000.0,37900000.0,0.24078780177890724,0.46617,0.46617,81300000,81300000,https://www.sec.gov/Archives/edgar/data/921112/000089322004000400/w94572e10vk.htm,https://www.sec.gov/Archives/edgar/data/921112/000089322004000400/w94572e10vk.htm,1620594592,17:09:52,20210509
64,2003-09-30,LPT,USD,2003-11-12,2003-11-12 14:17:52,Q3,157400000,46700000.0,110700000,0.7033036848792884,0.0,6500000.0,0.0,37611000.0,37200000.0,43092000.0,-31081000.0,30799999.999999996,104300000.0,0.6626429479034307,73500000,0.4669631512071156,0.0,43600000.0,0.2770012706480305,500000.0,39100000.0,0.24841168996188057,0.48692,0.48692,80300000,80300000,https://www.sec.gov/Archives/edgar/data/921112/000089322003001892/w91583e10vq.htm,https://www.sec.gov/Archives/edgar/data/921112/000089322003001892/w91583e10vq.htm,1620594592,17:09:52,20210509
65,2003-06-30,LPT,USD,2003-08-11,2003-08-11 16:29:27,Q2,149400000,43400000.0,105900000,0.7088353413654619,0.0,8400000.0,0.0,31592000.0,39400000.0,40427000.0,-30899000.0,31299999.999999996,97800000.0,0.6546184738955824,66500000,0.44511378848728245,0.0,37800000.0,0.25301204819277107,500000.0,45000000.0,0.30120481927710846,0.56962,0.56962,79000000,79000000,https://www.sec.gov/Archives/edgar/data/921112/000089322003001386/w89159e10vq.htm,https://www.sec.gov/Archives/edgar/data/921112/000089322003001386/w89159e10vq.htm,1620594592,17:09:52,20210509
66,2003-03-31,LPT,USD,2003-05-13,2003-05-13 12:09:51,Q1,156200000,46900000.0,109200000,0.6991037131882202,0.0,5900000.0,0.0,37642000.0,34600000.0,44075000.0,-30607000.0,29000000.0,103700000.0,0.6638924455825864,74700000,0.47823303457106275,0.0,46700000.0,0.29897567221510885,600000.0,41600000.0,0.26632522407170295,0.53402,0.53402,77900000,77900000,https://www.sec.gov/Archives/edgar/data/921112/000089322003000896/w86212e10vq.htm,https://www.sec.gov/Archives/edgar/data/921112/000089322003000896/w86212e10vq.htm,1620594592,17:09:52,20210509
67,2002-12-31,LPT,USD,2002-12-31,2002-12-31,Q4,149200000,45400000.0,103800000,0.6957104557640751,0.0,5500000.0,0.0,0.0,33699999.99999999,0.0,0.0,28500000.0,98600000.0,0.660857908847185,70100000,0.4698391420911528,0.0,36800000.0,0.24664879356568364,200000.0,33300000.0,0.22319034852546918,0.43135,0.43135,77200000,77200000,,,1620594592,17:09:52,20210509
68,2002-09-30,LPT,USD,2002-09-30,2002-09-30,Q3,153400000,42800000.0,110600000,0.7209908735332464,0.0,5100000.0,0.0,0.0,33000000.0,0.0,0.0,28200000.000000004,102300000.0,0.666883963494133,74100000,0.4830508474576271,0.0,45300000.0,0.2953063885267275,200000.0,41600000.0,0.2711864406779661,0.54954,0.54954,75700000,75700000,,,1620594592,17:09:52,20210509
69,2002-06-30,LPT,USD,2002-06-30,2002-06-30,Q2,145400000,42000000.0,103400000,0.7111416781292985,0.0,5400000.0,0.0,0.0,32700000.0,0.0,0.0,27700000.000000004,100400000.0,0.6905089408528198,72700000,0.5,0.0,46200000.0,0.3177441540577717,300000.0,44500000.0,0.30605226960110044,0.57494,0.57494,77400000,77400000,,,1620594592,17:09:52,20210509
70,2002-03-31,LPT,USD,2002-03-31,2002-03-31,Q1,145400000,41700000.0,103700000,0.7132049518569463,0.0,6000000.0,0.0,0.0,32200000.0,0.0,0.0,26500000.0,99600000.0,0.6850068775790922,73100000,0.5027510316368639,0.0,44800000.0,0.3081155433287483,0.0,42200000.0,0.2902338376891334,0.57104,0.57104,73900000,73900000,,,1620594592,17:09:52,20210509
71,2001-12-31,LPT,USD,2001-12-31,2001-12-31,Q4,147300000,43500000.0,103800000,0.7046843177189409,0.0,4900000.0,0.0,0.0,32000000.0,0.0,0.0,27099999.999999993,101100000.0,0.6863543788187373,74000000,0.5023761031907671,0.0,45400000.0,0.30821452817379497,0.0,40700000.0,0.27630685675492195,0.53272,0.53272,76400000,76400000,,,1620594592,17:09:52,20210509
72,2001-09-30,LPT,USD,2001-11-09 00:00:00,2001-11-09 00:00:00,Q3,145800000,43000000.0,102800000,0.7050754458161865,0.0,5000000.0,0.0,0.0,30599999.999999993,0.0,0.0,25799999.999999996,99800000.0,0.6844993141289437,74000000,0.5075445816186557,0.0,46600000.0,0.3196159122085048,0.0,42300000.0,0.29012345679012347,0.57162,0.57162,74000000,74000000,https://www.sec.gov/Archives/edgar/data/921113/000092111201500008/0000921112-01-500008-index.html,https://www.sec.gov/Archives/edgar/data/921112/000092111201500008/q093001.txt,1620594592,17:09:52,20210509
73,2001-06-30,LPT,USD,2001-08-08 00:00:00,2001-08-08 00:00:00,Q2,141600000,38500000.0,103100000,0.7281073446327684,0.0,5500000.0,0.0,0.0,30099999.999999993,0.0,0.0,24800000.000000004,98900000.0,0.6984463276836158,74100000,0.5233050847457628,0.0,46900000.0,0.3312146892655367,0.0,42400000.0,0.2994350282485876,0.59218,0.59218,71600000,71600000,https://www.sec.gov/Archives/edgar/data/921113/000092111201500007/0000921112-01-500007-index.html,https://www.sec.gov/Archives/edgar/data/921112/000092111201500007/q063001.txt,1620594592,17:09:52,20210509
74,2001-03-31,LPT,USD,2001-03-31,2001-03-31,Q1,143800000,42600000.0,101300000,0.7044506258692629,0.0,5800000.0,0.0,0.0,30600000.0,0.0,0.0,24900000.0,97000000.0,0.674547983310153,72100000,0.5013908205841446,0.0,45800000.0,0.3184979137691238,0.0,41100000.0,0.2858136300417246,0.55168,0.55168,74500000,74500000,,,1620594592,17:09:52,20210509
75,2000-12-31,LPT,USD,2000-12-31,2000-12-31,Q4,137800000,38400000.0,99400000,0.7213352685050798,0.0,5300000.0,0.0,0.0,30400000.0,0.0,0.0,25099999.999999993,94400000.0,0.6850507982583455,69300000,0.5029027576197388,0.0,47200000.0,0.34252539912917274,0.0,42000000.0,0.3047895500725689,0.61047,0.61047,68800000,68800000,,,1620594592,17:09:52,20210509
76,2000-09-30,LPT,USD,2000-11-13 00:00:00,2000-11-13 00:00:00,Q3,133400000,37500000.0,95900000,0.7188905547226386,0.0,4700000.0,0.0,0.0,27700000.000000004,0.0,0.0,22900000.000000007,92600000.0,0.6941529235382309,69700000,0.5224887556221889,0.0,45200000.0,0.33883058470764615,0.0,40100000.0,0.30059970014992504,0.5837,0.5837,68700000,68700000,https://www.sec.gov/Archives/edgar/data/921113/000092111200000014/0000921112-00-000014-index.html,https://www.sec.gov/Archives/edgar/data/921112/000092111200000014/0000921112-00-000014-0001.txt,1620594592,17:09:52,20210509
77,2000-06-30,LPT,USD,2000-08-11 00:00:00,2000-08-11 00:00:00,Q2,129700000,35700000.0,94000000,0.7247494217424827,0.0,4800000.0,0.0,0.0,27599999.999999993,0.0,0.0,22900000.0,90700000.0,0.6993060909791827,67800000,0.5227447956823439,0.0,45800000.0,0.35312259059367773,0.0,40300000.0,0.3107170393215112,0.5944,0.5944,67800000,67800000,https://www.sec.gov/Archives/edgar/data/921113/000092111200000008/0000921112-00-000008-index.html,https://www.sec.gov/Archives/edgar/data/921112/000092111200000008/0000921112-00-000008-0001.txt,1620594592,17:09:52,20210509
78,2000-03-31,LPT,USD,2000-05-11 00:00:00,2000-05-11 00:00:00,Q1,127700000,37100000.0,90600000,0.7094753328112764,0.0,4400000.0,0.0,0.0,27100000.0,0.0,0.0,22600000.0,87300000.0,0.6836335160532498,64700000,0.5066562255285826,0.0,43400000.0,0.3398590446358653,0.0,36900000.0,0.2889584964761159,0.54829,0.54829,67300000,67300000,https://www.sec.gov/Archives/edgar/data/921113/000092111200000003/0000921112-00-000003-index.html,https://www.sec.gov/Archives/edgar/data/921113/0000921112-00-000003.txt,1620594592,17:09:52,20210509
79,1999-12-31,LPT,USD,1999-12-31,1999-12-31,Q4,123200000,35300000.0,87900000,0.713474025974026,0.0,4200000.0,0.0,0.0,26300000.000000004,0.0,0.0,22100000.0,85300000.0,0.6923701298701299,63200000,0.512987012987013,0.0,39200000.0,0.3181818181818182,0.0,33600000.0,0.2727272727272727,0.50149,0.50149,67000000,67000000,,,1620594592,17:09:52,20210509
80,1999-09-30,LPT,USD,1999-09-30,1999-09-30,Q3,118600000,32500000.0,86100000,0.7259696458684655,0.0,4000000.0,0.0,0.0,25799999.999999996,0.0,0.0,21799999.999999996,83800000.0,0.7065767284991569,62000000,0.5227655986509275,0.0,35900000.0,0.30269814502529513,0.0,32100000.0,0.2706576728499157,0.4791,0.4791,67000000,67000000,,,1620594592,17:09:52,20210509
81,1999-06-30,LPT,USD,1999-06-30,1999-06-30,Q2,113800000,30700000.0,83100000,0.7302284710017575,0.0,3900000.0,0.0,0.0,24400000.000000004,0.0,0.0,20500000.0,80600000.0,0.7082601054481547,60100000,0.5281195079086116,0.0,46300000.0,0.4068541300527241,0.0,43300000.0,0.3804920913884007,0.64627,0.64627,67000000,67000000,,,1620594592,17:09:52,20210509
82,1999-03-31,LPT,USD,1999-03-31,1999-03-31,Q1,111000000,31000000.0,80000000,0.7207207207207207,0.0,4000000.0,0.0,0.0,24100000.0,0.0,0.0,20100000.0,77200000.0,0.6954954954954955,57100000,0.5144144144144144,0.0,34600000.0,0.3117117117117117,0.0,32400000.0,0.2918918918918919,0.48943,0.48943,66200000,66200000,,,1620594592,17:09:52,20210509
83,1998-12-31,LPT,USD,1998-12-31,1998-12-31,Q4,108600000,32800000.0,75800000,0.6979742173112339,0.0,4100000.0,0.0,0.0,23200000.000000004,0.0,0.0,19100000.00000001,72800000.00000001,0.6703499079189689,53700000,0.494475138121547,0.0,31100000.0,0.2863720073664825,0.0,29000000.0,0.26703499079189685,0.44073,0.44073,65800000,65800000,,,1620594592,17:09:52,20210509
84,1998-09-30,LPT,USD,1998-09-30,1998-09-30,Q3,102100000,29400000.0,72700000,0.7120470127326151,0.0,4400000.0,0.0,0.0,22400000.0,0.0,0.0,18099999.999999996,69800000.0,0.683643486777669,51700000,0.5063663075416258,0.0,30900000.0,0.30264446620959845,0.0,28800000.0,0.2820763956904995,0.45212,0.45212,63700000,63700000,,,1620594592,17:09:52,20210509
85,1998-06-30,LPT,USD,1998-06-30,1998-06-30,Q2,90800000,24200000.0,66600000,0.7334801762114538,0.0,3700000.0,0.0,0.0,20300000.0,0.0,0.0,16500000.0,64500000.0,0.710352422907489,48000000,0.5286343612334802,0.0,28100000.0,0.30947136563876654,0.0,26000000.0,0.28634361233480177,0.43261,0.43261,60100000,60100000,,,1620594592,17:09:52,20210509
86,1998-03-31,LPT,USD,1998-03-31,1998-03-31,Q1,81400000,21900000.0,59500000,0.730958230958231,0.0,3400000.0,0.0,0.0,17600000.0,0.0,0.0,14200000.0,57300000.0,0.7039312039312039,43100000,0.5294840294840295,0.0,26500000.0,0.32555282555282555,0.0,24700000.0,0.3034398034398034,0.44345,0.44345,55700000,55700000,,,1620594592,17:09:52,20210509
87,1997-12-31,LPT,USD,1997-12-31,1997-12-31,Q4,68200000,18900000.0,49200000,0.7214076246334311,0.0,3000000.0,0.0,0.0,15000000.0,0.0,0.0,11999999.999999996,50500000.0,0.7404692082111437,38500000,0.5645161290322581,0.0,24800000.0,0.36363636363636365,0.0,23000000.0,0.33724340175953077,0.49569,0.49569,46400000,46400000,,,1620594592,17:09:52,20210509
88,1997-09-30,LPT,USD,1997-09-30,1997-09-30,Q3,60800000,16700000.0,44000000,0.7236842105263158,0.0,2800000.0,0.0,0.0,14400000.000000002,0.0,0.0,11500000.0,42900000.0,0.7055921052631579,31400000,0.5164473684210527,-500000.0,17600000.0,0.2894736842105263,0.0,16000000.0,0.2631578947368421,0.38369,0.38369,41700000,41700000,,,1620594592,17:09:52,20210509
89,1997-06-30,LPT,USD,1997-06-30,1997-06-30,Q2,51400000,13500000.0,38000000,0.7392996108949417,0.0,2300000.0,0.0,0.0,11600000.000000002,0.0,0.0,9300000.0,35400000.0,0.688715953307393,26100000,0.5077821011673151,-2600000.0,12200000.0,0.23735408560311283,0.0,11000000.0,0.2140077821011673,0.26764,0.26764,41100000,41100000,,,1620594592,17:09:52,20210509
90,1997-03-31,LPT,USD,1997-03-31,1997-03-31,Q1,45600000,11900000.0,33700000,0.7390350877192983,0.0,2500000.0,0.0,0.0,10499999.999999998,0.0,0.0,8000000.0,32100000.0,0.7039473684210527,24100000,0.5285087719298246,0.0,11500000.0,0.25219298245614036,0.0,10500000.0,0.23026315789473684,0.32012,0.32012,32800000,32800000,,,1620594592,17:09:52,20210509
91,1996-12-31,LPT,USD,1996-12-31,1996-12-31,Q4,40400000,10500000.0,29900000,0.7400990099009901,0.0,2300000.0,0.0,0.0,10100000.000000002,0.0,0.0,7800000.000000001,28700000.0,0.7103960396039604,20900000,0.5173267326732673,0.0,10600000.0,0.2623762376237624,0.0,9600000.0,0.2376237623762376,0.30769,0.30769,31200000,31200000,,,1620594592,17:09:52,20210509
92,1996-09-30,LPT,USD,1996-09-30,1996-09-30,Q3,38600000,10500000.0,28100000,0.727979274611399,0.0,2100000.0,0.0,0.0,9399999.999999998,0.0,0.0,7199999.999999999,26900000.0,0.6968911917098446,19700000,0.5103626943005182,-600000.0,9300000.0,0.24093264248704663,0.0,8400000.0,0.21761658031088082,0.28,0.28,30000000,30000000,,,1620594592,17:09:52,20210509
93,1996-06-30,LPT,USD,1996-06-30,1996-06-30,Q2,35700000,9400000.0,26300000,0.7366946778711485,0.0,2000000.0,0.0,0.0,8700000.000000002,0.0,0.0,6699999.999999999,25300000.0,0.7086834733893558,18600000,0.5210084033613446,-400000.0,8700000.0,0.24369747899159663,0.0,7800000.0,0.2184873949579832,0.26897,0.26897,29000000,29000000,,,1620594592,17:09:52,20210509
94,1996-03-31,LPT,USD,1996-03-31,1996-03-31,Q1,35400000,10400000.0,25000000,0.7062146892655368,0.0,1600000.0,0.0,0.0,8100000.0,0.0,0.0,6500000.0,24600000.0,0.6949152542372882,18100000,0.5112994350282486,0.0,9000000.0,0.2542372881355932,0.0,8000000.0,0.22598870056497175,0.2807,0.2807,28500000,28500000,,,1620594592,17:09:52,20210509
95,1995-12-31,LPT,USD,1995-12-31,1995-12-31,Q4,31800000,10300000.0,21400000,0.6729559748427673,0.0,-700000.0,0.0,0.0,5500000.0,0.0,0.0,6199999.999999999,23000000.0,0.7232704402515723,16800000,0.5283018867924528,0.0,6500000.0,0.20440251572327045,0.0,5800000.0,0.18238993710691823,0.24268,0.24268,23900000,23900000,,,1620594592,17:09:52,20210509
96,1995-09-30,LPT,USD,1995-09-30,1995-09-30,Q3,29400000,6500000.0,23000000,0.782312925170068,0.0,2000000.0,0.0,0.0,7900000.0,0.0,0.0,5800000.000000001,21400000.0,0.7278911564625851,15600000,0.5306122448979592,0.0,5600000.0,0.19047619047619047,0.0,4800000.0,0.16326530612244897,0.22642,0.22642,21200000,21200000,,,1620594592,17:09:52,20210509
97,1995-06-30,LPT,USD,1995-06-30,1995-06-30,Q2,28200000,6700000.0,21500000,0.7624113475177305,0.0,2000000.0,0.0,0.0,7600000.000000001,0.0,0.0,5600000.0,20000000.0,0.7092198581560284,14400000,0.5106382978723404,0.0,5400000.0,0.19148936170212766,0.0,4700000.0,0.16666666666666666,0.22275,0.22275,21100000,21100000,,,1620594592,17:09:52,20210509
98,1995-03-31,LPT,USD,1995-03-31,1995-03-31,Q1,25100000,5800000.0,19300000,0.7689243027888446,0.0,1900000.0,0.0,0.0,6800000.0,0.0,0.0,4900000.0,18100000.0,0.7211155378486056,13200000,0.5258964143426295,0.0,4800000.0,0.19123505976095617,0.0,4200000.0,0.16733067729083664,0.19905,0.19905,21100000,21100000,,,1620594592,17:09:52,20210509
99,1994-12-31,LPT,USD,1994-12-31,1994-12-31,Q4,21500000,5100000.0,16300000,0.7581395348837209,0.0,1600000.0,0.0,0.0,5600000.0,0.0,0.0,4000000.0,15900000.0,0.7395348837209302,11900000,0.5534883720930233,0.0,5200000.0,0.24186046511627907,0.0,4500000.0,0.20930232558139536,0.21327,0.21327,21100000,21100000,,,1620594592,17:09:52,20210509
