,date,symbol,reportedCurrency,fillingDate,acceptedDate,period,revenue,costOfRevenue,grossProfit,grossProfitRatio,researchAndDevelopmentExpenses,generalAndAdministrativeExpenses,sellingAndMarketingExpenses,otherExpenses,operatingExpenses,costAndExpenses,interestExpense,depreciationAndAmortization,ebitda,ebitdaratio,operatingIncome,operatingIncomeRatio,totalOtherIncomeExpensesNet,incomeBeforeTax,incomeBeforeTaxRatio,incomeTaxExpense,netIncome,netIncomeRatio,eps,epsdiluted,weightedAverageShsOut,weightedAverageShsOutDil,link,finalLink,timestamp,est_time,est_date
0,2019-06-30,AADV.L,GBP,2019-06-30,2019-06-30,Q2,735250.0,0.0,0.0,0.0,0.0,67000.0,0.0,0.0,0.0,0.0,0.0,0.0,0.0,0.0,0.0,0.0,0.0,668250.0,0.9088745324719483,0.0,668250.0,0.9088745324719483,0.0082,0.0082,81487820,81487820,https://find-and-update.company-information.service.gov.uk/search/companies?q=Albion+Development+VCT+PLC,https://find-and-update.company-information.service.gov.uk/search/companies?q=Albion+Development+VCT+PLC,1620586000,14:46:40,20210509
1,2019-03-31,AADV.L,GBP,2019-03-31,2019-03-31,Q1,735250.0,0.0,0.0,0.0,0.0,67000.0,0.0,0.0,0.0,0.0,0.0,0.0,0.0,0.0,0.0,0.0,0.0,668250.0,0.9088745324719483,0.0,668250.0,0.9088745324719483,0.0082,0.0082,81487820,81487820,https://find-and-update.company-information.service.gov.uk/search/companies?q=Albion+Development+VCT+PLC,https://find-and-update.company-information.service.gov.uk/search/companies?q=Albion+Development+VCT+PLC,1620586000,14:46:40,20210509
2,2019-01-31,AADV.L,GBP,2019-01-31,2019-01-31,Q1,735250.0,0.0,0.0,0.0,0.0,67000.0,0.0,0.0,0.0,0.0,0.0,0.0,0.0,0.0,0.0,0.0,0.0,668250.0,0.9088745324719483,0.0,668250.0,0.9088745324719483,0.0082,0.0082,81487820,81487820,https://find-and-update.company-information.service.gov.uk/search/companies?q=Albion+Development+VCT+PLC,https://find-and-update.company-information.service.gov.uk/search/companies?q=Albion+Development+VCT+PLC,1620586000,14:46:40,20210509
3,2018-06-30,AADV.L,GBP,2018-06-30,2018-06-30,Q2,2862250.0,0.0,0.0,0.0,0.0,57750.0,0.0,0.0,0.0,0.0,0.0,0.0,0.0,0.0,0.0,0.0,0.0,2804500.0,0.9798235653768889,0.0,2804500.0,0.9798235653768889,0.0375,0.0375,74732976,74732976,https://find-and-update.company-information.service.gov.uk/search/companies?q=Albion+Development+VCT+PLC,https://find-and-update.company-information.service.gov.uk/search/companies?q=Albion+Development+VCT+PLC,1620586000,14:46:40,20210509
4,2018-03-31,AADV.L,GBP,2018-03-31,2018-03-31,Q1,2862250.0,0.0,0.0,0.0,0.0,57750.0,0.0,0.0,0.0,0.0,0.0,0.0,0.0,0.0,0.0,0.0,0.0,2804500.0,0.9798235653768889,0.0,2804500.0,0.9798235653768889,0.0375,0.0375,74732976,74732976,https://find-and-update.company-information.service.gov.uk/search/companies?q=Albion+Development+VCT+PLC,https://find-and-update.company-information.service.gov.uk/search/companies?q=Albion+Development+VCT+PLC,1620586000,14:46:40,20210509
5,2018-01-31,AADV.L,GBP,2018-01-31,2018-01-31,Q1,2862250.0,0.0,0.0,0.0,0.0,57750.0,0.0,0.0,0.0,0.0,0.0,0.0,0.0,0.0,0.0,0.0,0.0,2804500.0,0.9798235653768889,0.0,2804500.0,0.9798235653768889,0.0375,0.0375,74732976,74732976,https://find-and-update.company-information.service.gov.uk/search/companies?q=Albion+Development+VCT+PLC,https://find-and-update.company-information.service.gov.uk/search/companies?q=Albion+Development+VCT+PLC,1620586000,14:46:40,20210509
6,2017-06-30,AADV.L,GBP,2017-06-30,2017-06-30,Q2,1278000.0,0.0,0.0,0.0,0.0,55250.0,0.0,0.0,0.0,0.0,0.0,0.0,0.0,0.0,0.0,0.0,0.0,1222750.0,0.9567683881064163,0.0,1222750.0,0.9567683881064163,0.018,0.018,67848906,67848906,https://find-and-update.company-information.service.gov.uk/search/companies?q=Albion+Development+VCT+PLC,https://find-and-update.company-information.service.gov.uk/search/companies?q=Albion+Development+VCT+PLC,1620586000,14:46:40,20210509
7,2017-03-31,AADV.L,GBP,2017-03-31,2017-03-31,Q1,1278000.0,0.0,0.0,0.0,0.0,55250.0,0.0,0.0,0.0,0.0,0.0,0.0,0.0,0.0,0.0,0.0,0.0,1222750.0,0.9567683881064163,0.0,1222750.0,0.9567683881064163,0.018,0.018,67848906,67848906,https://find-and-update.company-information.service.gov.uk/search/companies?q=Albion+Development+VCT+PLC,https://find-and-update.company-information.service.gov.uk/search/companies?q=Albion+Development+VCT+PLC,1620586000,14:46:40,20210509
8,2017-01-31,AADV.L,GBP,2017-01-31,2017-01-31,Q1,1278000.0,0.0,0.0,0.0,0.0,55250.0,0.0,0.0,0.0,0.0,0.0,0.0,0.0,0.0,0.0,0.0,0.0,1222750.0,0.9567683881064163,0.0,1222750.0,0.9567683881064163,0.018,0.018,67848906,67848906,https://find-and-update.company-information.service.gov.uk/search/companies?q=Albion+Development+VCT+PLC,https://find-and-update.company-information.service.gov.uk/search/companies?q=Albion+Development+VCT+PLC,1620586000,14:46:40,20210509
9,2016-06-30,AADV.L,GBP,2016-06-30,2016-06-30,Q2,767250.0,0.0,0.0,0.0,0.0,52500.0,0.0,0.0,0.0,0.0,0.0,0.0,0.0,0.0,0.0,0.0,0.0,714750.0,0.9315738025415444,-750.0,715500.0,0.9325513196480938,0.01175,0.01175,61380295,61380295,https://find-and-update.company-information.service.gov.uk/search/companies?q=Albion+Development+VCT+PLC,https://find-and-update.company-information.service.gov.uk/search/companies?q=Albion+Development+VCT+PLC,1620586000,14:46:40,20210509
10,2016-03-31,AADV.L,GBP,2016-03-31,2016-03-31,Q1,767250.0,0.0,0.0,0.0,0.0,52500.0,0.0,0.0,0.0,0.0,0.0,0.0,0.0,0.0,0.0,0.0,0.0,714750.0,0.9315738025415444,-750.0,715500.0,0.9325513196480938,0.01175,0.01175,61380295,61380295,https://find-and-update.company-information.service.gov.uk/search/companies?q=Albion+Development+VCT+PLC,https://find-and-update.company-information.service.gov.uk/search/companies?q=Albion+Development+VCT+PLC,1620586000,14:46:40,20210509
11,2016-01-31,AADV.L,GBP,2016-01-31,2016-01-31,Q1,767250.0,0.0,0.0,0.0,0.0,52500.0,0.0,0.0,0.0,0.0,0.0,0.0,0.0,0.0,0.0,0.0,0.0,714750.0,0.9315738025415444,-750.0,715500.0,0.9325513196480938,0.01175,0.01175,61380295,61380295,https://find-and-update.company-information.service.gov.uk/search/companies?q=Albion+Development+VCT+PLC,https://find-and-update.company-information.service.gov.uk/search/companies?q=Albion+Development+VCT+PLC,1620586000,14:46:40,20210509
12,2015-09-30,AADV.L,GBP,2015-09-30,2015-09-30,Q3,460250.0,0.0,0.0,0.0,0.0,50500.0,0.0,0.0,0.0,0.0,0.0,0.0,0.0,0.0,0.0,0.0,0.0,409750.0,0.8902770233568713,5000.0,404750.0,0.8794133623030962,0.00775,0.00775,52626429,52626429,https://find-and-update.company-information.service.gov.uk/search/companies?q=Albion+Development+VCT+PLC,https://find-and-update.company-information.service.gov.uk/search/companies?q=Albion+Development+VCT+PLC,1620586000,14:46:40,20210509
13,2015-06-30,AADV.L,GBP,2015-06-30,2015-06-30,Q2,460250.0,0.0,0.0,0.0,0.0,50500.0,0.0,0.0,0.0,0.0,0.0,0.0,0.0,0.0,0.0,0.0,0.0,409750.0,0.8902770233568713,5000.0,404750.0,0.8794133623030962,0.00775,0.00775,52626429,52626429,https://find-and-update.company-information.service.gov.uk/search/companies?q=Albion+Development+VCT+PLC,https://find-and-update.company-information.service.gov.uk/search/companies?q=Albion+Development+VCT+PLC,1620586000,14:46:40,20210509
14,2015-03-31,AADV.L,GBP,2015-03-31,2015-03-31,Q1,460250.0,0.0,0.0,0.0,0.0,50500.0,0.0,0.0,0.0,0.0,0.0,0.0,0.0,0.0,0.0,0.0,0.0,409750.0,0.8902770233568713,5000.0,404750.0,0.8794133623030962,0.00775,0.00775,52626429,52626429,https://find-and-update.company-information.service.gov.uk/search/companies?q=Albion+Development+VCT+PLC,https://find-and-update.company-information.service.gov.uk/search/companies?q=Albion+Development+VCT+PLC,1620586000,14:46:40,20210509
15,2015-01-31,AADV.L,GBP,2015-01-31,2015-01-31,Q1,460250.0,0.0,0.0,0.0,0.0,50500.0,0.0,0.0,0.0,0.0,0.0,0.0,0.0,0.0,0.0,0.0,0.0,409750.0,0.8902770233568713,5000.0,404750.0,0.8794133623030962,0.00775,0.00775,52626429,52626429,https://find-and-update.company-information.service.gov.uk/search/companies?q=Albion+Development+VCT+PLC,https://find-and-update.company-information.service.gov.uk/search/companies?q=Albion+Development+VCT+PLC,1620586000,14:46:40,20210509
16,2014-09-30,AADV.L,GBP,2014-09-30,2014-09-30,Q3,554750.0,0.0,0.0,0.0,0.0,50750.0,0.0,0.0,25500.0,0.0,0.0,0.0,0.0,0.0,0.0,0.0,0.0,478500.0,0.8625506985128436,-3250.0,481750.0,0.868409193330329,0.01327775,0.01327775,36282578,36282578,https://find-and-update.company-information.service.gov.uk/search/companies?q=Albion+Development+VCT+PLC,https://find-and-update.company-information.service.gov.uk/search/companies?q=Albion+Development+VCT+PLC,1620586000,14:46:40,20210509
17,2014-06-30,AADV.L,GBP,2014-06-30,2014-06-30,Q2,554750.0,0.0,0.0,0.0,0.0,50750.0,0.0,0.0,25500.0,0.0,0.0,0.0,0.0,0.0,0.0,0.0,0.0,478500.0,0.8625506985128436,-3250.0,481750.0,0.868409193330329,0.01327775,0.01327775,36282578,36282578,https://find-and-update.company-information.service.gov.uk/search/companies?q=Albion+Development+VCT+PLC,https://find-and-update.company-information.service.gov.uk/search/companies?q=Albion+Development+VCT+PLC,1620586000,14:46:40,20210509
18,2014-03-31,AADV.L,GBP,2014-03-31,2014-03-31,Q1,554750.0,0.0,0.0,0.0,0.0,50750.0,0.0,0.0,25500.0,0.0,0.0,0.0,0.0,0.0,0.0,0.0,0.0,478500.0,0.8625506985128436,-3250.0,481750.0,0.868409193330329,0.01327775,0.01327775,36282578,36282578,https://find-and-update.company-information.service.gov.uk/search/companies?q=Albion+Development+VCT+PLC,https://find-and-update.company-information.service.gov.uk/search/companies?q=Albion+Development+VCT+PLC,1620586000,14:46:40,20210509
19,2014-01-31,AADV.L,GBP,2014-01-31,2014-01-31,Q1,554750.0,0.0,0.0,0.0,0.0,50750.0,0.0,0.0,25500.0,0.0,0.0,0.0,0.0,0.0,0.0,0.0,0.0,478500.0,0.8625506985128436,-3250.0,481750.0,0.868409193330329,0.01327775,0.01327775,36282578,36282578,https://find-and-update.company-information.service.gov.uk/search/companies?q=Albion+Development+VCT+PLC,https://find-and-update.company-information.service.gov.uk/search/companies?q=Albion+Development+VCT+PLC,1620586000,14:46:40,20210509
20,2013-09-30,AADV.L,GBP,2013-09-30,2013-09-30,Q3,706000.0,0.0,0.0,0.0,0.0,49000.0,0.0,0.0,0.0,0.0,0.0,0.0,0.0,0.0,0.0,0.0,0.0,657000.0,0.9305949008498584,-1250.0,658250.0,0.9323654390934845,0.019597,0.019597,33589482,33589482,https://find-and-update.company-information.service.gov.uk/search/companies?q=Albion+Development+VCT+PLC,https://find-and-update.company-information.service.gov.uk/search/companies?q=Albion+Development+VCT+PLC,1620586000,14:46:40,20210509
21,2013-06-30,AADV.L,GBP,2013-06-30,2013-06-30,Q2,706000.0,0.0,0.0,0.0,0.0,49000.0,0.0,0.0,0.0,0.0,0.0,0.0,0.0,0.0,0.0,0.0,0.0,657000.0,0.9305949008498584,-1250.0,658250.0,0.9323654390934845,0.019597,0.019597,33589482,33589482,https://find-and-update.company-information.service.gov.uk/search/companies?q=Albion+Development+VCT+PLC,https://find-and-update.company-information.service.gov.uk/search/companies?q=Albion+Development+VCT+PLC,1620586000,14:46:40,20210509
22,2013-03-31,AADV.L,GBP,2013-03-31,2013-03-31,Q1,706000.0,0.0,0.0,0.0,0.0,49000.0,0.0,0.0,0.0,0.0,0.0,0.0,0.0,0.0,0.0,0.0,0.0,657000.0,0.9305949008498584,-1250.0,658250.0,0.9323654390934845,0.019597,0.019597,33589482,33589482,https://find-and-update.company-information.service.gov.uk/search/companies?q=Albion+Development+VCT+PLC,https://find-and-update.company-information.service.gov.uk/search/companies?q=Albion+Development+VCT+PLC,1620586000,14:46:40,20210509
23,2013-01-31,AADV.L,GBP,2013-01-31,2013-01-31,Q1,706000.0,0.0,0.0,0.0,0.0,49000.0,0.0,0.0,0.0,0.0,0.0,0.0,0.0,0.0,0.0,0.0,0.0,657000.0,0.9305949008498584,-1250.0,658250.0,0.9323654390934845,0.019597,0.019597,33589482,33589482,https://find-and-update.company-information.service.gov.uk/search/companies?q=Albion+Development+VCT+PLC,https://find-and-update.company-information.service.gov.uk/search/companies?q=Albion+Development+VCT+PLC,1620586000,14:46:40,20210509
24,2012-09-30,AADV.L,GBP,2012-09-30,2012-09-30,Q3,480750.0,0.0,0.0,0.0,0.0,58750.0,0.0,0.0,0.0,0.0,0.0,0.0,0.0,0.0,0.0,0.0,0.0,422000.0,0.8777951118044722,11000.0,411000.0,0.8549141965678627,0.01298525,0.01298525,31651285,31651285,https://find-and-update.company-information.service.gov.uk/search/companies?q=Albion+Development+VCT+PLC,https://find-and-update.company-information.service.gov.uk/search/companies?q=Albion+Development+VCT+PLC,1620586000,14:46:40,20210509
25,2012-06-30,AADV.L,GBP,2012-06-30,2012-06-30,Q2,480750.0,0.0,0.0,0.0,0.0,58750.0,0.0,0.0,0.0,0.0,0.0,0.0,0.0,0.0,0.0,0.0,0.0,422000.0,0.8777951118044722,11000.0,411000.0,0.8549141965678627,0.01298525,0.01298525,31651285,31651285,https://find-and-update.company-information.service.gov.uk/search/companies?q=Albion+Development+VCT+PLC,https://find-and-update.company-information.service.gov.uk/search/companies?q=Albion+Development+VCT+PLC,1620586000,14:46:40,20210509
26,2012-03-31,AADV.L,GBP,2012-03-31,2012-03-31,Q1,480750.0,0.0,0.0,0.0,0.0,58750.0,0.0,0.0,0.0,0.0,0.0,0.0,0.0,0.0,0.0,0.0,0.0,422000.0,0.8777951118044722,11000.0,411000.0,0.8549141965678627,0.01298525,0.01298525,31651285,31651285,https://find-and-update.company-information.service.gov.uk/search/companies?q=Albion+Development+VCT+PLC,https://find-and-update.company-information.service.gov.uk/search/companies?q=Albion+Development+VCT+PLC,1620586000,14:46:40,20210509
27,2012-01-31,AADV.L,GBP,2012-01-31,2012-01-31,Q1,480750.0,0.0,0.0,0.0,0.0,58750.0,0.0,0.0,0.0,0.0,0.0,0.0,0.0,0.0,0.0,0.0,0.0,422000.0,0.8777951118044722,11000.0,411000.0,0.8549141965678627,0.01298525,0.01298525,31651285,31651285,https://find-and-update.company-information.service.gov.uk/search/companies?q=Albion+Development+VCT+PLC,https://find-and-update.company-information.service.gov.uk/search/companies?q=Albion+Development+VCT+PLC,1620586000,14:46:40,20210509
28,2011-09-30,AADV.L,GBP,2011-09-30,2011-09-30,Q3,0.0,0.0,0.0,0.0,0.0,17500.0,0.0,0.0,-152250.0,-134750.0,0.0,0.0,0.0,0.0,134750.0,0.0,0.0,134750.0,0.0,30000.0,104750.0,0.0,0.0035,0.0035,30630649,30630649,https://find-and-update.company-information.service.gov.uk/search/companies?q=Albion+Development+VCT+PLC,https://find-and-update.company-information.service.gov.uk/search/companies?q=Albion+Development+VCT+PLC,1620586000,14:46:40,20210509
29,2011-06-30,AADV.L,GBP,2011-06-30,2011-06-30,Q2,0.0,0.0,0.0,0.0,0.0,17500.0,0.0,0.0,-152250.0,-134750.0,0.0,0.0,0.0,0.0,134750.0,0.0,0.0,134750.0,0.0,30000.0,104750.0,0.0,0.0035,0.0035,30630649,30630649,https://find-and-update.company-information.service.gov.uk/search/companies?q=Albion+Development+VCT+PLC,https://find-and-update.company-information.service.gov.uk/search/companies?q=Albion+Development+VCT+PLC,1620586000,14:46:40,20210509
30,2011-03-31,AADV.L,GBP,2011-03-31,2011-03-31,Q1,0.0,0.0,0.0,0.0,0.0,17500.0,0.0,0.0,-152250.0,-134750.0,0.0,0.0,0.0,0.0,134750.0,0.0,0.0,134750.0,0.0,30000.0,104750.0,0.0,0.0035,0.0035,30630649,30630649,https://find-and-update.company-information.service.gov.uk/search/companies?q=Albion+Development+VCT+PLC,https://find-and-update.company-information.service.gov.uk/search/companies?q=Albion+Development+VCT+PLC,1620586000,14:46:40,20210509
31,2011-01-31,AADV.L,GBP,2011-01-31,2011-01-31,Q1,0.0,0.0,0.0,0.0,0.0,17500.0,0.0,0.0,-152250.0,-134750.0,0.0,0.0,0.0,0.0,134750.0,0.0,0.0,134750.0,0.0,30000.0,104750.0,0.0,0.0035,0.0035,30630649,30630649,https://find-and-update.company-information.service.gov.uk/search/companies?q=Albion+Development+VCT+PLC,https://find-and-update.company-information.service.gov.uk/search/companies?q=Albion+Development+VCT+PLC,1620586000,14:46:40,20210509
32,2010-09-30,AADV.L,GBP,2010-09-30,2010-09-30,Q3,0.0,0.0,0.0,0.0,0.0,21750.0,0.0,0.0,-153000.0,-131250.0,0.0,0.0,0.0,0.0,131250.0,0.0,0.0,131250.0,0.0,19500.0,111750.0,0.0,0.00375,0.00375,29450610,29450610,https://find-and-update.company-information.service.gov.uk/search/companies?q=Albion+Development+VCT+PLC,https://find-and-update.company-information.service.gov.uk/search/companies?q=Albion+Development+VCT+PLC,1620586000,14:46:40,20210509
33,2010-06-30,AADV.L,GBP,2010-06-30,2010-06-30,Q2,0.0,0.0,0.0,0.0,0.0,21750.0,0.0,0.0,-153000.0,-131250.0,0.0,0.0,0.0,0.0,131250.0,0.0,0.0,131250.0,0.0,19500.0,111750.0,0.0,0.00375,0.00375,29450610,29450610,https://find-and-update.company-information.service.gov.uk/search/companies?q=Albion+Development+VCT+PLC,https://find-and-update.company-information.service.gov.uk/search/companies?q=Albion+Development+VCT+PLC,1620586000,14:46:40,20210509
34,2010-03-31,AADV.L,GBP,2010-03-31,2010-03-31,Q1,0.0,0.0,0.0,0.0,0.0,21750.0,0.0,0.0,-153000.0,-131250.0,0.0,0.0,0.0,0.0,131250.0,0.0,0.0,131250.0,0.0,19500.0,111750.0,0.0,0.00375,0.00375,29450610,29450610,https://find-and-update.company-information.service.gov.uk/search/companies?q=Albion+Development+VCT+PLC,https://find-and-update.company-information.service.gov.uk/search/companies?q=Albion+Development+VCT+PLC,1620586000,14:46:40,20210509
35,2010-01-31,AADV.L,GBP,2010-01-31,2010-01-31,Q1,0.0,0.0,0.0,0.0,0.0,21750.0,0.0,0.0,-153000.0,-131250.0,0.0,0.0,0.0,0.0,131250.0,0.0,0.0,131250.0,0.0,19500.0,111750.0,0.0,0.00375,0.00375,29450610,29450610,https://find-and-update.company-information.service.gov.uk/search/companies?q=Albion+Development+VCT+PLC,https://find-and-update.company-information.service.gov.uk/search/companies?q=Albion+Development+VCT+PLC,1620586000,14:46:40,20210509
36,2009-09-30,AADV.L,GBP,2009-09-30,2009-09-30,Q3,0.0,0.0,0.0,0.0,0.0,16750.0,0.0,0.0,-214250.0,-197500.0,0.0,0.0,0.0,0.0,197500.0,0.0,0.0,197500.0,0.0,22000.0,175500.0,0.0,0.006,0.006,29842149,29842149,https://find-and-update.company-information.service.gov.uk/search/companies?q=Albion+Development+VCT+PLC,https://find-and-update.company-information.service.gov.uk/search/companies?q=Albion+Development+VCT+PLC,1620586000,14:46:40,20210509
37,2009-06-30,AADV.L,GBP,2009-06-30,2009-06-30,Q2,0.0,0.0,0.0,0.0,0.0,16750.0,0.0,0.0,-214250.0,-197500.0,0.0,0.0,0.0,0.0,197500.0,0.0,0.0,197500.0,0.0,22000.0,175500.0,0.0,0.006,0.006,29842149,29842149,https://find-and-update.company-information.service.gov.uk/search/companies?q=Albion+Development+VCT+PLC,https://find-and-update.company-information.service.gov.uk/search/companies?q=Albion+Development+VCT+PLC,1620586000,14:46:40,20210509
38,2009-03-31,AADV.L,GBP,2009-03-31,2009-03-31,Q1,0.0,0.0,0.0,0.0,0.0,16750.0,0.0,0.0,-214250.0,-197500.0,0.0,0.0,0.0,0.0,197500.0,0.0,0.0,197500.0,0.0,22000.0,175500.0,0.0,0.006,0.006,29842149,29842149,https://find-and-update.company-information.service.gov.uk/search/companies?q=Albion+Development+VCT+PLC,https://find-and-update.company-information.service.gov.uk/search/companies?q=Albion+Development+VCT+PLC,1620586000,14:46:40,20210509
39,2009-01-31,AADV.L,GBP,2009-01-31,2009-01-31,Q1,0.0,0.0,0.0,0.0,0.0,16750.0,0.0,0.0,-214250.0,-197500.0,0.0,0.0,0.0,0.0,197500.0,0.0,0.0,197500.0,0.0,22000.0,175500.0,0.0,0.006,0.006,29842149,29842149,https://find-and-update.company-information.service.gov.uk/search/companies?q=Albion+Development+VCT+PLC,https://find-and-update.company-information.service.gov.uk/search/companies?q=Albion+Development+VCT+PLC,1620586000,14:46:40,20210509
40,2008-09-30,AADV.L,GBP,2008-09-30,2008-09-30,Q3,0.0,0.0,0.0,0.0,0.0,26750.0,0.0,0.0,-445250.0,-418500.0,0.0,0.0,0.0,0.0,418500.0,0.0,0.0,418500.0,0.0,121750.0,296750.0,0.0,0.00975,0.00975,30366813,30366813,https://find-and-update.company-information.service.gov.uk/search/companies?q=Albion+Development+VCT+PLC,https://find-and-update.company-information.service.gov.uk/search/companies?q=Albion+Development+VCT+PLC,1620586000,14:46:40,20210509
41,2008-06-30,AADV.L,GBP,2008-06-30,2008-06-30,Q2,0.0,0.0,0.0,0.0,0.0,26750.0,0.0,0.0,-445250.0,-418500.0,0.0,0.0,0.0,0.0,418500.0,0.0,0.0,418500.0,0.0,121750.0,296750.0,0.0,0.00975,0.00975,30366813,30366813,https://find-and-update.company-information.service.gov.uk/search/companies?q=Albion+Development+VCT+PLC,https://find-and-update.company-information.service.gov.uk/search/companies?q=Albion+Development+VCT+PLC,1620586000,14:46:40,20210509
42,2008-03-31,AADV.L,GBP,2008-03-31,2008-03-31,Q1,0.0,0.0,0.0,0.0,0.0,26750.0,0.0,0.0,-445250.0,-418500.0,0.0,0.0,0.0,0.0,418500.0,0.0,0.0,418500.0,0.0,121750.0,296750.0,0.0,0.00975,0.00975,30366813,30366813,https://find-and-update.company-information.service.gov.uk/search/companies?q=Albion+Development+VCT+PLC,https://find-and-update.company-information.service.gov.uk/search/companies?q=Albion+Development+VCT+PLC,1620586000,14:46:40,20210509
43,2008-01-31,AADV.L,GBP,2008-01-31,2008-01-31,Q1,0.0,0.0,0.0,0.0,0.0,26750.0,0.0,0.0,-445250.0,-418500.0,0.0,0.0,0.0,0.0,418500.0,0.0,0.0,418500.0,0.0,121750.0,296750.0,0.0,0.00975,0.00975,30366813,30366813,https://find-and-update.company-information.service.gov.uk/search/companies?q=Albion+Development+VCT+PLC,https://find-and-update.company-information.service.gov.uk/search/companies?q=Albion+Development+VCT+PLC,1620586000,14:46:40,20210509
44,2007-09-30,AADV.L,GBP,2007-09-30,2007-09-30,Q3,0.0,0.0,0.0,0.0,0.0,23750.0,0.0,0.0,-469500.0,-445750.0,0.0,0.0,0.0,0.0,445750.0,0.0,0.0,445750.0,0.0,73000.0,372750.0,0.0,0.012,0.012,31229055,31229055,https://find-and-update.company-information.service.gov.uk/search/companies?q=Albion+Development+VCT+PLC,https://find-and-update.company-information.service.gov.uk/search/companies?q=Albion+Development+VCT+PLC,1620586000,14:46:40,20210509
45,2007-06-30,AADV.L,GBP,2007-06-30,2007-06-30,Q2,0.0,0.0,0.0,0.0,0.0,23750.0,0.0,0.0,-469500.0,-445750.0,0.0,0.0,0.0,0.0,445750.0,0.0,0.0,445750.0,0.0,73000.0,372750.0,0.0,0.012,0.012,31229055,31229055,https://find-and-update.company-information.service.gov.uk/search/companies?q=Albion+Development+VCT+PLC,https://find-and-update.company-information.service.gov.uk/search/companies?q=Albion+Development+VCT+PLC,1620586000,14:46:40,20210509
46,2007-03-31,AADV.L,GBP,2007-03-31,2007-03-31,Q1,0.0,0.0,0.0,0.0,0.0,23750.0,0.0,0.0,-469500.0,-445750.0,0.0,0.0,0.0,0.0,445750.0,0.0,0.0,445750.0,0.0,73000.0,372750.0,0.0,0.012,0.012,31229055,31229055,https://find-and-update.company-information.service.gov.uk/search/companies?q=Albion+Development+VCT+PLC,https://find-and-update.company-information.service.gov.uk/search/companies?q=Albion+Development+VCT+PLC,1620586000,14:46:40,20210509
47,2007-01-31,AADV.L,GBP,2007-01-31,2007-01-31,Q1,0.0,0.0,0.0,0.0,0.0,23750.0,0.0,0.0,-469500.0,-445750.0,0.0,0.0,0.0,0.0,445750.0,0.0,0.0,445750.0,0.0,73000.0,372750.0,0.0,0.012,0.012,31229055,31229055,https://find-and-update.company-information.service.gov.uk/search/companies?q=Albion+Development+VCT+PLC,https://find-and-update.company-information.service.gov.uk/search/companies?q=Albion+Development+VCT+PLC,1620586000,14:46:40,20210509
48,2006-09-30,AADV.L,GBP,2006-09-30,2006-09-30,Q3,0.0,0.0,0.0,0.0,0.0,0.0,0.0,0.0,-373000.0,-373000.0,0.0,0.0,0.0,0.0,373000.0,0.0,0.0,373000.0,0.0,109750.0,263250.0,0.0,0.008,0.008,32507888,32507888,https://find-and-update.company-information.service.gov.uk/search/companies?q=Albion+Development+VCT+PLC,https://find-and-update.company-information.service.gov.uk/search/companies?q=Albion+Development+VCT+PLC,1620586000,14:46:40,20210509
49,2006-06-30,AADV.L,GBP,2006-06-30,2006-06-30,Q2,0.0,0.0,0.0,0.0,0.0,0.0,0.0,0.0,-373000.0,-373000.0,0.0,0.0,0.0,0.0,373000.0,0.0,0.0,373000.0,0.0,109750.0,263250.0,0.0,0.008,0.008,32507888,32507888,https://find-and-update.company-information.service.gov.uk/search/companies?q=Albion+Development+VCT+PLC,https://find-and-update.company-information.service.gov.uk/search/companies?q=Albion+Development+VCT+PLC,1620586000,14:46:40,20210509
50,2006-03-31,AADV.L,GBP,2006-03-31,2006-03-31,Q1,0.0,0.0,0.0,0.0,0.0,0.0,0.0,0.0,-373000.0,-373000.0,0.0,0.0,0.0,0.0,373000.0,0.0,0.0,373000.0,0.0,109750.0,263250.0,0.0,0.008,0.008,32507888,32507888,https://find-and-update.company-information.service.gov.uk/search/companies?q=Albion+Development+VCT+PLC,https://find-and-update.company-information.service.gov.uk/search/companies?q=Albion+Development+VCT+PLC,1620586000,14:46:40,20210509
51,2006-01-31,AADV.L,GBP,2006-01-31,2006-01-31,Q1,0.0,0.0,0.0,0.0,0.0,0.0,0.0,0.0,-373000.0,-373000.0,0.0,0.0,0.0,0.0,373000.0,0.0,0.0,373000.0,0.0,109750.0,263250.0,0.0,0.008,0.008,32507888,32507888,https://find-and-update.company-information.service.gov.uk/search/companies?q=Albion+Development+VCT+PLC,https://find-and-update.company-information.service.gov.uk/search/companies?q=Albion+Development+VCT+PLC,1620586000,14:46:40,20210509
52,2005-09-30,AADV.L,GBP,2005-09-30,2005-09-30,Q3,0.0,0.0,0.0,0.0,0.0,0.0,0.0,0.0,-132750.0,-132750.0,0.0,0.0,0.0,0.0,132750.0,0.0,0.0,132750.0,0.0,37500.0,95250.0,0.0,0.007,0.007,13356000,13356000,https://find-and-update.company-information.service.gov.uk/search/companies?q=Albion+Development+VCT+PLC,https://find-and-update.company-information.service.gov.uk/search/companies?q=Albion+Development+VCT+PLC,1620586000,14:46:40,20210509
53,2005-06-30,AADV.L,GBP,2005-06-30,2005-06-30,Q2,0.0,0.0,0.0,0.0,0.0,0.0,0.0,0.0,-132750.0,-132750.0,0.0,0.0,0.0,0.0,132750.0,0.0,0.0,132750.0,0.0,37500.0,95250.0,0.0,0.007,0.007,13356000,13356000,https://find-and-update.company-information.service.gov.uk/search/companies?q=Albion+Development+VCT+PLC,https://find-and-update.company-information.service.gov.uk/search/companies?q=Albion+Development+VCT+PLC,1620586000,14:46:40,20210509
54,2005-03-31,AADV.L,GBP,2005-03-31,2005-03-31,Q1,0.0,0.0,0.0,0.0,0.0,0.0,0.0,0.0,-132750.0,-132750.0,0.0,0.0,0.0,0.0,132750.0,0.0,0.0,132750.0,0.0,37500.0,95250.0,0.0,0.007,0.007,13356000,13356000,https://find-and-update.company-information.service.gov.uk/search/companies?q=Albion+Development+VCT+PLC,https://find-and-update.company-information.service.gov.uk/search/companies?q=Albion+Development+VCT+PLC,1620586000,14:46:40,20210509
55,2005-01-31,AADV.L,GBP,2005-01-31,2005-01-31,Q1,0.0,0.0,0.0,0.0,0.0,0.0,0.0,0.0,-132750.0,-132750.0,0.0,0.0,0.0,0.0,132750.0,0.0,0.0,132750.0,0.0,37500.0,95250.0,0.0,0.007,0.007,13356000,13356000,https://find-and-update.company-information.service.gov.uk/search/companies?q=Albion+Development+VCT+PLC,https://find-and-update.company-information.service.gov.uk/search/companies?q=Albion+Development+VCT+PLC,1620586000,14:46:40,20210509
56,2004-09-30,AADV.L,GBP,2004-09-30,2004-09-30,Q3,280250.0,0.0,0.0,0.0,0.0,0.0,0.0,0.0,-241000.0,-241000.0,0.0,0.0,0.0,0.0,241000.0,0.8599464763603925,0.0,241000.0,0.8599464763603925,72250.0,168750.0,0.6021409455842998,0.01175,0.01175,34339000,34339000,https://find-and-update.company-information.service.gov.uk/search/companies?q=Albion+Development+VCT+PLC,https://find-and-update.company-information.service.gov.uk/search/companies?q=Albion+Development+VCT+PLC,1620586000,14:46:40,20210509
57,2004-06-30,AADV.L,GBP,2004-06-30,2004-06-30,Q2,280250.0,0.0,0.0,0.0,0.0,0.0,0.0,0.0,-241000.0,-241000.0,0.0,0.0,0.0,0.0,241000.0,0.8599464763603925,0.0,241000.0,0.8599464763603925,72250.0,168750.0,0.6021409455842998,0.01175,0.01175,34339000,34339000,https://find-and-update.company-information.service.gov.uk/search/companies?q=Albion+Development+VCT+PLC,https://find-and-update.company-information.service.gov.uk/search/companies?q=Albion+Development+VCT+PLC,1620586000,14:46:40,20210509
58,2004-03-31,AADV.L,GBP,2004-03-31,2004-03-31,Q1,280250.0,0.0,0.0,0.0,0.0,0.0,0.0,0.0,-241000.0,-241000.0,0.0,0.0,0.0,0.0,241000.0,0.8599464763603925,0.0,241000.0,0.8599464763603925,72250.0,168750.0,0.6021409455842998,0.01175,0.01175,34339000,34339000,https://find-and-update.company-information.service.gov.uk/search/companies?q=Albion+Development+VCT+PLC,https://find-and-update.company-information.service.gov.uk/search/companies?q=Albion+Development+VCT+PLC,1620586000,14:46:40,20210509
59,2004-01-31,AADV.L,GBP,2004-01-31,2004-01-31,Q1,280250.0,0.0,0.0,0.0,0.0,0.0,0.0,0.0,-241000.0,-241000.0,0.0,0.0,0.0,0.0,241000.0,0.8599464763603925,0.0,241000.0,0.8599464763603925,72250.0,168750.0,0.6021409455842998,0.01175,0.01175,34339000,34339000,https://find-and-update.company-information.service.gov.uk/search/companies?q=Albion+Development+VCT+PLC,https://find-and-update.company-information.service.gov.uk/search/companies?q=Albion+Development+VCT+PLC,1620586000,14:46:40,20210509
60,2003-09-30,AADV.L,GBP,2003-09-30,2003-09-30,Q3,0.0,0.0,0.0,0.0,0.0,0.0,0.0,0.0,42000.0,-204000.0,0.0,0.0,0.0,0.0,204000.0,0.0,0.0,204000.0,0.0,56500.0,147500.0,0.0,0.00725,0.00725,14530000,14530000,https://find-and-update.company-information.service.gov.uk/search/companies?q=Albion+Development+VCT+PLC,https://find-and-update.company-information.service.gov.uk/search/companies?q=Albion+Development+VCT+PLC,1620586000,14:46:40,20210509
61,2003-06-30,AADV.L,GBP,2003-06-30,2003-06-30,Q2,0.0,0.0,0.0,0.0,0.0,0.0,0.0,0.0,42000.0,-204000.0,0.0,0.0,0.0,0.0,204000.0,0.0,0.0,204000.0,0.0,56500.0,147500.0,0.0,0.00725,0.00725,14530000,14530000,https://find-and-update.company-information.service.gov.uk/search/companies?q=Albion+Development+VCT+PLC,https://find-and-update.company-information.service.gov.uk/search/companies?q=Albion+Development+VCT+PLC,1620586000,14:46:40,20210509
62,2003-03-31,AADV.L,GBP,2003-03-31,2003-03-31,Q1,0.0,0.0,0.0,0.0,0.0,0.0,0.0,0.0,42000.0,-204000.0,0.0,0.0,0.0,0.0,204000.0,0.0,0.0,204000.0,0.0,56500.0,147500.0,0.0,0.00725,0.00725,14530000,14530000,https://find-and-update.company-information.service.gov.uk/search/companies?q=Albion+Development+VCT+PLC,https://find-and-update.company-information.service.gov.uk/search/companies?q=Albion+Development+VCT+PLC,1620586000,14:46:40,20210509
63,2003-01-31,AADV.L,GBP,2003-01-31,2003-01-31,Q1,0.0,0.0,0.0,0.0,0.0,0.0,0.0,0.0,42000.0,-204000.0,0.0,0.0,0.0,0.0,204000.0,0.0,0.0,204000.0,0.0,56500.0,147500.0,0.0,0.00725,0.00725,14530000,14530000,https://find-and-update.company-information.service.gov.uk/search/companies?q=Albion+Development+VCT+PLC,https://find-and-update.company-information.service.gov.uk/search/companies?q=Albion+Development+VCT+PLC,1620586000,14:46:40,20210509
64,2002-09-30,AADV.L,GBP,2002-09-30,2002-09-30,Q3,0.0,0.0,0.0,0.0,0.0,0.0,0.0,0.0,0.0,-216500.0,0.0,0.0,0.0,0.0,216500.0,0.0,0.0,216500.0,0.0,56750.0,159750.0,0.0,0.00925,0.00925,14624000,14624000,https://find-and-update.company-information.service.gov.uk/search/companies?q=Albion+Development+VCT+PLC,https://find-and-update.company-information.service.gov.uk/search/companies?q=Albion+Development+VCT+PLC,1620586000,14:46:40,20210509
65,2002-06-30,AADV.L,GBP,2002-06-30,2002-06-30,Q2,0.0,0.0,0.0,0.0,0.0,0.0,0.0,0.0,0.0,-216500.0,0.0,0.0,0.0,0.0,216500.0,0.0,0.0,216500.0,0.0,56750.0,159750.0,0.0,0.00925,0.00925,14624000,14624000,https://find-and-update.company-information.service.gov.uk/search/companies?q=Albion+Development+VCT+PLC,https://find-and-update.company-information.service.gov.uk/search/companies?q=Albion+Development+VCT+PLC,1620586000,14:46:40,20210509
66,2002-03-31,AADV.L,GBP,2002-03-31,2002-03-31,Q1,0.0,0.0,0.0,0.0,0.0,0.0,0.0,0.0,0.0,-216500.0,0.0,0.0,0.0,0.0,216500.0,0.0,0.0,216500.0,0.0,56750.0,159750.0,0.0,0.00925,0.00925,14624000,14624000,https://find-and-update.company-information.service.gov.uk/search/companies?q=Albion+Development+VCT+PLC,https://find-and-update.company-information.service.gov.uk/search/companies?q=Albion+Development+VCT+PLC,1620586000,14:46:40,20210509
67,2002-01-31,AADV.L,GBP,2002-01-31,2002-01-31,Q1,0.0,0.0,0.0,0.0,0.0,0.0,0.0,0.0,0.0,-216500.0,0.0,0.0,0.0,0.0,216500.0,0.0,0.0,216500.0,0.0,56750.0,159750.0,0.0,0.00925,0.00925,14624000,14624000,https://find-and-update.company-information.service.gov.uk/search/companies?q=Albion+Development+VCT+PLC,https://find-and-update.company-information.service.gov.uk/search/companies?q=Albion+Development+VCT+PLC,1620586000,14:46:40,20210509
68,2001-09-30,AADV.L,GBP,2001-09-30,2001-09-30,Q3,0.0,0.0,0.0,0.0,0.0,0.0,0.0,0.0,0.0,-214500.0,0.0,0.0,0.0,0.0,214500.0,0.0,0.0,214500.0,0.0,55750.0,158750.0,0.0,0.01075,0.01075,14611000,14611000,https://find-and-update.company-information.service.gov.uk/search/companies?q=Albion+Development+VCT+PLC,https://find-and-update.company-information.service.gov.uk/search/companies?q=Albion+Development+VCT+PLC,1620586000,14:46:40,20210509
69,2001-06-30,AADV.L,GBP,2001-06-30,2001-06-30,Q2,0.0,0.0,0.0,0.0,0.0,0.0,0.0,0.0,0.0,-214500.0,0.0,0.0,0.0,0.0,214500.0,0.0,0.0,214500.0,0.0,55750.0,158750.0,0.0,0.01075,0.01075,14611000,14611000,https://find-and-update.company-information.service.gov.uk/search/companies?q=Albion+Development+VCT+PLC,https://find-and-update.company-information.service.gov.uk/search/companies?q=Albion+Development+VCT+PLC,1620586000,14:46:40,20210509
70,2001-03-31,AADV.L,GBP,2001-03-31,2001-03-31,Q1,0.0,0.0,0.0,0.0,0.0,0.0,0.0,0.0,0.0,-214500.0,0.0,0.0,0.0,0.0,214500.0,0.0,0.0,214500.0,0.0,55750.0,158750.0,0.0,0.01075,0.01075,14611000,14611000,https://find-and-update.company-information.service.gov.uk/search/companies?q=Albion+Development+VCT+PLC,https://find-and-update.company-information.service.gov.uk/search/companies?q=Albion+Development+VCT+PLC,1620586000,14:46:40,20210509
71,2001-01-31,AADV.L,GBP,2001-01-31,2001-01-31,Q1,0.0,0.0,0.0,0.0,0.0,0.0,0.0,0.0,0.0,-214500.0,0.0,0.0,0.0,0.0,214500.0,0.0,0.0,214500.0,0.0,55750.0,158750.0,0.0,0.01075,0.01075,14611000,14611000,https://find-and-update.company-information.service.gov.uk/search/companies?q=Albion+Development+VCT+PLC,https://find-and-update.company-information.service.gov.uk/search/companies?q=Albion+Development+VCT+PLC,1620586000,14:46:40,20210509
72,2000-09-30,AADV.L,GBP,2000-09-30,2000-09-30,Q3,0.0,0.0,0.0,0.0,0.0,0.0,0.0,0.0,0.0,-189250.0,0.0,0.0,0.0,0.0,189250.0,0.0,0.0,189250.0,0.0,46750.0,142500.0,0.0,0.00975,0.00975,14663000,14663000,https://find-and-update.company-information.service.gov.uk/search/companies?q=Albion+Development+VCT+PLC,https://find-and-update.company-information.service.gov.uk/search/companies?q=Albion+Development+VCT+PLC,1620586000,14:46:40,20210509
73,2000-06-30,AADV.L,GBP,2000-06-30,2000-06-30,Q2,0.0,0.0,0.0,0.0,0.0,0.0,0.0,0.0,0.0,-189250.0,0.0,0.0,0.0,0.0,189250.0,0.0,0.0,189250.0,0.0,46750.0,142500.0,0.0,0.00975,0.00975,14663000,14663000,https://find-and-update.company-information.service.gov.uk/search/companies?q=Albion+Development+VCT+PLC,https://find-and-update.company-information.service.gov.uk/search/companies?q=Albion+Development+VCT+PLC,1620586000,14:46:40,20210509
74,2000-03-31,AADV.L,GBP,2000-03-31,2000-03-31,Q1,0.0,0.0,0.0,0.0,0.0,0.0,0.0,0.0,0.0,-189250.0,0.0,0.0,0.0,0.0,189250.0,0.0,0.0,189250.0,0.0,46750.0,142500.0,0.0,0.00975,0.00975,14663000,14663000,https://find-and-update.company-information.service.gov.uk/search/companies?q=Albion+Development+VCT+PLC,https://find-and-update.company-information.service.gov.uk/search/companies?q=Albion+Development+VCT+PLC,1620586000,14:46:40,20210509
75,2000-01-31,AADV.L,GBP,2000-01-31,2000-01-31,Q1,0.0,0.0,0.0,0.0,0.0,0.0,0.0,0.0,0.0,-189250.0,0.0,0.0,0.0,0.0,189250.0,0.0,0.0,189250.0,0.0,46750.0,142500.0,0.0,0.00975,0.00975,14663000,14663000,https://find-and-update.company-information.service.gov.uk/search/companies?q=Albion+Development+VCT+PLC,https://find-and-update.company-information.service.gov.uk/search/companies?q=Albion+Development+VCT+PLC,1620586000,14:46:40,20210509
76,1999-09-30,AADV.L,GBP,1999-09-30,1999-09-30,Q3,0.0,0.0,0.0,0.0,0.0,0.0,0.0,0.0,0.0,-102500.0,0.0,0.0,0.0,0.0,102500.0,0.0,0.0,102500.0,0.0,20750.0,81750.0,0.0,0.00675,0.00675,12286000,12286000,https://find-and-update.company-information.service.gov.uk/search/companies?q=Albion+Development+VCT+PLC,https://find-and-update.company-information.service.gov.uk/search/companies?q=Albion+Development+VCT+PLC,1620586000,14:46:40,20210509
77,1999-06-30,AADV.L,GBP,1999-06-30,1999-06-30,Q2,0.0,0.0,0.0,0.0,0.0,0.0,0.0,0.0,0.0,-102500.0,0.0,0.0,0.0,0.0,102500.0,0.0,0.0,102500.0,0.0,20750.0,81750.0,0.0,0.00675,0.00675,12286000,12286000,https://find-and-update.company-information.service.gov.uk/search/companies?q=Albion+Development+VCT+PLC,https://find-and-update.company-information.service.gov.uk/search/companies?q=Albion+Development+VCT+PLC,1620586000,14:46:40,20210509
78,1999-03-31,AADV.L,GBP,1999-03-31,1999-03-31,Q1,0.0,0.0,0.0,0.0,0.0,0.0,0.0,0.0,0.0,-102500.0,0.0,0.0,0.0,0.0,102500.0,0.0,0.0,102500.0,0.0,20750.0,81750.0,0.0,0.00675,0.00675,12286000,12286000,https://find-and-update.company-information.service.gov.uk/search/companies?q=Albion+Development+VCT+PLC,https://find-and-update.company-information.service.gov.uk/search/companies?q=Albion+Development+VCT+PLC,1620586000,14:46:40,20210509
79,1999-01-31,AADV.L,GBP,1999-01-31,1999-01-31,Q1,0.0,0.0,0.0,0.0,0.0,0.0,0.0,0.0,0.0,-102500.0,0.0,0.0,0.0,0.0,102500.0,0.0,0.0,102500.0,0.0,20750.0,81750.0,0.0,0.00675,0.00675,12286000,12286000,https://find-and-update.company-information.service.gov.uk/search/companies?q=Albion+Development+VCT+PLC,https://find-and-update.company-information.service.gov.uk/search/companies?q=Albion+Development+VCT+PLC,1620586000,14:46:40,20210509
