,date,symbol,reportedCurrency,fillingDate,acceptedDate,period,revenue,costOfRevenue,grossProfit,grossProfitRatio,researchAndDevelopmentExpenses,generalAndAdministrativeExpenses,sellingAndMarketingExpenses,otherExpenses,operatingExpenses,costAndExpenses,interestExpense,depreciationAndAmortization,ebitda,ebitdaratio,operatingIncome,operatingIncomeRatio,totalOtherIncomeExpensesNet,incomeBeforeTax,incomeBeforeTaxRatio,incomeTaxExpense,netIncome,netIncomeRatio,eps,epsdiluted,weightedAverageShsOut,weightedAverageShsOutDil,link,finalLink,timestamp,est_time,est_date
0,2020-12-31,MONTECARLO.NS,INR,2020-12-31,2020-12-31,Q4,4038248000,2349240000.0,1689008000,0.41825266798869215,0.0,0.0,29152000.0,39247000.0,614119000,2963359000,35370000.0,87066000,1161955000.0,0.2877374049340209,1074889000,0.2661770649053748,0.0,1078766000,0.26713713471782813,285197000.0,793569000.0,0.19651319086891147,38.28,38.28,20730643,20730643,https://www.nseindia.com/companies-listing/corporate-filings-annual-reports,https://www.nseindia.com/companies-listing/corporate-filings-annual-reports,1620595224,17:20:24,20210509
1,2020-09-30,MONTECARLO.NS,INR,2020-09-30,2020-09-30,Q3,982496000,388869000.0,593627000,0.6042029687652672,0.0,0.0,12710000.0,44804000.0,531111000,919980000,35292000.0,87267000,149783000.0,0.15245151125297202,62516000,0.0636297755919617,0.0,72028000,0.07331123994397941,27770000.0,44257000.0,0.04504547601211608,2.13,2.13,20777934,20777934,https://www.nseindia.com/companies-listing/corporate-filings-annual-reports,https://www.nseindia.com/companies-listing/corporate-filings-annual-reports,1620595224,17:20:24,20210509
2,2020-06-30,MONTECARLO.NS,INR,2020-06-30,2020-06-30,Q2,111810000,7045000.0,104765000,0.9369913245684643,0.0,0.0,4065000.0,56142000.0,327157000,334202000,30076000.0,79074000,-143318000.0,-1.2817994812628566,-222392000,-1.9890170825507558,0.0,-196326000,-1.7558894553259994,-61023000.0,-135303000.0,-1.2101153742956803,-6.53,-6.53,20720214,20720214,https://www.nseindia.com/companies-listing/corporate-filings-annual-reports,https://www.nseindia.com/companies-listing/corporate-filings-annual-reports,1620595224,17:20:24,20210509
3,2020-03-31,MONTECARLO.NS,INR,2020-03-31,2020-03-31,Q1,1083142000,1021583000.0,61559000,0.0568337300187787,0.0,29363000.0,228751000.0,-98924000.0,141674000,1163257000,32900000.0,85335000,5220000.0,0.004819312703228201,-80115000,-0.07396537111477534,0.0,-111696000,-0.10312221296930596,-9494000.0,-102202000.0,-0.09435697258531199,-4.918775851343065,-4.918775851343065,20777934,20777934,https://www.nseindia.com/companies-listing/corporate-filings-annual-reports,https://www.nseindia.com/companies-listing/corporate-filings-annual-reports,1620595224,17:20:24,20210509
4,2019-12-31,MONTECARLO.NS,INR,2019-12-31,2019-12-31,Q4,4034021000,2325750000.0,1708271000,0.4234660652485448,0.0,0.0,85962000.0,34689000.0,732649000,3058399000,55304000.0,89404000,1065026000.0,0.26401102026984985,975622000,0.24184851789318895,0.0,955007000,0.23673823215099773,232396000.0,722611000.0,0.17912921127579653,34.85,34.85,20734892,20734892,https://www.nseindia.com/companies-listing/corporate-filings-annual-reports,https://www.nseindia.com/companies-listing/corporate-filings-annual-reports,1620595224,17:20:24,20210509
5,2019-09-30,MONTECARLO.NS,INR,2019-09-30,2019-09-30,Q3,1528242000,720143000.0,808099000,0.5287768560214939,0.0,0.0,83804000.0,44043000.0,688645000,1408788000,46734000.0,82733000,202187000.0,0.13230038174582298,119454000,0.07816432214269729,0.0,116763000,0.07640347536581248,48877000.0,67886000.0,0.044420975212041025,3.27,3.27,20760245,20760245,https://www.nseindia.com/companies-listing/corporate-filings-annual-reports,https://www.nseindia.com/companies-listing/corporate-filings-annual-reports,1620595224,17:20:24,20210509
6,2019-06-30,MONTECARLO.NS,INR,2019-06-30,2019-06-30,Q2,599204000,194870000.0,404334000,0.674785215051969,0.0,0.0,54436000.0,26295000.0,500447000,695317000,34964000.0,72375000,-23738000.0,-0.039615890414616724,-96113000,-0.1604011321686771,0.0,-104782000,-0.17486865908772303,-43388000.0,-61394000.0,-0.10245926262174485,-2.96,-2.96,20741216,20741216,https://www.nseindia.com/companies-listing/corporate-filings-annual-reports,https://www.nseindia.com/companies-listing/corporate-filings-annual-reports,1620595224,17:20:24,20210509
7,2019-03-31,MONTECARLO.NS,INR,2019-03-31,2019-03-31,Q1,944785000,1033337000.0,-88552000,-0.09372714427091879,0.0,24125000.0,265793000.0,-115686000.0,215313000,1248650000,15058000.0,44848000,-259017000.0,-0.27415443725292,-303865000,-0.32162343813671895,0.0,-309602000,-0.32769571913186596,-121127000.0,-188475000.0,-0.19948983101975581,-9.070921103127963,-9.070921103127963,20777934,20777934,https://www.nseindia.com/companies-listing/corporate-filings-annual-reports,https://www.nseindia.com/companies-listing/corporate-filings-annual-reports,1620595224,17:20:24,20210509
8,2018-12-31,MONTECARLO.NS,INR,2018-12-31,2018-12-31,Q4,3755553000,2008837000.0,1746716000,0.46510220998079377,0.0,0.0,78861000.0,56467000.0,621740000,2630577000,33953000.0,48817000,1173793000.0,0.3125486446336931,1124976000,0.29955002632102384,0.0,1147490000,0.30554488247136974,392960000.0,754530000.0,0.20091049174382575,34.72,34.72,21731855,21731855,https://www.nseindia.com/companies-listing/corporate-filings-annual-reports,https://www.nseindia.com/companies-listing/corporate-filings-annual-reports,1620595224,17:20:24,20210509
9,2018-09-30,MONTECARLO.NS,INR,2018-09-30,2018-09-30,Q3,1257950000,584823000.0,673127000,0.5350983743392027,0.0,0.0,66206000.0,37621000.0,573291000,1158114000,24894000.0,47385000,147221000.0,0.11703247346873882,99836000,0.07936404467586151,0.0,112563000,0.08948129893874955,43364000.0,69199000.0,0.055009340593823286,3.18,3.18,21760692,21760692,https://www.nseindia.com/companies-listing/corporate-filings-annual-reports,https://www.nseindia.com/companies-listing/corporate-filings-annual-reports,1620595224,17:20:24,20210509
10,2018-06-30,MONTECARLO.NS,INR,2018-06-30,2018-06-30,Q2,809318000,242434000.0,566884000,0.7004465488225889,0.0,0.0,77069000.0,31511000.0,479573000,722007000,15553000.0,45910000,133221000.0,0.16460896705621275,87311000,0.10788219216673792,0.0,103269000,0.12760002866611148,40806000.0,62463000.0,0.0771797982993088,2.87,2.87,21764111,21764111,https://www.nseindia.com/companies-listing/corporate-filings-annual-reports,https://www.nseindia.com/companies-listing/corporate-filings-annual-reports,1620595224,17:20:24,20210509
11,2018-03-31,MONTECARLO.NS,INR,2018-03-31,2018-03-31,Q1,862977000,599013000.0,263964000,0.30587605463413275,0.0,0.0,93228000.0,80196000.0,447979000,1046992000,16072000.0,50878000,-133137000.0,-0.15427641756385163,-184015000,-0.2132327976296008,0.0,-119891000,-0.13892722517517847,-31504000.0,-88387000.0,-0.10242103787238825,-4.07,-4.07,21716708,21716708,https://www.nseindia.com/companies-listing/corporate-filings-annual-reports,https://www.nseindia.com/companies-listing/corporate-filings-annual-reports,1620595224,17:20:24,20210509
12,2017-12-31,MONTECARLO.NS,INR,2017-12-31,2017-12-31,Q4,3559209000,2238610000.0,1320599000,0.37103721641522036,0.0,0.0,70796000.0,0.0,567136000,2805746000,25384000.0,54442000,807905000.0,0.22699004188852073,753463000,0.2116939466044281,0.0,728079000,0.20456202487687572,250233000.0,477846000.0,0.13425623502300651,21.99,21.99,21730150,21730150,https://www.nseindia.com/companies-listing/corporate-filings-annual-reports,https://www.nseindia.com/companies-listing/corporate-filings-annual-reports,1620595224,17:20:24,20210509
13,2017-09-30,MONTECARLO.NS,INR,2017-09-30,2017-09-30,Q3,1376812000,721280000.0,655532000,0.47612310177424366,0.0,0.0,32036000.0,0.0,415221000,1136501000,0.0,52525000,292836000.0,0.2126913478383396,240311000,0.17454162224036396,0.0,221708000,0.16102997359116566,66087000.0,155621000.0,0.11302995615959187,7.16,7.16,21734777,21734777,https://www.nseindia.com/companies-listing/corporate-filings-annual-reports,https://www.nseindia.com/companies-listing/corporate-filings-annual-reports,1620595224,17:20:24,20210509
14,2017-06-30,MONTECARLO.NS,INR,2017-06-30,2017-06-30,Q2,660631000,186215000.0,474416000,0.718125549663882,0.0,0.0,52369000.0,0.0,388597000,574812000,17103000.0,51783000,137602000.0,0.2082887421268454,85819000,0.1299045912165793,0.0,68716000,0.1040157061960459,16584000.0,52132000.0,0.078912433718672,2.4,2.4,21721667,21721667,https://www.nseindia.com/companies-listing/corporate-filings-annual-reports,https://www.nseindia.com/companies-listing/corporate-filings-annual-reports,1620595224,17:20:24,20210509
15,2017-03-31,MONTECARLO.NS,INR,2017-03-31,2017-03-31,Q1,921974000,601994000.0,319980000,0.34705967847249486,0.0,0.0,53958000.0,56673000.0,485178000,1087172000,19069000.0,63059000,-102139000.0,-0.1107829504953502,-165198000,-0.17917858855021943,0.0,-127594000,-0.13839218893374433,-53034000.0,-74560000.0,-0.08086995945655734,-3.43,-3.43,21737609,21737609,https://www.nseindia.com/companies-listing/corporate-filings-annual-reports,https://www.nseindia.com/companies-listing/corporate-filings-annual-reports,1620595224,17:20:24,20210509
16,2016-12-31,MONTECARLO.NS,INR,2016-12-31,2016-12-31,Q4,2887364000,1901770000.0,985594000,0.3413473327228573,0.0,0.0,102999000.0,0.0,443361000,2345131000,19461000.0,63767000,606000000.0,0.20988001512798524,542233000,0.1877951654173149,0.0,522772000,0.1810551077037741,183374000.0,339398000.0,0.11754596926469957,15.62,15.62,21728425,21728425,https://www.nseindia.com/companies-listing/corporate-filings-annual-reports,https://www.nseindia.com/companies-listing/corporate-filings-annual-reports,1620595224,17:20:24,20210509
17,2016-09-30,MONTECARLO.NS,INR,2016-09-30,2016-09-30,Q3,1241785000,560173000.0,681612000,0.5488969507603974,0.0,0.0,42199000.0,0.0,442862000,1003035000,43131000.0,61089000,299839000.0,0.2414580623860008,238750000,0.1922635560906276,0.0,195619000,0.15753049038279573,61613000.0,134006000.0,0.10791401087950007,6.17,6.17,21718963,21718963,https://www.nseindia.com/companies-listing/corporate-filings-annual-reports,https://www.nseindia.com/companies-listing/corporate-filings-annual-reports,1620595224,17:20:24,20210509
18,2016-06-30,MONTECARLO.NS,INR,2016-06-30,2016-06-30,Q2,756381000,217926000.0,538455000,0.7118832969098906,0.0,0.0,100078000.0,0.0,473705000,691631000,33491000.0,59440000,124190000.0,0.1641897403557202,64750000,0.08560500594277223,0.0,31259000,0.04132705607359254,10825000.0,20434000.0,0.027015485582001664,0.94,0.94,21738298,21738298,https://www.nseindia.com/companies-listing/corporate-filings-annual-reports,https://www.nseindia.com/companies-listing/corporate-filings-annual-reports,1620595224,17:20:24,20210509
19,2016-03-31,MONTECARLO.NS,INR,2016-03-31,2016-03-31,Q1,645688433,142254810.0,503433623,0.7796850574834442,0.0,28547141.0,210666545.0,0.0,602774562,745029372,25725109.0,75790986,-23549953.0,-0.03647262641918815,-99340939,-0.15385274680923391,0.0,-16787851,-0.025999925261166946,-9966850.0,-6821001.0,-0.01056392007567526,-0.32828100233642094,-0.32828100233642094,20777934,20777934,https://www.nseindia.com/companies-listing/corporate-filings-annual-reports,https://www.nseindia.com/companies-listing/corporate-filings-annual-reports,1620595224,17:20:24,20210509
20,2015-12-31,MONTECARLO.NS,INR,2015-12-31,2015-12-31,Q4,3514607000,2139187000.0,1375420000,0.3913438970559155,0.0,0.0,142489000.0,0.0,637843000,2777030000,53000000.0,74348000,811925000.0,0.23101444912617541,737577000,0.2098604481240719,0.0,684577000,0.19478052595923243,239497000.0,445080000.0,0.1266372029646558,20.48,20.48,21732422,21732422,https://www.nseindia.com/companies-listing/corporate-filings-annual-reports,https://www.nseindia.com/companies-listing/corporate-filings-annual-reports,1620595224,17:20:24,20210509
21,2015-09-30,MONTECARLO.NS,INR,2015-09-30,2015-09-30,Q3,1366241000,647503000.0,718738000,0.5260697051252304,0.0,0.0,25071000.0,0.0,469416000,1116919000,43795000.0,72352000,321674000.0,0.23544455187627952,249322000,0.18248756990896922,0.0,205527000,0.15043246396499593,69223000.0,136304000.0,0.09976570751426725,6.27,6.27,21739075,21739075,https://www.nseindia.com/companies-listing/corporate-filings-annual-reports,https://www.nseindia.com/companies-listing/corporate-filings-annual-reports,1620595224,17:20:24,20210509
22,2015-06-30,MONTECARLO.NS,INR,2015-06-30,2015-06-30,Q2,688769000,189032000.0,499737000,0.7255509466889479,0.0,0.0,80186000.0,0.0,436412000,625444000,35618000.0,70219000,133544000.0,0.1938879363037535,63325000,0.09193938751598867,0.0,27707000,0.04022683947738647,12887000.0,14820000.0,0.021516647816611955,0.68,0.68,21794118,21794118,https://www.nseindia.com/companies-listing/corporate-filings-annual-reports,https://www.nseindia.com/companies-listing/corporate-filings-annual-reports,1620595224,17:20:24,20210509
23,2015-03-31,MONTECARLO.NS,INR,2015-03-31,2015-03-31,Q1,669566295,171320400.0,498245895,0.7441322819273631,0.0,0.0,0.0,0.0,580514748,751835148,0.0,127235170,44966317.0,0.06715737834444012,-82268853,-0.1228688684217595,0.0,44166666,0.06596309630549728,16412332.0,27754334.0,0.04145121133972253,1.3357600423603233,1.3357600423603233,20777934,20777934,https://www.nseindia.com/companies-listing/corporate-filings-annual-reports,https://www.nseindia.com/companies-listing/corporate-filings-annual-reports,1620595224,17:20:24,20210509
24,2014-12-31,MONTECARLO.NS,INR,2014-12-31,2014-12-31,Q4,3160643663,1875325698.0,1285317965,0.4066633578617369,0.0,0.0,0.0,0.0,595975755,2471301453,0.0,73186237,762528447.0,0.24125732866584143,689342210,0.21810184364335916,0.0,625256129,0.19782556835480888,217502595.0,407753534.0,0.12900965039917567,18.76,18.76,21735263,21735263,https://www.nseindia.com/companies-listing/corporate-filings-annual-reports,https://www.nseindia.com/companies-listing/corporate-filings-annual-reports,1620595224,17:20:24,20210509
25,2014-09-30,MONTECARLO.NS,INR,2014-09-30,2014-09-30,Q3,1256890000,652618000.0,604272000,0.48076760893952536,0.0,0.0,34764000.0,0.0,445448000,1098066000,40535000.0,67714000,226538000.0,0.1802369340196835,158824000,0.12636268885900914,0.0,118289000,0.09411245216367382,40468000.0,77821000.0,0.061915521644694445,3.58,3.58,21737709,21737709,https://www.nseindia.com/companies-listing/corporate-filings-annual-reports,https://www.nseindia.com/companies-listing/corporate-filings-annual-reports,1620595224,17:20:24,20210509
26,2014-06-30,MONTECARLO.NS,INR,2014-06-30,2014-06-30,Q2,732103000,223258000.0,508845000,0.6950456424847323,0.0,0.0,45852000.0,0.0,351068000,574326000,31031000.0,65898000,223675000.0,0.3055239494989093,157777000,0.21551202494730934,0.0,126746000,0.17312591261065724,42379000.0,84367000.0,0.11523924912204976,3.88,3.88,21744072,21744072,https://www.nseindia.com/companies-listing/corporate-filings-annual-reports,https://www.nseindia.com/companies-listing/corporate-filings-annual-reports,1620595224,17:20:24,20210509
27,2014-03-31,MONTECARLO.NS,INR,2014-03-31,2014-03-31,Q1,755748233,381465972.0,374282261,0.495247285612906,0.0,0.0,0.0,0.0,471859371,853325343,0.0,50466081,-47111029.0,-0.06233693569218044,-97577110,-0.12911324927967116,0.0,28941864,0.03829564230023148,5163412.0,23778452.0,0.03146345695789407,1.1444088714498757,1.1444088714498757,20777934,20777934,https://www.nseindia.com/companies-listing/corporate-filings-annual-reports,https://www.nseindia.com/companies-listing/corporate-filings-annual-reports,1620595224,17:20:24,20210509
28,2013-12-31,MONTECARLO.NS,INR,2013-12-31,2013-12-31,Q4,2663238353,1601109266.0,1062129087,0.3988111262379376,0.0,0.0,0.0,0.0,524532745,2125642011,0.0,39487696,577084038.0,0.2166850884187458,537596342,0.20185814063334795,0.0,503884382,0.18919988195288656,174462396.0,329421985.0,0.1236922653313862,15.16,15.16,21729682,21729682,https://www.nseindia.com/companies-listing/corporate-filings-annual-reports,https://www.nseindia.com/companies-listing/corporate-filings-annual-reports,1620595224,17:20:24,20210509
