,date,symbol,reportedCurrency,fillingDate,acceptedDate,period,revenue,costOfRevenue,grossProfit,grossProfitRatio,researchAndDevelopmentExpenses,generalAndAdministrativeExpenses,sellingAndMarketingExpenses,otherExpenses,operatingExpenses,costAndExpenses,interestExpense,depreciationAndAmortization,ebitda,ebitdaratio,operatingIncome,operatingIncomeRatio,totalOtherIncomeExpensesNet,incomeBeforeTax,incomeBeforeTaxRatio,incomeTaxExpense,netIncome,netIncomeRatio,eps,epsdiluted,weightedAverageShsOut,weightedAverageShsOutDil,link,finalLink,timestamp,est_time,est_date
0,2020-09-30,WIL.L,GBP,2020-09-30,2020-09-30,Q3,28268750.0,24859750.0,3409000.0,0.12059252708379395,0.0,1100500.0,0.0,0.0,0.0,25960250.0,482250.0,2519000.0,4827500.0,0.17077161176210479,2308500.0,0.08166261330975016,0.0,1608500.0,0.056900287419854076,440000.0,1168500.0,0.04133539686049083,0.013352237557342918,0.013352237557342918,87513422,87513422,https://find-and-update.company-information.service.gov.uk/search/companies?q=Wilmington+PLC,https://find-and-update.company-information.service.gov.uk/search/companies?q=Wilmington+PLC,1620599829,18:37:09,20210509
1,2020-06-30,WIL.L,GBP,2020-06-30,2020-06-30,Q2,28268750.0,24859750.0,3409000.0,0.12059252708379395,0.0,1100500.0,0.0,0.0,0.0,25960250.0,482250.0,2519000.0,4827500.0,0.17077161176210479,2308500.0,0.08166261330975016,0.0,1608500.0,0.056900287419854076,440000.0,1168500.0,0.04133539686049083,0.013352237557342918,0.013352237557342918,87513422,87513422,https://find-and-update.company-information.service.gov.uk/search/companies?q=Wilmington+PLC,https://find-and-update.company-information.service.gov.uk/search/companies?q=Wilmington+PLC,1620599829,18:37:09,20210509
2,2020-03-31,WIL.L,GBP,2020-03-31,2020-03-31,Q1,28268750.0,24859750.0,3409000.0,0.12059252708379395,0.0,1100500.0,0.0,0.0,0.0,25960250.0,482250.0,2519000.0,4827500.0,0.17077161176210479,2308500.0,0.08166261330975016,0.0,1608500.0,0.056900287419854076,440000.0,1168500.0,0.04133539686049083,0.013352237557342918,0.013352237557342918,87513422,87513422,https://find-and-update.company-information.service.gov.uk/search/companies?q=Wilmington+PLC,https://find-and-update.company-information.service.gov.uk/search/companies?q=Wilmington+PLC,1620599829,18:37:09,20210509
3,2020-01-31,WIL.L,GBP,2020-01-31,2020-01-31,Q1,28268750.0,24859750.0,3409000.0,0.12059252708379395,0.0,1100500.0,0.0,0.0,0.0,25960250.0,482250.0,2519000.0,4827500.0,0.17077161176210479,2308500.0,0.08166261330975016,0.0,1608500.0,0.056900287419854076,440000.0,1168500.0,0.04133539686049083,0.013352237557342918,0.013352237557342918,87513422,87513422,https://find-and-update.company-information.service.gov.uk/search/companies?q=Wilmington+PLC,https://find-and-update.company-information.service.gov.uk/search/companies?q=Wilmington+PLC,1620599829,18:37:09,20210509
4,2019-06-30,WIL.L,GBP,2019-06-30,2019-06-30,Q2,30631250.0,25377750.0,5253500.0,0.17150785553968578,0.0,1153000.0,0.0,0.0,0.0,26530750.0,480250.0,1971250.0,6071750.0,0.19822077127116916,4100500.0,0.13386655784533769,0.0,3678000.0,0.12007345439706182,879750.0,2787250.0,0.09099367476025301,0.03185,0.0316,87513422,88232931,https://find-and-update.company-information.service.gov.uk/search/companies?q=Wilmington+PLC,https://find-and-update.company-information.service.gov.uk/search/companies?q=Wilmington+PLC,1620599829,18:37:09,20210509
5,2019-03-31,WIL.L,GBP,2019-03-31,2019-03-31,Q1,30631250.0,25377750.0,5253500.0,0.17150785553968578,0.0,1153000.0,0.0,0.0,0.0,26530750.0,480250.0,1971250.0,6071750.0,0.19822077127116916,4100500.0,0.13386655784533769,0.0,3678000.0,0.12007345439706182,879750.0,2787250.0,0.09099367476025301,0.03185,0.0316,87513422,88232931,https://find-and-update.company-information.service.gov.uk/search/companies?q=Wilmington+PLC,https://find-and-update.company-information.service.gov.uk/search/companies?q=Wilmington+PLC,1620599829,18:37:09,20210509
6,2019-01-31,WIL.L,GBP,2019-01-31,2019-01-31,Q1,30631250.0,25377750.0,5253500.0,0.17150785553968578,0.0,1153000.0,0.0,0.0,0.0,26530750.0,480250.0,1971250.0,6071750.0,0.19822077127116916,4100500.0,0.13386655784533769,0.0,3678000.0,0.12007345439706182,879750.0,2787250.0,0.09099367476025301,0.03185,0.0316,87513422,88232931,https://find-and-update.company-information.service.gov.uk/search/companies?q=Wilmington+PLC,https://find-and-update.company-information.service.gov.uk/search/companies?q=Wilmington+PLC,1620599829,18:37:09,20210509
7,2018-06-30,WIL.L,GBP,2018-06-30,2018-06-30,Q2,30523000.0,24874000.0,5649000.0,0.1850735510926187,0.0,1117000.0,0.0,0.0,0.0,25991000.0,451000.0,2270750.0,6802750.0,0.22287291550633948,4532000.0,0.14847819676964913,0.0,756250.0,0.02477639812600334,690750.0,53750.0,0.0017609671395341219,0.000625,0.0006,87379469,88024709,https://find-and-update.company-information.service.gov.uk/search/companies?q=Wilmington+PLC,https://find-and-update.company-information.service.gov.uk/search/companies?q=Wilmington+PLC,1620599829,18:37:09,20210509
8,2018-03-31,WIL.L,GBP,2018-03-31,2018-03-31,Q1,30523000.0,24874000.0,5649000.0,0.1850735510926187,0.0,1117000.0,0.0,0.0,0.0,25991000.0,451000.0,2270750.0,6802750.0,0.22287291550633948,4532000.0,0.14847819676964913,0.0,756250.0,0.02477639812600334,690750.0,53750.0,0.0017609671395341219,0.000625,0.0006,87379469,88024709,https://find-and-update.company-information.service.gov.uk/search/companies?q=Wilmington+PLC,https://find-and-update.company-information.service.gov.uk/search/companies?q=Wilmington+PLC,1620599829,18:37:09,20210509
9,2018-01-31,WIL.L,GBP,2018-01-31,2018-01-31,Q1,30523000.0,24874000.0,5649000.0,0.1850735510926187,0.0,1117000.0,0.0,0.0,0.0,25991000.0,451000.0,2270750.0,6802750.0,0.22287291550633948,4532000.0,0.14847819676964913,0.0,756250.0,0.02477639812600334,690750.0,53750.0,0.0017609671395341219,0.000625,0.0006,87379469,88024709,https://find-and-update.company-information.service.gov.uk/search/companies?q=Wilmington+PLC,https://find-and-update.company-information.service.gov.uk/search/companies?q=Wilmington+PLC,1620599829,18:37:09,20210509
10,2017-06-30,WIL.L,GBP,2017-06-30,2017-06-30,Q2,30082250.0,1507000.0,28575250.0,0.9499040131639089,0.0,1507000.0,0.0,0.0,24244250.0,25751250.0,453500.0,2066000.0,6397000.0,0.2126503170474283,4331000.0,0.14397194358799625,0.0,3965500.0,0.13182192156504252,747000.0,3209000.0,0.10667420156404524,0.0368,0.03655,87193340,87804393,https://find-and-update.company-information.service.gov.uk/search/companies?q=Wilmington+PLC,https://find-and-update.company-information.service.gov.uk/search/companies?q=Wilmington+PLC,1620599829,18:37:09,20210509
11,2017-03-31,WIL.L,GBP,2017-03-31,2017-03-31,Q1,30082250.0,1507000.0,28575250.0,0.9499040131639089,0.0,1507000.0,0.0,0.0,24244250.0,25751250.0,453500.0,2066000.0,6397000.0,0.2126503170474283,4331000.0,0.14397194358799625,0.0,3965500.0,0.13182192156504252,747000.0,3209000.0,0.10667420156404524,0.0368,0.03655,87193340,87804393,https://find-and-update.company-information.service.gov.uk/search/companies?q=Wilmington+PLC,https://find-and-update.company-information.service.gov.uk/search/companies?q=Wilmington+PLC,1620599829,18:37:09,20210509
12,2017-01-31,WIL.L,GBP,2017-01-31,2017-01-31,Q1,30082250.0,1507000.0,28575250.0,0.9499040131639089,0.0,1507000.0,0.0,0.0,24244250.0,25751250.0,453500.0,2066000.0,6397000.0,0.2126503170474283,4331000.0,0.14397194358799625,0.0,3965500.0,0.13182192156504252,747000.0,3209000.0,0.10667420156404524,0.0368,0.03655,87193340,87804393,https://find-and-update.company-information.service.gov.uk/search/companies?q=Wilmington+PLC,https://find-and-update.company-information.service.gov.uk/search/companies?q=Wilmington+PLC,1620599829,18:37:09,20210509
13,2016-06-30,WIL.L,GBP,2016-06-30,2016-06-30,Q2,26431000.0,9000000.0,17431000.0,0.6594907494986947,0.0,7997750.0,4905750.0,0.0,0.0,22306750.0,391000.0,262500.0,4386750.0,0.16596988384851122,4124250.0,0.15603836404222315,0.0,-858500.0,-0.032480799061707845,710250.0,-1604500.0,-0.06070523249214937,-0.01847518181444271,-0.018312193069611578,86846236,87619216,https://find-and-update.company-information.service.gov.uk/search/companies?q=Wilmington+PLC,https://find-and-update.company-information.service.gov.uk/search/companies?q=Wilmington+PLC,1620599829,18:37:09,20210509
14,2016-03-31,WIL.L,GBP,2016-03-31,2016-03-31,Q1,26431000.0,9000000.0,17431000.0,0.6594907494986947,0.0,7997750.0,4905750.0,0.0,0.0,22306750.0,391000.0,262500.0,4386750.0,0.16596988384851122,4124250.0,0.15603836404222315,0.0,-858500.0,-0.032480799061707845,710250.0,-1604500.0,-0.06070523249214937,-0.01847518181444271,-0.018312193069611578,86846236,87619216,https://find-and-update.company-information.service.gov.uk/search/companies?q=Wilmington+PLC,https://find-and-update.company-information.service.gov.uk/search/companies?q=Wilmington+PLC,1620599829,18:37:09,20210509
15,2016-01-31,WIL.L,GBP,2016-01-31,2016-01-31,Q1,26431000.0,9000000.0,17431000.0,0.6594907494986947,0.0,7997750.0,4905750.0,0.0,0.0,22306750.0,391000.0,262500.0,4386750.0,0.16596988384851122,4124250.0,0.15603836404222315,0.0,-858500.0,-0.032480799061707845,710250.0,-1604500.0,-0.06070523249214937,-0.01847518181444271,-0.018312193069611578,86846236,87619216,https://find-and-update.company-information.service.gov.uk/search/companies?q=Wilmington+PLC,https://find-and-update.company-information.service.gov.uk/search/companies?q=Wilmington+PLC,1620599829,18:37:09,20210509
16,2015-09-30,WIL.L,GBP,2015-09-30,2015-09-30,Q3,23771750.0,8527500.0,15244250.0,0.6412758841902678,0.0,6998250.0,4419750.0,0.0,0.0,20426250.0,438500.0,251250.0,3596750.0,0.15130354307108226,3345500.0,0.14073427492717197,0.0,2574000.0,0.1082797858802991,607250.0,1934250.0,0.08136758968102895,0.0224,0.022075,86389533,87651235,https://find-and-update.company-information.service.gov.uk/search/companies?q=Wilmington+PLC,https://find-and-update.company-information.service.gov.uk/search/companies?q=Wilmington+PLC,1620599829,18:37:09,20210509
17,2015-06-30,WIL.L,GBP,2015-06-30,2015-06-30,Q2,23771750.0,8527500.0,15244250.0,0.6412758841902678,0.0,6998250.0,4419750.0,0.0,0.0,20426250.0,438500.0,251250.0,3596750.0,0.15130354307108226,3345500.0,0.14073427492717197,0.0,2574000.0,0.1082797858802991,607250.0,1934250.0,0.08136758968102895,0.0224,0.022075,86389533,87651235,https://find-and-update.company-information.service.gov.uk/search/companies?q=Wilmington+PLC,https://find-and-update.company-information.service.gov.uk/search/companies?q=Wilmington+PLC,1620599829,18:37:09,20210509
18,2015-03-31,WIL.L,GBP,2015-03-31,2015-03-31,Q1,23771750.0,8527500.0,15244250.0,0.6412758841902678,0.0,6998250.0,4419750.0,0.0,0.0,20426250.0,438500.0,251250.0,3596750.0,0.15130354307108226,3345500.0,0.14073427492717197,0.0,2574000.0,0.1082797858802991,607250.0,1934250.0,0.08136758968102895,0.0224,0.022075,86389533,87651235,https://find-and-update.company-information.service.gov.uk/search/companies?q=Wilmington+PLC,https://find-and-update.company-information.service.gov.uk/search/companies?q=Wilmington+PLC,1620599829,18:37:09,20210509
19,2015-01-31,WIL.L,GBP,2015-01-31,2015-01-31,Q1,23771750.0,8527500.0,15244250.0,0.6412758841902678,0.0,6998250.0,4419750.0,0.0,0.0,20426250.0,438500.0,251250.0,3596750.0,0.15130354307108226,3345500.0,0.14073427492717197,0.0,2574000.0,0.1082797858802991,607250.0,1934250.0,0.08136758968102895,0.0224,0.022075,86389533,87651235,https://find-and-update.company-information.service.gov.uk/search/companies?q=Wilmington+PLC,https://find-and-update.company-information.service.gov.uk/search/companies?q=Wilmington+PLC,1620599829,18:37:09,20210509
20,2014-09-30,WIL.L,GBP,2014-09-30,2014-09-30,Q3,22506000.0,8301000.0,14205000.0,0.6311650226606238,0.0,6734000.0,4162500.0,0.0,0.0,19632500.0,429500.0,204000.0,3077500.0,0.13674131342753043,2873500.0,0.12767706389407268,0.0,2148000.0,0.09544121567581978,508500.0,1621250.0,0.07203634586332533,0.018975,0.018475,85408893,87732386,https://find-and-update.company-information.service.gov.uk/search/companies?q=Wilmington+PLC,https://find-and-update.company-information.service.gov.uk/search/companies?q=Wilmington+PLC,1620599829,18:37:09,20210509
21,2014-06-30,WIL.L,GBP,2014-06-30,2014-06-30,Q2,22506000.0,8301000.0,14205000.0,0.6311650226606238,0.0,6734000.0,4162500.0,0.0,0.0,19632500.0,429500.0,204000.0,3077500.0,0.13674131342753043,2873500.0,0.12767706389407268,0.0,2148000.0,0.09544121567581978,508500.0,1621250.0,0.07203634586332533,0.018975,0.018475,85408893,87732386,https://find-and-update.company-information.service.gov.uk/search/companies?q=Wilmington+PLC,https://find-and-update.company-information.service.gov.uk/search/companies?q=Wilmington+PLC,1620599829,18:37:09,20210509
22,2014-03-31,WIL.L,GBP,2014-03-31,2014-03-31,Q1,22506000.0,8301000.0,14205000.0,0.6311650226606238,0.0,6734000.0,4162500.0,0.0,0.0,19632500.0,429500.0,204000.0,3077500.0,0.13674131342753043,2873500.0,0.12767706389407268,0.0,2148000.0,0.09544121567581978,508500.0,1621250.0,0.07203634586332533,0.018975,0.018475,85408893,87732386,https://find-and-update.company-information.service.gov.uk/search/companies?q=Wilmington+PLC,https://find-and-update.company-information.service.gov.uk/search/companies?q=Wilmington+PLC,1620599829,18:37:09,20210509
23,2014-01-31,WIL.L,GBP,2014-01-31,2014-01-31,Q1,22506000.0,8301000.0,14205000.0,0.6311650226606238,0.0,6734000.0,4162500.0,0.0,0.0,19632500.0,429500.0,204000.0,3077500.0,0.13674131342753043,2873500.0,0.12767706389407268,0.0,2148000.0,0.09544121567581978,508500.0,1621250.0,0.07203634586332533,0.018975,0.018475,85408893,87732386,https://find-and-update.company-information.service.gov.uk/search/companies?q=Wilmington+PLC,https://find-and-update.company-information.service.gov.uk/search/companies?q=Wilmington+PLC,1620599829,18:37:09,20210509
24,2013-09-30,WIL.L,GBP,2013-09-30,2013-09-30,Q3,21262000.0,8231000.0,13031000.0,0.6128774339196689,0.0,6609500.0,3953500.0,0.0,0.0,18794000.0,413250.0,1975750.0,4443750.0,0.20899962374188694,2468000.0,0.11607562788072617,0.0,1279000.0,0.060154265826356884,371000.0,884250.0,0.04158827955977801,0.010425,0.010175,84727804,86877083,https://find-and-update.company-information.service.gov.uk/search/companies?q=Wilmington+PLC,https://find-and-update.company-information.service.gov.uk/search/companies?q=Wilmington+PLC,1620599829,18:37:09,20210509
25,2013-06-30,WIL.L,GBP,2013-06-30,2013-06-30,Q2,21262000.0,8231000.0,13031000.0,0.6128774339196689,0.0,6609500.0,3953500.0,0.0,0.0,18794000.0,413250.0,1975750.0,4443750.0,0.20899962374188694,2468000.0,0.11607562788072617,0.0,1279000.0,0.060154265826356884,371000.0,884250.0,0.04158827955977801,0.010425,0.010175,84727804,86877083,https://find-and-update.company-information.service.gov.uk/search/companies?q=Wilmington+PLC,https://find-and-update.company-information.service.gov.uk/search/companies?q=Wilmington+PLC,1620599829,18:37:09,20210509
26,2013-03-31,WIL.L,GBP,2013-03-31,2013-03-31,Q1,21262000.0,8231000.0,13031000.0,0.6128774339196689,0.0,6609500.0,3953500.0,0.0,0.0,18794000.0,413250.0,1975750.0,4443750.0,0.20899962374188694,2468000.0,0.11607562788072617,0.0,1279000.0,0.060154265826356884,371000.0,884250.0,0.04158827955977801,0.010425,0.010175,84727804,86877083,https://find-and-update.company-information.service.gov.uk/search/companies?q=Wilmington+PLC,https://find-and-update.company-information.service.gov.uk/search/companies?q=Wilmington+PLC,1620599829,18:37:09,20210509
27,2013-01-31,WIL.L,GBP,2013-01-31,2013-01-31,Q1,21262000.0,8231000.0,13031000.0,0.6128774339196689,0.0,6609500.0,3953500.0,0.0,0.0,18794000.0,413250.0,1975750.0,4443750.0,0.20899962374188694,2468000.0,0.11607562788072617,0.0,1279000.0,0.060154265826356884,371000.0,884250.0,0.04158827955977801,0.010425,0.010175,84727804,86877083,https://find-and-update.company-information.service.gov.uk/search/companies?q=Wilmington+PLC,https://find-and-update.company-information.service.gov.uk/search/companies?q=Wilmington+PLC,1620599829,18:37:09,20210509
28,2012-09-30,WIL.L,GBP,2012-09-30,2012-09-30,Q3,21331500.0,6456000.0,14875500.0,0.697348990928908,0.0,6521500.0,4352000.0,0.0,173000.0,18841000.0,491750.0,1511500.0,4002000.0,0.18760987272343718,2490500.0,0.11675222089398307,0.0,1582000.0,0.07416262335044418,318500.0,1221000.0,0.057239294001828284,0.014525,0.014075,84107422,86718973,https://find-and-update.company-information.service.gov.uk/search/companies?q=Wilmington+PLC,https://find-and-update.company-information.service.gov.uk/search/companies?q=Wilmington+PLC,1620599829,18:37:09,20210509
29,2012-06-30,WIL.L,GBP,2012-06-30,2012-06-30,Q2,21331500.0,6456000.0,14875500.0,0.697348990928908,0.0,6521500.0,4352000.0,0.0,173000.0,18841000.0,491750.0,1511500.0,4002000.0,0.18760987272343718,2490500.0,0.11675222089398307,0.0,1582000.0,0.07416262335044418,318500.0,1221000.0,0.057239294001828284,0.014525,0.014075,84107422,86718973,https://find-and-update.company-information.service.gov.uk/search/companies?q=Wilmington+PLC,https://find-and-update.company-information.service.gov.uk/search/companies?q=Wilmington+PLC,1620599829,18:37:09,20210509
30,2012-03-31,WIL.L,GBP,2012-03-31,2012-03-31,Q1,21331500.0,6456000.0,14875500.0,0.697348990928908,0.0,6521500.0,4352000.0,0.0,173000.0,18841000.0,491750.0,1511500.0,4002000.0,0.18760987272343718,2490500.0,0.11675222089398307,0.0,1582000.0,0.07416262335044418,318500.0,1221000.0,0.057239294001828284,0.014525,0.014075,84107422,86718973,https://find-and-update.company-information.service.gov.uk/search/companies?q=Wilmington+PLC,https://find-and-update.company-information.service.gov.uk/search/companies?q=Wilmington+PLC,1620599829,18:37:09,20210509
31,2012-01-31,WIL.L,GBP,2012-01-31,2012-01-31,Q1,21331500.0,6456000.0,14875500.0,0.697348990928908,0.0,6521500.0,4352000.0,0.0,173000.0,18841000.0,491750.0,1511500.0,4002000.0,0.18760987272343718,2490500.0,0.11675222089398307,0.0,1582000.0,0.07416262335044418,318500.0,1221000.0,0.057239294001828284,0.014525,0.014075,84107422,86718973,https://find-and-update.company-information.service.gov.uk/search/companies?q=Wilmington+PLC,https://find-and-update.company-information.service.gov.uk/search/companies?q=Wilmington+PLC,1620599829,18:37:09,20210509
32,2011-09-30,WIL.L,GBP,2011-09-30,2011-09-30,Q3,20944750.0,6365750.0,14579000.0,0.6960694207378938,0.0,0.0,4234000.0,0.0,6500000.0,18778500.0,325000.0,1652750.0,3819000.0,0.18233686245956623,2166250.0,0.10342687308275343,0.0,1519250.0,0.07253607705988374,362000.0,1076500.0,0.051397128158607766,0.013,0.012675,82788676,84930947,https://find-and-update.company-information.service.gov.uk/search/companies?q=Wilmington+PLC,https://find-and-update.company-information.service.gov.uk/search/companies?q=Wilmington+PLC,1620599829,18:37:09,20210509
33,2011-06-30,WIL.L,GBP,2011-06-30,2011-06-30,Q2,20944750.0,6365750.0,14579000.0,0.6960694207378938,0.0,0.0,4234000.0,0.0,6500000.0,18778500.0,325000.0,1652750.0,3819000.0,0.18233686245956623,2166250.0,0.10342687308275343,0.0,1519250.0,0.07253607705988374,362000.0,1076500.0,0.051397128158607766,0.013,0.012675,82788676,84930947,https://find-and-update.company-information.service.gov.uk/search/companies?q=Wilmington+PLC,https://find-and-update.company-information.service.gov.uk/search/companies?q=Wilmington+PLC,1620599829,18:37:09,20210509
34,2011-03-31,WIL.L,GBP,2011-03-31,2011-03-31,Q1,20944750.0,6365750.0,14579000.0,0.6960694207378938,0.0,0.0,4234000.0,0.0,6500000.0,18778500.0,325000.0,1652750.0,3819000.0,0.18233686245956623,2166250.0,0.10342687308275343,0.0,1519250.0,0.07253607705988374,362000.0,1076500.0,0.051397128158607766,0.013,0.012675,82788676,84930947,https://find-and-update.company-information.service.gov.uk/search/companies?q=Wilmington+PLC,https://find-and-update.company-information.service.gov.uk/search/companies?q=Wilmington+PLC,1620599829,18:37:09,20210509
35,2011-01-31,WIL.L,GBP,2011-01-31,2011-01-31,Q1,20944750.0,6365750.0,14579000.0,0.6960694207378938,0.0,0.0,4234000.0,0.0,6500000.0,18778500.0,325000.0,1652750.0,3819000.0,0.18233686245956623,2166250.0,0.10342687308275343,0.0,1519250.0,0.07253607705988374,362000.0,1076500.0,0.051397128158607766,0.013,0.012675,82788676,84930947,https://find-and-update.company-information.service.gov.uk/search/companies?q=Wilmington+PLC,https://find-and-update.company-information.service.gov.uk/search/companies?q=Wilmington+PLC,1620599829,18:37:09,20210509
36,2010-09-30,WIL.L,GBP,2010-09-30,2010-09-30,Q3,19601000.0,6208250.0,13392750.0,0.6832687107800622,0.0,0.0,4142500.0,0.0,5350000.0,17246500.0,268000.0,1503000.0,3857500.0,0.19680118361308097,2354500.0,0.12012142237640937,0.0,1832250.0,0.09347737360338758,632750.0,1111750.0,0.05671904494668639,0.01345,0.01325,82616512,83882792,https://find-and-update.company-information.service.gov.uk/search/companies?q=Wilmington+PLC,https://find-and-update.company-information.service.gov.uk/search/companies?q=Wilmington+PLC,1620599829,18:37:09,20210509
37,2010-06-30,WIL.L,GBP,2010-06-30,2010-06-30,Q2,19601000.0,6208250.0,13392750.0,0.6832687107800622,0.0,0.0,4142500.0,0.0,5350000.0,17246500.0,268000.0,1503000.0,3857500.0,0.19680118361308097,2354500.0,0.12012142237640937,0.0,1832250.0,0.09347737360338758,632750.0,1111750.0,0.05671904494668639,0.01345,0.01325,82616512,83882792,https://find-and-update.company-information.service.gov.uk/search/companies?q=Wilmington+PLC,https://find-and-update.company-information.service.gov.uk/search/companies?q=Wilmington+PLC,1620599829,18:37:09,20210509
38,2010-03-31,WIL.L,GBP,2010-03-31,2010-03-31,Q1,19601000.0,6208250.0,13392750.0,0.6832687107800622,0.0,0.0,4142500.0,0.0,5350000.0,17246500.0,268000.0,1503000.0,3857500.0,0.19680118361308097,2354500.0,0.12012142237640937,0.0,1832250.0,0.09347737360338758,632750.0,1111750.0,0.05671904494668639,0.01345,0.01325,82616512,83882792,https://find-and-update.company-information.service.gov.uk/search/companies?q=Wilmington+PLC,https://find-and-update.company-information.service.gov.uk/search/companies?q=Wilmington+PLC,1620599829,18:37:09,20210509
39,2010-01-31,WIL.L,GBP,2010-01-31,2010-01-31,Q1,19601000.0,6208250.0,13392750.0,0.6832687107800622,0.0,0.0,4142500.0,0.0,5350000.0,17246500.0,268000.0,1503000.0,3857500.0,0.19680118361308097,2354500.0,0.12012142237640937,0.0,1832250.0,0.09347737360338758,632750.0,1111750.0,0.05671904494668639,0.01345,0.01325,82616512,83882792,https://find-and-update.company-information.service.gov.uk/search/companies?q=Wilmington+PLC,https://find-and-update.company-information.service.gov.uk/search/companies?q=Wilmington+PLC,1620599829,18:37:09,20210509
40,2009-09-30,WIL.L,GBP,2009-09-30,2009-09-30,Q3,21567000.0,6766000.0,14801000.0,0.6862799647609774,0.0,0.0,4147000.0,0.0,6501000.0,19157250.0,287750.0,1574500.0,3984250.0,0.18473825752306766,2409750.0,0.1117332035053554,0.0,712500.0,0.033036583669495065,477750.0,-77750.0,-0.0036050447442852506,-0.0009413961693421449,-0.0009322890065703413,82590096,83396886,https://find-and-update.company-information.service.gov.uk/search/companies?q=Wilmington+PLC,https://find-and-update.company-information.service.gov.uk/search/companies?q=Wilmington+PLC,1620599829,18:37:09,20210509
41,2009-06-30,WIL.L,GBP,2009-06-30,2009-06-30,Q2,21567000.0,6766000.0,14801000.0,0.6862799647609774,0.0,0.0,4147000.0,0.0,6501000.0,19157250.0,287750.0,1574500.0,3984250.0,0.18473825752306766,2409750.0,0.1117332035053554,0.0,712500.0,0.033036583669495065,477750.0,-77750.0,-0.0036050447442852506,-0.0009413961693421449,-0.0009322890065703413,82590096,83396886,https://find-and-update.company-information.service.gov.uk/search/companies?q=Wilmington+PLC,https://find-and-update.company-information.service.gov.uk/search/companies?q=Wilmington+PLC,1620599829,18:37:09,20210509
42,2009-03-31,WIL.L,GBP,2009-03-31,2009-03-31,Q1,21567000.0,6766000.0,14801000.0,0.6862799647609774,0.0,0.0,4147000.0,0.0,6501000.0,19157250.0,287750.0,1574500.0,3984250.0,0.18473825752306766,2409750.0,0.1117332035053554,0.0,712500.0,0.033036583669495065,477750.0,-77750.0,-0.0036050447442852506,-0.0009413961693421449,-0.0009322890065703413,82590096,83396886,https://find-and-update.company-information.service.gov.uk/search/companies?q=Wilmington+PLC,https://find-and-update.company-information.service.gov.uk/search/companies?q=Wilmington+PLC,1620599829,18:37:09,20210509
43,2009-01-31,WIL.L,GBP,2009-01-31,2009-01-31,Q1,21567000.0,6766000.0,14801000.0,0.6862799647609774,0.0,0.0,4147000.0,0.0,6501000.0,19157250.0,287750.0,1574500.0,3984250.0,0.18473825752306766,2409750.0,0.1117332035053554,0.0,712500.0,0.033036583669495065,477750.0,-77750.0,-0.0036050447442852506,-0.0009413961693421449,-0.0009322890065703413,82590096,83396886,https://find-and-update.company-information.service.gov.uk/search/companies?q=Wilmington+PLC,https://find-and-update.company-information.service.gov.uk/search/companies?q=Wilmington+PLC,1620599829,18:37:09,20210509
44,2008-09-30,WIL.L,GBP,2008-09-30,2008-09-30,Q3,22207000.0,6774500.0,15432500.0,0.694938532895033,0.0,0.0,1971750.0,0.0,8376750.0,18801750.0,305500.0,1487250.0,4892500.0,0.22031341468906201,3405250.0,0.15334128878281622,0.0,2965750.0,0.13355023190885756,937250.0,2094000.0,0.09429459179537983,0.025125,0.02495,83356950,83914323,https://find-and-update.company-information.service.gov.uk/search/companies?q=Wilmington+PLC,https://find-and-update.company-information.service.gov.uk/search/companies?q=Wilmington+PLC,1620599829,18:37:09,20210509
45,2008-06-30,WIL.L,GBP,2008-06-30,2008-06-30,Q2,22207000.0,6774500.0,15432500.0,0.694938532895033,0.0,0.0,1971750.0,0.0,8376750.0,18801750.0,305500.0,1487250.0,4892500.0,0.22031341468906201,3405250.0,0.15334128878281622,0.0,2965750.0,0.13355023190885756,937250.0,2094000.0,0.09429459179537983,0.025125,0.02495,83356950,83914323,https://find-and-update.company-information.service.gov.uk/search/companies?q=Wilmington+PLC,https://find-and-update.company-information.service.gov.uk/search/companies?q=Wilmington+PLC,1620599829,18:37:09,20210509
46,2008-03-31,WIL.L,GBP,2008-03-31,2008-03-31,Q1,22207000.0,6774500.0,15432500.0,0.694938532895033,0.0,0.0,1971750.0,0.0,8376750.0,18801750.0,305500.0,1487250.0,4892500.0,0.22031341468906201,3405250.0,0.15334128878281622,0.0,2965750.0,0.13355023190885756,937250.0,2094000.0,0.09429459179537983,0.025125,0.02495,83356950,83914323,https://find-and-update.company-information.service.gov.uk/search/companies?q=Wilmington+PLC,https://find-and-update.company-information.service.gov.uk/search/companies?q=Wilmington+PLC,1620599829,18:37:09,20210509
47,2008-01-31,WIL.L,GBP,2008-01-31,2008-01-31,Q1,22207000.0,6774500.0,15432500.0,0.694938532895033,0.0,0.0,1971750.0,0.0,8376750.0,18801750.0,305500.0,1487250.0,4892500.0,0.22031341468906201,3405250.0,0.15334128878281622,0.0,2965750.0,0.13355023190885756,937250.0,2094000.0,0.09429459179537983,0.025125,0.02495,83356950,83914323,https://find-and-update.company-information.service.gov.uk/search/companies?q=Wilmington+PLC,https://find-and-update.company-information.service.gov.uk/search/companies?q=Wilmington+PLC,1620599829,18:37:09,20210509
48,2007-09-30,WIL.L,GBP,2007-09-30,2007-09-30,Q3,20363250.0,6766000.0,13597250.0,0.6677347672891115,0.0,0.0,1803750.0,0.0,7122000.0,17220000.0,344750.0,1360250.0,4503500.0,0.22115821393932697,3143250.0,0.15435895547125336,0.0,3133000.0,0.1538555977066529,835750.0,2311500.0,0.11351331442672462,0.027525,0.027425,83989179,84307103,https://find-and-update.company-information.service.gov.uk/search/companies?q=Wilmington+PLC,https://find-and-update.company-information.service.gov.uk/search/companies?q=Wilmington+PLC,1620599829,18:37:09,20210509
49,2007-06-30,WIL.L,GBP,2007-06-30,2007-06-30,Q2,20363250.0,6766000.0,13597250.0,0.6677347672891115,0.0,0.0,1803750.0,0.0,7122000.0,17220000.0,344750.0,1360250.0,4503500.0,0.22115821393932697,3143250.0,0.15435895547125336,0.0,3133000.0,0.1538555977066529,835750.0,2311500.0,0.11351331442672462,0.027525,0.027425,83989179,84307103,https://find-and-update.company-information.service.gov.uk/search/companies?q=Wilmington+PLC,https://find-and-update.company-information.service.gov.uk/search/companies?q=Wilmington+PLC,1620599829,18:37:09,20210509
50,2007-03-31,WIL.L,GBP,2007-03-31,2007-03-31,Q1,20363250.0,6766000.0,13597250.0,0.6677347672891115,0.0,0.0,1803750.0,0.0,7122000.0,17220000.0,344750.0,1360250.0,4503500.0,0.22115821393932697,3143250.0,0.15435895547125336,0.0,3133000.0,0.1538555977066529,835750.0,2311500.0,0.11351331442672462,0.027525,0.027425,83989179,84307103,https://find-and-update.company-information.service.gov.uk/search/companies?q=Wilmington+PLC,https://find-and-update.company-information.service.gov.uk/search/companies?q=Wilmington+PLC,1620599829,18:37:09,20210509
51,2007-01-31,WIL.L,GBP,2007-01-31,2007-01-31,Q1,20363250.0,6766000.0,13597250.0,0.6677347672891115,0.0,0.0,1803750.0,0.0,7122000.0,17220000.0,344750.0,1360250.0,4503500.0,0.22115821393932697,3143250.0,0.15435895547125336,0.0,3133000.0,0.1538555977066529,835750.0,2311500.0,0.11351331442672462,0.027525,0.027425,83989179,84307103,https://find-and-update.company-information.service.gov.uk/search/companies?q=Wilmington+PLC,https://find-and-update.company-information.service.gov.uk/search/companies?q=Wilmington+PLC,1620599829,18:37:09,20210509
52,2006-09-30,WIL.L,GBP,2006-09-30,2006-09-30,Q3,16450000.0,5303500.0,11146500.0,0.6775987841945289,0.0,0.0,1573000.0,0.0,5708500.0,13773000.0,272500.0,1009500.0,3686500.0,0.2241033434650456,2677000.0,0.1627355623100304,0.0,2116250.0,0.12864741641337385,523000.0,1607000.0,0.09768996960486322,0.019225,0.0191,83600179,84155441,https://find-and-update.company-information.service.gov.uk/search/companies?q=Wilmington+PLC,https://find-and-update.company-information.service.gov.uk/search/companies?q=Wilmington+PLC,1620599829,18:37:09,20210509
53,2006-06-30,WIL.L,GBP,2006-06-30,2006-06-30,Q2,16450000.0,5303500.0,11146500.0,0.6775987841945289,0.0,0.0,1573000.0,0.0,5708500.0,13773000.0,272500.0,1009500.0,3686500.0,0.2241033434650456,2677000.0,0.1627355623100304,0.0,2116250.0,0.12864741641337385,523000.0,1607000.0,0.09768996960486322,0.019225,0.0191,83600179,84155441,https://find-and-update.company-information.service.gov.uk/search/companies?q=Wilmington+PLC,https://find-and-update.company-information.service.gov.uk/search/companies?q=Wilmington+PLC,1620599829,18:37:09,20210509
54,2006-03-31,WIL.L,GBP,2006-03-31,2006-03-31,Q1,16450000.0,5303500.0,11146500.0,0.6775987841945289,0.0,0.0,1573000.0,0.0,5708500.0,13773000.0,272500.0,1009500.0,3686500.0,0.2241033434650456,2677000.0,0.1627355623100304,0.0,2116250.0,0.12864741641337385,523000.0,1607000.0,0.09768996960486322,0.019225,0.0191,83600179,84155441,https://find-and-update.company-information.service.gov.uk/search/companies?q=Wilmington+PLC,https://find-and-update.company-information.service.gov.uk/search/companies?q=Wilmington+PLC,1620599829,18:37:09,20210509
55,2006-01-31,WIL.L,GBP,2006-01-31,2006-01-31,Q1,16450000.0,5303500.0,11146500.0,0.6775987841945289,0.0,0.0,1573000.0,0.0,5708500.0,13773000.0,272500.0,1009500.0,3686500.0,0.2241033434650456,2677000.0,0.1627355623100304,0.0,2116250.0,0.12864741641337385,523000.0,1607000.0,0.09768996960486322,0.019225,0.0191,83600179,84155441,https://find-and-update.company-information.service.gov.uk/search/companies?q=Wilmington+PLC,https://find-and-update.company-information.service.gov.uk/search/companies?q=Wilmington+PLC,1620599829,18:37:09,20210509
56,2005-09-30,WIL.L,GBP,2005-09-30,2005-09-30,Q3,20126250.0,6865750.0,13260500.0,0.6588659089497547,0.0,4600000.0,4828250.0,0.0,66250.0,17421500.0,228000.0,980250.0,3685000.0,0.1830942177504503,2704750.0,0.1343891683746351,0.0,1959250.0,0.09734799080802435,590250.0,1120000.0,0.05564871747096454,0.013425,0.013375,83394158,83781531,https://find-and-update.company-information.service.gov.uk/search/companies?q=Wilmington+PLC,https://find-and-update.company-information.service.gov.uk/search/companies?q=Wilmington+PLC,1620599829,18:37:09,20210509
57,2005-06-30,WIL.L,GBP,2005-06-30,2005-06-30,Q2,20126250.0,6865750.0,13260500.0,0.6588659089497547,0.0,4600000.0,4828250.0,0.0,66250.0,17421500.0,228000.0,980250.0,3685000.0,0.1830942177504503,2704750.0,0.1343891683746351,0.0,1959250.0,0.09734799080802435,590250.0,1120000.0,0.05564871747096454,0.013425,0.013375,83394158,83781531,https://find-and-update.company-information.service.gov.uk/search/companies?q=Wilmington+PLC,https://find-and-update.company-information.service.gov.uk/search/companies?q=Wilmington+PLC,1620599829,18:37:09,20210509
58,2005-03-31,WIL.L,GBP,2005-03-31,2005-03-31,Q1,20126250.0,6865750.0,13260500.0,0.6588659089497547,0.0,4600000.0,4828250.0,0.0,66250.0,17421500.0,228000.0,980250.0,3685000.0,0.1830942177504503,2704750.0,0.1343891683746351,0.0,1959250.0,0.09734799080802435,590250.0,1120000.0,0.05564871747096454,0.013425,0.013375,83394158,83781531,https://find-and-update.company-information.service.gov.uk/search/companies?q=Wilmington+PLC,https://find-and-update.company-information.service.gov.uk/search/companies?q=Wilmington+PLC,1620599829,18:37:09,20210509
59,2005-01-31,WIL.L,GBP,2005-01-31,2005-01-31,Q1,20126250.0,6865750.0,13260500.0,0.6588659089497547,0.0,4600000.0,4828250.0,0.0,66250.0,17421500.0,228000.0,980250.0,3685000.0,0.1830942177504503,2704750.0,0.1343891683746351,0.0,1959250.0,0.09734799080802435,590250.0,1120000.0,0.05564871747096454,0.013425,0.013375,83394158,83781531,https://find-and-update.company-information.service.gov.uk/search/companies?q=Wilmington+PLC,https://find-and-update.company-information.service.gov.uk/search/companies?q=Wilmington+PLC,1620599829,18:37:09,20210509
60,2004-09-30,WIL.L,GBP,2004-09-30,2004-09-30,Q3,20664500.0,6868250.0,13796250.0,0.6676304773887585,0.0,-448500.0,5795750.0,102000.0,11799500.0,19230750.0,105750.0,441500.0,1875250.0,0.0907474170679184,1433750.0,0.0693822739480752,0.0,1353000.0,0.06547460620871542,673750.0,514750.0,0.024909869583101454,0.006175,0.00615,83360000,83699187,https://find-and-update.company-information.service.gov.uk/search/companies?q=Wilmington+PLC,https://find-and-update.company-information.service.gov.uk/search/companies?q=Wilmington+PLC,1620599829,18:37:09,20210509
61,2004-06-30,WIL.L,GBP,2004-06-30,2004-06-30,Q2,20664500.0,6868250.0,13796250.0,0.6676304773887585,0.0,-448500.0,5795750.0,102000.0,11799500.0,19230750.0,105750.0,441500.0,1875250.0,0.0907474170679184,1433750.0,0.0693822739480752,0.0,1353000.0,0.06547460620871542,673750.0,514750.0,0.024909869583101454,0.006175,0.00615,83360000,83699187,https://find-and-update.company-information.service.gov.uk/search/companies?q=Wilmington+PLC,https://find-and-update.company-information.service.gov.uk/search/companies?q=Wilmington+PLC,1620599829,18:37:09,20210509
62,2004-03-31,WIL.L,GBP,2004-03-31,2004-03-31,Q1,20664500.0,6868250.0,13796250.0,0.6676304773887585,0.0,-448500.0,5795750.0,102000.0,11799500.0,19230750.0,105750.0,441500.0,1875250.0,0.0907474170679184,1433750.0,0.0693822739480752,0.0,1353000.0,0.06547460620871542,673750.0,514750.0,0.024909869583101454,0.006175,0.00615,83360000,83699187,https://find-and-update.company-information.service.gov.uk/search/companies?q=Wilmington+PLC,https://find-and-update.company-information.service.gov.uk/search/companies?q=Wilmington+PLC,1620599829,18:37:09,20210509
63,2004-01-31,WIL.L,GBP,2004-01-31,2004-01-31,Q1,20664500.0,6868250.0,13796250.0,0.6676304773887585,0.0,-448500.0,5795750.0,102000.0,11799500.0,19230750.0,105750.0,441500.0,1875250.0,0.0907474170679184,1433750.0,0.0693822739480752,0.0,1353000.0,0.06547460620871542,673750.0,514750.0,0.024909869583101454,0.006175,0.00615,83360000,83699187,https://find-and-update.company-information.service.gov.uk/search/companies?q=Wilmington+PLC,https://find-and-update.company-information.service.gov.uk/search/companies?q=Wilmington+PLC,1620599829,18:37:09,20210509
64,2003-09-30,WIL.L,GBP,2003-09-30,2003-09-30,Q3,19604750.0,6587000.0,13017750.0,0.6640099975771178,0.0,-867000.0,5771000.0,71500.0,10109500.0,18332250.0,91000.0,1596000.0,2868500.0,0.14631658144072227,1272500.0,0.06490773919585814,0.0,1102750.0,0.05624912329920045,650000.0,274000.0,0.013976204746298728,0.0033,0.0033,83103203,83103203,https://find-and-update.company-information.service.gov.uk/search/companies?q=Wilmington+PLC,https://find-and-update.company-information.service.gov.uk/search/companies?q=Wilmington+PLC,1620599829,18:37:09,20210509
65,2003-06-30,WIL.L,GBP,2003-06-30,2003-06-30,Q2,19604750.0,6587000.0,13017750.0,0.6640099975771178,0.0,-867000.0,5771000.0,71500.0,10109500.0,18332250.0,91000.0,1596000.0,2868500.0,0.14631658144072227,1272500.0,0.06490773919585814,0.0,1102750.0,0.05624912329920045,650000.0,274000.0,0.013976204746298728,0.0033,0.0033,83103203,83103203,https://find-and-update.company-information.service.gov.uk/search/companies?q=Wilmington+PLC,https://find-and-update.company-information.service.gov.uk/search/companies?q=Wilmington+PLC,1620599829,18:37:09,20210509
66,2003-03-31,WIL.L,GBP,2003-03-31,2003-03-31,Q1,19604750.0,6587000.0,13017750.0,0.6640099975771178,0.0,-867000.0,5771000.0,71500.0,10109500.0,18332250.0,91000.0,1596000.0,2868500.0,0.14631658144072227,1272500.0,0.06490773919585814,0.0,1102750.0,0.05624912329920045,650000.0,274000.0,0.013976204746298728,0.0033,0.0033,83103203,83103203,https://find-and-update.company-information.service.gov.uk/search/companies?q=Wilmington+PLC,https://find-and-update.company-information.service.gov.uk/search/companies?q=Wilmington+PLC,1620599829,18:37:09,20210509
67,2003-01-31,WIL.L,GBP,2003-01-31,2003-01-31,Q1,19604750.0,6587000.0,13017750.0,0.6640099975771178,0.0,-867000.0,5771000.0,71500.0,10109500.0,18332250.0,91000.0,1596000.0,2868500.0,0.14631658144072227,1272500.0,0.06490773919585814,0.0,1102750.0,0.05624912329920045,650000.0,274000.0,0.013976204746298728,0.0033,0.0033,83103203,83103203,https://find-and-update.company-information.service.gov.uk/search/companies?q=Wilmington+PLC,https://find-and-update.company-information.service.gov.uk/search/companies?q=Wilmington+PLC,1620599829,18:37:09,20210509
68,2002-09-30,WIL.L,GBP,2002-09-30,2002-09-30,Q3,19636500.0,6725000.0,12911500.0,0.6575255264431034,0.0,0.0,0.0,63500.0,10372750.0,17097750.0,74000.0,0.0,2549250.0,7.702853780523683,2538750.0,0.12928729661599572,0.0,880000.0,0.04481450360298424,724000.0,-13250.0,-0.0006747638326585695,-0.00015,-0.00015,82987000,82987000,https://find-and-update.company-information.service.gov.uk/search/companies?q=Wilmington+PLC,https://find-and-update.company-information.service.gov.uk/search/companies?q=Wilmington+PLC,1620599829,18:37:09,20210509
69,2002-06-30,WIL.L,GBP,2002-06-30,2002-06-30,Q2,19636500.0,6725000.0,12911500.0,0.6575255264431034,0.0,0.0,0.0,63500.0,10372750.0,17097750.0,74000.0,0.0,2549250.0,7.702853780523683,2538750.0,0.12928729661599572,0.0,880000.0,0.04481450360298424,724000.0,-13250.0,-0.0006747638326585695,-0.00015,-0.00015,82987000,82987000,https://find-and-update.company-information.service.gov.uk/search/companies?q=Wilmington+PLC,https://find-and-update.company-information.service.gov.uk/search/companies?q=Wilmington+PLC,1620599829,18:37:09,20210509
70,2002-03-31,WIL.L,GBP,2002-03-31,2002-03-31,Q1,19636500.0,6725000.0,12911500.0,0.6575255264431034,0.0,0.0,0.0,63500.0,10372750.0,17097750.0,74000.0,0.0,2549250.0,7.702853780523683,2538750.0,0.12928729661599572,0.0,880000.0,0.04481450360298424,724000.0,-13250.0,-0.0006747638326585695,-0.00015,-0.00015,82987000,82987000,https://find-and-update.company-information.service.gov.uk/search/companies?q=Wilmington+PLC,https://find-and-update.company-information.service.gov.uk/search/companies?q=Wilmington+PLC,1620599829,18:37:09,20210509
71,2002-01-31,WIL.L,GBP,2002-01-31,2002-01-31,Q1,19636500.0,6725000.0,12911500.0,0.6575255264431034,0.0,0.0,0.0,63500.0,10372750.0,17097750.0,74000.0,0.0,2549250.0,7.702853780523683,2538750.0,0.12928729661599572,0.0,880000.0,0.04481450360298424,724000.0,-13250.0,-0.0006747638326585695,-0.00015,-0.00015,82987000,82987000,https://find-and-update.company-information.service.gov.uk/search/companies?q=Wilmington+PLC,https://find-and-update.company-information.service.gov.uk/search/companies?q=Wilmington+PLC,1620599829,18:37:09,20210509
72,2001-09-30,WIL.L,GBP,2001-09-30,2001-09-30,Q3,18192250.0,6256500.0,11935750.0,0.6560898184666547,0.0,0.0,0.0,0.0,8481750.0,15984750.0,74750.0,1146000.0,3353500.0,0.18433673679726256,2207500.0,0.12134287952287375,0.0,2270250.0,0.12479215050364853,805500.0,1323250.0,0.07273701713641798,0.0165,0.01625,80734000,81807000,https://find-and-update.company-information.service.gov.uk/search/companies?q=Wilmington+PLC,https://find-and-update.company-information.service.gov.uk/search/companies?q=Wilmington+PLC,1620599829,18:37:09,20210509
73,2001-06-30,WIL.L,GBP,2001-06-30,2001-06-30,Q2,18192250.0,6256500.0,11935750.0,0.6560898184666547,0.0,0.0,0.0,0.0,8481750.0,15984750.0,74750.0,1146000.0,3353500.0,0.18433673679726256,2207500.0,0.12134287952287375,0.0,2270250.0,0.12479215050364853,805500.0,1323250.0,0.07273701713641798,0.0165,0.01625,80734000,81807000,https://find-and-update.company-information.service.gov.uk/search/companies?q=Wilmington+PLC,https://find-and-update.company-information.service.gov.uk/search/companies?q=Wilmington+PLC,1620599829,18:37:09,20210509
74,2001-03-31,WIL.L,GBP,2001-03-31,2001-03-31,Q1,18192250.0,6256500.0,11935750.0,0.6560898184666547,0.0,0.0,0.0,0.0,8481750.0,15984750.0,74750.0,1146000.0,3353500.0,0.18433673679726256,2207500.0,0.12134287952287375,0.0,2270250.0,0.12479215050364853,805500.0,1323250.0,0.07273701713641798,0.0165,0.01625,80734000,81807000,https://find-and-update.company-information.service.gov.uk/search/companies?q=Wilmington+PLC,https://find-and-update.company-information.service.gov.uk/search/companies?q=Wilmington+PLC,1620599829,18:37:09,20210509
75,2001-01-31,WIL.L,GBP,2001-01-31,2001-01-31,Q1,18192250.0,6256500.0,11935750.0,0.6560898184666547,0.0,0.0,0.0,0.0,8481750.0,15984750.0,74750.0,1146000.0,3353500.0,0.18433673679726256,2207500.0,0.12134287952287375,0.0,2270250.0,0.12479215050364853,805500.0,1323250.0,0.07273701713641798,0.0165,0.01625,80734000,81807000,https://find-and-update.company-information.service.gov.uk/search/companies?q=Wilmington+PLC,https://find-and-update.company-information.service.gov.uk/search/companies?q=Wilmington+PLC,1620599829,18:37:09,20210509
76,2000-09-30,WIL.L,GBP,2000-09-30,2000-09-30,Q3,14452000.0,4896250.0,9555750.0,0.6612060614447828,0.0,0.0,0.0,0.0,6669000.0,12428250.0,260500.0,852500.0,2876250.0,0.19902089676169388,2023750.0,0.1400325214503183,0.0,1789000.0,0.1237890949349571,624250.0,1079000.0,0.07466094658178798,0.015,0.01475,71911000,72709000,https://find-and-update.company-information.service.gov.uk/search/companies?q=Wilmington+PLC,https://find-and-update.company-information.service.gov.uk/search/companies?q=Wilmington+PLC,1620599829,18:37:09,20210509
77,2000-06-30,WIL.L,GBP,2000-06-30,2000-06-30,Q2,14452000.0,4896250.0,9555750.0,0.6612060614447828,0.0,0.0,0.0,0.0,6669000.0,12428250.0,260500.0,852500.0,2876250.0,0.19902089676169388,2023750.0,0.1400325214503183,0.0,1789000.0,0.1237890949349571,624250.0,1079000.0,0.07466094658178798,0.015,0.01475,71911000,72709000,https://find-and-update.company-information.service.gov.uk/search/companies?q=Wilmington+PLC,https://find-and-update.company-information.service.gov.uk/search/companies?q=Wilmington+PLC,1620599829,18:37:09,20210509
78,2000-03-31,WIL.L,GBP,2000-03-31,2000-03-31,Q1,14452000.0,4896250.0,9555750.0,0.6612060614447828,0.0,0.0,0.0,0.0,6669000.0,12428250.0,260500.0,852500.0,2876250.0,0.19902089676169388,2023750.0,0.1400325214503183,0.0,1789000.0,0.1237890949349571,624250.0,1079000.0,0.07466094658178798,0.015,0.01475,71911000,72709000,https://find-and-update.company-information.service.gov.uk/search/companies?q=Wilmington+PLC,https://find-and-update.company-information.service.gov.uk/search/companies?q=Wilmington+PLC,1620599829,18:37:09,20210509
79,2000-01-31,WIL.L,GBP,2000-01-31,2000-01-31,Q1,14452000.0,4896250.0,9555750.0,0.6612060614447828,0.0,0.0,0.0,0.0,6669000.0,12428250.0,260500.0,852500.0,2876250.0,0.19902089676169388,2023750.0,0.1400325214503183,0.0,1789000.0,0.1237890949349571,624250.0,1079000.0,0.07466094658178798,0.015,0.01475,71911000,72709000,https://find-and-update.company-information.service.gov.uk/search/companies?q=Wilmington+PLC,https://find-and-update.company-information.service.gov.uk/search/companies?q=Wilmington+PLC,1620599829,18:37:09,20210509
80,1999-09-30,WIL.L,GBP,1999-09-30,1999-09-30,Q3,11160500.0,3447250.0,7713250.0,0.6911204695130146,0.0,0.0,0.0,0.0,5590750.0,9335750.0,18500.0,275000.0,2099750.0,0.18814121231127637,1824750.0,0.16350073921419292,0.0,1611000.0,0.14434837148873259,466500.0,1084750.0,0.09719546615295013,0.01525,0.015,71353000,72104000,https://find-and-update.company-information.service.gov.uk/search/companies?q=Wilmington+PLC,https://find-and-update.company-information.service.gov.uk/search/companies?q=Wilmington+PLC,1620599829,18:37:09,20210509
81,1999-06-30,WIL.L,GBP,1999-06-30,1999-06-30,Q2,11160500.0,3447250.0,7713250.0,0.6911204695130146,0.0,0.0,0.0,0.0,5590750.0,9335750.0,18500.0,275000.0,2099750.0,0.18814121231127637,1824750.0,0.16350073921419292,0.0,1611000.0,0.14434837148873259,466500.0,1084750.0,0.09719546615295013,0.01525,0.015,71353000,72104000,https://find-and-update.company-information.service.gov.uk/search/companies?q=Wilmington+PLC,https://find-and-update.company-information.service.gov.uk/search/companies?q=Wilmington+PLC,1620599829,18:37:09,20210509
82,1999-03-31,WIL.L,GBP,1999-03-31,1999-03-31,Q1,11160500.0,3447250.0,7713250.0,0.6911204695130146,0.0,0.0,0.0,0.0,5590750.0,9335750.0,18500.0,275000.0,2099750.0,0.18814121231127637,1824750.0,0.16350073921419292,0.0,1611000.0,0.14434837148873259,466500.0,1084750.0,0.09719546615295013,0.01525,0.015,71353000,72104000,https://find-and-update.company-information.service.gov.uk/search/companies?q=Wilmington+PLC,https://find-and-update.company-information.service.gov.uk/search/companies?q=Wilmington+PLC,1620599829,18:37:09,20210509
83,1999-01-31,WIL.L,GBP,1999-01-31,1999-01-31,Q1,11160500.0,3447250.0,7713250.0,0.6911204695130146,0.0,0.0,0.0,0.0,5590750.0,9335750.0,18500.0,275000.0,2099750.0,0.18814121231127637,1824750.0,0.16350073921419292,0.0,1611000.0,0.14434837148873259,466500.0,1084750.0,0.09719546615295013,0.01525,0.015,71353000,72104000,https://find-and-update.company-information.service.gov.uk/search/companies?q=Wilmington+PLC,https://find-and-update.company-information.service.gov.uk/search/companies?q=Wilmington+PLC,1620599829,18:37:09,20210509
84,1998-09-30,WIL.L,GBP,1998-09-30,1998-09-30,Q3,9503750.0,0.0,0.0,0.0,0.0,0.0,0.0,0.0,7808500.0,8080000.0,11250.0,236750.0,1660500.0,0.1747205050637906,1423750.0,0.1498092858082336,0.0,1251750.0,0.1317111666447455,398750.0,820750.0,0.08636064711298172,0.011506378802747791,0.01141833611574847,71330000,71880000,https://find-and-update.company-information.service.gov.uk/search/companies?q=Wilmington+PLC,https://find-and-update.company-information.service.gov.uk/search/companies?q=Wilmington+PLC,1620599829,18:37:09,20210509
85,1998-06-30,WIL.L,GBP,1998-06-30,1998-06-30,Q2,9503750.0,0.0,0.0,0.0,0.0,0.0,0.0,0.0,7808500.0,8080000.0,11250.0,236750.0,1660500.0,0.1747205050637906,1423750.0,0.1498092858082336,0.0,1251750.0,0.1317111666447455,398750.0,820750.0,0.08636064711298172,0.011506378802747791,0.01141833611574847,71330000,71880000,https://find-and-update.company-information.service.gov.uk/search/companies?q=Wilmington+PLC,https://find-and-update.company-information.service.gov.uk/search/companies?q=Wilmington+PLC,1620599829,18:37:09,20210509
86,1998-03-31,WIL.L,GBP,1998-03-31,1998-03-31,Q1,9503750.0,0.0,0.0,0.0,0.0,0.0,0.0,0.0,7808500.0,8080000.0,11250.0,236750.0,1660500.0,0.1747205050637906,1423750.0,0.1498092858082336,0.0,1251750.0,0.1317111666447455,398750.0,820750.0,0.08636064711298172,0.011506378802747791,0.01141833611574847,71330000,71880000,https://find-and-update.company-information.service.gov.uk/search/companies?q=Wilmington+PLC,https://find-and-update.company-information.service.gov.uk/search/companies?q=Wilmington+PLC,1620599829,18:37:09,20210509
87,1998-01-31,WIL.L,GBP,1998-01-31,1998-01-31,Q1,9503750.0,0.0,0.0,0.0,0.0,0.0,0.0,0.0,7808500.0,8080000.0,11250.0,236750.0,1660500.0,0.1747205050637906,1423750.0,0.1498092858082336,0.0,1251750.0,0.1317111666447455,398750.0,820750.0,0.08636064711298172,0.011506378802747791,0.01141833611574847,71330000,71880000,https://find-and-update.company-information.service.gov.uk/search/companies?q=Wilmington+PLC,https://find-and-update.company-information.service.gov.uk/search/companies?q=Wilmington+PLC,1620599829,18:37:09,20210509
88,1997-09-30,WIL.L,GBP,1997-09-30,1997-09-30,Q3,7890250.0,0.0,0.0,0.0,0.0,0.0,0.0,0.0,6593000.0,6864000.0,1250.0,227000.0,1253250.0,0.15883527137923387,1026250.0,0.13006558727543488,0.0,1041750.0,0.13203003707106872,344500.0,694500.0,0.08802002471404581,0.00975,0.00975,71330000,71330000,https://find-and-update.company-information.service.gov.uk/search/companies?q=Wilmington+PLC,https://find-and-update.company-information.service.gov.uk/search/companies?q=Wilmington+PLC,1620599829,18:37:09,20210509
89,1997-06-30,WIL.L,GBP,1997-06-30,1997-06-30,Q2,7890250.0,0.0,0.0,0.0,0.0,0.0,0.0,0.0,6593000.0,6864000.0,1250.0,227000.0,1253250.0,0.15883527137923387,1026250.0,0.13006558727543488,0.0,1041750.0,0.13203003707106872,344500.0,694500.0,0.08802002471404581,0.00975,0.00975,71330000,71330000,https://find-and-update.company-information.service.gov.uk/search/companies?q=Wilmington+PLC,https://find-and-update.company-information.service.gov.uk/search/companies?q=Wilmington+PLC,1620599829,18:37:09,20210509
90,1997-03-31,WIL.L,GBP,1997-03-31,1997-03-31,Q1,7890250.0,0.0,0.0,0.0,0.0,0.0,0.0,0.0,6593000.0,6864000.0,1250.0,227000.0,1253250.0,0.15883527137923387,1026250.0,0.13006558727543488,0.0,1041750.0,0.13203003707106872,344500.0,694500.0,0.08802002471404581,0.00975,0.00975,71330000,71330000,https://find-and-update.company-information.service.gov.uk/search/companies?q=Wilmington+PLC,https://find-and-update.company-information.service.gov.uk/search/companies?q=Wilmington+PLC,1620599829,18:37:09,20210509
91,1997-01-31,WIL.L,GBP,1997-01-31,1997-01-31,Q1,7890250.0,0.0,0.0,0.0,0.0,0.0,0.0,0.0,6593000.0,6864000.0,1250.0,227000.0,1253250.0,0.15883527137923387,1026250.0,0.13006558727543488,0.0,1041750.0,0.13203003707106872,344500.0,694500.0,0.08802002471404581,0.00975,0.00975,71330000,71330000,https://find-and-update.company-information.service.gov.uk/search/companies?q=Wilmington+PLC,https://find-and-update.company-information.service.gov.uk/search/companies?q=Wilmington+PLC,1620599829,18:37:09,20210509
92,1996-09-30,WIL.L,GBP,1996-09-30,1996-09-30,Q3,6296500.0,0.0,0.0,0.0,0.0,0.0,0.0,0.0,5268500.0,5525000.0,138500.0,207250.0,978750.0,0.1554435003573414,771500.0,0.12252838878742159,0.0,678250.0,0.10771857381084729,231250.0,441750.0,0.07015802429921385,0.00775,0.00775,56837000,56837000,https://find-and-update.company-information.service.gov.uk/search/companies?q=Wilmington+PLC,https://find-and-update.company-information.service.gov.uk/search/companies?q=Wilmington+PLC,1620599829,18:37:09,20210509
93,1996-06-30,WIL.L,GBP,1996-06-30,1996-06-30,Q2,6296500.0,0.0,0.0,0.0,0.0,0.0,0.0,0.0,5268500.0,5525000.0,138500.0,207250.0,978750.0,0.1554435003573414,771500.0,0.12252838878742159,0.0,678250.0,0.10771857381084729,231250.0,441750.0,0.07015802429921385,0.00775,0.00775,56837000,56837000,https://find-and-update.company-information.service.gov.uk/search/companies?q=Wilmington+PLC,https://find-and-update.company-information.service.gov.uk/search/companies?q=Wilmington+PLC,1620599829,18:37:09,20210509
94,1996-03-31,WIL.L,GBP,1996-03-31,1996-03-31,Q1,6296500.0,0.0,0.0,0.0,0.0,0.0,0.0,0.0,5268500.0,5525000.0,138500.0,207250.0,978750.0,0.1554435003573414,771500.0,0.12252838878742159,0.0,678250.0,0.10771857381084729,231250.0,441750.0,0.07015802429921385,0.00775,0.00775,56837000,56837000,https://find-and-update.company-information.service.gov.uk/search/companies?q=Wilmington+PLC,https://find-and-update.company-information.service.gov.uk/search/companies?q=Wilmington+PLC,1620599829,18:37:09,20210509
95,1996-01-31,WIL.L,GBP,1996-01-31,1996-01-31,Q1,6296500.0,0.0,0.0,0.0,0.0,0.0,0.0,0.0,5268500.0,5525000.0,138500.0,207250.0,978750.0,0.1554435003573414,771500.0,0.12252838878742159,0.0,678250.0,0.10771857381084729,231250.0,441750.0,0.07015802429921385,0.00775,0.00775,56837000,56837000,https://find-and-update.company-information.service.gov.uk/search/companies?q=Wilmington+PLC,https://find-and-update.company-information.service.gov.uk/search/companies?q=Wilmington+PLC,1620599829,18:37:09,20210509
96,1995-09-30,WIL.L,GBP,1995-09-30,1995-09-30,Q3,5796250.0,0.0,0.0,0.0,0.0,0.0,0.0,0.0,4959500.0,5176750.0,138000.0,179500.0,799000.0,0.1378477463877507,619500.0,0.10687944791891309,0.0,493250.0,0.08509812378693121,154500.0,275000.0,0.04744446840629717,0.00525,0.00525,51750000,51750000,https://find-and-update.company-information.service.gov.uk/search/companies?q=Wilmington+PLC,https://find-and-update.company-information.service.gov.uk/search/companies?q=Wilmington+PLC,1620599829,18:37:09,20210509
97,1995-06-30,WIL.L,GBP,1995-06-30,1995-06-30,Q2,5796250.0,0.0,0.0,0.0,0.0,0.0,0.0,0.0,4959500.0,5176750.0,138000.0,179500.0,799000.0,0.1378477463877507,619500.0,0.10687944791891309,0.0,493250.0,0.08509812378693121,154500.0,275000.0,0.04744446840629717,0.00525,0.00525,51750000,51750000,https://find-and-update.company-information.service.gov.uk/search/companies?q=Wilmington+PLC,https://find-and-update.company-information.service.gov.uk/search/companies?q=Wilmington+PLC,1620599829,18:37:09,20210509
98,1995-03-31,WIL.L,GBP,1995-03-31,1995-03-31,Q1,5796250.0,0.0,0.0,0.0,0.0,0.0,0.0,0.0,4959500.0,5176750.0,138000.0,179500.0,799000.0,0.1378477463877507,619500.0,0.10687944791891309,0.0,493250.0,0.08509812378693121,154500.0,275000.0,0.04744446840629717,0.00525,0.00525,51750000,51750000,https://find-and-update.company-information.service.gov.uk/search/companies?q=Wilmington+PLC,https://find-and-update.company-information.service.gov.uk/search/companies?q=Wilmington+PLC,1620599829,18:37:09,20210509
99,1995-01-31,WIL.L,GBP,1995-01-31,1995-01-31,Q1,5796250.0,0.0,0.0,0.0,0.0,0.0,0.0,0.0,4959500.0,5176750.0,138000.0,179500.0,799000.0,0.1378477463877507,619500.0,0.10687944791891309,0.0,493250.0,0.08509812378693121,154500.0,275000.0,0.04744446840629717,0.00525,0.00525,51750000,51750000,https://find-and-update.company-information.service.gov.uk/search/companies?q=Wilmington+PLC,https://find-and-update.company-information.service.gov.uk/search/companies?q=Wilmington+PLC,1620599829,18:37:09,20210509
100,1994-09-30,WIL.L,GBP,1994-09-30,1994-09-30,Q3,5210500.0,0.0,0.0,0.0,0.0,0.0,0.0,0.0,4583750.0,4777250.0,113250.0,165250.0,598500.0,0.11486421648594185,433250.0,0.08314940984550427,0.0,326000.0,0.06256597255541695,89500.0,172750.0,0.033154207849534593,0.00325,0.00325,51467000,51467000,https://find-and-update.company-information.service.gov.uk/search/companies?q=Wilmington+PLC,https://find-and-update.company-information.service.gov.uk/search/companies?q=Wilmington+PLC,1620599829,18:37:09,20210509
101,1994-06-30,WIL.L,GBP,1994-06-30,1994-06-30,Q2,5210500.0,0.0,0.0,0.0,0.0,0.0,0.0,0.0,4583750.0,4777250.0,113250.0,165250.0,598500.0,0.11486421648594185,433250.0,0.08314940984550427,0.0,326000.0,0.06256597255541695,89500.0,172750.0,0.033154207849534593,0.00325,0.00325,51467000,51467000,https://find-and-update.company-information.service.gov.uk/search/companies?q=Wilmington+PLC,https://find-and-update.company-information.service.gov.uk/search/companies?q=Wilmington+PLC,1620599829,18:37:09,20210509
102,1994-03-31,WIL.L,GBP,1994-03-31,1994-03-31,Q1,5210500.0,0.0,0.0,0.0,0.0,0.0,0.0,0.0,4583750.0,4777250.0,113250.0,165250.0,598500.0,0.11486421648594185,433250.0,0.08314940984550427,0.0,326000.0,0.06256597255541695,89500.0,172750.0,0.033154207849534593,0.00325,0.00325,51467000,51467000,https://find-and-update.company-information.service.gov.uk/search/companies?q=Wilmington+PLC,https://find-and-update.company-information.service.gov.uk/search/companies?q=Wilmington+PLC,1620599829,18:37:09,20210509
103,1994-01-31,WIL.L,GBP,1994-01-31,1994-01-31,Q1,5210500.0,0.0,0.0,0.0,0.0,0.0,0.0,0.0,4583750.0,4777250.0,113250.0,165250.0,598500.0,0.11486421648594185,433250.0,0.08314940984550427,0.0,326000.0,0.06256597255541695,89500.0,172750.0,0.033154207849534593,0.00325,0.00325,51467000,51467000,https://find-and-update.company-information.service.gov.uk/search/companies?q=Wilmington+PLC,https://find-and-update.company-information.service.gov.uk/search/companies?q=Wilmington+PLC,1620599829,18:37:09,20210509
104,1993-09-30,WIL.L,GBP,1993-09-30,1993-09-30,Q3,5088500.0,0.0,0.0,0.0,0.0,0.0,0.0,0.0,4698000.0,4922000.0,90750.0,138500.0,305000.0,0.05993907831384494,166500.0,0.03272084111231208,0.0,65750.0,0.012921293111919033,32500.0,-26250.0,-0.0051586911663555075,-0.0005,-0.0005,51467000,51467000,https://find-and-update.company-information.service.gov.uk/search/companies?q=Wilmington+PLC,https://find-and-update.company-information.service.gov.uk/search/companies?q=Wilmington+PLC,1620599829,18:37:09,20210509
105,1993-06-30,WIL.L,GBP,1993-06-30,1993-06-30,Q2,5088500.0,0.0,0.0,0.0,0.0,0.0,0.0,0.0,4698000.0,4922000.0,90750.0,138500.0,305000.0,0.05993907831384494,166500.0,0.03272084111231208,0.0,65750.0,0.012921293111919033,32500.0,-26250.0,-0.0051586911663555075,-0.0005,-0.0005,51467000,51467000,https://find-and-update.company-information.service.gov.uk/search/companies?q=Wilmington+PLC,https://find-and-update.company-information.service.gov.uk/search/companies?q=Wilmington+PLC,1620599829,18:37:09,20210509
106,1993-03-31,WIL.L,GBP,1993-03-31,1993-03-31,Q1,5088500.0,0.0,0.0,0.0,0.0,0.0,0.0,0.0,4698000.0,4922000.0,90750.0,138500.0,305000.0,0.05993907831384494,166500.0,0.03272084111231208,0.0,65750.0,0.012921293111919033,32500.0,-26250.0,-0.0051586911663555075,-0.0005,-0.0005,51467000,51467000,https://find-and-update.company-information.service.gov.uk/search/companies?q=Wilmington+PLC,https://find-and-update.company-information.service.gov.uk/search/companies?q=Wilmington+PLC,1620599829,18:37:09,20210509
107,1993-01-31,WIL.L,GBP,1993-01-31,1993-01-31,Q1,5088500.0,0.0,0.0,0.0,0.0,0.0,0.0,0.0,4698000.0,4922000.0,90750.0,138500.0,305000.0,0.05993907831384494,166500.0,0.03272084111231208,0.0,65750.0,0.012921293111919033,32500.0,-26250.0,-0.0051586911663555075,-0.0005,-0.0005,51467000,51467000,https://find-and-update.company-information.service.gov.uk/search/companies?q=Wilmington+PLC,https://find-and-update.company-information.service.gov.uk/search/companies?q=Wilmington+PLC,1620599829,18:37:09,20210509
