,date,symbol,reportedCurrency,fillingDate,acceptedDate,period,revenue,costOfRevenue,grossProfit,grossProfitRatio,researchAndDevelopmentExpenses,generalAndAdministrativeExpenses,sellingAndMarketingExpenses,otherExpenses,operatingExpenses,costAndExpenses,interestExpense,depreciationAndAmortization,ebitda,ebitdaratio,operatingIncome,operatingIncomeRatio,totalOtherIncomeExpensesNet,incomeBeforeTax,incomeBeforeTaxRatio,incomeTaxExpense,netIncome,netIncomeRatio,eps,epsdiluted,weightedAverageShsOut,weightedAverageShsOutDil,link,finalLink,timestamp,est_time,est_date
0,2020-12-31,TK,USD,2020-12-31,2020-12-31,Q4,362296000.0,287031000.0,75265000.0,0.20774449621304128,0.0,19210000.0,0.0,-2355000.0,19210000.0,306241000.0,50707000.0,60926000.0,116981000.0,0.3228879148541524,56055000.0,0.1547215536467419,-33282000.0,-26463000.0,-0.07304248459822907,18669000.0,-19444000.0,-0.05366882328261974,-0.19,-0.19,101108886.0,101108886.0,,,1620598837,18:20:37,20210509
1,2020-09-30,TK,USD,2020-09-30,2020-09-30,Q3,396517000.0,234296000.0,162221000.0,0.40911486771058997,0.0,18073000.0,0.0,0.0,18073000.0,0.0,-54568000.0,64352000.0,144148000.0,0.36353548523770735,79796000.0,0.20124231747945234,0.0,-37686000.0,-0.09504258329403278,3702000.0,-35407000.0,-0.08929503653059011,-0.3498840571174582,-0.3498840571174582,101196380.0,101196380.0,,,1620598837,18:20:37,20210509
2,2020-06-30,TK,USD,2020-08-13 00:00:00,2020-08-13 14:11:37,Q2,482805000.0,232406000.0,250399000.0,0.5186338169654415,0.0,23668000.0,0.0,0.0,23668000.0,334301000.0,-39780000.0,62936000.00000001,211440000.0,0.4379407835461522,148504000.0,0.30758587835668644,-399000.0,108325000.0,0.22436594484315614,-17175000.0,21723000.0,0.04499332028458695,0.21466,0.21466,101196380.0,101196380.0,https://www.sec.gov/Archives/edgar/data/911971/000162828020012600/0001628280-20-012600-index.htm,https://www.sec.gov/Archives/edgar/data/911971/000162828020012600/tkcq2-20erdocument.htm,1620598837,18:20:37,20210509
3,2020-03-31,TK,USD,2020-04-09 00:00:00,2020-04-08 17:42:23,Q1,574054000.0,301913000.0,272141000.0,0.4740686416260491,0.0,18277000.0,0.0,0.0,18277000.0,445158000.0,-72421000.0,72917000.0,201813000.0,0.35155751897905074,128896000.0,0.22453636765879167,-681000.0,55794000.0,0.0971929470049856,3792000.0,-49805000.0,-0.08676013058004996,-0.49367,-0.49367,100887550.0,100887550.0,https://www.sec.gov/Archives/edgar/data/911971/000162828020004822/0001628280-20-004822-index.html,https://www.sec.gov/Archives/edgar/data/911971/000162828020004822/tkc201920-fdoc.htm,1620598837,18:20:37,20210509
4,2019-12-31,TK,USD,2020-02-27 00:00:00,2020-02-27 15:08:12,Q4,585815000.0,325575000.0,260240000.0,0.4442358082329746,0.0,17588000.0,0.0,0.0,17588000.0,407079000.0,-40308000.0,71083000.00000003,249819000.00000003,0.426446915835204,178736000.0,0.3051065609450082,-1980000.0,136448000.0,0.23291994913069825,13951000.0,11343000.0,0.01936276810938607,0.11255,0.11255,100785140.0,100785140.0,https://www.sec.gov/Archives/edgar/data/911971/000162828020002414/0001628280-20-002414-index.html,https://www.sec.gov/Archives/edgar/data/911971/000162828020002414/tkcq4-19erdocument.htm,1620598837,18:20:37,20210509
5,2019-09-30,TK,USD,2019-11-14 00:00:00,2019-11-14 13:10:05,Q3,420696000.0,281237000.0,139459000.0,0.3314959020290186,0.0,20016000.0,0.0,0.0,20016000.0,552485000.0,-41004000.0,73633000.00000001,-58155999.999999985,-0.13823758723638918,-131789000.0,-0.3132642097856885,-24000.0,-172817000.0,-0.41078831270085764,3091000.0,-198178000.0,-0.4710717477703615,-1.96635,-1.96635,100784680.0,100784680.0,https://www.sec.gov/Archives/edgar/data/911971/000162828019014184/0001628280-19-014184-index.html,https://www.sec.gov/Archives/edgar/data/911971/000162828019014184/tkcq3-19erdocument.htm,1620598837,18:20:37,20210509
6,2019-06-30,TK,USD,2019-08-12 00:00:00,2019-08-12 16:49:59,Q2,457667000.0,290118000.0,167549000.0,0.3660936882056168,0.0,20868000.0,0.0,0.0,20868000.0,386204000.0,-91071000.0,73848999.99999999,145312000.0,0.3175059595732268,71463000.0,0.15614628102965694,-11099000.0,-30707000.0,-0.06709463430835083,3404000.0,-39485000.0,-0.0862745183725285,-0.39178,-0.39178,100783500.0,100783500.0,https://www.sec.gov/Archives/edgar/data/911971/000162828019010635/0001628280-19-010635-index.html,https://www.sec.gov/Archives/edgar/data/911971/000162828019010635/tkc6-kq2x19doc.htm,1620598837,18:20:37,20210509
7,2019-03-31,TK,USD,2019-04-01 00:00:00,2019-04-01 15:45:30,Q1,481213000.0,289953000.0,191260000.0,0.3974539341206493,0.0,22972000.0,0.0,0.0,22972000.0,396981000.0,-140688000.0,72107000.0,156339000.0,0.3248852379299811,84232000.0,0.1750409901644386,28000.0,-56428000.0,-0.11726200248122973,5036000.0,-84257000.0,-0.1750929422106219,-0.83821,-0.83821,100520420.0,100520420.0,https://www.sec.gov/Archives/edgar/data/911971/000162828019003715/0001628280-19-003715-index.html,https://www.sec.gov/Archives/edgar/data/911971/000162828019003715/tkc201820-fdoc.htm,1620598837,18:20:37,20210509
8,2018-12-31,TK,USD,2019-02-21 00:00:00,2019-02-21 16:31:51,Q4,512262000.0,322780000.0,189482000.0,0.36989275019423656,0.0,29602000.0,0.0,0.0,26751000.0,423451000.00000006,-93423000.0,71069000.00000001,159880000.0,0.3121059145515381,88811000.0,0.17337026755839785,782000.0,-3830000.0,-0.007476642811686207,2527000.0,-18353000.0,-0.03582736958821853,-0.18272,-0.18272,100443560.0,100443560.0,https://www.sec.gov/Archives/edgar/data/911971/000162828019001657/0001628280-19-001657-index.html,https://www.sec.gov/Archives/edgar/data/911971/000162828019001657/tkcq4-18erdocument.htm,1620598837,18:20:37,20210509
9,2018-09-30,TK,USD,2018-11-15 00:00:00,2018-11-15 16:28:18,Q3,416562000.0,269449000.0,147113000.0,0.3531599137703391,0.0,19050000.0,0.0,0.0,19050000.0,361480000.0,-50111000.0,69937999.99999999,125019999.99999999,0.30012339099581814,55082000.0,0.13223001618006444,-2400000.0,2571000.0,0.006171950393938958,4334000.0,-12005000.0,-0.028819239392935507,-0.11953,-0.11953,100435050.0,100435050.0,https://www.sec.gov/Archives/edgar/data/911971/000162828018014413/0001628280-18-014413-index.html,https://www.sec.gov/Archives/edgar/data/911971/000162828018014413/tkcq3-18erdocument.htm,1620598837,18:20:37,20210509
10,2018-06-30,TK,USD,2018-07-10 00:00:00,2018-07-10 16:52:36,Q2,405600000.0,278100000.0,127500000.0,0.3143491124260355,0.0,23700000.0,0.0,0.0,23720000.0,403699999.99999994,-33300000.0,68000000.00000001,69900000.00000001,0.17233727810650892,1900000.0,0.004684418145956607,500000.0,-30900000.0,-0.07618343195266272,8700000.0,-28300000.0,-0.06977317554240631,-0.28187,-0.28187,100400000.0,100400000.0,https://www.sec.gov/Archives/edgar/data/911971/000119312518215487/0001193125-18-215487-index.html,https://www.sec.gov/Archives/edgar/data/911971/000119312518215487/d716006d6k.htm,1620598837,18:20:37,20210509
11,2018-03-31,TK,USD,2018-04-30 00:00:00,2018-04-30 16:17:53,Q1,394000000.0,263200000.0,130800000.0,0.3319796954314721,0.0,24200000.0,0.0,0.0,24183000.0,375500000.0,-23500000.0,67300000.0,85800000.0,0.21776649746192894,18500000.0,0.046954314720812185,-900000.0,-5900000.0,-0.014974619289340102,4100000.0,-20600000.0,-0.05228426395939086,-0.21172,-0.21172,97300000.0,97300000.0,https://www.sec.gov/Archives/edgar/data/911971/000162828018005389/0001628280-18-005389-index.html,https://www.sec.gov/Archives/edgar/data/911971/000162828018005389/tkc201720-fdoc.htm,1620598837,18:20:37,20210509
12,2017-12-31,TK,USD,2018-01-23 00:00:00,2018-01-23 16:13:04,Q4,322100000.0,174300000.0,147800000.0,0.45886370692331574,0.0,17500000.0,0.0,0.0,17509000.0,255500000.0,-49600000.0,63100000.00000002,129800000.00000003,0.40298044085687684,66700000.0,0.20707854703508227,-48800000.0,-31800000.0,-0.09872710338404223,500000.0,-25300000.0,-0.07854703508227259,-0.29215,-0.29215,86600000.0,86600000.0,https://www.sec.gov/Archives/edgar/data/911971/000119312518017381/0001193125-18-017381-index.html,https://www.sec.gov/Archives/edgar/data/911971/000119312518017381/d524931d6k.htm,1620598837,18:20:37,20210509
13,2017-09-30,TK,USD,2017-11-09 00:00:00,2017-11-09 16:12:35,Q3,500800000.0,271600000.0,229200000.0,0.45766773162939295,0.0,27700000.0,0.0,0.0,27662000.0,690600000.0,-183300000.0,136899999.99999997,-52900000.00000003,-0.10563099041533552,-189800000.0,-0.3789936102236422,-4700000.0,-377800000.0,-0.7543929712460063,5200000.0,-12600000.0,-0.025159744408945688,-0.146,-0.146,86300000.0,86300000.0,https://www.sec.gov/Archives/edgar/data/911971/000162828017011329/0001628280-17-011329-index.html,https://www.sec.gov/Archives/edgar/data/911971/000162828017011329/tkcq3-17erdocument.htm,1620598837,18:20:37,20210509
14,2017-06-30,TK,USD,2017-07-27 00:00:00,2017-07-27 13:29:44,Q2,513900000.0,279100000.0,234800000.0,0.45689822922747614,0.0,29500000.0,0.0,0.0,29541000.0,465600000.0,-168700000.0,142800000.0,191100000.0,0.37186223000583774,48300000.0,0.09398715703444249,-800000.0,-121200000.0,-0.23584354932866317,3500000.0,-80200000.0,-0.1560614905623662,-0.92932,-0.92932,86300000.0,86300000.0,https://www.sec.gov/Archives/edgar/data/911971/000119312517238115/0001193125-17-238115-index.html,https://www.sec.gov/Archives/edgar/data/911971/000119312517238115/d428718d6k.htm,1620598837,18:20:37,20210509
15,2017-03-31,TK,USD,2017-04-12 00:00:00,2017-04-12 15:30:48,Q1,543500000.0,280800000.0,262700000.0,0.48334866605335786,0.0,31400000.0,0.0,0.0,31438000.0,461899999.99999994,-67900000.0,143000000.0,224600000.0,0.41324747010119595,81600000.0,0.1501379944802208,300000.0,14000000.0,0.025758969641214352,3000000.0,-45300000.0,-0.08334866605335786,-0.52552,-0.52552,86200000.0,86200000.0,https://www.sec.gov/Archives/edgar/data/911971/000162828017003553/0001628280-17-003553-index.html,https://www.sec.gov/Archives/edgar/data/911971/000162828017003553/tkc201620-fdoc.htm,1620598837,18:20:37,20210509
16,2016-12-31,TK,USD,2017-02-24 00:00:00,2017-02-24 14:47:14,Q4,552200000.0,279000000.0,273200000.0,0.4947482796088374,0.0,27000000.0,0.0,0.0,26999000.0,469000000.0,89100000.0,144899999.99999997,228099999.99999997,0.413074972835929,83200000.0,0.15067004708438972,-18200000.0,154100000.0,0.2790655559579862,22100000.0,-2700000.0,-0.004889532777978993,-0.03132,-0.03132,86200000.0,86200000.0,https://www.sec.gov/Archives/edgar/data/911971/000162828017001705/0001628280-17-001705-index.html,https://www.sec.gov/Archives/edgar/data/911971/000162828017001705/tkcq4-16erdocument.htm,1620598837,18:20:37,20210509
17,2016-09-30,TK,USD,2016-10-31 00:00:00,2016-10-28 17:34:32,Q3,547600000.0,275200000.0,272500000.0,0.49762600438276117,0.0,30100000.0,0.0,0.0,30052000.0,457900000.0,-10200000.0,141700000.0,231500000.0,0.42275383491599705,89800000.0,0.1639883126369613,500000.0,80000000.0,0.14609203798392986,-100000.0,6100000.0,0.011139517896274653,0.07176,0.07176,85000000.0,85000000.0,https://www.sec.gov/Archives/edgar/data/911971/000119312516751888/0001193125-16-751888-index.html,https://www.sec.gov/Archives/edgar/data/911971/000119312516751888/d280213d6k.htm,1620598837,18:20:37,20210509
18,2016-06-30,TK,USD,2016-09-01 00:00:00,2016-09-01 15:05:01,Q2,587600000.0,272300000.0,315400000.0,0.5367597004765147,0.0,29900000.0,0.0,0.0,29871000.0,511600000.0,-139400000.0,141000000.0,217000000.0,0.36929884275017016,76000000.0,0.12933968686181074,-21400000.0,-84900000.0,-0.1444860449285228,1400000.0,-77800000.0,-0.13240299523485363,-1.06722,-1.06722,72900000.0,72900000.0,https://www.sec.gov/Archives/edgar/data/911971/000162828016019359/0001628280-16-019359-index.html,https://www.sec.gov/Archives/edgar/data/911971/000162828016019359/tk6-kdoc.htm,1620598837,18:20:37,20210509
19,2016-03-31,TK,USD,2016-04-26 00:00:00,2016-04-26 16:39:32,Q1,641100000.0,287100000.0,354100000.0,0.5523319294961785,0.0,33000000.0,0.0,0.0,32967000.0,505800000.0,-173600000.0,144200000.0,279500000.0,0.4359694275464046,135300000.0,0.2110435189518016,200000.0,-38100000.0,-0.05942910622367805,1100000.0,-48800000.0,-0.07611917017625955,-0.67125,-0.67125,72700000.0,72700000.0,https://www.sec.gov/Archives/edgar/data/911971/000119312516556541/0001193125-16-556541-index.html,https://www.sec.gov/Archives/edgar/data/911971/000119312516556541/d127018d20f.htm,1620598837,18:20:37,20210509
20,2015-12-31,TK,USD,2016-02-22 00:00:00,2016-02-22 14:14:41,Q4,700100000.0,321400000.0,378700000.0,0.5409227253249536,0.0,32500000.0,0.0,0.0,32478000.0,549100000.0,-8700000.0,137800000.0,288800000.0,0.4125124982145408,151000000.0,0.21568347378945865,1700000.0,144000000.0,0.20568490215683474,-19000000.0,38200000.0,0.05456363376660477,0.52401,0.52401,72900000.0,72900000.0,https://www.sec.gov/Archives/edgar/data/911971/000119312516471398/0001193125-16-471398-index.html,https://www.sec.gov/Archives/edgar/data/911971/000119312516471398/d145776d6k.htm,1620598837,18:20:37,20210509
21,2015-09-30,TK,USD,2015-11-05 00:00:00,2015-11-05 16:39:09,Q3,611600000.0,286600000.0,325000000.0,0.5313930673642904,0.0,29000000.0,0.0,0.0,29022000.0,450399999.99999994,-175200000.0,130799999.99999999,292000000.0,0.4774362328319163,161200000.0,0.26357096141268804,-200000.0,-14200000.0,-0.023217789404839765,2500000.0,-12200000.0,-0.019947678221059514,-0.16781,-0.16781,72700000.0,72700000.0,https://www.sec.gov/Archives/edgar/data/911971/000119312515368400/0001193125-15-368400-index.html,https://www.sec.gov/Archives/edgar/data/911971/000119312515368400/d48492d6k.htm,1620598837,18:20:37,20210509
22,2015-06-30,TK,USD,2015-08-18 00:00:00,2015-08-18 15:02:00,Q2,592800000.0,255600000.0,337200000.0,0.5688259109311741,0.0,33700000.0,0.0,0.0,33730000.0,417300000.0,40900000.0,128200000.0,303700000.0,0.5123144399460189,175500000.0,0.29605263157894735,-400000.0,216000000.0,0.3643724696356275,800000.0,65900000.0,0.11116734143049932,0.8966,0.8966,73500000.0,73500000.0,https://www.sec.gov/Archives/edgar/data/911971/000119312515294485/0001193125-15-294485-index.html,https://www.sec.gov/Archives/edgar/data/911971/000119312515294485/d67650d6k.htm,1620598837,18:20:37,20210509
23,2015-03-31,TK,USD,2015-04-29 00:00:00,2015-04-29 17:17:09,Q1,545900000.0,234800000.0,311100000.0,0.5698845942480307,0.0,38000000.0,0.0,0.0,37954000.0,408399999.99999994,-94900000.0,112700000.0,250100000.0,0.4581425169444953,137400000.0,0.2516944495328815,400000.0,42900000.0,0.07858582157904379,-1000000.0,-9800000.0,-0.017952005861879464,-0.13517,-0.13517,72500000.0,72500000.0,https://www.sec.gov/Archives/edgar/data/911971/000119312515157023/0001193125-15-157023-index.html,https://www.sec.gov/Archives/edgar/data/911971/000119312515157023/d848703d20f.htm,1620598837,18:20:37,20210509
24,2014-12-31,TK,USD,2014-12-31,2014-12-31,Q4,545000000.0,249900000.0,295100000.0,0.5414678899082569,0.0,34500000.0,0.0,0.0,34509000.0,397500000.0,-136900000.0,109199999.99999999,256700000.0,0.4710091743119266,147500000.0,0.2706422018348624,-7000000.0,3600000.0,0.0066055045871559635,1100000.0,-13700000.0,-0.025137614678899082,-0.18897,-0.18897,72500000.0,72500000.0,,,1620598837,18:20:37,20210509
25,2014-09-30,TK,USD,2014-11-14 00:00:00,2014-11-14 14:21:54,Q3,490200000.0,257200000.0,233000000.0,0.47531619747042025,0.0,31600000.0,0.0,0.0,31585000.0,401800000.0,4200000.0,106899999.99999999,195300000.0,0.3984088127294982,88400000.0,0.18033455732354142,-1700000.0,90900000.0,0.1854345165238678,3100000.0,2400000.0,0.004895960832313341,0.03256,0.03256,73700000.0,73700000.0,https://www.sec.gov/Archives/edgar/data/911971/000119312514412910/0001193125-14-412910-index.html,https://www.sec.gov/Archives/edgar/data/911971/000119312514412910/d820761d6k.htm,1620598837,18:20:37,20210509
26,2014-06-30,TK,USD,2014-08-13 00:00:00,2014-08-13 13:35:39,Q2,452300000.0,244900000.0,207400000.0,0.4585452133539686,0.0,36900000.0,0.0,0.0,34424000.0,372800000.0,-91000000.0,103300000.00000001,182700000.0,0.4039354410789299,79400000.0,0.1755472031837276,-700000.0,-12300000.0,-0.027194340039796594,3200000.0,-43000000.0,-0.09506964404156533,-0.59722,-0.59722,72000000.0,72000000.0,https://www.sec.gov/Archives/edgar/data/911971/000119312514308146/0001193125-14-308146-index.html,https://www.sec.gov/Archives/edgar/data/911971/000119312514308146/d773529d6k.htm,1620598837,18:20:37,20210509
27,2014-03-31,TK,USD,2014-04-28 00:00:00,2014-04-28 17:27:16,Q1,506500000.0,252500000.0,254000000.0,0.5014807502467917,0.0,37900000.0,0.0,0.0,37878000.0,394600000.0,-68200000.0,103500000.0,215400000.0,0.4252714708785785,111900000.0,0.2209279368213228,8300000.0,51900000.0,0.10246791707798618,2800000.0,-500000.0,-0.0009871668311944718,-0.00701,-0.00701,71300000.0,71300000.0,https://www.sec.gov/Archives/edgar/data/911971/000119312514163511/0001193125-14-163511-index.html,https://www.sec.gov/Archives/edgar/data/911971/000119312514163511/d684501d20f.htm,1620598837,18:20:37,20210509
28,2013-12-31,TK,USD,2013-12-31,2013-12-31,Q4,493500000.0,261000000.0,232500000.0,0.47112462006079026,0.0,34400000.0,0.0,700000.0,34360000.0,493000000.0,-9600000.0,109700000.00000004,110200000.00000004,0.2233029381965553,500000.0,0.0010131712259371835,1200000.0,-8000000.0,-0.016210739614994935,-800000.0,-70900000.0,-0.1436676798378926,-1.00141,-1.00141,70800000.0,70800000.0,,,1620598837,18:20:37,20210509
29,2013-09-30,TK,USD,2013-11-22 00:00:00,2013-11-22 13:15:53,Q3,454800000.0,271100000.0,183700000.0,0.4039138082673703,0.0,31900000.0,0.0,0.0,31932000.0,484699999.99999994,-56100000.0,109099999.99999997,79199999.99999997,0.17414248021108172,-29900000.0,-0.06574318381706244,600000.0,-85400000.0,-0.18777484608619174,-700000.0,-49100000.0,-0.10795954265611257,-0.6935,-0.6935,70800000.0,70800000.0,https://www.sec.gov/Archives/edgar/data/911971/000119312513451070/0001193125-13-451070-index.html,https://www.sec.gov/Archives/edgar/data/911971/000119312513451070/d633068d6k.htm,1620598837,18:20:37,20210509
30,2013-06-30,TK,USD,2013-08-28 00:00:00,2013-08-28 12:17:54,Q2,430700000.0,248700000.0,182000000.0,0.4225679127002554,0.0,35400000.0,0.0,0.0,35395000.0,401300000.0,61400000.0,109800000.00000001,139200000.0,0.3231947991641514,29400000.0,0.06826097051311818,-1400000.0,89400000.0,0.20756907360111446,1900000.0,11400000.0,0.026468539586719294,0.15989,0.15989,71300000.0,71300000.0,https://www.sec.gov/Archives/edgar/data/911971/000119312513349792/0001193125-13-349792-index.html,https://www.sec.gov/Archives/edgar/data/911971/000119312513349792/d590006d6k.htm,1620598837,18:20:37,20210509
31,2013-03-31,TK,USD,2013-04-29 00:00:00,2013-04-29 15:29:24,Q1,451000000.0,241200000.0,209800000.0,0.46518847006651887,0.0,39300000.0,0.0,0.0,39271000.0,388200000.0,-25800000.0,102500000.0,165300000.0,0.3665188470066519,62800000.0,0.13924611973392462,5200000.0,42300000.0,0.09379157427937916,2500000.0,-6100000.0,-0.01352549889135255,-0.08727,-0.08727,69900000.0,69900000.0,https://www.sec.gov/Archives/edgar/data/911971/000119312513181831/0001193125-13-181831-index.html,https://www.sec.gov/Archives/edgar/data/911971/000119312513181831/d458659d20f.htm,1620598837,18:20:37,20210509
32,2012-12-31,TK,USD,2013-02-26 00:00:00,2013-02-26 12:20:06,Q4,523200000.0,288800000.0,234400000.0,0.44801223241590216,0.0,35100000.0,0.0,1900000.0,35052000.0,868200000.0000001,25100000.0,113500000.0,-231500000.0,-0.44246941896024466,-345000000.0,-0.6594036697247706,-1700000.0,-321600000.0,-0.6146788990825688,-13000000.0,-93700000.0,-0.1790902140672783,-1.34626,-1.34626,69600000.0,69600000.0,https://www.sec.gov/Archives/edgar/data/911971/000119312513076001/0001193125-13-076001-index.html,https://www.sec.gov/Archives/edgar/data/911971/000119312513076001/d492868d6k.htm,1620598837,18:20:37,20210509
33,2012-09-30,TK,USD,2012-11-19 00:00:00,2012-11-19 14:06:57,Q3,469600000.0,260700000.0,208900000.0,0.4448466780238501,0.0,34700000.0,0.0,0.0,171579000.0,421200000.0,-54500000.0,112699999.99999999,161100000.0,0.3430579216354344,48400000.0,0.1030664395229983,-400000.0,-6400000.0,-0.013628620102214651,4000000.0,-20300000.0,-0.043228279386712094,-0.29251,-0.29251,69400000.0,69400000.0,https://www.sec.gov/Archives/edgar/data/911971/000119312512475335/0001193125-12-475335-index.html,https://www.sec.gov/Archives/edgar/data/911971/000119312512475335/d439086d6k.htm,1620598837,18:20:37,20210509
34,2012-06-30,TK,USD,2012-08-22 00:00:00,2012-08-22 13:48:54,Q2,486800000.0,262400000.0,224300000.0,0.46076417419884963,0.0,36200000.0,0.0,0.0,169114000.0,418500000.0,-112500000.0,115100000.0,183300000.0,0.37654067378800327,68200000.0,0.14009860312243222,100000.0,-44200000.0,-0.09079704190632704,-1800000.0,-47300000.0,-0.09716516023007395,-0.68353,-0.68353,69200000.0,69200000.0,https://www.sec.gov/Archives/edgar/data/911971/000119312512365108/0001193125-12-365108-index.html,https://www.sec.gov/Archives/edgar/data/911971/000119312512365108/d396239d6k.htm,1620598837,18:20:37,20210509
35,2012-03-31,TK,USD,2012-03-31,2012-03-31,Q1,501100000.0,270400000.0,230700000.0,0.4603871482737976,0.0,38400000.0,0.0,0.0,167790000.0,423100000.00000006,-33600000.0,114600000.0,192600000.0,0.3843544202753941,78000000.0,0.15565755338255838,2300000.0,46700000.0,0.09319497106365995,-3600000.0,1100000.0,0.002195170624625823,0.01569,0.01569,70100000.0,70100000.0,,,1620598837,18:20:37,20210509
36,2011-12-31,TK,USD,2011-12-31,2011-12-31,Q4,512700000.0,259300000.0,253400000.0,0.4942461478447435,0.0,53300000.0,0.0,0.0,62700000.0,404600000.0,-60300000.0,110600000.00000001,218800000.0,0.42676028866783694,108200000.0,0.2110395943046616,10500000.0,58500000.0,0.11410181392627268,0.0,58700000.0,0.11449190559781548,0.83977,0.83977,69900000.0,69900000.0,,,1620598837,18:20:37,20210509
37,2011-09-30,TK,USD,2011-11-25 00:00:00,2011-11-23 17:34:25,Q3,468100000.0,259400000.0,208700000.0,0.44584490493484297,0.0,48700000.0,0.0,0.0,248356000.0,544500000.0,-265200000.0,107699999.99999999,31299999.999999985,0.06686605426190982,-76400000.0,-0.16321298867763298,800000.0,-340800000.0,-0.728049562059389,1500000.0,-291200000.0,-0.6220892971587267,-3.98358,-3.98358,73100000.0,73100000.0,https://www.sec.gov/Archives/edgar/data/911971/000095012311100322/0000950123-11-100322-index.html,https://www.sec.gov/Archives/edgar/data/911971/000095012311100322/c25168e6vk.htm,1620598837,18:20:37,20210509
38,2011-06-30,TK,USD,2011-08-16 00:00:00,2011-08-16 15:08:12,Q2,484900000.0,280000000.0,204900000.0,0.422561352856259,0.0,51300000.0,0.0,0.0,215735000.0,442800000.0,-146400000.0,105300000.00000001,147400000.0,0.3039802021035265,42100000.0,0.08682202515982677,1000000.0,-103300000.0,-0.2130336151783873,2000000.0,-96500000.0,-0.199010105176325,-1.36107,-1.36107,70900000.0,70900000.0,https://www.sec.gov/Archives/edgar/data/911971/000095012311077933/0000950123-11-077933-index.html,https://www.sec.gov/Archives/edgar/data/911971/000095012311077933/c21363e6vk.htm,1620598837,18:20:37,20210509
39,2011-03-31,TK,USD,2011-04-14 00:00:00,2011-04-13 20:48:47,Q1,488000000.0,269700000.0,218300000.0,0.4473360655737705,0.0,70300000.0,0.0,0.0,241880000.0,453500000.0,-21000000.0,105000000.0,139500000.0,0.2858606557377049,34500000.0,0.0706967213114754,100000.0,13600000.0,0.027868852459016394,800000.0,-29700000.0,-0.06086065573770492,-0.41307,-0.41307,71900000.0,71900000.0,https://www.sec.gov/Archives/edgar/data/911971/000095012311035397/0000950123-11-035397-index.html,https://www.sec.gov/Archives/edgar/data/911971/000095012311035397/c15356e20vf.htm,1620598837,18:20:37,20210509
40,2010-12-31,TK,USD,2010-12-31,2010-12-31,Q4,502700000.0,282000000.0,220700000.0,0.43902924209269945,0.0,48500000.0,0.0,0.0,135578000.0,471900000.0,142000000.0,112000000.0,142800000.0,0.2840660433658245,30800000.0,0.061269146608315096,2300000.0,175200000.0,0.3485180027849612,-2500000.0,85900000.0,0.1708772627809827,1.15924,1.15924,74100000.0,74100000.0,,,1620598837,18:20:37,20210509
41,2010-09-30,TK,USD,2010-11-15 00:00:00,2010-11-15 12:12:31,Q3,468000000.0,281300000.0,186600000.0,0.39871794871794874,0.0,46900000.0,0.0,0.0,180277000.0,464800000.0,-209400000.0,109199999.99999999,112299999.99999999,0.23995726495726494,3100000.0,0.006623931623931624,2000000.0,-204200000.0,-0.43632478632478633,8600000.0,-186000000.0,-0.3974358974358974,-2.54795,-2.54795,73000000.0,73000000.0,https://www.sec.gov/Archives/edgar/data/911971/000095012310105450/0000950123-10-105450-index.html,https://www.sec.gov/Archives/edgar/data/911971/000095012310105450/c08229e6vk.htm,1620598837,18:20:37,20210509
42,2010-06-30,TK,USD,2010-07-02 00:00:00,2010-07-02 06:05:41,Q2,552200000.0,292000000.0,260200000.0,0.4712060847519015,0.0,50300000.0,0.0,0.0,161512000.0,457700000.0,-245800000.0,111300000.0,205800000.0,0.37269105396595437,94500000.0,0.17113364722926475,700000.0,-150600000.0,-0.2727272727272727,-5100000.0,-153100000.0,-0.27725461789206807,-2.07453,-2.07453,73800000.0,73800000.0,https://www.sec.gov/Archives/edgar/data/911971/000095012310063325/0000950123-10-063325-index.html,https://www.sec.gov/Archives/edgar/data/911971/000095012310063325/c03041e6vk.htm,1620598837,18:20:37,20210509
43,2010-03-31,TK,USD,2010-04-30 00:00:00,2010-04-30 06:01:49,Q1,572900000.0,306300000.0,266500000.0,0.4651771687903648,0.0,48100000.0,0.0,0.0,157081000.0,467200000.0,-101500000.0,108200000.0,213900000.0,0.3733635887589457,105700000.0,0.18449991272473382,2400000.0,6600000.0,0.011520335137022168,-7300000.0,-14000000.0,-0.024437074533077325,-0.19231,-0.19231,72800000.0,72800000.0,https://www.sec.gov/Archives/edgar/data/911971/000095012310040979/0000950123-10-040979-index.html,https://www.sec.gov/Archives/edgar/data/911971/000095012310040979/c99642e20vf.htm,1620598837,18:20:37,20210509
44,2009-12-31,TK,USD,2010-01-13 00:00:00,2010-01-13 06:20:57,Q4,522700000.0,319100000.0,203500000.0,0.38932466041706526,0.0,52000000.0,0.0,0.0,275723000.0,510699999.99999994,71900000.0,115300000.00000001,127200000.00000001,0.24335182705184621,11900000.0,0.02276640520374976,4100000.0,88000000.0,0.16835660991008228,10700000.0,29800000.0,0.05701167017409604,0.40489,0.40489,73600000.0,73600000.0,https://www.sec.gov/Archives/edgar/data/911971/000095012310002117/0000950123-10-002117-index.html,https://www.sec.gov/Archives/edgar/data/911971/000095012310002117/o58623e6vk.htm,1620598837,18:20:37,20210509
45,2009-09-30,TK,USD,2009-10-01 00:00:00,2009-10-01 13:26:43,Q3,500400000.0,316400000.0,184000000.0,0.3677058353317346,0.0,49900000.0,0.0,0.0,255228000.0,475800000.00000006,-182500000.0,321900000.0,346500000.0,0.6924460431654677,24600000.0,0.049160671462829736,2900000.0,-155000000.0,-0.3097521982414069,10900000.0,-142200000.0,-0.2841726618705036,-1.95868,-1.95868,72600000.0,72600000.0,https://www.sec.gov/Archives/edgar/data/911971/000095012309047609/0000950123-09-047609-index.html,https://www.sec.gov/Archives/edgar/data/911971/000095012309047609/c90618e6vk.htm,1620598837,18:20:37,20210509
46,2009-06-30,TK,USD,2009-08-28 00:00:00,2009-08-28 16:50:10,Q2,532500000.0,323400000.0,209100000.0,0.39267605633802816,0.0,49200000.0,0.0,0.0,149804000.0,474700000.0,127400000.0,0.0,282200000.0,0.529953,57800000.0,0.10854460093896713,3800000.0,189000000.0,0.35492957746478876,-4600000.0,159400000.0,0.29934272300469483,2.18956,2.18956,72800000.0,72800000.0,https://www.sec.gov/Archives/edgar/data/911971/000095012309039418/0000950123-09-039418-index.html,https://www.sec.gov/Archives/edgar/data/911971/000095012309039418/c89786e6vk.htm,1620598837,18:20:37,20210509
47,2009-03-31,TK,USD,2009-04-07 00:00:00,2009-04-06 21:02:01,Q1,616600000.0,380300000.0,236300000.0,0.3832306195264353,0.0,47700000.0,0.0,0.0,243263000.0,541000000.0,32500000.0,106600000.0,182100000.0,0.2953292247810574,75500000.0,0.12244566980214078,2700000.0,110600000.0,0.17937074278300358,5900000.0,81500000.0,0.13217645150827118,1.11644,1.11644,73000000.0,73000000.0,https://www.sec.gov/Archives/edgar/data/911971/000136231009004945/0001362310-09-004945-index.html,https://www.sec.gov/Archives/edgar/data/911971/000136231009004945/c77770e6vk.htm,1620598837,18:20:37,20210509
48,2008-12-31,TK,USD,2008-12-31,2008-12-31,Q4,797300000.0,522800000.0,274500000.0,0.3442869685187508,0.0,55800000.0,0.0,0.0,372290000.0,1012600000.0000001,-502500000.0,105900000.00000003,-109399999.99999997,-0.137213094192901,-215300000.0,-0.2700363727580585,3700000.0,-714100000.0,-0.8956478113633514,-21200000.0,-650900000.0,-0.8163802834566662,-8.97793,-8.97793,72500000.0,72500000.0,,,1620598837,18:20:37,20210509
49,2008-09-30,TK,USD,2008-10-07 00:00:00,2008-10-07 15:37:39,Q3,880900000.0,531700000.0,349200000.0,0.3964127596776025,0.0,44400000.0,0.0,0.0,279484000.0,653299999.9999999,-93300000.0,312900000.0,540500000.0,0.6135770234986945,227600000.0,0.25837211942331706,-18100000.0,116100000.0,0.1317970257690998,-26300000.0,103100000.0,0.11703939153138836,1.41233,1.41233,73000000.0,73000000.0,https://www.sec.gov/Archives/edgar/data/911971/000094523408000413/0000945234-08-000413-index.html,https://www.sec.gov/Archives/edgar/data/911971/000094523408000413/o42087e6vk.htm,1620598837,18:20:37,20210509
50,2008-06-30,TK,USD,2008-07-03 00:00:00,2008-07-03 13:40:25,Q2,810800000.0,493200000.0,317700000.0,0.39183522446965957,0.0,71300000.0,0.0,0.0,317339000.0,672900000.0,66800000.0,0.0,239000000.0,0.294771,138000000.0,0.1702022693635915,6300000.0,211000000.0,0.2602368031573754,-11200000.0,183400000.0,0.22619634928465712,2.50205,2.50205,73300000.0,73300000.0,https://www.sec.gov/Archives/edgar/data/911971/000091197108000022/0000911971-08-000022-index.html,https://www.sec.gov/Archives/edgar/data/911971/000091197108000022/form6k.htm,1620598837,18:20:37,20210509
51,2008-03-31,TK,USD,2008-04-02 00:00:00,2008-04-02 17:05:56,Q1,740400000.0,462800000.0,277600000.0,0.3749324689357104,0.0,69100000.0,0.0,0.0,624465000.0,630600000.0,-243200000.0,0.0,-345800000.0,-0.467045,109800000.0,0.14829821717990274,4200000.0,-129200000.0,-0.17450027012425715,2500000.0,-105100000.0,-0.14195029713668286,-1.44766,-1.44766,72600000.0,72600000.0,https://www.sec.gov/Archives/edgar/data/911971/000091197108000009/0000911971-08-000009-index.html,https://www.sec.gov/Archives/edgar/data/911971/000091197108000009/form6k.htm,1620598837,18:20:37,20210509
52,2007-12-31,TK,USD,2007-12-31,2007-12-31,Q4,661400000.0,446300000.0,215100000.0,0.3252192319322649,0.0,62000000.0,0.0,0.0,-429085000.0,604000000.0,-181700000.0,329100000.0,386500000.0,0.5843664953129725,57400000.0,0.08678560628968854,-500000.0,-124900000.0,-0.1888418506198972,-10000000.0,-114800000.0,-0.17357121257937708,-1.5726,-1.5726,73000000.0,73000000.0,,,1620598837,18:20:37,20210509
53,2007-09-30,TK,USD,2007-10-05 00:00:00,2007-10-05 13:31:20,Q3,0.0,0.0,0.0,0.0,0.0,0.0,0.0,0.0,534288000.0,0.0,0.0,0.0,0.0,0.0,0.0,0.0,0.0,0.0,0.0,0.0,0.0,0.0,0.0,0.0,74900000.0,74900000.0,https://www.sec.gov/Archives/edgar/data/911971/000091197107000037/0000911971-07-000037-index.html,https://www.sec.gov/Archives/edgar/data/911971/000091197107000037/form6k.htm,1620598837,18:20:37,20210509
54,2007-06-30,TK,USD,2007-07-03 00:00:00,2007-07-03 14:59:04,Q2,1155900000.0,683600000.0,472300000.0,0.4085993598062116,0.0,113000000.0,0.0,0.0,471860000.0,934200000.0,-139800000.0,147400000.0,369100000.0,0.31931828012803876,221700000.0,0.19179859849467948,20100000.0,102100000.0,0.08832944026299853,10700000.0,91300000.0,0.07898607145946882,1.19974,1.19974,76100000.0,76100000.0,https://www.sec.gov/Archives/edgar/data/911971/000091197107000030/0000911971-07-000030-index.html,https://www.sec.gov/Archives/edgar/data/911971/000091197107000030/form6k_070307.htm,1620598837,18:20:37,20210509
55,2007-03-31,TK,USD,2007-04-05 00:00:00,2007-04-05 11:57:23,Q1,578400000.0,314900000.0,263500000.0,0.455567081604426,0.0,58800000.0,0.0,0.0,457562000.0,452900000.0,-57300000.0,0.0,15000000.0,0.025934,125500000.0,0.21697786998616875,4200000.0,72300000.0,0.125,-4100000.0,76400000.0,0.13208852005532504,1.0255,1.0255,74500000.0,74500000.0,https://www.sec.gov/Archives/edgar/data/911971/000091197107000013/0000911971-07-000013-index.html,https://www.sec.gov/Archives/edgar/data/911971/000091197107000013/form6k.htm,1620598837,18:20:37,20210509
56,2006-12-31,TK,USD,2007-01-23 00:00:00,2007-01-23 15:52:12,Q4,587000000.0,345700000.0,241300000.0,0.4110732538330494,0.0,56400000.0,0.0,0.0,-706447000.0,481800000.0,-51700000.0,73500000.0,178700000.0,0.3044293015332198,105200000.0,0.17921635434412267,1000000.0,54500000.0,0.09284497444633731,-5800000.0,60300000.0,0.10272572402044293,0.80831,0.80831,74600000.0,74600000.0,https://www.sec.gov/Archives/edgar/data/911971/000091197107000005/0000911971-07-000005-index.html,https://www.sec.gov/Archives/edgar/data/911971/000091197107000005/form6k.htm,1620598837,18:20:37,20210509
57,2006-09-30,TK,USD,2006-09-30,2006-09-30,Q3,477700000.0,287200000.0,190500000.0,0.3987858488591166,0.0,39800000.0,0.0,0.0,376888000.0,372700000.0,-31400000.0,49900000.00000001,154900000.0,0.3242620891773079,105000000.0,0.21980322378061545,1200000.0,74900000.0,0.15679296629683903,-5000000.0,79800000.0,0.16705045007326774,1.06542,1.06542,74900000.0,74900000.0,,,1620598837,18:20:37,20210509
58,2006-06-30,TK,USD,2006-06-30,2006-06-30,Q2,422600000.0,257800000.0,164800000.0,0.3899668717463322,0.0,41500000.0,0.0,0.0,349436000.0,353700000.0,-41900000.0,50099999.99999999,119000000.0,0.281590156176053,68900000.0,0.16303833412210128,400000.0,27400000.0,0.06483672503549456,7000000.0,20400000.0,0.048272598201609083,0.26913,0.26913,75800000.0,75800000.0,,,1620598837,18:20:37,20210509
59,2006-03-31,TK,USD,2006-03-31,2006-03-31,Q1,526000000.0,291300000.0,234700000.0,0.4461977186311787,0.0,40300000.0,0.0,0.0,382003000.0,383300000.0,-36200000.0,50500000.0,193200000.0,0.3673003802281369,142700000.0,0.2712927756653992,-1000000.0,105500000.0,0.2005703422053232,3800000.0,101700000.0,0.19334600760456275,1.35239,1.35239,75200000.0,75200000.0,,,1620598837,18:20:37,20210509
60,2005-12-31,TK,USD,2005-12-31,2005-12-31,Q4,531500000.0,279100000.0,252300000.0,0.4746942615239887,0.0,45400000.0,0.0,0.0,-718672000.0,363300000.0,-9000000.0,50699999.99999999,218900000.0,0.4118532455315146,168200000.0,0.3164628410159925,-5100000.0,154100000.0,0.28993414863593603,9500000.0,144600000.0,0.2720602069614299,1.85147,1.85147,78100000.0,78100000.0,,,1620598837,18:20:37,20210509
61,2005-09-30,TK,USD,2005-09-30,2005-09-30,Q3,425600000.0,279100000.0,146500000.0,0.34421992481203006,0.0,40500000.0,0.0,0.0,370000000.0,363399999.99999994,-17400000.0,50400000.00000001,112600000.0,0.26456766917293234,62200000.0,0.14614661654135339,-4100000.0,40700000.0,0.0956296992481203,-2000000.0,42700000.0,0.10032894736842106,0.51695,0.51695,82600000.0,82600000.0,,,1620598837,18:20:37,20210509
62,2005-06-30,TK,USD,2005-07-20 00:00:00,2005-07-20 16:20:39,Q2,480100000.0,274100000.0,206000000.0,0.42907727556759007,0.0,40200000.0,0.0,0.0,364576000.0,348699999.99999994,-300000.0,50300000.00000001,181800000.0,0.378671110185378,131500000.0,0.27390127056863156,-36400000.0,94700000.0,0.19725057279733388,-9900000.0,104600000.0,0.21787127681732973,1.17133,1.17133,89300000.0,89300000.0,https://www.sec.gov/Archives/edgar/data/911971/000091197105000029/0000911971-05-000029-index.html,https://www.sec.gov/Archives/edgar/data/911971/000091197105000029/form6k_072005.htm,1620598837,18:20:37,20210509
63,2005-03-31,TK,USD,2005-03-31,2005-03-31,Q1,517400000.0,261600000.0,255900000.0,0.4945883262466177,0.0,33700000.0,0.0,0.0,349332000.0,247499999.99999997,-800000.0,54100000.0,324000000.0,0.62620796289138,269900000.0,0.5216466950135292,9900000.0,279000000.0,0.5392346347120216,0.0,279000000.0,0.5392346347120216,3.16327,3.16327,88200000.0,88200000.0,,,1620598837,18:20:37,20210509
64,2004-12-31,TK,USD,2004-12-31,2004-12-31,Q4,669600000.0,292000000.0,377600000.0,0.5639187574671446,0.0,48300000.0,0.0,0.0,-709584000.0,373800000.0,-21500000.0,237500000.0,533300000.0,0.7964456391875747,295800000.0,0.44175627240143367,-31000000.0,243300000.0,0.3633512544802867,18700000.0,224600000.0,0.3354241338112306,2.49833,2.49833,89900000.0,89900000.0,,,1620598837,18:20:37,20210509
65,2004-09-30,TK,USD,2004-09-30,2004-09-30,Q3,520600000.0,285600000.0,235000000.0,0.45140222819823284,0.0,29100000.0,0.0,0.0,379415000.0,325899999.99999994,63300000.0,0.0,316700000.0,0.608337,194700000.0,0.3739915482135997,-4600000.0,253400000.0,0.4867460622358817,8100000.0,245300000.0,0.4711870918171341,2.7655,2.7655,88700000.0,88700000.0,,,1620598837,18:20:37,20210509
66,2004-06-30,TK,USD,2004-07-14 00:00:00,2004-07-14 16:53:48,Q2,477600000.0,269000000.0,208600000.0,0.4367671691792295,0.0,25800000.0,0.0,0.0,355709000.0,355500000.0,-20300000.0,0.0,84300000.0,0.176508,122100000.0,0.2556532663316583,2800000.0,104600000.0,0.21901172529313234,6100000.0,98500000.0,0.20623953098827472,1.12829,1.12829,87300000.0,87300000.0,https://www.sec.gov/Archives/edgar/data/911971/000091197104000042/0000911971-04-000042-index.html,https://www.sec.gov/Archives/edgar/data/911971/000091197104000042/form6k_071404.htm,1620598837,18:20:37,20210509
67,2004-03-31,TK,USD,2004-03-31,2004-03-31,Q1,551500000.0,261500000.0,290000000.0,0.5258386219401632,0.0,27600000.0,0.0,0.0,342700000.0,342900000.0,-17600000.0,0.0,173500000.0,0.314597,208600000.0,0.3782411604714415,200000.0,191200000.0,0.34669084315503174,2100000.0,189000000.0,0.34270172257479603,2.18497,2.18497,86500000.0,86500000.0,,,1620598837,18:20:37,20210509
68,2003-12-31,TK,USD,2003-12-31,2003-12-31,Q4,451000000.0,270000000.0,181100000.0,0.4015521064301552,0.0,26400000.0,0.0,0.0,-285936000.0,407200000.0,-18500000.0,191200000.0,235000000.0,0.5210643015521065,43800000.0,0.09711751662971176,-5400000.0,19900000.0,0.044124168514412414,13300000.0,6600000.0,0.014634146341463415,0.07885,0.07885,83700000.0,83700000.0,,,1620598837,18:20:37,20210509
69,2003-09-30,TK,USD,2003-09-30,2003-09-30,Q3,380500000.0,256900000.0,123600000.0,0.3248357424441524,0.0,23500000.0,0.0,0.0,225239000.0,336800000.00000006,-19700000.0,0.0,6600000.0,0.017346,43800000.0,0.11511169513797635,2300000.0,26300000.0,0.06911957950065703,6000000.0,20300000.0,0.05335085413929041,0.24786,0.24786,81900000.0,81900000.0,,,1620598837,18:20:37,20210509
70,2003-06-30,TK,USD,2003-06-30,2003-06-30,Q2,462300000.0,258200000.0,204100000.0,0.4414882111183214,0.0,20600000.0,0.0,0.0,220697000.0,334600000.00000006,-18800000.0,0.0,92000000.0,0.199005,127700000.0,0.27622755786285963,1900000.0,110700000.0,0.23945489941596365,13900000.0,96900000.0,0.20960415314730693,1.1963,1.1963,81000000.0,81000000.0,,,1620598837,18:20:37,20210509
71,2003-03-31,TK,USD,2003-03-31,2003-03-31,Q1,282200000.0,124900000.0,157300000.0,0.5574060949681078,0.0,14700000.0,0.0,0.0,109414000.0,204500000.0,-12800000.0,0.0,44100000.0,0.156272,77700000.0,0.27533664068036856,-8000000.0,56900000.0,0.20163004961020553,3300000.0,53600000.0,0.18993621545003544,0.66255,0.66255,80900000.0,80900000.0,,,1620598837,18:20:37,20210509
72,2002-12-31,TK,USD,2002-12-31,2002-12-31,Q4,222800000.0,120600000.0,102200000.0,0.45870736086175945,0.0,14400000.0,0.0,0.0,-111473000.0,174200000.0,-13300000.0,39200000.00000002,87800000.00000003,0.39407540394973084,48600000.0,0.21813285457809695,-500000.0,34800000.0,0.1561938958707361,1700000.0,33100000.0,0.1485637342908438,0.41118,0.41118,80500000.0,80500000.0,,,1620598837,18:20:37,20210509
73,2002-09-30,TK,USD,2002-09-30,2002-09-30,Q3,184900000.0,118000000.0,67000000.0,0.3623580313683072,0.0,14300000.0,0.0,0.0,107420000.0,169600000.0,-13800000.0,37300000.0,52600000.0,0.2844780962682531,15300000.0,0.08274743104380747,1800000.0,3400000.0,0.01838831800973499,2700000.0,600000.0,0.003244997295835587,0.00745,0.00745,80500000.0,80500000.0,,,1620598837,18:20:37,20210509
74,2002-06-30,TK,USD,2002-06-30,2002-06-30,Q2,186900000.0,113300000.0,73600000.0,0.39379347244515783,0.0,14300000.0,0.0,0.0,107249000.0,164400000.0,-13500000.0,36699999.99999999,59299999.99999999,0.31728196896736216,22600000.0,0.12092027822364901,-1300000.0,7800000.0,0.04173354735152488,3800000.0,4000000.0,0.021401819154628143,0.04957,0.04957,80700000.0,80700000.0,,,1620598837,18:20:37,20210509
75,2002-03-31,TK,USD,2002-03-31,2002-03-31,Q1,188600000.0,105600000.0,83100000.0,0.44061505832449627,0.0,14200000.0,0.0,0.0,103346000.0,155800000.00000003,-13900000.0,36100000.0,68900000.0,0.3653234358430541,32800000.0,0.17391304347826086,0.0,18900000.0,0.10021208907741251,3200000.0,15700000.0,0.08324496288441145,0.19503,0.19503,80500000.0,80500000.0,,,1620598837,18:20:37,20210509
76,2001-12-31,TK,USD,2001-12-31,2001-12-31,Q4,213100000.0,116900000.0,96300000.0,0.4519005161895824,0.0,13300000.0,0.0,0.0,-114745000.0,167000000.0,-14000000.0,36800000.00000001,82900000.0,0.38901923979352415,46100000.0,0.21633036133270764,-900000.0,31200000.0,0.14641013608634443,0.0,31200000.0,0.14641013608634443,0.38758,0.38758,80500000.0,80500000.0,,,1620598837,18:20:37,20210509
77,2001-09-30,TK,USD,2001-11-15 00:00:00,2001-11-15 00:00:00,Q3,242000000.0,121900000.0,120100000.0,0.4962809917355372,0.0,13000000.0,0.0,0.0,107024000.0,170699999.99999997,-15900000.0,35900000.0,107200000.0,0.44297520661157025,71300000.0,0.2946280991735537,9000000.0,64400000.0,0.26611570247933886,0.0,64400000.0,0.26611570247933886,0.78825,0.78825,81700000.0,81700000.0,https://www.sec.gov/Archives/edgar/data/911971/000113031901500276/0001130319-01-500276-index.html,https://www.sec.gov/Archives/edgar/data/911971/000113031901500276/o06064e6-k.htm,1620598837,18:20:37,20210509
78,2001-06-30,TK,USD,2001-07-27 00:00:00,2001-07-27 00:00:00,Q2,276000000.0,117800000.0,158200000.0,0.5731884057971014,0.0,11800000.0,0.0,0.0,103481000.0,165700000.0,-15200000.0,36100000.0,146400000.0,0.5304347826086957,110300000.0,0.3996376811594203,1100000.0,96200000.0,0.34855072463768116,0.0,96200000.0,0.34855072463768116,1.1746,1.1746,81900000.0,81900000.0,https://www.sec.gov/Archives/edgar/data/911971/000091197101500024/0000911971-01-500024-index.html,https://www.sec.gov/Archives/edgar/data/911971/000091197101500024/form6k_072701.htm,1620598837,18:20:37,20210509
79,2001-03-31,TK,USD,2001-03-31,2001-03-31,Q1,307900000.0,113800000.0,194100000.0,0.6303994803507632,0.0,10800000.0,0.0,0.0,89421000.0,152200000.0,-12000000.0,27500000.0,183200000.0,0.5949983760961352,155700000.0,0.5056836635271192,900000.0,144700000.0,0.4699577784995128,0.0,144700000.0,0.4699577784995128,1.79306,1.79306,80700000.0,80700000.0,,,1620598837,18:20:37,20210509
80,2000-12-31,TK,USD,2000-12-31,2000-12-31,Q4,271100000.0,102400000.0,168700000.0,0.6222796016230173,0.0,10000000.0,0.0,0.0,-105745000.0,137600000.0,-13900000.0,25299999.999999996,158800000.0,0.5857617115455551,133500000.0,0.4924382146809295,2900000.0,122500000.0,0.4518627812615271,0.0,122500000.0,0.4518627812615271,1.52174,1.52174,80500000.0,80500000.0,,,1620598837,18:20:37,20210509
81,2000-09-30,TK,USD,2000-11-14 00:00:00,2000-11-14 00:00:00,Q3,238700000.0,109200000.0,129500000.0,0.5425219941348973,0.0,8900000.0,0.0,0.0,79558000.0,143300000.0,-15700000.0,25200000.000000004,120500000.0,0.504817762882279,95300000.0,0.39924591537494764,1300000.0,80900000.0,0.3389191453707583,0.0,80900000.0,0.3389191453707583,1.00999,1.00999,80100000.0,80100000.0,https://www.sec.gov/Archives/edgar/data/911971/000091197100000008/0000911971-00-000008-index.html,https://www.sec.gov/Archives/edgar/data/911971/000091197100000008/0000911971-00-000008-0001.txt,1620598837,18:20:37,20210509
82,2000-06-30,TK,USD,2000-08-14 00:00:00,2000-08-14 00:00:00,Q2,201200000.0,106400000.0,94800000.0,0.4711729622266402,0.0,9100000.0,0.0,0.0,81520000.0,140100000.0,-15100000.0,24700000.000000004,85800000.0,0.426441351888668,61100000.0,0.3036779324055666,800000.0,46700000.0,0.23210735586481113,0.0,46700000.0,0.23210735586481113,0.5949,0.5949,78500000.0,78500000.0,https://www.sec.gov/Archives/edgar/data/911971/000091197100000006/0000911971-00-000006-index.html,https://www.sec.gov/Archives/edgar/data/911971/000091197100000006/0000911971-00-000006-0001.txt,1620598837,18:20:37,20210509
83,2000-03-31,TK,USD,2000-05-02 00:00:00,2000-05-02 00:00:00,Q1,182300000.0,109900000.0,72300000.0,0.3965990126165661,0.0,9500000.0,0.0,0.0,82299000.0,144500000.0,-16700000.0,25000000.0,62800000.0,0.34448710916072406,37800000.0,0.20735052111903457,-1100000.0,19900000.0,0.10916072408118487,0.0,19900000.0,0.10916072408118487,0.26013,0.26013,76500000.0,76500000.0,https://www.sec.gov/Archives/edgar/data/911971/000089102000000901/0000891020-00-000901-index.html,https://www.sec.gov/Archives/edgar/data/911971/0000891020-00-000901.txt,1620598837,18:20:37,20210509
84,1999-12-31,TK,USD,1999-12-31,1999-12-31,Q4,142300000.0,102900000.0,39400000.0,0.2768798313422347,0.0,10300000.0,0.0,0.0,34599999.99999999,137500000.0,-16100000.0,24400000.0,29200000.0,0.20520028109627547,4800000.0,0.03373155305692199,-300000.0,-11600000.0,-0.08151791988756149,0.0,-11600000.0,-0.08151791988756149,-0.15243,-0.15243,76100000.0,76100000.0,,,1620598837,18:20:37,20210509
85,1999-09-30,TK,USD,1999-09-30,1999-09-30,Q3,136900000.0,96200000.0,40800000.0,0.29802775748721694,0.0,9600000.0,0.0,0.0,81000000.0,130099999.99999999,-13900000.0,24299999.999999996,31199999.999999996,0.22790357925493057,6900000.0,0.050401753104455806,-1700000.0,-8700000.0,-0.0635500365230095,0.0,-8700000.0,-0.0635500365230095,-0.11432,-0.11432,76100000.0,76100000.0,,,1620598837,18:20:37,20210509
86,1999-06-30,TK,USD,1999-06-30,1999-06-30,Q2,98600000.0,59900000.0,38700000.0,0.3924949290060852,0.0,7100000.0,0.0,0.0,58900000.0,86700000.0,-9100000.0,19600000.0,31500000.0,0.31947261663286003,11900000.0,0.1206896551724138,-2100000.0,700000.0,0.007099391480730223,0.0,700000.0,0.007099391480730223,0.01061,0.01061,66000000.0,66000000.0,,,1620598837,18:20:37,20210509
87,1999-03-31,TK,USD,1999-03-31,1999-03-31,Q1,93000000.0,53000000.0,40000000.0,0.43010752688172044,0.0,7300000.0,0.0,0.0,-54686000.0,82400000.0,-9800000.0,22000000.0,32600000.0,0.35053763440860214,10600000.0,0.11397849462365592,1000000.0,1900000.0,0.02043010752688172,0.0,1900000.0,0.02043010752688172,0.03002,0.03002,63300000.0,63300000.0,,,1620598837,18:20:37,20210509
88,1998-12-31,TK,USD,1998-12-31,1998-12-31,Q4,97300000.0,52700000.0,44600000.0,0.45837615621788286,0.0,6600000.0,0.0,0.0,59100000.0,83000000.0,-10100000.0,23800000.000000004,38000000.0,0.39054470709146966,14200000.0,0.1459403905447071,1000000.0,5100000.0,0.052415210688591986,0.0,5100000.0,0.052415210688591986,0.08057,0.08057,63300000.0,63300000.0,,,1620598837,18:20:37,20210509
89,1998-09-30,TK,USD,1998-09-30,1998-09-30,Q3,112200000.0,53000000.0,59200000.0,0.5276292335115864,0.0,5800000.0,0.0,0.0,58800000.0,82400000.0,-9200000.0,23599999.999999996,53400000.0,0.47593582887700536,29800000.0,0.26559714795008915,-300000.0,20300000.0,0.18092691622103388,0.0,13000000.0,0.11586452762923351,0.20537,0.20537,63300000.0,63300000.0,,,1620598837,18:20:37,20210509
90,1998-06-30,TK,USD,1998-06-30,1998-06-30,Q2,109400000.0,48900000.0,60600000.0,0.5539305301645339,0.0,5300000.0,0.0,0.0,55700000.0,78400000.0,-12000000.0,24300000.0,55300000.0,0.5054844606946983,31000000.0,0.283363802559415,6500000.0,25400000.0,0.23217550274223034,0.0,25400000.0,0.23217550274223034,0.43197,0.43197,58800000.0,58800000.0,,,1620598837,18:20:37,20210509
91,1998-03-31,TK,USD,1998-03-31,1998-03-31,Q1,101000000.0,41900000.0,59100000.0,0.5851485148514851,0.0,6600000.0,0.0,0.0,-31317000.0,72300000.0,-14000000.0,23800000.00000001,52400000.000000015,0.5188118811881189,28600000.0,0.28316831683168314,1000000.0,15600000.0,0.15445544554455445,0.0,15600000.0,0.15445544554455445,0.26486,0.26486,58900000.0,58900000.0,,,1620598837,18:20:37,20210509
92,1997-12-31,TK,USD,1997-12-31,1997-12-31,Q4,107100000.0,47400000.0,59700000.0,0.5574229691876751,0.0,5300000.0,0.0,0.0,49800000.0,76100000.0,-13500000.0,23499999.999999993,54499999.99999999,0.5088702147525677,31000000.0,0.28944911297852477,11100000.0,28600000.0,0.26704014939309056,0.0,28600000.0,0.26704014939309056,0.4931,0.4931,58000000.0,58000000.0,,,1620598837,18:20:37,20210509
93,1997-09-30,TK,USD,1997-09-30,1997-09-30,Q3,99700000.0,49000000.0,50700000.0,0.5085255767301906,0.0,4900000.0,0.0,0.0,50200000.0,77800000.0,-14700000.0,23900000.000000004,45800000.0,0.4593781344032096,21900000.0,0.21965897693079237,5100000.0,12300000.0,0.12337011033099297,0.0,12300000.0,0.12337011033099297,0.21317,0.21317,57700000.0,57700000.0,,,1620598837,18:20:37,20210509
94,1997-06-30,TK,USD,1997-06-30,1997-06-30,Q2,98300000.0,43700000.0,54600000.0,0.555442522889115,0.0,4800000.0,0.0,0.0,47800000.0,72099999.99999999,-14100000.0,23700000.0,49800000.0,0.5066124109867752,26100000.0,0.26551373346897256,2000000.0,14000000.0,0.14242115971515767,0.0,14000000.0,0.14242115971515767,0.24433,0.24433,57300000.0,57300000.0,,,1620598837,18:20:37,20210509
95,1997-03-31,TK,USD,1997-03-31,1997-03-31,Q1,100800000.0,44300000.0,56500000.0,0.560515873015873,0.0,5500000.0,0.0,0.0,-29093000.0,73500000.0,-14500000.0,23700000.000000004,51000000.0,0.5059523809523809,27300000.0,0.2708333333333333,5500000.0,18300000.0,0.18154761904761904,0.0,18300000.0,0.18154761904761904,0.32332,0.32332,56600000.0,56600000.0,,,1620598837,18:20:37,20210509
96,1996-12-31,TK,USD,1996-12-31,1996-12-31,Q4,97300000.0,45500000.0,51800000.0,0.5323741007194245,0.0,4600000.0,0.0,0.0,46200000.0,72900000.0,-15500000.0,22100000.0,46500000.0,0.4779033915724563,24400000.0,0.25077081192189105,1000000.0,9900000.0,0.10174717368961973,0.0,9900000.0,0.10174717368961973,0.1743,0.1743,56800000.0,56800000.0,,,1620598837,18:20:37,20210509
97,1996-09-30,TK,USD,1996-09-30,1996-09-30,Q3,94200000.0,44100000.0,50100000.0,0.5318471337579618,0.0,4700000.0,0.0,0.0,46600000.0,70900000.0,-15400000.0,22900000.0,46200000.0,0.49044585987261147,23300000.0,0.24734607218683652,1200000.0,9100000.0,0.09660297239915075,0.0,9100000.0,0.09660297239915075,0.16192,0.16192,56200000.0,56200000.0,,,1620598837,18:20:37,20210509
98,1996-06-30,TK,USD,1996-06-30,1996-06-30,Q2,90000000.0,44200000.0,45800000.0,0.5088888888888888,0.0,4400000.0,0.0,0.0,46200000.0,70599999.99999999,-15400000.0,22000000.0,41400000.0,0.46,19400000.0,0.21555555555555556,1400000.0,5400000.0,0.06,0.0,5400000.0,0.06,0.09643,0.09643,56000000.0,56000000.0,,,1620598837,18:20:37,20210509
99,1996-03-31,TK,USD,1996-03-31,1996-03-31,Q1,90800000.0,44600000.0,46200000.0,0.5088105726872246,0.0,4000000.0,0.0,0.0,-25547000.0,68900000.0,-16900000.0,20400000.000000007,42200000.00000001,0.4647577092511014,21800000.0,0.24008810572687225,800000.0,5700000.0,0.06277533039647577,0.0,5700000.0,0.06277533039647577,0.10215,0.10215,55800000.0,55800000.0,,,1620598837,18:20:37,20210509
100,1995-12-31,TK,USD,1995-12-31,1995-12-31,Q4,84600000.0,39400000.0,45200000.0,0.5342789598108747,0.0,4000000.0,0.0,0.0,42600000.0,64400000.00000001,-14800000.0,21000000.0,41200000.0,0.48699763593380613,20200000.0,0.23877068557919623,7900000.0,13300000.0,0.15721040189125296,0.0,13300000.0,0.15721040189125296,0.23964,0.23964,55500000.0,55500000.0,,,1620598837,18:20:37,20210509
101,1995-09-30,TK,USD,1995-09-30,1995-09-30,Q3,60000000.0,16800000.0,43200000.0,0.72,0.0,0.0,0.0,0.0,41400000.0,58200000.0,0.0,20100000.0,21900000.0,0.365,1800000.0,0.03,4300000.0,0.0,0.0,0.0,8800000.0,0.14666666666666667,0.17,0.17,51764706.0,51764706.0,,,1620598837,18:20:37,20210509
102,1995-06-30,TK,USD,1995-06-30,1995-06-30,Q2,79300000.0,38500000.0,40800000.0,0.5145018915510718,0.0,0.0,0.0,0.0,25200000.0,63700000.0,0.0,20900000.0,36500000.0,0.46027742749054223,15600000.0,0.19672131147540983,1100000.0,0.0,0.0,0.0,1300000.0,0.01639344262295082,0.035,0.035,72000000.0,72000000.0,,,1620598837,18:20:37,20210509
103,1995-03-31,TK,USD,1995-03-31,1995-03-31,Q1,80000000.0,0.0,0.0,0.0,0.0,0.0,0.0,0.0,0.0,0.0,0.0,0.0,-189100000.0,-2.36375,-189100000.0,-2.36375,0.0,0.0,0.0,0.0,1700000.0,0.02125,0.0,0.0,0.0,0.0,,,1620598837,18:20:37,20210509
104,1994-12-31,TK,USD,1994-12-31,1994-12-31,Q4,80000000.0,0.0,0.0,0.0,0.0,0.0,0.0,0.0,0.0,0.0,0.0,0.0,80000000.0,1.0,80000000.0,1.0,0.0,0.0,0.0,0.0,1600000.0,0.02,0.045,0.045,72000000.0,72000000.0,,,1620598837,18:20:37,20210509
105,1994-09-30,TK,USD,1994-09-30,1994-09-30,Q3,80000000.0,0.0,0.0,0.0,0.0,0.0,0.0,0.0,0.0,0.0,0.0,0.0,80000000.0,1.0,80000000.0,1.0,0.0,0.0,0.0,0.0,1600000.0,0.02,0.04,0.04,72000000.0,72000000.0,,,1620598837,18:20:37,20210509
106,1994-06-30,TK,USD,1994-06-30,1994-06-30,Q2,80000000.0,0.0,0.0,0.0,0.0,0.0,0.0,0.0,0.0,0.0,0.0,0.0,80000000.0,1.0,80000000.0,1.0,0.0,0.0,0.0,0.0,1500000.0,0.01875,0.04,0.04,72000000.0,72000000.0,,,1620598837,18:20:37,20210509
