,date,symbol,reportedCurrency,fillingDate,acceptedDate,period,revenue,costOfRevenue,grossProfit,grossProfitRatio,researchAndDevelopmentExpenses,generalAndAdministrativeExpenses,sellingAndMarketingExpenses,otherExpenses,operatingExpenses,costAndExpenses,interestExpense,depreciationAndAmortization,ebitda,ebitdaratio,operatingIncome,operatingIncomeRatio,totalOtherIncomeExpensesNet,incomeBeforeTax,incomeBeforeTaxRatio,incomeTaxExpense,netIncome,netIncomeRatio,eps,epsdiluted,weightedAverageShsOut,weightedAverageShsOutDil,link,finalLink,timestamp,est_time,est_date
0,2021-03-31,ATVI,USD,2021-05-04,2021-05-04 16:34:25,Q1,2275000000.0,140000000.0,2135000000.0,0.9384615384615385,0.0,282000000.0,237000000.0,30000.0,519000000.0,1480000000.0,-30000000.0,33000000.0,828000000.0,0.363956043956044,795000000.0,0.34945054945054943,30000.0,765000000.0,0.3362637362637363,146000000.0,619000000.0,0.2720879120879121,0.8007761966364813,0.7935897435897435,773000000,780000000,https://www.sec.gov/Archives/edgar/data/718877/000162828021008889/0001628280-21-008889-index.htm,https://www.sec.gov/Archives/edgar/data/718877/000162828021008889/atvi-20210331.htm,1620588906,15:35:06,20210509
1,2020-12-31,ATVI,USD,2021-02-23,2021-02-23 16:19:41,Q4,2412000000.0,817000000.0,1595000000.0,0.6612769485903814,348000000.0,255000000.0,342000000.0,-6000000.0,945000000.0,1762000000.0,27000000.0,153000000.0,803000000.0,0.33291873963515756,650000000.0,0.269485903814262,-61000000.0,563000000.0,0.23341625207296848,54000000.0,509000000.0,0.21102819237147596,0.66,0.65,773000000,780000000,https://www.sec.gov/Archives/edgar/data/718877/000162828021002828/0001628280-21-002828-index.htm,https://www.sec.gov/Archives/edgar/data/718877/000162828021002828/atvi-20201231.htm,1620588906,15:35:06,20210509
2,2020-09-30,ATVI,USD,2020-10-29,2020-10-29 16:33:48,Q3,1954000000.0,469000000.0,1485000000.0,0.7599795291709315,274000000.0,186000000.0,238000000.0,-2000000.0,698000000.0,1167000000.0,27000000.0,82000000.0,869000000.0,0.44472876151484136,787000000.0,0.40276356192425794,-39000000.0,722000000.0,0.3694984646878199,118000000.0,604000000.0,0.3091095189355169,0.7823834196891192,0.7753530166880617,772000000,779000000,https://www.sec.gov/Archives/edgar/data/718877/000162828020015105/0001628280-20-015105-index.htm,https://www.sec.gov/Archives/edgar/data/718877/000162828020015105/atvi-20200930.htm,1620588906,15:35:06,20210509
3,2020-06-30,ATVI,USD,2020-08-04,2020-08-04 17:16:09,Q2,1932000000.0,469000000.0,1463000000.0,0.7572463768115942,291000000.0,175000000.0,242000000.0,-1000000.0,708000000.0,1177000000.0,23000000.0,72000000.0,827000000.0,0.4280538302277433,755000000.0,0.39078674948240166,-7000000.0,727000000.0,0.37629399585921325,147000000.0,580000000.0,0.3002070393374741,0.7522697795071336,0.7474226804123711,771000000,776000000,https://www.sec.gov/Archives/edgar/data/718877/000162828020011664/0001628280-20-011664-index.htm,https://www.sec.gov/Archives/edgar/data/718877/000162828020011664/atvi-20200630.htm,1620588906,15:35:06,20210509
4,2020-03-31,ATVI,USD,2020-05-05 00:00:00,2020-05-05 16:31:55,Q1,1788000000.0,505000000.0,1283000000.0,0.7175615212527964,238000000.0,167000000.0,243000000.0,-1000000.0,648000000.0,1153000000.0,23000000.0,139000000.0,774000000.0,0.43288590604026844,635000000.0,0.35514541387024606,-24000000.0,604000000.0,0.3378076062639821,99000000.0,505000000.0,0.28243847874720357,0.66,0.65,769000000,774000000,https://www.sec.gov/Archives/edgar/data/718877/000162828020006454/0001628280-20-006454-index.html,https://www.sec.gov/Archives/edgar/data/718877/000162828020006454/atvi-3312020x10xq.htm,1620588906,15:35:06,20210509
5,2019-12-31,ATVI,USD,2020-02-27 00:00:00,2020-02-27 15:23:29,Q4,1986000000.0,657000000.0,1329000000.0,0.6691842900302115,296000000.0,205000000.0,346000000.0,-3000000.0,847000000.0,1504000000.0,22000000.0,144000000.0,626000000.0,0.3152064451158107,482000000.0,0.24269889224572003,-31000000.0,447000000.0,0.22507552870090636,-78000000.0,525000000.0,0.26435045317220546,0.68359375,0.6791720569210866,768000000,773000000,https://www.sec.gov/Archives/edgar/data/718877/000071887720000003/0000718877-20-000003-index.html,https://www.sec.gov/Archives/edgar/data/718877/000071887720000003/atvi-12312019x10xk.htm,1620588906,15:35:06,20210509
6,2019-09-30,ATVI,USD,2019-11-07 00:00:00,2019-11-07 16:50:01,Q3,1282000000.0,442000000.0,840000000.0,0.6552262090483619,210000000.0,177000000.0,182000000.0,5000000.0,569000000.0,1011000000.0,23000000.0,90000000.0,361000000.0,0.28159126365054604,271000000.0,0.21138845553822153,-19000000.0,249000000.0,0.19422776911076442,45000000.0,204000000.0,0.15912636505460218,0.27,0.26,767000000,771000000,https://www.sec.gov/Archives/edgar/data/718877/000071887719000021/0000718877-19-000021-index.html,https://www.sec.gov/Archives/edgar/data/718877/000071887719000021/atvi-9302019x10xq.htm,1620588906,15:35:06,20210509
7,2019-06-30,ATVI,USD,2019-08-08,2019-08-08 16:32:39,Q2,1396000000.0,433000000.0,963000000.0,0.6898280802292264,244000000.0,170000000.0,191000000.0,0.0,605000000.0,1038000000.0,23000000.0,128000000.0,486000000.0,0.34813753581661894,358000000.0,0.25644699140401145,16000000.0,370000000.0,0.26504297994269344,42000000.0,328000000.0,0.2349570200573066,0.4281984334203655,0.42597402597402595,766000000,770000000,https://www.sec.gov/Archives/edgar/data/718877/000071887719000015/atvi-6302019x10xq.htm,https://www.sec.gov/Archives/edgar/data/718877/000071887719000015/atvi-6302019x10xq.htm,1620588906,15:35:06,20210509
8,2019-03-31,ATVI,USD,2019-05-02 00:00:00,2019-05-02 17:06:17,Q1,1825000000.0,563000000.0,1262000000.0,0.6915068493150685,249000000.0,179000000.0,207000000.0,0.0,635000000.0,1198000000.0,0.0,191000000.0,818000000.0,0.4482191780821918,627000000.0,0.34356164383561644,-57000000.0,567000000.0,0.31068493150684934,120000000.0,447000000.0,0.24493150684931506,0.5850785340314136,0.5805194805194805,764000000,770000000,https://www.sec.gov/Archives/edgar/data/718877/000071887719000004/0000718877-19-000004-index.html,https://www.sec.gov/Archives/edgar/data/718877/000071887719000004/atvi-3312019x10xq.htm,1620588906,15:35:06,20210509
9,2018-12-31,ATVI,USD,2019-02-28 00:00:00,2019-02-28 16:25:21,Q4,2381000000.0,832000000.0,1549000000.0,0.6505669886602268,325000000.0,209000000.0,321000000.0,0.0,855000000.0,1687000000.0,0.0,375000000.0,1069000000.0,0.44897102057958843,694000000.0,0.2914741705165897,0.0,690000000.0,0.28979420411591766,39000000.0,651000000.0,0.2734145317093658,0.85,0.84,763000000,771000000,https://www.sec.gov/Archives/edgar/data/718877/000104746919000788/0001047469-19-000788-index.html,https://www.sec.gov/Archives/edgar/data/718877/000104746919000788/a2237840z10-k.htm,1620588906,15:35:06,20210509
10,2018-09-30,ATVI,USD,2018-11-08 00:00:00,2018-11-08 16:41:12,Q3,1512000000.0,513000000.0,999000000.0,0.6607142857142857,263000000.0,208000000.0,263000000.0,0.0,734000000.0,1247000000.0,0.0,150000000.0,415000000.0,0.2744708994708995,265000000.0,0.17526455026455026,-40000000.0,212000000.0,0.1402116402116402,-48000000.0,260000000.0,0.17195767195767195,0.34076015727391873,0.33722438391699094,763000000,771000000,https://www.sec.gov/Archives/edgar/data/718877/000110465918067000/0001104659-18-067000-index.html,https://www.sec.gov/Archives/edgar/data/718877/000110465918067000/a18-19034_110q.htm,1620588906,15:35:06,20210509
11,2018-06-30,ATVI,USD,2018-08-02 00:00:00,2018-08-02 17:22:13,Q2,1641000000.0,510000000.0,1131000000.0,0.6892138939670932,255000000.0,216000000.0,226000000.0,0.0,697000000.0,1207000000.0,0.0,168000000.0,602000000.0,0.3668494820231566,434000000.0,0.2644728823887873,0.0,408000000.0,0.24862888482632542,6000000.0,402000000.0,0.2449725776965265,0.53,0.52,761000000,770000000,https://www.sec.gov/Archives/edgar/data/718877/000110465918049238/0001104659-18-049238-index.html,https://www.sec.gov/Archives/edgar/data/718877/000110465918049238/a18-14094_110q.htm,1620588906,15:35:06,20210509
12,2018-03-31,ATVI,USD,2018-05-03 00:00:00,2018-05-03 16:46:29,Q1,1965000000.0,662000000.0,1303000000.0,0.6631043256997455,259000000.0,198000000.0,251000000.0,0.0,708000000.0,1370000000.0,0.0,305000000.0,900000000.0,0.4580152671755725,595000000.0,0.30279898218829515,0.0,567000000.0,0.2885496183206107,67000000.0,500000000.0,0.2544529262086514,0.66,0.65,759000000,770000000,https://www.sec.gov/Archives/edgar/data/718877/000110465918030305/0001104659-18-030305-index.html,https://www.sec.gov/Archives/edgar/data/718877/000110465918030305/a18-8669_110q.htm,1620588906,15:35:06,20210509
13,2017-12-31,ATVI,USD,2018-02-27 00:00:00,2018-02-27 16:43:26,Q4,2043000000.0,803000000.0,1240000000.0,0.6069505628976994,319000000.0,221000000.0,479000000.0,0.0,1019000000.0,1822000000.0,0.0,327000000.0,548000000.0,0.26823299069995105,221000000.0,0.10817425354870289,0.0,184000000.0,0.09006363191385218,769000000.0,-585000000.0,-0.28634361233480177,-0.77,-0.77,757000000,757000000,https://www.sec.gov/Archives/edgar/data/718877/000104746918001114/0001047469-18-001114-index.html,https://www.sec.gov/Archives/edgar/data/718877/000104746918001114/a2234634z10-k.htm,1620588906,15:35:06,20210509
14,2017-09-30,ATVI,USD,2017-11-02 00:00:00,2017-11-02 16:55:58,Q3,1618000000.0,552000000.0,1066000000.0,0.6588380716934487,273000000.0,191000000.0,345000000.0,0.0,809000000.0,1361000000.0,0.0,254000000.0,511000000.0,0.3158220024721879,257000000.0,0.1588380716934487,0.0,220000000.0,0.13597033374536466,32000000.0,188000000.0,0.1161928306551298,0.24900662251655628,0.2454308093994778,755000000,766000000,https://www.sec.gov/Archives/edgar/data/718877/000110465917065731/0001104659-17-065731-index.html,https://www.sec.gov/Archives/edgar/data/718877/000110465917065731/a17-20649_110q.htm,1620588906,15:35:06,20210509
15,2017-06-30,ATVI,USD,2017-08-03 00:00:00,2017-08-03 16:53:56,Q2,1631000000.0,561000000.0,1070000000.0,0.6560392397302268,252000000.0,171000000.0,308000000.0,0.0,731000000.0,1292000000.0,0.0,305000000.0,644000000.0,0.3948497854077253,339000000.0,0.20784794604537093,0.0,293000000.0,0.17964438994481913,50000000.0,243000000.0,0.1489883507050889,0.3222811671087533,0.3180628272251309,754000000,764000000,https://www.sec.gov/Archives/edgar/data/718877/000110465917049333/0001104659-17-049333-index.html,https://www.sec.gov/Archives/edgar/data/718877/000110465917049333/a17-13370_110q.htm,1620588906,15:35:06,20210509
16,2017-03-31,ATVI,USD,2017-05-04 00:00:00,2017-05-04 16:37:46,Q1,1726000000.0,585000000.0,1141000000.0,0.6610660486674391,225000000.0,177000000.0,246000000.0,0.0,648000000.0,1233000000.0,0.0,313000000.0,806000000.0,0.46697566628041715,493000000.0,0.28563151796060254,0.0,453000000.0,0.26245654692931636,27000000.0,426000000.0,0.24681344148319814,0.57,0.56,749000000,761000000,https://www.sec.gov/Archives/edgar/data/718877/000110465917029920/0001104659-17-029920-index.html,https://www.sec.gov/Archives/edgar/data/718877/000110465917029920/a17-8921_110q.htm,1620588906,15:35:06,20210509
17,2016-12-31,ATVI,USD,2017-02-28 00:00:00,2017-02-28 17:25:26,Q4,2014000000.0,776000000.0,1238000000.0,0.6146971201588878,285000000.0,148000000.0,380000000.0,0.0,813000000.0,1589000000.0,0.0,318000000.0,743000000.0,0.3689175769612711,425000000.0,0.21102284011916583,-82000000.0,300000000.0,0.14895729890764647,47000000.0,253000000.0,0.1256206554121152,0.34,0.33,744000000,757000000,https://www.sec.gov/Archives/edgar/data/718877/000104746917001072/0001047469-17-001072-index.html,https://www.sec.gov/Archives/edgar/data/718877/000104746917001072/a2230993z10-k.htm,1620588906,15:35:06,20210509
18,2016-09-30,ATVI,USD,2016-11-04 00:00:00,2016-11-03 20:00:04,Q3,1568000000.0,529000000.0,1039000000.0,0.6626275510204082,249000000.0,156000000.0,340000000.0,0.0,745000000.0,1274000000.0,0.0,226000000.0,520000000.0,0.33163265306122447,294000000.0,0.1875,0.0,231000000.0,0.14732142857142858,32000000.0,199000000.0,0.12691326530612246,0.27,0.26,742000000,756000000,https://www.sec.gov/Archives/edgar/data/718877/000110465916154713/0001104659-16-154713-index.html,https://www.sec.gov/Archives/edgar/data/718877/000110465916154713/a16-17256_110q.htm,1620588906,15:35:06,20210509
19,2016-06-30,ATVI,USD,2016-08-04 00:00:00,2016-08-04 17:24:40,Q2,1570000000.0,598000000.0,972000000.0,0.619108280254777,249000000.0,169000000.0,322000000.0,0.0,740000000.0,1338000000.0,0.0,349000000.0,581000000.0,0.3700636942675159,232000000.0,0.14777070063694267,0.0,167000000.0,0.10636942675159236,40000000.0,127000000.0,0.08089171974522293,0.17185385656292287,0.16933333333333334,739000000,750000000,https://www.sec.gov/Archives/edgar/data/718877/000110465916137102/0001104659-16-137102-index.html,https://www.sec.gov/Archives/edgar/data/718877/000110465916137102/a16-16083_110q.htm,1620588906,15:35:06,20210509
20,2016-03-31,ATVI,USD,2016-05-09 00:00:00,2016-05-09 16:45:32,Q1,1455000000.0,491000000.0,964000000.0,0.6625429553264605,175000000.0,160000000.0,168000000.0,0.0,503000000.0,994000000.0,0.0,257000000.0,718000000.0,0.4934707903780069,461000000.0,0.3168384879725086,0.0,409000000.0,0.2810996563573883,73000000.0,336000000.0,0.2309278350515464,0.45714285714285713,0.450402144772118,735000000,746000000,https://www.sec.gov/Archives/edgar/data/718877/000110465916119270/0001104659-16-119270-index.html,https://www.sec.gov/Archives/edgar/data/718877/000110465916119270/a16-6657_110q.htm,1620588906,15:35:06,20210509
21,2015-12-31,ATVI,USD,2016-02-29 00:00:00,2016-02-29 16:31:30,Q4,1352000000.0,538000000.0,814000000.0,0.6020710059171598,193000000.0,83000000.0,289000000.0,0.0,565000000.0,1103000000.0,0.0,126000000.0,375000000.0,0.27736686390532544,249000000.0,0.1841715976331361,0.0,202000000.0,0.14940828402366865,43000000.0,159000000.0,0.11760355029585799,0.22,0.21,733000000,744000000,https://www.sec.gov/Archives/edgar/data/718877/000104746916010584/0001047469-16-010584-index.html,https://www.sec.gov/Archives/edgar/data/718877/000104746916010584/a2227483z10-k.htm,1620588906,15:35:06,20210509
22,2015-09-30,ATVI,USD,2015-11-06 00:00:00,2015-11-06 16:40:05,Q3,990000000.0,337000000.0,653000000.0,0.6595959595959596,159000000.0,109000000.0,189000000.0,0.0,457000000.0,794000000.0,0.0,103000000.0,299000000.0,0.302020202020202,196000000.0,0.19797979797979798,0.0,145000000.0,0.14646464646464646,18000000.0,127000000.0,0.12828282828282828,0.17397260273972603,0.17185385656292287,730000000,739000000,https://www.sec.gov/Archives/edgar/data/718877/000110465915076727/0001104659-15-076727-index.html,https://www.sec.gov/Archives/edgar/data/718877/000110465915076727/a15-18056_110q.htm,1620588906,15:35:06,20210509
23,2015-06-30,ATVI,USD,2015-08-04 00:00:00,2015-08-04 16:35:47,Q2,1044000000.0,297000000.0,747000000.0,0.7155172413793104,149000000.0,102000000.0,164000000.0,0.0,415000000.0,712000000.0,0.0,103000000.0,435000000.0,0.4166666666666667,332000000.0,0.31800766283524906,0.0,282000000.0,0.27011494252873564,70000000.0,212000000.0,0.20306513409961685,0.29160935350756534,0.28843537414965986,727000000,735000000,https://www.sec.gov/Archives/edgar/data/718877/000110465915055909/0001104659-15-055909-index.html,https://www.sec.gov/Archives/edgar/data/718877/000110465915055909/a15-12176_110q.htm,1620588906,15:35:06,20210509
24,2015-03-31,ATVI,USD,2015-05-06 00:00:00,2015-05-06 16:13:21,Q1,1278000000.0,413000000.0,865000000.0,0.6768388106416275,145000000.0,86000000.0,92000000.0,0.0,323000000.0,736000000.0,0.0,162000000.0,704000000.0,0.5508607198748043,542000000.0,0.4241001564945227,0.0,492000000.0,0.38497652582159625,98000000.0,394000000.0,0.3082942097026604,0.54,0.53,723000000,731000000,https://www.sec.gov/Archives/edgar/data/718877/000110465915034878/0001104659-15-034878-index.html,https://www.sec.gov/Archives/edgar/data/718877/000110465915034878/a15-8801_110q.htm,1620588906,15:35:06,20210509
25,2014-12-31,ATVI,USD,2015-02-26,2015-02-26 17:04:02,Q4,1575000000.0,631000000.0,944000000.0,0.5993650793650793,184000000.0,75000000.0,247000000.0,0.0,506000000.0,1137000000.0,0.0,154000000.0,592000000.0,0.37587301587301586,438000000.0,0.2780952380952381,0.0,388000000.0,0.24634920634920635,27000000.0,361000000.0,0.22920634920634922,0.5013888888888889,0.49519890260631,720000000,729000000,https://www.sec.gov/Archives/edgar/data/718877/000104746915001298/a2223239z10-k.htm,https://www.sec.gov/Archives/edgar/data/718877/000104746915001298/a2223239z10-k.htm,1620588906,15:35:06,20210509
26,2014-09-30,ATVI,USD,2014-11-04 00:00:00,2014-11-04 16:44:22,Q3,753000000.0,253000000.0,500000000.0,0.6640106241699867,131000000.0,140000000.0,221000000.0,0.0,492000000.0,745000000.0,0.0,57000000.0,65000000.0,0.08632138114209828,8000000.0,0.010624169986719787,0.0,-43000000.0,-0.057104913678618856,-20000000.0,-23000000.0,-0.03054448871181939,-0.03,-0.03,718000000,718000000,https://www.sec.gov/Archives/edgar/data/718877/000110465914076552/0001104659-14-076552-index.html,https://www.sec.gov/Archives/edgar/data/718877/000110465914076552/a14-19826_110q.htm,1620588906,15:35:06,20210509
27,2014-06-30,ATVI,USD,2014-08-05 00:00:00,2014-08-05 17:15:52,Q2,970000000.0,300000000.0,670000000.0,0.6907216494845361,112000000.0,107000000.0,141000000.0,0.0,360000000.0,660000000.0,0.0,65000000.0,375000000.0,0.3865979381443299,310000000.0,0.31958762886597936,0.0,260000000.0,0.26804123711340205,56000000.0,204000000.0,0.21030927835051547,0.2849162011173184,0.2813793103448276,716000000,725000000,https://www.sec.gov/Archives/edgar/data/718877/000110465914057005/0001104659-14-057005-index.html,https://www.sec.gov/Archives/edgar/data/718877/000110465914057005/a14-14115_110q.htm,1620588906,15:35:06,20210509
28,2014-03-31,ATVI,USD,2014-05-06 00:00:00,2014-05-06 16:17:05,Q1,1111000000.0,342000000.0,769000000.0,0.6921692169216922,143000000.0,95000000.0,104000000.0,0.0,342000000.0,684000000.0,0.0,70000000.0,497000000.0,0.44734473447344736,427000000.0,0.38433843384338434,0.0,376000000.0,0.3384338433843384,83000000.0,293000000.0,0.26372637263726373,0.4132581100141044,0.40694444444444444,709000000,720000000,https://www.sec.gov/Archives/edgar/data/718877/000110465914035223/0001104659-14-035223-index.html,https://www.sec.gov/Archives/edgar/data/718877/000110465914035223/a14-9708_110q.htm,1620588906,15:35:06,20210509
29,2013-12-31,ATVI,USD,2014-03-03,2014-03-03 16:34:13,Q4,1518000000.0,654000000.0,864000000.0,0.5691699604743083,197000000.0,143000000.0,239000000.0,0.0,579000000.0,1233000000.0,0.0,107000000.0,392000000.0,0.25823451910408435,285000000.0,0.18774703557312253,0.0,233000000.0,0.15349143610013175,60000000.0,173000000.0,0.11396574440052701,0.23,0.22,745000000,757000000,https://www.sec.gov/Archives/edgar/data/718877/000104746914001688/a2218641z10-k.htm,https://www.sec.gov/Archives/edgar/data/718877/000104746914001688/a2218641z10-k.htm,1620588906,15:35:06,20210509
30,2013-09-30,ATVI,USD,2013-11-06 00:00:00,2013-11-06 16:31:50,Q3,691000000.0,175000000.0,516000000.0,0.7467438494934877,140000000.0,162000000.0,144000000.0,0.0,446000000.0,621000000.0,0.0,35000000.0,105000000.0,0.15195369030390737,70000000.0,0.10130246020260492,0.0,66000000.0,0.0955137481910275,10000000.0,56000000.0,0.08104196816208394,0.049910873440285206,0.04938271604938271,1122000000,1134000000,https://www.sec.gov/Archives/edgar/data/718877/000110465913081725/0001104659-13-081725-index.html,https://www.sec.gov/Archives/edgar/data/718877/000110465913081725/a13-19735_110q.htm,1620588906,15:35:06,20210509
31,2013-06-30,ATVI,USD,2013-08-01 00:00:00,2013-08-01 16:16:51,Q2,1050000000.0,285000000.0,765000000.0,0.7285714285714285,123000000.0,96000000.0,116000000.0,0.0,335000000.0,620000000.0,0.0,66000000.0,496000000.0,0.4723809523809524,430000000.0,0.4095238095238095,0.0,430000000.0,0.4095238095238095,106000000.0,324000000.0,0.30857142857142855,0.2898032200357782,0.28748890860692106,1118000000,1127000000,https://www.sec.gov/Archives/edgar/data/718877/000110465913058963/0001104659-13-058963-index.html,https://www.sec.gov/Archives/edgar/data/718877/000110465913058963/a13-13893_110q.htm,1620588906,15:35:06,20210509
32,2013-03-31,ATVI,USD,2013-05-08 00:00:00,2013-05-08 16:18:49,Q1,1324000000.0,416000000.0,908000000.0,0.6858006042296072,125000000.0,89000000.0,107000000.0,0.0,321000000.0,737000000.0,0.0,107000000.0,694000000.0,0.5241691842900302,587000000.0,0.4433534743202417,2000000.0,589000000.0,0.44486404833836857,133000000.0,456000000.0,0.34441087613293053,0.40970350404312667,0.40714285714285714,1113000000,1120000000,https://www.sec.gov/Archives/edgar/data/718877/000110465913038868/0001104659-13-038868-index.html,https://www.sec.gov/Archives/edgar/data/718877/000110465913038868/a13-8588_110q.htm,1620588906,15:35:06,20210509
33,2012-12-31,ATVI,USD,2013-02-22 00:00:00,2013-02-22 16:38:44,Q4,1768000000.0,707000000.0,1061000000.0,0.6001131221719457,197000000.0,148000000.0,232000000.0,0.0,577000000.0,1284000000.0,0.0,136000000.0,620000000.0,0.3506787330316742,484000000.0,0.2737556561085973,-2000000.0,487000000.0,0.2754524886877828,133000000.0,354000000.0,0.2002262443438914,0.31863186318631864,0.31748878923766816,1111000000,1115000000,https://www.sec.gov/Archives/edgar/data/718877/000104746913001506/0001047469-13-001506-index.html,https://www.sec.gov/Archives/edgar/data/718877/000104746913001506/a2213119z10-k.htm,1620588906,15:35:06,20210509
34,2012-09-30,ATVI,USD,2012-11-07 00:00:00,2012-11-07 16:13:42,Q3,841000000.0,231000000.0,610000000.0,0.7253269916765755,131000000.0,121000000.0,131000000.0,0.0,383000000.0,614000000.0,0.0,45000000.0,272000000.0,0.3234244946492271,227000000.0,0.2699167657550535,1000000.0,228000000.0,0.27110582639714625,2000000.0,226000000.0,0.26872770511296074,0.2037871956717764,0.20287253141831238,1109000000,1114000000,https://www.sec.gov/Archives/edgar/data/718877/000110465912075353/0001104659-12-075353-index.html,https://www.sec.gov/Archives/edgar/data/718877/000110465912075353/a12-20104_110q.htm,1620588906,15:35:06,20210509
35,2012-06-30,ATVI,USD,2012-08-02 00:00:00,2012-08-02 16:26:58,Q2,1075000000.0,370000000.0,705000000.0,0.6558139534883721,152000000.0,190000000.0,136000000.0,0.0,478000000.0,848000000.0,0.0,94000000.0,321000000.0,0.2986046511627907,227000000.0,0.2111627906976744,2000000.0,229000000.0,0.21302325581395348,44000000.0,185000000.0,0.17209302325581396,0.16681695220919748,0.16591928251121077,1109000000,1115000000,https://www.sec.gov/Archives/edgar/data/718877/000110465912053747/0001104659-12-053747-index.html,https://www.sec.gov/Archives/edgar/data/718877/000110465912053747/a12-13992_110q.htm,1620588906,15:35:06,20210509
36,2012-03-31,ATVI,USD,2012-05-09,2012-05-09 17:06:23,Q1,1172000000.0,354000000.0,818000000.0,0.6979522184300341,124000000.0,102000000.0,79000000.0,0.0,305000000.0,659000000.0,0.0,53000000.0,566000000.0,0.48293515358361777,513000000.0,0.4377133105802048,1000000.0,514000000.0,0.43856655290102387,130000000.0,384000000.0,0.32764505119453924,0.34,0.33,1120000000,1127000000,https://www.sec.gov/Archives/edgar/data/718877/000104746912001775/a2207405z10-k.htm,https://www.sec.gov/Archives/edgar/data/718877/000104746912001775/a2207405z10-k.htm,1620588906,15:35:06,20210509
37,2011-12-31,ATVI,USD,2012-02-28 00:00:00,2012-02-28 16:44:53,Q4,1407000000.0,722000000.0,685000000.0,0.48685145700071075,256000000.0,123000000.0,281000000.0,0.0,660000000.0,1382000000.0,0.0,207000000.0,232000000.0,0.1648898365316276,25000000.0,0.017768301350390904,-15000000.0,20000000.0,0.014214641080312722,-79000000.0,99000000.0,0.07036247334754797,0.09,0.08,1139000000,1147000000,https://www.sec.gov/Archives/edgar/data/718877/000104746912001775/0001047469-12-001775-index.html,https://www.sec.gov/Archives/edgar/data/718877/000104746912001775/a2207405z10-k.htm,1620588906,15:35:06,20210509
38,2011-09-30,ATVI,USD,2011-11-09 00:00:00,2011-11-08 18:02:39,Q3,754000000.0,237000000.0,517000000.0,0.6856763925729443,133000000.0,104000000.0,115000000.0,0.0,352000000.0,589000000.0,0.0,52000000.0,217000000.0,0.28779840848806365,165000000.0,0.21883289124668434,0.0,165000000.0,0.21883289124668434,17000000.0,148000000.0,0.1962864721485411,0.12982456140350876,0.1289198606271777,1140000000,1148000000,https://www.sec.gov/Archives/edgar/data/718877/000110465911062236/0001104659-11-062236-index.html,https://www.sec.gov/Archives/edgar/data/718877/000110465911062236/a11-28201_110q.htm,1620588906,15:35:06,20210509
39,2011-06-30,ATVI,USD,2011-08-05 00:00:00,2011-08-05 16:20:59,Q2,1146000000.0,343000000.0,803000000.0,0.7006980802792321,116000000.0,127000000.0,90000000.0,0.0,333000000.0,676000000.0,0.0,81000000.0,551000000.0,0.48080279232111695,470000000.0,0.41012216404886565,-1000000.0,469000000.0,0.40924956369982546,134000000.0,335000000.0,0.29232111692844676,0.2936021034180543,0.29130434782608694,1141000000,1150000000,https://www.sec.gov/Archives/edgar/data/718877/000110465911044296/0001104659-11-044296-index.html,https://www.sec.gov/Archives/edgar/data/718877/000110465911044296/a11-14140_110q.htm,1620588906,15:35:06,20210509
40,2011-03-31,ATVI,USD,2011-05-09 00:00:00,2011-05-09 16:26:34,Q1,1449000000.0,452000000.0,997000000.0,0.6880607315389924,142000000.0,98000000.0,64000000.0,0.0,304000000.0,756000000.0,0.0,95000000.0,788000000.0,0.5438233264320221,693000000.0,0.4782608695652174,-17000000.0,676000000.0,0.4665286404416839,173000000.0,503000000.0,0.347135955831608,0.4288150042625746,0.42554991539763115,1173000000,1182000000,https://www.sec.gov/Archives/edgar/data/718877/000110465911027381/0001104659-11-027381-index.html,https://www.sec.gov/Archives/edgar/data/718877/000110465911027381/a11-9595_110q.htm,1620588906,15:35:06,20210509
41,2010-12-31,ATVI,USD,2011-02-25,2011-02-25 16:32:15,Q4,1428000000.0,877000000.0,551000000.0,0.3858543417366947,276000000.0,119000000.0,226000000.0,0.0,621000000.0,1498000000.0,0.0,238000000.0,168000000.0,0.11764705882352941,-70000000.0,-0.049019607843137254,-321000000.0,-388000000.0,-0.27170868347338933,-155000000.0,-233000000.0,-0.16316526610644258,-0.19863597612958228,-0.19863597612958228,1173000000,1173000000,https://www.sec.gov/Archives/edgar/data/718877/000104746911001413/a2202068z10-k.htm,https://www.sec.gov/Archives/edgar/data/718877/000104746911001413/a2202068z10-k.htm,1620588906,15:35:06,20210509
42,2010-09-30,ATVI,USD,2010-11-05 00:00:00,2010-11-05 16:29:07,Q3,745000000.0,349000000.0,396000000.0,0.5315436241610738,118000000.0,113000000.0,110000000.0,0.0,341000000.0,690000000.0,0.0,78000000.0,133000000.0,0.17852348993288591,55000000.0,0.0738255033557047,14000000.0,69000000.0,0.09261744966442953,18000000.0,51000000.0,0.06845637583892618,0.04207920792079208,0.04156479217603912,1212000000,1227000000,https://www.sec.gov/Archives/edgar/data/718877/000110465910056564/0001104659-10-056564-index.html,https://www.sec.gov/Archives/edgar/data/718877/000110465910056564/a10-20489_110q.htm,1620588906,15:35:06,20210509
43,2010-06-30,ATVI,USD,2010-08-06 00:00:00,2010-08-06 16:16:45,Q2,967000000.0,367000000.0,600000000.0,0.6204756980351603,104000000.0,70000000.0,126000000.0,0.0,300000000.0,667000000.0,0.0,80000000.0,380000000.0,0.3929679420889349,300000000.0,0.31023784901758017,1000000.0,301000000.0,0.3112719751809721,82000000.0,219000000.0,0.2264736297828335,0.18,0.17,1232000000,1248000000,https://www.sec.gov/Archives/edgar/data/718877/000110465910042753/0001104659-10-042753-index.html,https://www.sec.gov/Archives/edgar/data/718877/000110465910042753/a10-12431_110q.htm,1620588906,15:35:06,20210509
44,2010-03-31,ATVI,USD,2010-05-07 00:00:00,2010-05-07 16:24:36,Q1,1308000000.0,533000000.0,775000000.0,0.5925076452599388,143000000.0,65000000.0,56000000.0,0.0,264000000.0,797000000.0,0.0,121000000.0,632000000.0,0.4831804281345566,511000000.0,0.39067278287461776,0.0,511000000.0,0.39067278287461776,130000000.0,381000000.0,0.29128440366972475,0.30528846153846156,0.3014240506329114,1248000000,1264000000,https://www.sec.gov/Archives/edgar/data/718877/000110465910026898/0001104659-10-026898-index.html,https://www.sec.gov/Archives/edgar/data/718877/000110465910026898/a10-5736_110q.htm,1620588906,15:35:06,20210509
45,2009-12-31,ATVI,USD,2010-03-01 00:00:00,2010-03-01 16:18:30,Q4,1557000000.0,1012000000.0,545000000.0,0.3500321130378934,265000000.0,94000000.0,215000000.0,0.0,574000000.0,1586000000.0,1000000.0,249000000.0,220000000.0,0.14129736673089274,-29000000.0,-0.018625561978163133,-411000000.0,-435000000.0,-0.279383429672447,-149000000.0,-286000000.0,-0.18368657675016056,-0.22916666666666666,-0.22916666666666666,1248000000,1248000000,https://www.sec.gov/Archives/edgar/data/718877/000104746910001649/0001047469-10-001649-index.html,https://www.sec.gov/Archives/edgar/data/718877/000104746910001649/a2196314z10-k.htm,1620588906,15:35:06,20210509
46,2009-09-30,ATVI,USD,2009-11-06 00:00:00,2009-11-06 16:08:44,Q3,703000000.0,339000000.0,364000000.0,0.5177809388335705,122000000.0,106000000.0,128000000.0,0.0,356000000.0,695000000.0,1000000.0,96000000.0,104000000.0,0.14793741109530584,8000000.0,0.011379800853485065,9000000.0,20000000.0,0.02844950213371266,5000000.0,15000000.0,0.021337126600284494,0.011801730920535013,0.01156515034695451,1271000000,1297000000,https://www.sec.gov/Archives/edgar/data/718877/000110465909063352/0001104659-09-063352-index.html,https://www.sec.gov/Archives/edgar/data/718877/000110465909063352/a09-30759_110q.htm,1620588906,15:35:06,20210509
47,2009-06-30,ATVI,USD,2009-08-07 00:00:00,2009-08-07 16:12:35,Q2,1038000000.0,472000000.0,566000000.0,0.5452793834296724,123000000.0,92000000.0,118000000.0,0.0,333000000.0,805000000.0,0.0,146000000.0,379000000.0,0.3651252408477842,233000000.0,0.22447013487475914,-15000000.0,218000000.0,0.21001926782273603,23000000.0,195000000.0,0.18786127167630057,0.15128006206361522,0.1463963963963964,1289000000,1332000000,https://www.sec.gov/Archives/edgar/data/718877/000110465909048234/0001104659-09-048234-index.html,https://www.sec.gov/Archives/edgar/data/718877/000110465909048234/a09-14410_110q.htm,1620588906,15:35:06,20210509
48,2009-03-31,ATVI,USD,2009-05-08 00:00:00,2009-05-08 16:18:13,Q1,981000000.0,484000000.0,497000000.0,0.5066258919469928,117000000.0,103000000.0,83000000.0,0.0,303000000.0,787000000.0,0.0,137000000.0,331000000.0,0.33741080530071355,194000000.0,0.19775739041794088,-5000000.0,189000000.0,0.1926605504587156,0.0,189000000.0,0.1926605504587156,0.1444954128440367,0.1390728476821192,1308000000,1359000000,https://www.sec.gov/Archives/edgar/data/718877/000110465909031052/0001104659-09-031052-index.html,https://www.sec.gov/Archives/edgar/data/718877/000110465909031052/a09-11498_110q.htm,1620588906,15:35:06,20210509
49,2008-12-31,ATVI,USD,2009-02-27 00:00:00,2009-02-27 17:17:43,Q4,1639000000.0,1233000000.0,406000000.0,0.24771201952410007,178000000.0,343000000.0,0.0,0.0,521000000.0,1754000000.0,0.0,297000000.0,182000000.0,0.11104331909701037,-115000000.0,-0.0701647345942648,-25000000.0,-129000000.0,-0.0787065283709579,-58000000.0,-71000000.0,-0.043319097010372176,-0.054281345565749234,-0.054281345565749234,1308000000,1308000000,https://www.sec.gov/Archives/edgar/data/718877/000104746909002015/0001047469-09-002015-index.html,https://www.sec.gov/Archives/edgar/data/718877/000104746909002015/a2190811z10-k.htm,1620588906,15:35:06,20210509
50,2008-09-30,ATVI,USD,2008-11-10 00:00:00,2008-11-10 17:28:20,Q3,711000000.0,408000000.0,303000000.0,0.42616033755274263,200000000.0,236000000.0,0.0,0.0,436000000.0,844000000.0,0.0,188000000.0,55000000.0,0.07735583684950774,-133000000.0,-0.18706047819971872,-54000000.0,-170000000.0,-0.2390998593530239,-62000000.0,-108000000.0,-0.1518987341772152,-0.08,-0.08,1271000000,1271000000,https://www.sec.gov/Archives/edgar/data/718877/000110465908069837/0001104659-08-069837-index.html,https://www.sec.gov/Archives/edgar/data/718877/000110465908069837/a08-25885_110q.htm,1620588906,15:35:06,20210509
51,2008-06-30,ATVI,USD,2008-08-08 00:00:00,2008-08-07 18:42:53,Q2,654203000.0,380174000.0,274029000.0,0.41887456951435564,50040000.0,143854000.0,0.0,0.0,193894000.0,574068000.0,0.0,30188000.0,110323000.0,0.16863725785421343,80135000.0,0.12249255964891631,0.0,91083000.0,0.1392274263493136,32068000.0,59015000.0,0.09020900240445244,0.1,0.09,592646000,646972000,https://www.sec.gov/Archives/edgar/data/718877/000110465908050976/0001104659-08-050976-index.html,https://www.sec.gov/Archives/edgar/data/718877/000110465908050976/a08-20932_110q.htm,1620588906,15:35:06,20210509
52,2008-03-31,ATVI,USD,2008-05-30 00:00:00,2008-05-30 17:10:38,Q1,602451000.0,350229000.0,252222000.0,0.4186597748198609,79052000.0,118637000.0,0.0,0.0,197689000.0,547918000.0,0.0,35449000.0,89982000.0,0.14935986495167242,54533000.0,0.09051856499532743,1101000.0,70075000.0,0.1163165137081688,25912000.0,44163000.0,0.07330554684115388,0.07451834653401862,0.07451834653401862,592646000,592646000,https://www.sec.gov/Archives/edgar/data/718877/000104746908007085/0001047469-08-007085-index.html,https://www.sec.gov/Archives/edgar/data/718877/000104746908007085/a2185924z10-k.htm,1620588906,15:35:06,20210509
53,2007-12-31,ATVI,USD,2008-02-11,2008-02-11 15:31:20,Q4,1482484000.0,762290000.0,720194000.0,0.4858022076460859,124501000.0,191159000.0,0.0,0.0,315660000.0,1077950000.0,0.0,92653000.0,497187000.0,0.33537427722660074,404534000.0,0.27287579494955766,2000.0,416552000.0,0.28098245916987974,144356000.0,272196000.0,0.18360805243092,0.465,0.43,582352000,632944000,https://www.sec.gov/Archives/edgar/data/718877/000110465908008944/a08-4932_110q.htm,https://www.sec.gov/Archives/edgar/data/718877/000110465908008944/a08-4932_110q.htm,1620588906,15:35:06,20210509
54,2007-09-30,ATVI,USD,2007-11-07 00:00:00,2007-11-07 16:59:24,Q3,317746000.0,204956000.0,112790000.0,0.3549690633399004,33085000.0,89250000.0,0.0,0.0,122335000.0,327291000.0,0.0,29054000.0,19509000.0,0.061398097851743216,-9545000.0,-0.03003971725843913,0.0,2587000.0,0.008141723263235414,1889000.0,698000.0,0.0021967231688203785,0.001214694673093991,0.0011140798626074577,574630000,626526000,https://www.sec.gov/Archives/edgar/data/718877/000110465907080748/0001104659-07-080748-index.html,https://www.sec.gov/Archives/edgar/data/718877/000110465907080748/a07-26061_110q.htm,1620588906,15:35:06,20210509
55,2007-06-30,ATVI,USD,2007-08-07 00:00:00,2007-08-07 16:39:24,Q2,495455000.0,327960000.0,167495000.0,0.33806299260275907,32897000.0,104506000.0,0.0,0.0,137403000.0,465363000.0,0.0,86391000.0,116483000.0,0.23510308706138802,30092000.0,0.06073609106780636,0.0,41654000.0,0.08407221644750784,13828000.0,27826000.0,0.05616251728209424,0.05,0.045,567126000,623986000,https://www.sec.gov/Archives/edgar/data/718877/000110465907059722/0001104659-07-059722-index.html,https://www.sec.gov/Archives/edgar/data/718877/000110465907059722/a07-21150_110q.htm,1620588906,15:35:06,20210509
56,2007-03-31,ATVI,USD,2007-06-07 00:00:00,2007-06-07 06:06:06,Q1,312512000.0,216007000.0,96505000.0,0.30880414192095024,44678000.0,80941000.0,0.0,0.0,125619000.0,341626000.0,0.0,56472000.0,27358000.0,0.08754223837804628,-29114000.0,-0.09316122260905181,-2000.0,-18467000.0,-0.059092130862174894,-4045000.0,-14422000.0,-0.04614862789268892,-0.02542997499673794,-0.02542997499673794,567126000,567126000,https://www.sec.gov/Archives/edgar/data/718877/000110465907045948/0001104659-07-045948-index.html,https://www.sec.gov/Archives/edgar/data/718877/000110465907045948/a07-16061_310q.htm,1620588906,15:35:06,20210509
57,2006-12-31,ATVI,USD,2007-06-07,2007-06-07 06:06:06,Q4,824259000.0,483180000.0,341079000.0,0.4138007592273788,37162000.0,130797000.0,0.0,0.0,167959000.0,651139000.0,0.0,55859000.0,228979000.0,0.27779981777572343,173120000.0,0.21003107033104887,1823000.0,182844000.0,0.2218283330846251,40024000.0,142820000.0,0.17327078017953096,0.255,0.23,565024000,614350000,https://www.sec.gov/Archives/edgar/data/718877/000110465907045948/a07-16061_310q.htm,https://www.sec.gov/Archives/edgar/data/718877/000110465907045948/a07-16061_310q.htm,1620588906,15:35:06,20210509
58,2006-09-30,ATVI,USD,2007-06-07,2007-06-07 06:03:05,Q3,188172000.0,141078000.0,47094000.0,0.25027102863337797,25608000.0,58896000.0,0.0,0.0,84504000.0,225582000.0,0.0,9241000.0,-28169000.0,-0.14969814850243393,-37410000.0,-0.19880747401313692,0.0,-29378000.0,-0.1561231213995706,-5076000.0,-24302000.0,-0.1291478009480688,-0.045,-0.045,561254000,561254000,https://www.sec.gov/Archives/edgar/data/718877/000110465907045944/a07-16061_210q.htm,https://www.sec.gov/Archives/edgar/data/718877/000110465907045944/a07-16061_210q.htm,1620588906,15:35:06,20210509
59,2006-06-30,ATVI,USD,2006-08-08,2006-08-08 16:24:43,Q2,188069000.0,137789000.0,50280000.0,0.2673486858546597,25422000.0,57644000.0,0.0,0.0,83066000.0,220855000.0,0.0,25561000.0,-7225000.0,-0.03841675129872547,-32786000.0,-0.174329634336334,2000.0,-24511000.0,-0.13032982575544083,-6685000.0,-17826000.0,-0.09478436105897303,-0.03,-0.03,556670000,556670000,https://www.sec.gov/Archives/edgar/data/718877/000110465906040913/a06-9724_110k.htm,https://www.sec.gov/Archives/edgar/data/718877/000110465906040913/a06-9724_110k.htm,1620588906,15:35:06,20210509
60,2006-03-31,ATVI,USD,2006-06-09,2006-06-09 16:21:24,Q1,188125000.0,128309000.0,59816000.0,0.31795880398671095,32769000.0,53162000.0,0.0,0.0,85931000.0,214240000.0,0.0,9832000.0,-16283000.0,-0.08655415282392026,-26115000.0,-0.1388172757475083,2000.0,-18325000.0,-0.09740863787375416,-9106000.0,-9219000.0,-0.0490046511627907,-0.01656097867677439,-0.01656097867677439,556670000,556670000,https://www.sec.gov/Archives/edgar/data/718877/000110465906040913/a06-9724_110k.htm,https://www.sec.gov/Archives/edgar/data/718877/000110465906040913/a06-9724_110k.htm,1620588906,15:35:06,20210509
61,2005-12-31,ATVI,USD,2006-02-08,2006-02-08 15:06:51,Q4,816242000.0,498325000.0,317917000.0,0.3894886565503858,53139000.0,180711000.0,0.0,0.0,233850000.0,732175000.0,0.0,128334000.0,212401000.0,0.26021817059156477,84067000.0,0.10299273989821646,2948000.0,93229000.0,0.11421735220682101,25284000.0,67945000.0,0.08324124463088153,0.125,0.115,549930000,597504000,https://www.sec.gov/Archives/edgar/data/718877/000110465906006951/a06-4415_110q.htm,https://www.sec.gov/Archives/edgar/data/718877/000110465906006951/a06-4415_110q.htm,1620588906,15:35:06,20210509
62,2005-09-30,ATVI,USD,2005-11-03,2005-11-03 16:04:00,Q3,222540000.0,141458000.0,81082000.0,0.3643479823851892,28072000.0,79557000.0,0.0,0.0,107629000.0,249087000.0,0.0,25544000.0,-1003000.0,-0.004507054911476589,-26547000.0,-0.11929091399299002,4000.0,-20217000.0,-0.09084658937719062,-6975000.0,-13242000.0,-0.05950390940954435,-0.01875,-0.01875,725659191,725659191,https://www.sec.gov/Archives/edgar/data/718877/000110465905052329/a05-18513_110q.htm,https://www.sec.gov/Archives/edgar/data/718877/000110465905052329/a05-18513_110q.htm,1620588906,15:35:06,20210509
63,2005-06-30,ATVI,USD,2005-08-04,2005-08-04 15:43:57,Q2,241093000.0,172270000.0,68823000.0,0.2854624563964943,17802000.0,64469000.0,0.0,0.0,82271000.0,254541000.0,0.0,24993000.0,11545000.0,0.04788608545250173,-13448000.0,-0.055779305081441605,1343000.0,-6100000.0,-0.025301439693396325,-2515000.0,-3585000.0,-0.014869780541118987,-0.0075,-0.0075,538269209,538269209,https://www.sec.gov/Archives/edgar/data/718877/000110465905027535/a05-8078_110k.htm,https://www.sec.gov/Archives/edgar/data/718877/000110465905027535/a05-8078_110k.htm,1620588906,15:35:06,20210509
64,2005-03-31,ATVI,USD,2005-06-09,2005-06-09 15:38:36,Q1,203861000.0,141544000.0,62317000.0,0.3056837747288594,20489000.0,44727000.0,0.0,0.0,65216000.0,206760000.0,0.0,12077000.0,9178000.0,0.04502087206478925,-2899000.0,-0.01422047375417564,0.0,2239000.0,0.01098297369285935,-1334000.0,3573000.0,0.017526648059216818,0.006637942390644901,0.006637942390644901,538269209,538269209,https://www.sec.gov/Archives/edgar/data/718877/000110465905027535/a05-8078_110k.htm,https://www.sec.gov/Archives/edgar/data/718877/000110465905027535/a05-8078_110k.htm,1620588906,15:35:06,20210509
65,2004-12-31,ATVI,USD,2005-02-08,2005-02-08 06:06:30,Q4,680094000.0,397292000.0,282802000.0,0.4158278120377477,25068000.0,120655000.0,0.0,0.0,145723000.0,543015000.0,0.0,63046000.0,200125000.0,0.29426079336091776,137079000.0,0.20155890215176137,0.0,140276000.0,0.2062597229206551,43014000.0,97262000.0,0.14301258355462626,0.196885,0.177196,497112921,553188339,https://www.sec.gov/Archives/edgar/data/718877/000110465905004430/a05-2750_110q.htm,https://www.sec.gov/Archives/edgar/data/718877/000110465905004430/a05-2750_110q.htm,1620588906,15:35:06,20210509
66,2004-09-30,ATVI,USD,2004-11-05,2004-11-05 17:19:49,Q3,310626000.0,187091000.0,123535000.0,0.39769690882282877,19881000.0,68996000.0,0.0,0.0,88877000.0,275968000.0,0.0,36049000.0,70707000.0,0.22762743620946088,34658000.0,0.11157469110763427,471000.0,37303000.0,0.12008975423821573,11760000.0,25543000.0,0.08223072118882514,0.050628,0.047815,492437599,542852856,https://www.sec.gov/Archives/edgar/data/718877/000110465904033971/a04-12882_110q.htm,https://www.sec.gov/Archives/edgar/data/718877/000110465904033971/a04-12882_110q.htm,1620588906,15:35:06,20210509
67,2004-06-30,ATVI,USD,2004-08-03,2004-08-03 17:15:18,Q2,211276000.0,119019000.0,92257000.0,0.43666578314621635,21105000.0,55419000.0,0.0,0.0,76524000.0,195543000.0,0.0,34329000.0,50062000.0,0.23695071849145194,15733000.0,0.07446657452810541,0.0,17845000.0,0.08446297733770045,5888000.0,11957000.0,0.05659421798973854,0.025314,0.022501,489806619,545419839,https://www.sec.gov/Archives/edgar/data/718877/000110465904016641/a04-6777_110k.htm,https://www.sec.gov/Archives/edgar/data/718877/000110465904016641/a04-6777_110k.htm,1620588906,15:35:06,20210509
68,2004-03-31,ATVI,USD,2004-06-10,2004-06-10 16:43:37,Q1,162897000.0,105262000.0,57635000.0,0.35381253184527645,18031000.0,34961000.0,0.0,0.0,52992000.0,158254000.0,0.0,14709000.0,19352000.0,0.11879899568438952,4643000.0,0.028502673468510778,4000.0,6693000.0,0.041087312841857127,29000.0,6664000.0,0.04090928623608783,0.013605369428460091,0.013605369428460091,489806619,489806619,https://www.sec.gov/Archives/edgar/data/718877/000110465904016641/a04-6777_110k.htm,https://www.sec.gov/Archives/edgar/data/718877/000110465904016641/a04-6777_110k.htm,1620588906,15:35:06,20210509
69,2003-12-31,ATVI,USD,2004-02-12,2004-02-12 17:02:28,Q4,508511000.0,268445000.0,240066000.0,0.47209598219114235,50354000.0,72751000.0,0.0,0.0,128105000.0,396550000.0,0.0,46734000.0,158695000.0,0.3120778114927701,111961000.0,0.2201741948551752,1000.0,118425000.0,0.23288581761259836,41444000.0,76981000.0,0.1513851224457288,0.163133,0.148132,473378996,519179373,https://www.sec.gov/Archives/edgar/data/718877/000110465904003937/a04-2044_110q.htm,https://www.sec.gov/Archives/edgar/data/718877/000110465904003937/a04-2044_110q.htm,1620588906,15:35:06,20210509
70,2003-09-30,ATVI,USD,2003-11-14,2003-11-13 19:06:35,Q3,117523000.0,91189000.0,26334000.0,0.22407528739055335,15894000.0,27373000.0,0.0,0.0,43267000.0,134456000.0,0.0,15957000.0,-976000.0,-0.008304757366643125,-16933000.0,-0.14408243492763118,20000.0,-15529000.0,-0.13213583724036998,-5436000.0,-10093000.0,-0.08588106157943551,-0.020626,-0.020626,470173823,470173823,https://www.sec.gov/Archives/edgar/data/718877/000110465903026298/a03-5494_110q.htm,https://www.sec.gov/Archives/edgar/data/718877/000110465903026298/a03-5494_110q.htm,1620588906,15:35:06,20210509
71,2003-06-30,ATVI,USD,2003-08-04,2003-08-04 15:28:57,Q2,158725000.0,102251000.0,56474000.0,0.3557977634273114,13580000.0,37748000.0,0.0,0.0,51328000.0,153579000.0,0.0,21296000.0,26442000.0,0.1665900141754607,5146000.0,0.03242085367774453,-4000.0,6403000.0,0.04034021105685935,2240000.0,4163000.0,0.026227752401953065,0.009375,0.0075,469555188,500081661,https://www.sec.gov/Archives/edgar/data/718877/000110465903012724/j2068_10k.htm,https://www.sec.gov/Archives/edgar/data/718877/000110465903012724/j2068_10k.htm,1620588906,15:35:06,20210509
72,2003-03-31,ATVI,USD,2003-06-19,2003-06-19 17:08:55,Q1,125001000.0,96069000.0,28932000.0,0.23145414836681308,18203000.0,25173000.0,0.0,0.0,43376000.0,139445000.0,0.0,29669000.0,15225000.0,0.12179902560779514,-14444000.0,-0.11555107559139527,159000.0,-12438000.0,-0.09950320397436821,-4481000.0,-7957000.0,-0.06365549075607395,-0.01694582490695428,-0.01694582490695428,469555188,469555188,https://www.sec.gov/Archives/edgar/data/718877/000110465903012724/j2068_10k.htm,https://www.sec.gov/Archives/edgar/data/718877/000110465903012724/j2068_10k.htm,1620588906,15:35:06,20210509
73,2002-12-31,ATVI,USD,2003-01-31,2003-01-31 16:13:38,Q4,378685000.0,253302000.0,125383000.0,0.33110104704437726,13758000.0,44864000.0,0.0,0.0,58622000.0,311924000.0,0.0,43423000.0,110184000.0,0.2909647860358873,66761000.0,0.1762969222440815,132000.0,69294000.0,0.18298585895929334,24947000.0,44347000.0,0.11710788650197394,0.082504,0.078754,534421277,566491674,https://www.sec.gov/Archives/edgar/data/718877/000104746903003530/a2101265z10-q.htm,https://www.sec.gov/Archives/edgar/data/718877/000104746903003530/a2101265z10-q.htm,1620588906,15:35:06,20210509
74,2002-09-30,ATVI,USD,2002-11-01,2002-11-01 16:56:49,Q3,169172000.0,103977000.0,65195000.0,0.3853770127444258,13259000.0,40602000.0,0.0,0.0,53861000.0,157838000.0,0.0,18508000.0,29842000.0,0.17640034993970632,11334000.0,0.06699690256070745,-58000.0,14199000.0,0.08393232922705886,5113000.0,9086000.0,0.05370865154990188,0.017501,0.016251,534221287,579867005,https://www.sec.gov/Archives/edgar/data/718877/000091205702040667/a2092440z10-q.htm,https://www.sec.gov/Archives/edgar/data/718877/000091205702040667/a2092440z10-q.htm,1620588906,15:35:06,20210509
75,2002-06-30,ATVI,USD,2002-08-14 00:00:00,2002-08-14 13:49:11,Q2,191258000.0,111825000.0,79433000.0,0.41531857490928487,11751000.0,36486000.0,0.0,0.0,48237000.0,160062000.0,0.0,20695000.0,51891000.0,0.2713141411078229,31196000.0,0.1631095169875247,0.0,32352000.0,0.16915370860303883,11648000.0,20704000.0,0.10825168097543632,0.042502,0.038752,480287984,533973300,https://www.sec.gov/Archives/edgar/data/718877/000091205702031935/0000912057-02-031935-index.html,https://www.sec.gov/Archives/edgar/data/718877/000091205702031935/a2086837z10-q.htm,1620588906,15:35:06,20210509
76,2002-03-31,ATVI,USD,2002-06-28,2002-06-28 15:21:13,Q1,164911000.0,105646000.0,59265000.0,0.35937566323653364,11901000.0,30502000.0,0.0,0.0,42403000.0,148049000.0,0.0,12296000.0,29158000.0,0.1768105220391605,16862000.0,0.10224909193443736,0.0,17485000.0,0.10602688723008168,6601000.0,10884000.0,0.06599923595151325,0.02266140391303231,0.02266140391303231,480287984,480287984,https://www.sec.gov/Archives/edgar/data/718877/000091205702025821/a2083006z10-k.htm,https://www.sec.gov/Archives/edgar/data/718877/000091205702025821/a2083006z10-k.htm,1620588906,15:35:06,20210509
77,2001-12-31,ATVI,USD,2002-02-13,2002-02-13 00:00:00,Q4,371341000.0,253644000.0,117697000.0,0.31695126581767163,10848000.0,45048000.0,0.0,0.0,55896000.0,309540000.0,0.0,36167000.0,97968000.0,0.2638222011574267,61801000.0,0.16642654595102616,0.0,62072000.0,0.16715633339706631,22962000.0,39110000.0,0.10532098529384043,0.093755,0.082504,418851056,474320283,https://www.sec.gov/Archives/edgar/data/718877/000091205702005614/a2070146z10-q.htm,https://www.sec.gov/Archives/edgar/data/718877/000091205702005614/a2070146z10-q.htm,1620588906,15:35:06,20210509
78,2001-09-30,ATVI,USD,2001-11-13 00:00:00,2001-11-13 00:00:00,Q3,139604000.0,101322000.0,38282000.0,0.2742185037678003,9020000.0,26118000.0,0.0,0.0,35138000.0,136460000.0,0.0,12560000.0,15704000.0,0.11248961347812383,3144000.0,0.02252084467493768,0.0,3516000.0,0.025185524770063895,1301000.0,2215000.0,0.01586630755565743,0.005834,0.005,398872055,457177140,https://www.sec.gov/Archives/edgar/data/718877/000091205701538780/0000912057-01-538780-index.html,https://www.sec.gov/Archives/edgar/data/718877/000091205701538780/a2063255z10-q.htm,1620588906,15:35:06,20210509
79,2001-06-30,ATVI,USD,2001-08-14 00:00:00,2001-08-14 00:00:00,Q2,110577000.0,74120000.0,36457000.0,0.32969785760149034,9191000.0,28501000.0,0.0,0.0,37692000.0,111812000.0,0.0,7650000.0,6415000.0,0.05801387268600161,-1235000.0,-0.011168687882651908,0.0,46000.0,0.000415999710608897,17000.0,29000.0,0.00026226068712300026,8.027327547427555e-05,6.780538975877775e-05,361265936,427694614,https://www.sec.gov/Archives/edgar/data/718877/000091205701528712/0000912057-01-528712-index.html,https://www.sec.gov/Archives/edgar/data/718877/000091205701528712/a2056759z10-q.htm,1620588906,15:35:06,20210509
80,2001-03-31,ATVI,USD,2001-03-31,2001-03-31,Q1,126790000.0,89366000.0,37424000.0,0.2951652338512501,11085000.0,22822000.0,0.0,0.0,35409000.0,124775000.0,0.0,7294000.0,9309000.0,0.0734206167678839,2015000.0,0.01589242053789731,0.0,1383000.0,0.010907800299708179,508000.0,875000.0,0.006901175171543497,0.002422038484137624,0.002422038484137624,361265936,361265936,,,1620588906,15:35:06,20210509
81,2000-12-31,ATVI,USD,2001-02-14 00:00:00,2001-02-14 00:00:00,Q4,264473000.0,178794000.0,85679000.0,0.3239612361186208,11779000.0,39146000.0,0.0,0.0,50925000.0,229719000.0,0.0,30834000.0,65588000.0,0.24799506943998065,34754000.0,0.1314084991662665,0.0,32529000.0,0.12299554207801931,12024000.0,20505000.0,0.07753154386270054,0.070004,0.058336,293301334,364445777,https://www.sec.gov/Archives/edgar/data/718877/000091205701005532/0000912057-01-005532-index.html,https://www.sec.gov/Archives/edgar/data/718877/000091205701005532/a2038346z10-q.txt,1620588906,15:35:06,20210509
82,2000-09-30,ATVI,USD,2000-11-14 00:00:00,2000-11-14 00:00:00,Q3,144363000.0,89170000.0,55193000.0,0.382320954815292,11107000.0,34550000.0,0.0,0.0,45657000.0,134827000.0,0.0,23039000.0,32575000.0,0.2256464606582019,9536000.0,0.0660557067946773,0.0,6853000.0,0.0474706122759987,2547000.0,4306000.0,0.02982758740120391,0.015001,0.014167,286005699,309572520,https://www.sec.gov/Archives/edgar/data/718877/000091205700049633/0000912057-00-049633-index.html,https://www.sec.gov/Archives/edgar/data/718877/000091205700049633/a2029465z10-q.txt,1620588906,15:35:06,20210509
83,2000-06-30,ATVI,USD,2000-08-14 00:00:00,2000-08-14 00:00:00,Q2,84558000.0,57280000.0,27278000.0,0.32259514179616355,7424000.0,25974000.0,0.0,0.0,33776000.0,91056000.0,0.0,14026000.0,7528000.0,0.089027649660588,-6498000.0,-0.07684666146313773,0.0,-8221000.0,-0.09722320773906667,-3042000.0,-5179000.0,-0.061247900849121316,-0.017501,-0.017501,296241187,296241187,https://www.sec.gov/Archives/edgar/data/718877/000091205700036795/0000912057-00-036795-index.html,https://www.sec.gov/Archives/edgar/data/718877/000091205700036795/a10-q.txt,1620588906,15:35:06,20210509
84,2000-03-31,ATVI,USD,2000-03-31,2000-03-31,Q1,103838000.0,90267000.0,13571000.0,0.13069396560026195,9699000.0,31597000.0,0.0,0.0,79712000.0,169979000.0,0.0,68634000.0,2493000.0,0.02400855178258441,-66141000.0,-0.6369633467516709,0.0,-60158000.0,-0.5793447485506269,-15691000.0,-52878000.0,-0.5092355399757315,-0.17849644924626906,-0.17849644924626906,296241187,296241187,,,1620588906,15:35:06,20210509
85,1999-12-31,ATVI,USD,1999-12-31,1999-12-31,Q4,268862000.0,179090000.0,89772000.0,0.3338961995373091,6235000.0,43925000.0,0.0,0.0,51531000.0,230621000.0,0.0,34240000.0,72481000.0,0.26958439645617455,38241000.0,0.14223281832315463,0.0,35406000.0,0.13168837544911516,13105000.0,22301000.0,0.08294589789557467,0.07417,0.062503,300884955,365777710,,,1620588906,15:35:06,20210509
86,1999-09-30,ATVI,USD,1999-11-15 00:00:00,1999-11-15 00:00:00,Q3,115363000.0,77894000.0,37469000.0,0.32479217773462893,5819000.0,26613000.0,0.0,0.0,33794000.0,111688000.0,0.0,11889000.0,15564000.0,0.1349132737532831,3675000.0,0.03185596768461292,-150000.0,1687000.0,0.014623406118079453,624000.0,1063000.0,0.009214392829590077,0.000556,0.000556,1761429989,1761429989,https://www.sec.gov/Archives/edgar/data/718877/000091205799005938/0000912057-99-005938-index.html,https://www.sec.gov/Archives/edgar/data/718877/0000912057-99-005938.txt,1620588906,15:35:06,20210509
87,1999-06-30,ATVI,USD,1999-08-16 00:00:00,1999-08-16 00:00:00,Q2,84142000.0,63409000.0,20733000.0,0.24640488697677734,4181000.0,21841000.0,0.0,0.0,26491000.0,89900000.0,0.0,9817000.0,4059000.0,0.048239880202514795,-5758000.0,-0.06843193648831737,0.0,-6918000.0,-0.0822181550236505,-2560000.0,-4358000.0,-0.05179339687670842,-0.002655,-0.002655,1643234111,1643234111,https://www.sec.gov/Archives/edgar/data/718877/000104746999032466/0001047469-99-032466-index.html,https://www.sec.gov/Archives/edgar/data/718877/0001047469-99-032466.txt,1620588906,15:35:06,20210509
88,1999-03-31,ATVI,USD,1999-06-29,1999-06-29,Q1,124886000.0,82702000.0,42184000.0,0.3377800554105344,7810000.0,24483000.0,0.0,0.0,32388000.0,115090000.0,0.0,28705000.0,38501000.0,0.30828915971365883,9796000.0,0.07843953685761415,0.0,8483000.0,0.06792594846500008,3213000.0,5270000.0,0.04219848501833672,0.003207090191666548,0.003207090191666548,1643234111,1643234111,https://www.sec.gov/Archives/edgar/data/718877/0001047469-99-025826-index.html,https://www.sec.gov/Archives/edgar/data/718877/000104746999025826/,1620588906,15:35:06,20210509
89,1998-12-31,ATVI,USD,1998-12-31,1998-12-31,Q4,193537000.0,131521000.0,62016000.0,0.3204348522504741,3985000.0,31305000.0,0.0,0.0,35688000.0,167209000.0,0.0,2059000.0,28387000.0,0.14667479603383332,26328000.0,0.1360360034515364,0.0,25474000.0,0.1316234105106517,9452000.0,16022000.0,0.08278520386282727,0.010016,0.008903,709606694,833892147,,,1620588906,15:35:06,20210509
90,1998-09-30,ATVI,USD,1998-11-13 00:00:00,1998-11-13 00:00:00,Q3,66182000.0,48832000.0,17350000.0,0.26215587319815054,3934000.0,15378000.0,0.0,0.0,19708000.0,68540000.0,0.0,1431000.0,-927000.0,-0.014006829651566891,-2358000.0,-0.03562902299718957,-425000.0,-3607000.0,-0.054501223897736546,-1373000.0,-2234000.0,-0.03375540177087426,-0.001391,-0.001391,1579413142,1579413142,https://www.sec.gov/Archives/edgar/data/718877/000104746998040851/0001047469-98-040851-index.html,https://www.sec.gov/Archives/edgar/data/718877/0001047469-98-040851.txt,1620588906,15:35:06,20210509
91,1998-06-30,ATVI,USD,1998-08-14 00:00:00,1998-08-14 00:00:00,Q2,51880000.0,34811000.0,17069000.0,0.32900925212027754,5693000.0,16601000.0,0.0,0.0,22690000.0,57501000.0,0.0,1348000.0,-4273000.0,-0.08236314572089437,-5621000.0,-0.10834618350038551,-514000.0,-6135000.0,-0.11825366229760986,-2331000.0,-3804000.0,-0.0733230531996916,-0.002643,-0.002643,1438824812,1438824812,https://www.sec.gov/Archives/edgar/data/718877/000104746998031707/0001047469-98-031707-index.html,https://www.sec.gov/Archives/edgar/data/718877/0001047469-98-031707.txt,1620588906,15:35:06,20210509
92,1998-03-31,ATVI,USD,1998-06-15,1998-06-15,Q1,58256000.0,36034000.0,22222000.0,0.381454270804724,6430000.0,14869000.0,0.0,0.0,21702000.0,57736000.0,0.0,1341000.0,1861000.0,0.031945207360615215,520000.0,0.008926119198022522,0.0,203000.0,0.0034846196099972537,77000.0,126000.0,0.002162867344136226,8.757146731773208e-05,8.757146731773208e-05,1438824812,1438824812,https://www.sec.gov/Archives/edgar/data/718877/0001047469-98-024188-index.html,https://www.sec.gov/Archives/edgar/data/718877/,1620588906,15:35:06,20210509
93,1997-12-31,ATVI,USD,1997-12-31,1997-12-31,Q4,122141000.0,77078000.0,45063000.0,0.3689424517565764,8045000.0,19986000.0,0.0,0.0,28435000.0,105513000.0,0.0,2071000.0,18699000.0,0.15309355580845088,16628000.0,0.13613774244520677,-1474000.0,14922000.0,0.12217027861242334,5644000.0,9278000.0,0.07596138888661465,0.006987,0.006538,1335781032,1439687904,,,1620588906,15:35:06,20210509
94,1997-09-30,ATVI,USD,1997-11-14 00:00:00,1997-11-14 00:00:00,Q3,31915000.0,11218000.0,20697000.0,0.6485038383205389,7550000.0,9527000.0,0.0,0.0,17382000.0,28600000.0,0.0,902000.0,4217000.0,0.13213222622591259,3315000.0,0.10386965376782077,100000.0,3396000.0,0.10640764530784898,1290000.0,2106000.0,0.0659877800407332,0.001808,0.001808,1158607107,1158607107,https://www.sec.gov/Archives/edgar/data/718877/000104746997004911/0001047469-97-004911-index.html,https://www.sec.gov/Archives/edgar/data/718877/0001047469-97-004911.txt,1620588906,15:35:06,20210509
95,1997-06-30,ATVI,USD,1997-08-14 00:00:00,1997-08-14 00:00:00,Q2,8083000.0,4275000.0,3808000.0,0.471112210812817,5803000.0,6022000.0,0.0,0.0,12131000.0,16406000.0,0.0,898000.0,-7425000.0,-0.9185945812198442,-8323000.0,-1.0296919460596314,0.0,-8191000.0,-1.013361375726834,-3103000.0,-5088000.0,-0.6294692564641841,-0.005007,-0.005007,1022382178,1022382178,https://www.sec.gov/Archives/edgar/data/718877/000071887797000015/0000718877-97-000015-index.html,https://www.sec.gov/Archives/edgar/data/718877/0000718877-97-000015.txt,1620588906,15:35:06,20210509
96,1997-03-31,ATVI,USD,1997-03-31,1997-03-31,Q1,28926000.0,10723000.0,18203000.0,0.6292954435455991,4334000.0,7511000.0,0.0,0.0,12149000.0,22872000.0,0.0,0.0,6358000.0,0.2198022540275185,6054000.0,0.2092926778676623,0.0,6250000.0,0.21606858881283275,1968000.0,4282000.0,0.14803291156744797,0.0041882576712912924,0.0041882576712912924,1022382178,1022382178,,,1620588906,15:35:06,20210509
97,1996-12-31,ATVI,USD,1997-02-14 00:00:00,1997-02-14 00:00:00,Q4,31361000.0,11878000.0,19483000.0,0.621249322406811,4707000.0,8245000.0,0.0,0.0,13273000.0,25151000.0,0.0,0.0,6531000.0,0.2082522878734734,6210000.0,0.19801664487739548,0.0,6382000.0,0.20350116386594816,2262000.0,4120000.0,0.13137336181881956,0.003912,0.003912,1052734301,1052734301,https://www.sec.gov/Archives/edgar/data/718877/000071887797000006/0000718877-97-000006-index.html,https://www.sec.gov/Archives/edgar/data/718877/0000718877-97-000006.txt,1620588906,15:35:06,20210509
98,1996-09-30,ATVI,USD,1996-11-14 00:00:00,1996-11-14 00:00:00,Q3,19175000.0,5712000.0,13463000.0,0.7021121251629726,4607000.0,6766000.0,0.0,0.0,11694000.0,17406000.0,0.0,0.0,2090000.0,0.10899608865710561,1769000.0,0.09225554106910039,0.0,2013000.0,0.10498044328552802,677000.0,1336000.0,0.06967405475880052,0.001251,0.001251,1046069306,1046069306,https://www.sec.gov/Archives/edgar/data/718877/000071887796000032/0000718877-96-000032-index.html,https://www.sec.gov/Archives/edgar/data/718877/0000718877-96-000032.txt,1620588906,15:35:06,20210509
99,1996-06-30,ATVI,USD,1996-08-14 00:00:00,1996-08-14 00:00:00,Q2,7021000.0,1509000.0,5512000.0,0.7850733513744481,4547000.0,4870000.0,0.0,0.0,9738000.0,11247000.0,0.0,0.0,-3905000.0,-0.5561885771257655,-4226000.0,-0.6019085600341831,0.0,-3914000.0,-0.5574704458054408,-1283000.0,-2631000.0,-0.3747329440250676,-0.002642,-0.002642,992924131,992924131,https://www.sec.gov/Archives/edgar/data/718877/000071887796000021/0000718877-96-000021-index.html,https://www.sec.gov/Archives/edgar/data/718877/0000718877-96-000021.txt,1620588906,15:35:06,20210509
100,1996-03-31,ATVI,USD,1996-03-31,1996-03-31,Q1,21648000.0,6321000.0,15327000.0,0.708009977827051,4698000.0,5612000.0,0.0,0.0,10720000.0,17041000.0,0.0,0.0,4927000.0,0.2275960827790096,4607000.0,0.2128141167775314,0.0,4971000.0,0.22962860310421285,-1374000.0,6345000.0,0.29309866962305986,0.006390216333658629,0.006390216333658629,992924131,992924131,,,1620588906,15:35:06,20210509
101,1995-12-31,ATVI,USD,1996-02-15 00:00:00,1996-02-15 00:00:00,Q4,17578000.0,7131000.0,10447000.0,0.5943224485151894,4163000.0,4390000.0,0.0,0.0,8874000.0,16005000.0,0.0,0.0,1894000.0,0.10774832176584367,1573000.0,0.08948685857321652,0.0,1982000.0,0.11275457958812152,34000.0,1948000.0,0.11082034361133235,0.001808,0.001808,1093347650,1093347650,https://www.sec.gov/Archives/edgar/data/718877/000071887796000002/0000718877-96-000002-index.html,https://www.sec.gov/Archives/edgar/data/718877/0000718877-96-000002.txt,1620588906,15:35:06,20210509
102,1995-09-30,ATVI,USD,1995-10-25 00:00:00,1995-10-25 00:00:00,Q3,18848000.0,6743000.0,12105000.0,0.6422432088285229,4065000.0,5353000.0,0.0,0.0,9739000.0,16482000.0,0.0,0.0,2687000.0,0.14256154499151102,2366000.0,0.12553056027164686,0.0,2775000.0,0.1472304753820034,10000.0,2765000.0,0.14669991511035654,0.002504,0.002504,1082942586,1082942586,https://www.sec.gov/Archives/edgar/data/718877/000071887795000017/0000718877-95-000017-index.html,https://www.sec.gov/Archives/edgar/data/718877/0000718877-95-000017.txt,1620588906,15:35:06,20210509
103,1995-06-30,ATVI,USD,1995-08-15 00:00:00,1995-08-15 00:00:00,Q2,3319000.0,1554000.0,1765000.0,0.5317866827357638,4579000.0,2879000.0,0.0,0.0,7779000.0,9333000.0,0.0,0.0,-5693000.0,-1.7152756854474238,-6014000.0,-1.8119915637240132,0.0,-5489000.0,-1.653811388972582,39000.0,-5528000.0,-1.6655619162398312,-0.005425,-0.005425,1034033944,1034033944,https://www.sec.gov/Archives/edgar/data/718877/000071887795000013/0000718877-95-000013-index.html,https://www.sec.gov/Archives/edgar/data/718877/0000718877-95-000013.txt,1620588906,15:35:06,20210509
104,1994-12-31,ATVI,USD,1994-12-31,1994-12-31,Q4,26200000.0,15800000.0,10400000.0,0.3969465648854962,2200000.0,6500000.0,0.0,0.0,9500000.0,25300000.0,0.0,800000.0,1700000.0,0.0648854961832061,900000.0,0.03435114503816794,400000.0,0.0,0.0,0.0,1300000.0,0.04961832061068702,0.001252,0.001252,975644472,975644472,,,1620588906,15:35:06,20210509
105,1994-09-30,ATVI,USD,1994-09-30,1994-09-30,Q3,4600000.0,1500000.0,3100000.0,0.6739130434782609,1800000.0,2000000.0,0.0,0.0,4100000.0,5600000.0,0.0,300000.0,-700000.0,-0.15217391304347827,-1000000.0,-0.21739130434782608,400000.0,0.0,0.0,0.0,-600000.0,-0.13043478260869565,-0.000696,-0.000696,975644472,975644472,,,1620588906,15:35:06,20210509
106,1994-06-30,ATVI,USD,1994-06-30,1994-06-30,Q2,3200000.0,1800000.0,1400000.0,0.4375,1400000.0,2000000.0,0.0,0.0,3700000.0,5500000.0,0.0,300000.0,-2000000.0,-0.625,-2300000.0,-0.71875,300000.0,0.0,0.0,0.0,-1900000.0,-0.59375,-0.001947,-0.001947,975644472,975644472,,,1620588906,15:35:06,20210509
107,1993-12-31,ATVI,USD,1993-12-31,1993-12-31,Q4,9400000.0,5000000.0,4400000.0,0.46808510638297873,0.0,3600000.0,0.0,0.0,3900000.0,8900000.0,0.0,200000.0,700000.0,0.07446808510638298,500000.0,0.05319148936170213,0.0,500000.0,0.05319148936170213,100000.0,400000.0,0.0425531914893617,-0.002226,-0.002226,269578762,269578762,,,1620588906,15:35:06,20210509
108,1993-09-30,ATVI,USD,1993-09-30,1993-09-30,Q3,7900000.0,3700000.0,4200000.0,0.5316455696202531,0.0,3300000.0,0.0,0.0,3700000.0,7400000.0,0.0,400000.0,900000.0,0.11392405063291139,500000.0,0.06329113924050633,0.0,0.0,0.0,0.0,500000.0,0.06329113924050633,-0.000556,-0.000556,808766570,808766570,,,1620588906,15:35:06,20210509
109,1993-06-30,ATVI,USD,1993-06-30,1993-06-30,Q2,5000000.0,3100000.0,1900000.0,0.38,0.0,2500000.0,0.0,0.0,2900000.0,6000000.0,0.0,400000.0,-600000.0,-0.12,-1000000.0,-0.2,0.0,0.0,0.0,0.0,-900000.0,-0.18,-0.001113,-0.001113,808766570,808766570,,,1620588906,15:35:06,20210509
110,1992-12-31,ATVI,USD,1992-12-31,1992-12-31,Q4,5500000.0,0.0,0.0,0.0,0.0,0.0,0.0,0.0,0.0,0.0,0.0,0.0,5500000.0,1.0,5500000.0,1.0,0.0,0.0,0.0,0.0,-500000.0,-0.09090909090909091,-0.002087,-0.002087,239614202,239614202,,,1620588906,15:35:06,20210509
111,1992-09-30,ATVI,USD,1992-09-30,1992-09-30,Q3,4200000.0,1600000.0,2600000.0,0.6190476190476191,0.0,2900000.0,0.0,0.0,3300000.0,4900000.0,0.0,500000.0,-200000.0,-0.047619047619047616,-700000.0,-0.16666666666666666,-100000.0,0.0,0.0,0.0,-700000.0,-0.16666666666666666,-0.000974,-0.000974,718895927,718895927,,,1620588906,15:35:06,20210509
