,date,symbol,reportedCurrency,fillingDate,acceptedDate,period,revenue,costOfRevenue,grossProfit,grossProfitRatio,researchAndDevelopmentExpenses,generalAndAdministrativeExpenses,sellingAndMarketingExpenses,otherExpenses,operatingExpenses,costAndExpenses,interestExpense,depreciationAndAmortization,ebitda,ebitdaratio,operatingIncome,operatingIncomeRatio,totalOtherIncomeExpensesNet,incomeBeforeTax,incomeBeforeTaxRatio,incomeTaxExpense,netIncome,netIncomeRatio,eps,epsdiluted,weightedAverageShsOut,weightedAverageShsOutDil,link,finalLink,timestamp,est_time,est_date
0,2020-12-31,VIMTALABS.NS,INR,2020-12-31,2020-12-31,Q4,586760000,164710000,422050000.0,0.7192889767536983,0.0,0.0,0.0,3240000.0,313170000,477880000,5810000.0,57670000,166550000.0,0.28384688799509167,108880000.0,0.1855613879610062,0.0,106310000.0,0.18118140295862023,25620000.0,80690000.0,0.13751789488035995,3.65,3.65,22106849,22106849,,,1620599518,18:31:58,20210509
1,2020-09-30,VIMTALABS.NS,INR,2020-09-30,2020-09-30,Q3,593820000,179610000,414210000.0,0.6975346064463979,0.0,0.0,0.0,350000.0,312430000,492040000,3170000.0,58140000,159920000.0,0.26930719746724596,101780000.0,0.17139874035903135,0.0,98960000.0,0.16664982654676502,23590000.0,75370000.0,0.12692398369876393,3.41,3.41,22102639,22102639,https://www.nseindia.com/companies-listing/corporate-filings-annual-reports,https://www.nseindia.com/companies-listing/corporate-filings-annual-reports,1620599518,18:31:58,20210509
2,2020-06-30,VIMTALABS.NS,INR,2020-06-30,2020-06-30,Q2,327800000,98610000,229190000.0,0.699176327028676,0.0,0.0,0.0,2350000.0,249710000,348320000,5910000.0,56730000,36210000.0,0.11046369737644905,-20520000.0,-0.06259914582062233,0.0,-24080000.0,-0.0734594264795607,-4650000.0,-19430000.0,-0.05927394752898109,-0.88,-0.88,22079545,22079545,https://www.nseindia.com/companies-listing/corporate-filings-annual-reports,https://www.nseindia.com/companies-listing/corporate-filings-annual-reports,1620599518,18:31:58,20210509
3,2020-03-31,VIMTALABS.NS,INR,2020-03-31,2020-03-31,Q1,432270000,132560000,299710000.0,0.6933398107664192,0.0,0.0,0.0,-12050000.0,282270000,414830000,-1030000.0,52710000,70150000.0,0.16228283248895367,17440000.0,0.04034515464871492,0.0,810000.0,0.0018738288569643974,210000.0,600000.0,0.0013880213755291832,0.027146079705685822,0.027146079705685822,22102639,22102639,https://www.nseindia.com/companies-listing/corporate-filings-annual-reports,https://www.nseindia.com/companies-listing/corporate-filings-annual-reports,1620599518,18:31:58,20210509
4,2019-12-31,VIMTALABS.NS,INR,2019-12-31,2019-12-31,Q4,514830000,146740000,368090000.0,0.7149738748713167,0.0,0.0,0.0,8350000.0,305900000,452640000,9280000.0,52730000,114920000.0,0.22321931511372686,62190000.0,0.12079715634287046,0.0,61260000.0,0.11899073480566401,14140000.0,47120000.0,0.09152535788512713,2.13,2.13,22122066,22122066,https://www.nseindia.com/companies-listing/corporate-filings-annual-reports,https://www.nseindia.com/companies-listing/corporate-filings-annual-reports,1620599518,18:31:58,20210509
5,2019-09-30,VIMTALABS.NS,INR,2019-09-30,2019-09-30,Q3,424530000,125920000,298610000.0,0.7033896308859209,0.0,0.0,0.0,3520000.0,287680000,413600000,9850000.0,52120000,63050000.0,0.14851718370904293,10930000.0,0.025746119237745273,0.0,4600000.0,0.010835512213506702,-4430000.0,9030000.0,0.02127058158434033,0.41,0.41,22024390,22024390,https://www.nseindia.com/companies-listing/corporate-filings-annual-reports,https://www.nseindia.com/companies-listing/corporate-filings-annual-reports,1620599518,18:31:58,20210509
6,2019-06-30,VIMTALABS.NS,INR,2019-06-30,2019-06-30,Q2,440440000,132230000,308210000.0,0.6997774952320407,0.0,0.0,0.0,1520000.0,287300000,419530000,6400000.0,51770000,72680000.0,0.16501680138043776,20910000.0,0.047475252020706564,0.0,16030000.0,0.036395422759059125,4330000.0,11700000.0,0.026564344746162927,0.53,0.53,22075472,22075472,https://www.nseindia.com/companies-listing/corporate-filings-annual-reports,https://www.nseindia.com/companies-listing/corporate-filings-annual-reports,1620599518,18:31:58,20210509
7,2019-03-31,VIMTALABS.NS,INR,2019-03-31,2019-03-31,Q1,535830000,166130000,369700000.0,0.6899576358173302,0.0,0.0,0.0,-17160000.0,204690000,370820000,-10870000.0,52430000,217440000.0,0.405800347125021,165010000.0,0.30795214900248213,0.0,83960000.0,0.1566914879719314,16280000.0,67680000.0,0.1263087173170595,3.0620777908013608,3.0620777908013608,22102639,22102639,https://www.nseindia.com/companies-listing/corporate-filings-annual-reports,https://www.nseindia.com/companies-listing/corporate-filings-annual-reports,1620599518,18:31:58,20210509
8,2018-12-31,VIMTALABS.NS,INR,2018-12-31,2018-12-31,Q4,506860000,129770000,377090000.0,0.7439726946296807,0.0,0.0,0.0,200000.0,290710000,420480000,3240000.0,49240000,135620000.0,0.26756895395178154,86380000.0,0.17042181272935328,0.0,83340000.0,0.16442410132975574,32170000.0,51170000.0,0.10095489878862013,2.32,2.32,22056034,22056034,https://www.nseindia.com/companies-listing/corporate-filings-annual-reports,https://www.nseindia.com/companies-listing/corporate-filings-annual-reports,1620599518,18:31:58,20210509
9,2018-09-30,VIMTALABS.NS,INR,2018-09-30,2018-09-30,Q3,538260000,137600000,400660000.0,0.7443614610039758,0.0,0.0,0.0,9990000.0,289880000,427480000,20290000.0,48250000,159030000.0,0.2954520120387917,110780000.0,0.20581131795043286,0.0,100480000.0,0.18667558429012002,30810000.0,69670000.0,0.12943558874893174,3.15,3.15,22117460,22117460,https://www.nseindia.com/companies-listing/corporate-filings-annual-reports,https://www.nseindia.com/companies-listing/corporate-filings-annual-reports,1620599518,18:31:58,20210509
10,2018-06-30,VIMTALABS.NS,INR,2018-06-30,2018-06-30,Q2,545460000,150710000,394750000.0,0.7237010963223701,0.0,0.0,0.0,7300000.0,300140000,450850000,18280000.0,47310000,141920000.0,0.2601840648260184,94610000.0,0.173449932167345,0.0,83630000.0,0.15332013346533202,19040000.0,64590000.0,0.11841381586184138,2.92,2.92,22119863,22119863,https://www.nseindia.com/companies-listing/corporate-filings-annual-reports,https://www.nseindia.com/companies-listing/corporate-filings-annual-reports,1620599518,18:31:58,20210509
11,2018-03-31,VIMTALABS.NS,INR,2018-03-31,2018-03-31,Q1,519390000,136190000,383200000.0,0.7377885596565201,0.0,0.0,0.0,380000.0,293460000,429650000,11300000.0,46540000,136280000.0,0.2623847205375537,89740000.0,0.172779606846493,0.0,78830000.0,0.15177419665376693,28150000.0,50670000.0,0.09755674926355917,2.29,2.29,22126638,22126638,https://www.nseindia.com/companies-listing/corporate-filings-annual-reports,https://www.nseindia.com/companies-listing/corporate-filings-annual-reports,1620599518,18:31:58,20210509
12,2017-12-31,VIMTALABS.NS,INR,2017-12-31,2017-12-31,Q4,474623000,125031000,349592000.0,0.7365677600959077,0.0,0.0,0.0,0.0,251209000,376240000,14045000.0,43252000,141635000.0,0.29841579527330114,98383000.0,0.20728662538477907,0.0,84330000.0,0.1776778622190665,24621000.0,59717000.0,0.1258198612372346,2.7,2.7,22117407,22117407,https://www.nseindia.com/companies-listing/corporate-filings-annual-reports,https://www.nseindia.com/companies-listing/corporate-filings-annual-reports,1620599518,18:31:58,20210509
13,2017-09-30,VIMTALABS.NS,INR,2017-09-30,2017-09-30,Q3,426552000,116397000,310155000.0,0.7271211950711753,0.0,0.0,0.0,0.0,220425000,336822000,13873000.0,33762000,123492000.0,0.2895121813987509,89730000.0,0.21036122207843358,0.0,75857000.0,0.17783763761510907,32540000.0,43317000.0,0.1015515107185056,1.96,1.96,22100510,22100510,https://www.nseindia.com/companies-listing/corporate-filings-annual-reports,https://www.nseindia.com/companies-listing/corporate-filings-annual-reports,1620599518,18:31:58,20210509
14,2017-06-30,VIMTALABS.NS,INR,2017-06-30,2017-06-30,Q2,393615000,125021000,268594000.0,0.6823774500463651,0.0,0.0,0.0,0.0,239198000,364219000,12780000.0,33449000,62845000.0,0.15966109015154403,29396000.0,0.07468211323247335,0.0,16616000.0,0.04221383839538635,5992000.0,10624000.0,0.026990841304320213,0.48,0.48,22133333,22133333,https://www.nseindia.com/companies-listing/corporate-filings-annual-reports,https://www.nseindia.com/companies-listing/corporate-filings-annual-reports,1620599518,18:31:58,20210509
15,2017-03-31,VIMTALABS.NS,INR,2017-03-31,2017-03-31,Q1,394677000,62748000,331929000.0,0.8410142977675416,0.0,0.0,0.0,0.0,289523000,352271000,6834000.0,23943000,66349000.0,0.16810961875153607,42406000.0,0.10744482196834373,0.0,35572000.0,0.09012939694991094,11529000.0,24043000.0,0.06091816852768213,1.09,1.09,22057798,22057798,https://www.nseindia.com/companies-listing/corporate-filings-annual-reports,https://www.nseindia.com/companies-listing/corporate-filings-annual-reports,1620599518,18:31:58,20210509
16,2016-12-31,VIMTALABS.NS,INR,2016-12-31,2016-12-31,Q4,388332000,78628000,309704000.0,0.7975237683219513,0.0,0.0,0.0,0.0,259635000,338263000,5058000.0,24925000,74994000.0,0.19311825963350948,50069000.0,0.12893348990039452,0.0,45011000.0,0.11590855247571666,16162000.0,28849000.0,0.07428952545759814,1.3,1.3,22191538,22191538,https://www.nseindia.com/companies-listing/corporate-filings-annual-reports,https://www.nseindia.com/companies-listing/corporate-filings-annual-reports,1620599518,18:31:58,20210509
17,2016-09-30,VIMTALABS.NS,INR,2016-09-30,2016-09-30,Q3,372382000,72544000,299838000.0,0.8051892948638764,0.0,0.0,0.0,0.0,262289000,334833000,4890000.0,23597000,61146000.0,0.16420235134888367,37549000.0,0.10083462680795527,0.0,32659000.0,0.0877029501963038,12214000.0,20445000.0,0.054903298226015224,0.92,0.92,22222826,22222826,https://www.nseindia.com/companies-listing/corporate-filings-annual-reports,https://www.nseindia.com/companies-listing/corporate-filings-annual-reports,1620599518,18:31:58,20210509
18,2016-06-30,VIMTALABS.NS,INR,2016-06-30,2016-06-30,Q2,378255000,85185000,293070000.0,0.7747947812983305,0.0,0.0,0.0,0.0,245250000,330435000,4089000.0,23834000,71654000.0,0.1894330544209594,47820000.0,0.12642265138596978,0.0,43731000.0,0.11561248364198755,16624000.0,27107000.0,0.07166329592470688,1.23,1.23,22038211,22038211,https://www.nseindia.com/companies-listing/corporate-filings-annual-reports,https://www.nseindia.com/companies-listing/corporate-filings-annual-reports,1620599518,18:31:58,20210509
19,2016-03-31,VIMTALABS.NS,INR,2016-03-31,2016-03-31,Q1,329118000,69293000,259825000.0,0.7894584920909825,0.0,0.0,0.0,0.0,246705000,315998000,4694000.0,23353000,36473000.0,0.11082043522384069,13120000.0,0.0398641216828007,0.0,8426000.0,0.02560175985512795,-9660000.0,18086000.0,0.05495293481365346,0.82,0.82,22056098,22056098,https://www.nseindia.com/companies-listing/corporate-filings-annual-reports,https://www.nseindia.com/companies-listing/corporate-filings-annual-reports,1620599518,18:31:58,20210509
20,2015-12-31,VIMTALABS.NS,INR,2015-12-31,2015-12-31,Q4,296482000,56952000,239530000.0,0.8079073940407849,0.0,0.0,0.0,0.0,215490000,272442000,3370000.0,25600000,49640000.0,0.16743006320788445,24040000.0,0.08108418048987796,0.0,16763000.0,0.05653968875007589,7907000.0,8856000.0,0.02987027880276037,0.4,0.4,22140000,22140000,https://www.nseindia.com/companies-listing/corporate-filings-annual-reports,https://www.nseindia.com/companies-listing/corporate-filings-annual-reports,1620599518,18:31:58,20210509
21,2015-09-30,VIMTALABS.NS,INR,2015-09-30,2015-09-30,Q3,339690000,82876000,256814000.0,0.7560246106744385,0.0,0.0,0.0,0.0,211522000,294398000,2961000.0,27359000,72651000.0,0.21387441490770998,45292000.0,0.13333333333333333,0.0,42331000.0,0.12461656215961613,17572000.0,24759000.0,0.07288704406959286,1.12,1.12,22106250,22106250,https://www.nseindia.com/companies-listing/corporate-filings-annual-reports,https://www.nseindia.com/companies-listing/corporate-filings-annual-reports,1620599518,18:31:58,20210509
22,2015-06-30,VIMTALABS.NS,INR,2015-06-30,2015-06-30,Q2,281799000,65895000,215904000.0,0.7661631162637199,0.0,0.0,0.0,0.0,197900000,263795000,0.0,26252000,44256000.0,0.15704810875837033,18004000.0,0.06388950989889958,0.0,15991000.0,0.05674612046174756,3354000.0,12637000.0,0.044844020028460004,0.57,0.57,22170175,22170175,https://www.nseindia.com/companies-listing/corporate-filings-annual-reports,https://www.nseindia.com/companies-listing/corporate-filings-annual-reports,1620599518,18:31:58,20210509
23,2015-03-31,VIMTALABS.NS,INR,2015-03-31,2015-03-31,Q1,284178948,219337865,64841083.0,0.2281699030006966,0.0,0.0,0.0,0.0,58718817,278056682,0.0,26491659,32613925.0,0.11476545053576594,6122266.0,0.02154369999286506,0.0,14083621.0,0.049558987740358586,-2617549.0,16701170.0,0.05876990578485779,0.7556188199970149,0.7556188199970149,22102639,22102639,https://www.nseindia.com/companies-listing/corporate-filings-annual-reports,https://www.nseindia.com/companies-listing/corporate-filings-annual-reports,1620599518,18:31:58,20210509
24,2014-12-31,VIMTALABS.NS,INR,2014-12-31,2014-12-31,Q4,251521000,49222000,202299000.0,0.8043026228426254,0.0,0.0,0.0,0.0,191346000,240568000,0.0,25306000,36259000.0,0.14415893702712695,10953000.0,0.043547059688853015,0.0,8823000.0,0.03507858190767371,3443000.0,5380000.0,0.021389864067016272,0.24,0.24,22416667,22416667,https://www.nseindia.com/companies-listing/corporate-filings-annual-reports,https://www.nseindia.com/companies-listing/corporate-filings-annual-reports,1620599518,18:31:58,20210509
25,2014-09-30,VIMTALABS.NS,INR,2014-09-30,2014-09-30,Q3,250548000,39229000,211319000.0,0.8434272075610262,0.0,0.0,0.0,0.0,195932000,235161000,0.0,30340000,45727000.0,0.18250794258984307,15387000.0,0.06141338186694765,0.0,13876000.0,0.0553826013378674,3856000.0,10020000.0,0.03999233679773936,0.45,0.45,22266667,22266667,https://www.nseindia.com/companies-listing/corporate-filings-annual-reports,https://www.nseindia.com/companies-listing/corporate-filings-annual-reports,1620599518,18:31:58,20210509
26,2014-06-30,VIMTALABS.NS,INR,2014-06-30,2014-06-30,Q2,286476000,52569000,233907000.0,0.8164977170862481,0.0,0.0,0.0,0.0,203222000,255791000,0.0,28852000,59537000.0,0.20782543738393444,30685000.0,0.10711193956910875,0.0,29618000.0,0.1033873692735168,11095000.0,18523000.0,0.06465812144821904,0.84,0.84,22051190,22051190,https://www.nseindia.com/companies-listing/corporate-filings-annual-reports,https://www.nseindia.com/companies-listing/corporate-filings-annual-reports,1620599518,18:31:58,20210509
27,2014-03-31,VIMTALABS.NS,INR,2014-03-31,2014-03-31,Q1,293350366,261327372,32022994.0,0.10916295908081465,0.0,0.0,0.0,0.0,39208957,300536329,0.0,20815608,13629645.0,0.04646200100530981,-7185963.0,-0.024496178743475643,0.0,26487236.0,0.09029215255862336,8220831.0,18266405.0,0.06226821956649613,0.8264354767772301,0.8264354767772301,22102639,22102639,https://www.nseindia.com/companies-listing/corporate-filings-annual-reports,https://www.nseindia.com/companies-listing/corporate-filings-annual-reports,1620599518,18:31:58,20210509
28,2013-12-31,VIMTALABS.NS,INR,2013-12-31,2013-12-31,Q4,310052000,55364000,254688000.0,0.821436404216067,0.0,0.0,0.0,0.0,200762000,256126000,0.0,24632000,78558000.0,0.25337040238411623,53926000.0,0.17392566408215396,0.0,49743000.0,0.16043437874937108,11372000.0,38371000.0,0.12375666017313225,1.74,1.74,22107810,22107810,https://www.nseindia.com/companies-listing/corporate-filings-annual-reports,https://www.nseindia.com/companies-listing/corporate-filings-annual-reports,1620599518,18:31:58,20210509
29,2013-09-30,VIMTALABS.NS,INR,2013-09-30,2013-09-30,Q3,305457000,63533000,241924000.0,0.7920067308982934,0.0,0.0,0.0,0.0,180344000,243877000,0.0,25050000,86630000.0,0.28360784005604717,61580000.0,0.20159957047964197,0.0,51448000.0,0.16842959892881812,13099000.0,38349000.0,0.12554631257427395,1.73,1.73,22107810,22107810,https://www.nseindia.com/companies-listing/corporate-filings-annual-reports,https://www.nseindia.com/companies-listing/corporate-filings-annual-reports,1620599518,18:31:58,20210509
30,2013-06-30,VIMTALABS.NS,INR,2013-06-30,2013-06-30,Q2,274298000,52621000,221677000.0,0.8081611969463868,0.0,0.0,0.0,0.0,164283000,216904000,0.0,23352000,80746000.0,0.29437327286381965,57394000.0,0.20923958614353733,0.0,48948000.0,0.178448257005155,11541000.0,37407000.0,0.1363735791001028,1.69,1.69,22107810,22107810,https://www.nseindia.com/companies-listing/corporate-filings-annual-reports,https://www.nseindia.com/companies-listing/corporate-filings-annual-reports,1620599518,18:31:58,20210509
31,2013-03-31,VIMTALABS.NS,INR,2013-03-31,2013-03-31,Q1,285300163,235210930,50089233.0,0.17556678718055974,0.0,0.0,0.0,0.0,40643881,275854811,0.0,38008211,47453563.0,0.16632855200997554,9445352.0,0.033106717853505045,0.0,18981548.0,0.06653185122785928,2864870.0,16116678.0,0.05649025163718536,0.7291743759647886,0.7291743759647886,22102639,22102639,https://www.nseindia.com/companies-listing/corporate-filings-annual-reports,https://www.nseindia.com/companies-listing/corporate-filings-annual-reports,1620599518,18:31:58,20210509
32,2012-12-31,VIMTALABS.NS,INR,2012-12-31,2012-12-31,Q4,265384000,64232000,201152000.0,0.7579658155729057,0.0,0.0,0.0,0.0,181230000,245462000,0.0,33664000,53586000.0,0.20191872908690803,19922000.0,0.07506857986917072,0.0,14644000.0,0.055180417809664484,2291000.0,12353000.0,0.046547644168450246,0.56,0.56,22107810,22107810,https://www.nseindia.com/companies-listing/corporate-filings-annual-reports,https://www.nseindia.com/companies-listing/corporate-filings-annual-reports,1620599518,18:31:58,20210509
33,2012-09-30,VIMTALABS.NS,INR,2012-09-30,2012-09-30,Q3,276491000,65354000,211137000.0,0.763630642588728,0.0,0.0,0.0,0.0,199973000,265327000,0.0,39310000,50474000.0,0.18255205413557765,11164000.0,0.04037744447378034,0.0,7311000.0,0.026442090339287717,-1547000.0,8858000.0,0.03203720916774868,0.4,0.4,22107810,22107810,https://www.nseindia.com/companies-listing/corporate-filings-annual-reports,https://www.nseindia.com/companies-listing/corporate-filings-annual-reports,1620599518,18:31:58,20210509
34,2012-06-30,VIMTALABS.NS,INR,2012-06-30,2012-06-30,Q2,263853000,69577000,194276000.0,0.73630392680773,0.0,0.0,0.0,0.0,177767000,247344000,0.0,38982000,55491000.0,0.210310286409478,16509000.0,0.06256893042716967,0.0,2810000.0,0.010649869434874722,-1996000.0,4806000.0,0.018214687723846233,0.22,0.22,22107810,22107810,https://www.nseindia.com/companies-listing/corporate-filings-annual-reports,https://www.nseindia.com/companies-listing/corporate-filings-annual-reports,1620599518,18:31:58,20210509
35,2012-03-31,VIMTALABS.NS,INR,2012-03-31,2012-03-31,Q1,224071621,231893571,-7821950.0,-0.034908258194820664,0.0,0.0,0.0,0.0,72367085,304260656,0.0,40182166,-40006869.0,-0.1785450063754392,-80189035.0,-0.3578723385055531,0.0,-70088927.0,-0.3127969828896806,-2438663.0,-67650264.0,-0.3019135743209534,-3.060732431091147,-3.060732431091147,22102639,22102639,https://www.nseindia.com/companies-listing/corporate-filings-annual-reports,https://www.nseindia.com/companies-listing/corporate-filings-annual-reports,1620599518,18:31:58,20210509
36,2011-12-31,VIMTALABS.NS,INR,2011-12-31,2011-12-31,Q4,201515000,47033000,154482000.0,0.7666029824082574,0.0,0.0,0.0,0.0,185912000,232945000,0.0,39653000,8223000.0,0.04080589534277845,-31430000.0,-0.15596853832220928,0.0,-39172000.0,-0.19438751457707862,-1470000.0,-37702000.0,-0.1870927722502047,-1.71,-1.71,22107810,22107810,https://www.nseindia.com/companies-listing/corporate-filings-annual-reports,https://www.nseindia.com/companies-listing/corporate-filings-annual-reports,1620599518,18:31:58,20210509
37,2011-09-30,VIMTALABS.NS,INR,2011-09-30,2011-09-30,Q3,202423000,61181000,141242000.0,0.697756677847873,0.0,0.0,0.0,0.0,162751000,223932000,0.0,39414000,17905000.0,0.08845338721390356,-21509000.0,-0.10625768810856474,0.0,-34483000.0,-0.17035119526931228,-510000.0,-33973000.0,-0.16783171872761493,-1.54,-1.54,22107810,22107810,https://www.nseindia.com/companies-listing/corporate-filings-annual-reports,https://www.nseindia.com/companies-listing/corporate-filings-annual-reports,1620599518,18:31:58,20210509
