,date,symbol,reportedCurrency,fillingDate,acceptedDate,period,revenue,costOfRevenue,grossProfit,grossProfitRatio,researchAndDevelopmentExpenses,generalAndAdministrativeExpenses,sellingAndMarketingExpenses,otherExpenses,operatingExpenses,costAndExpenses,interestExpense,depreciationAndAmortization,ebitda,ebitdaratio,operatingIncome,operatingIncomeRatio,totalOtherIncomeExpensesNet,incomeBeforeTax,incomeBeforeTaxRatio,incomeTaxExpense,netIncome,netIncomeRatio,eps,epsdiluted,weightedAverageShsOut,weightedAverageShsOutDil,link,finalLink,timestamp,est_time,est_date
0,2020-09-30,YPSN.SW,CHF,2020-09-30,2020-09-30,Q3,98466500,75822500,22644250.0,0.22996907577704093,0.0,5495250.0,16793750.0,0.0,374500.0,96144250,195250.0,13199750.0,15522250.0,0.15763990798901148,2322500.0,0.023586702076340685,0.0,1864000.0,0.01893029609054856,-999000.0,2863000.0,0.029075878598305006,0.2275,0.2275,12602953.0,12602953.0,https://www.six-group.com/en/products-services/the-swiss-stock-exchange.html,https://www.six-group.com/en/products-services/the-swiss-stock-exchange.html,1620600099,18:41:39,20210509
1,2020-06-30,YPSN.SW,CHF,2020-06-30,2020-06-30,Q2,98466500,75822500,22644250.0,0.22996907577704093,0.0,5495250.0,16793750.0,0.0,374500.0,96144250,195250.0,13199750.0,15522250.0,0.15763990798901148,2322500.0,0.023586702076340685,0.0,1864000.0,0.01893029609054856,-999000.0,2863000.0,0.029075878598305006,0.2275,0.2275,12602953.0,12602953.0,https://www.six-group.com/en/products-services/the-swiss-stock-exchange.html,https://www.six-group.com/en/products-services/the-swiss-stock-exchange.html,1620600099,18:41:39,20210509
2,2020-03-31,YPSN.SW,CHF,2020-03-31,2020-03-31,Q1,98466500,75822500,22644250.0,0.22996907577704093,0.0,5495250.0,16793750.0,0.0,374500.0,96144250,195250.0,13199750.0,15522250.0,0.15763990798901148,2322500.0,0.023586702076340685,0.0,1864000.0,0.01893029609054856,-999000.0,2863000.0,0.029075878598305006,0.2275,0.2275,12602953.0,12602953.0,https://www.six-group.com/en/products-services/the-swiss-stock-exchange.html,https://www.six-group.com/en/products-services/the-swiss-stock-exchange.html,1620600099,18:41:39,20210509
3,2020-01-31,YPSN.SW,CHF,2020-01-31,2020-01-31,Q1,98466500,75822500,22644250.0,0.22996907577704093,0.0,5495250.0,16793750.0,0.0,374500.0,96144250,195250.0,13199750.0,15522250.0,0.15763990798901148,2322500.0,0.023586702076340685,0.0,1864000.0,0.01893029609054856,-999000.0,2863000.0,0.029075878598305006,0.2275,0.2275,12602953.0,12602953.0,https://www.six-group.com/en/products-services/the-swiss-stock-exchange.html,https://www.six-group.com/en/products-services/the-swiss-stock-exchange.html,1620600099,18:41:39,20210509
4,2019-06-30,YPSN.SW,CHF,2019-06-30,2019-06-30,Q2,113441250,74337750,39103250.0,0.34470045067380695,0.0,6017500.0,16504000.0,0.0,452750.0,95105000,148000.0,11222000.0,29558000.0,0.2605577777043183,18336000.0,0.1616343261379789,0.0,17470000.0,0.1540004187189404,2436000.0,15034000.0,0.13252674842704926,1.1925,1.1925,12602953.0,12602953.0,https://www.six-group.com/en/products-services/the-swiss-stock-exchange.html,https://www.six-group.com/en/products-services/the-swiss-stock-exchange.html,1620600099,18:41:39,20210509
5,2019-03-31,YPSN.SW,CHF,2019-03-31,2019-03-31,Q1,113441250,74337750,39103250.0,0.34470045067380695,0.0,6017500.0,16504000.0,0.0,452750.0,95105000,148000.0,11222000.0,29558000.0,0.2605577777043183,18336000.0,0.1616343261379789,0.0,17470000.0,0.1540004187189404,2436000.0,15034000.0,0.13252674842704926,1.1925,1.1925,12602953.0,12602953.0,https://www.six-group.com/en/products-services/the-swiss-stock-exchange.html,https://www.six-group.com/en/products-services/the-swiss-stock-exchange.html,1620600099,18:41:39,20210509
6,2019-01-31,YPSN.SW,CHF,2019-01-31,2019-01-31,Q1,113441250,74337750,39103250.0,0.34470045067380695,0.0,6017500.0,16504000.0,0.0,452750.0,95105000,148000.0,11222000.0,29558000.0,0.2605577777043183,18336000.0,0.1616343261379789,0.0,17470000.0,0.1540004187189404,2436000.0,15034000.0,0.13252674842704926,1.1925,1.1925,12602953.0,12602953.0,https://www.six-group.com/en/products-services/the-swiss-stock-exchange.html,https://www.six-group.com/en/products-services/the-swiss-stock-exchange.html,1620600099,18:41:39,20210509
7,2018-06-30,YPSN.SW,CHF,2018-06-30,2018-06-30,Q2,116529750,81573250,34956250.0,0.29997704448863916,0.0,5180000.0,15345250.0,0.0,504750.0,101262000,81250.0,8617250.0,23884750.0,0.20496697195351402,15267500.0,0.13101804474822953,0.0,15487750.0,0.13290812002943456,2472750.0,13015000.0,0.11168821695747223,1.035,1.035,12586645.0,12586645.0,https://www.six-group.com/en/products-services/the-swiss-stock-exchange.html,https://www.six-group.com/en/products-services/the-swiss-stock-exchange.html,1620600099,18:41:39,20210509
8,2018-03-31,YPSN.SW,CHF,2018-03-31,2018-03-31,Q1,116529750,81573250,34956250.0,0.29997704448863916,0.0,5180000.0,15345250.0,0.0,504750.0,101262000,81250.0,8617250.0,23884750.0,0.20496697195351402,15267500.0,0.13101804474822953,0.0,15487750.0,0.13290812002943456,2472750.0,13015000.0,0.11168821695747223,1.035,1.035,12586645.0,12586645.0,https://www.six-group.com/en/products-services/the-swiss-stock-exchange.html,https://www.six-group.com/en/products-services/the-swiss-stock-exchange.html,1620600099,18:41:39,20210509
9,2018-01-31,YPSN.SW,CHF,2018-01-31,2018-01-31,Q1,116529750,81573250,34956250.0,0.29997704448863916,0.0,5180000.0,15345250.0,0.0,504750.0,101262000,81250.0,8617250.0,23884750.0,0.20496697195351402,15267500.0,0.13101804474822953,0.0,15487750.0,0.13290812002943456,2472750.0,13015000.0,0.11168821695747223,1.035,1.035,12586645.0,12586645.0,https://www.six-group.com/en/products-services/the-swiss-stock-exchange.html,https://www.six-group.com/en/products-services/the-swiss-stock-exchange.html,1620600099,18:41:39,20210509
10,2017-06-30,YPSN.SW,CHF,2017-06-30,2017-06-30,Q2,97388750,66019000,31369500.0,0.32210599273530055,0.0,4538500.0,13680250.0,0.0,531250.0,83563750,85500.0,7672250.0,21497000.0,0.22073391433815506,13824750.0,0.14195428116697256,0.0,13847500.0,0.14218788104375504,2286000.0,11561750.0,0.11871751100614804,0.9175,0.9175,12613915.0,12613915.0,https://www.six-group.com/en/products-services/the-swiss-stock-exchange.html,https://www.six-group.com/en/products-services/the-swiss-stock-exchange.html,1620600099,18:41:39,20210509
11,2017-03-31,YPSN.SW,CHF,2017-03-31,2017-03-31,Q1,97388750,66019000,31369500.0,0.32210599273530055,0.0,4538500.0,13680250.0,0.0,531250.0,83563750,85500.0,7672250.0,21497000.0,0.22073391433815506,13824750.0,0.14195428116697256,0.0,13847500.0,0.14218788104375504,2286000.0,11561750.0,0.11871751100614804,0.9175,0.9175,12613915.0,12613915.0,https://www.six-group.com/en/products-services/the-swiss-stock-exchange.html,https://www.six-group.com/en/products-services/the-swiss-stock-exchange.html,1620600099,18:41:39,20210509
12,2017-01-31,YPSN.SW,CHF,2017-01-31,2017-01-31,Q1,97388750,66019000,31369500.0,0.32210599273530055,0.0,4538500.0,13680250.0,0.0,531250.0,83563750,85500.0,7672250.0,21497000.0,0.22073391433815506,13824750.0,0.14195428116697256,0.0,13847500.0,0.14218788104375504,2286000.0,11561750.0,0.11871751100614804,0.9175,0.9175,12613915.0,12613915.0,https://www.six-group.com/en/products-services/the-swiss-stock-exchange.html,https://www.six-group.com/en/products-services/the-swiss-stock-exchange.html,1620600099,18:41:39,20210509
13,2016-06-30,YPSN.SW,CHF,2016-06-30,2016-06-30,Q2,84230500,58433750,25796750.0,0.3062637643134019,0.0,3945500.0,11604500.0,0.0,485500.0,73121750,122500.0,6779250.0,17888000.0,0.2123696285787215,11108750.0,0.1318851247469741,0.0,10799250.0,0.1282106837784413,1846250.0,8953000.0,0.10629166394595782,0.71,0.71,12624859.0,12624859.0,https://www.six-group.com/en/products-services/the-swiss-stock-exchange.html,https://www.six-group.com/en/products-services/the-swiss-stock-exchange.html,1620600099,18:41:39,20210509
14,2016-03-31,YPSN.SW,CHF,2016-03-31,2016-03-31,Q1,84230500,58433750,25796750.0,0.3062637643134019,0.0,3945500.0,11604500.0,0.0,485500.0,73121750,122500.0,6779250.0,17888000.0,0.2123696285787215,11108750.0,0.1318851247469741,0.0,10799250.0,0.1282106837784413,1846250.0,8953000.0,0.10629166394595782,0.71,0.71,12624859.0,12624859.0,https://www.six-group.com/en/products-services/the-swiss-stock-exchange.html,https://www.six-group.com/en/products-services/the-swiss-stock-exchange.html,1620600099,18:41:39,20210509
15,2016-01-31,YPSN.SW,CHF,2016-01-31,2016-01-31,Q1,84230500,58433750,25796750.0,0.3062637643134019,0.0,3945500.0,11604500.0,0.0,485500.0,73121750,122500.0,6779250.0,17888000.0,0.2123696285787215,11108750.0,0.1318851247469741,0.0,10799250.0,0.1282106837784413,1846250.0,8953000.0,0.10629166394595782,0.71,0.71,12624859.0,12624859.0,https://www.six-group.com/en/products-services/the-swiss-stock-exchange.html,https://www.six-group.com/en/products-services/the-swiss-stock-exchange.html,1620600099,18:41:39,20210509
16,2015-09-30,YPSN.SW,CHF,2015-09-30,2015-09-30,Q3,76658000,55195500,21462500.0,0.2799773017819406,0.0,3882500.0,11169750.0,0.0,703000.0,69521500,211250.0,6519000.0,13655500.0,0.1781353544313705,7136500.0,0.0930953064259438,0.0,5933250.0,0.0773989668397297,1084750.0,4848750.0,0.06325171541130736,0.385,0.385,12624614.0,12624614.0,https://www.six-group.com/en/products-services/the-swiss-stock-exchange.html,https://www.six-group.com/en/products-services/the-swiss-stock-exchange.html,1620600099,18:41:39,20210509
17,2015-06-30,YPSN.SW,CHF,2015-06-30,2015-06-30,Q2,76658000,55195500,21462500.0,0.2799773017819406,0.0,3882500.0,11169750.0,0.0,703000.0,69521500,211250.0,6519000.0,13655500.0,0.1781353544313705,7136500.0,0.0930953064259438,0.0,5933250.0,0.0773989668397297,1084750.0,4848750.0,0.06325171541130736,0.385,0.385,12624614.0,12624614.0,https://www.six-group.com/en/products-services/the-swiss-stock-exchange.html,https://www.six-group.com/en/products-services/the-swiss-stock-exchange.html,1620600099,18:41:39,20210509
18,2015-03-31,YPSN.SW,CHF,2015-03-31,2015-03-31,Q1,76658000,55195500,21462500.0,0.2799773017819406,0.0,3882500.0,11169750.0,0.0,703000.0,69521500,211250.0,6519000.0,13655500.0,0.1781353544313705,7136500.0,0.0930953064259438,0.0,5933250.0,0.0773989668397297,1084750.0,4848750.0,0.06325171541130736,0.385,0.385,12624614.0,12624614.0,https://www.six-group.com/en/products-services/the-swiss-stock-exchange.html,https://www.six-group.com/en/products-services/the-swiss-stock-exchange.html,1620600099,18:41:39,20210509
19,2015-01-31,YPSN.SW,CHF,2015-01-31,2015-01-31,Q1,76658000,55195500,21462500.0,0.2799773017819406,0.0,3882500.0,11169750.0,0.0,703000.0,69521500,211250.0,6519000.0,13655500.0,0.1781353544313705,7136500.0,0.0930953064259438,0.0,5933250.0,0.0773989668397297,1084750.0,4848750.0,0.06325171541130736,0.385,0.385,12624614.0,12624614.0,https://www.six-group.com/en/products-services/the-swiss-stock-exchange.html,https://www.six-group.com/en/products-services/the-swiss-stock-exchange.html,1620600099,18:41:39,20210509
20,2014-09-30,YPSN.SW,CHF,2014-09-30,2014-09-30,Q3,69064250,51432750,17631500.0,0.25529126863753676,0.0,3471000.0,10382250.0,0.0,883500.0,65153250,260250.0,6132500.0,10043500.0,0.14542255942835838,3911000.0,0.056628429324867786,0.0,3810750.0,0.0551768823957402,408750.0,3402000.0,0.04925848032810028,0.27,0.27,12614726.0,12614726.0,https://www.six-group.com/en/products-services/the-swiss-stock-exchange.html,https://www.six-group.com/en/products-services/the-swiss-stock-exchange.html,1620600099,18:41:39,20210509
21,2014-06-30,YPSN.SW,CHF,2014-06-30,2014-06-30,Q2,69064250,51432750,17631500.0,0.25529126863753676,0.0,3471000.0,10382250.0,0.0,883500.0,65153250,260250.0,6132500.0,10043500.0,0.14542255942835838,3911000.0,0.056628429324867786,0.0,3810750.0,0.0551768823957402,408750.0,3402000.0,0.04925848032810028,0.27,0.27,12614726.0,12614726.0,https://www.six-group.com/en/products-services/the-swiss-stock-exchange.html,https://www.six-group.com/en/products-services/the-swiss-stock-exchange.html,1620600099,18:41:39,20210509
22,2014-03-31,YPSN.SW,CHF,2014-03-31,2014-03-31,Q1,69064250,51432750,17631500.0,0.25529126863753676,0.0,3471000.0,10382250.0,0.0,883500.0,65153250,260250.0,6132500.0,10043500.0,0.14542255942835838,3911000.0,0.056628429324867786,0.0,3810750.0,0.0551768823957402,408750.0,3402000.0,0.04925848032810028,0.27,0.27,12614726.0,12614726.0,https://www.six-group.com/en/products-services/the-swiss-stock-exchange.html,https://www.six-group.com/en/products-services/the-swiss-stock-exchange.html,1620600099,18:41:39,20210509
23,2014-01-31,YPSN.SW,CHF,2014-01-31,2014-01-31,Q1,69064250,51432750,17631500.0,0.25529126863753676,0.0,3471000.0,10382250.0,0.0,883500.0,65153250,260250.0,6132500.0,10043500.0,0.14542255942835838,3911000.0,0.056628429324867786,0.0,3810750.0,0.0551768823957402,408750.0,3402000.0,0.04925848032810028,0.27,0.27,12614726.0,12614726.0,https://www.six-group.com/en/products-services/the-swiss-stock-exchange.html,https://www.six-group.com/en/products-services/the-swiss-stock-exchange.html,1620600099,18:41:39,20210509
24,2013-09-30,YPSN.SW,CHF,2013-09-30,2013-09-30,Q3,61141250,46872500,14268500.0,0.23336945188395722,0.0,3188000.0,10342000.0,0.0,548500.0,59929500,218500.0,6340500.0,7552000.0,0.12351726534868031,1211500.0,0.01981477316868726,0.0,770500.0,0.012601966757303785,358750.0,411500.0,0.006730317093615194,0.0325,0.0325,12614726.0,12614726.0,https://www.six-group.com/en/products-services/the-swiss-stock-exchange.html,https://www.six-group.com/en/products-services/the-swiss-stock-exchange.html,1620600099,18:41:39,20210509
25,2013-06-30,YPSN.SW,CHF,2013-06-30,2013-06-30,Q2,61141250,46872500,14268500.0,0.23336945188395722,0.0,3188000.0,10342000.0,0.0,548500.0,59929500,218500.0,6340500.0,7552000.0,0.12351726534868031,1211500.0,0.01981477316868726,0.0,770500.0,0.012601966757303785,358750.0,411500.0,0.006730317093615194,0.0325,0.0325,12614726.0,12614726.0,https://www.six-group.com/en/products-services/the-swiss-stock-exchange.html,https://www.six-group.com/en/products-services/the-swiss-stock-exchange.html,1620600099,18:41:39,20210509
26,2013-03-31,YPSN.SW,CHF,2013-03-31,2013-03-31,Q1,61141250,46872500,14268500.0,0.23336945188395722,0.0,3188000.0,10342000.0,0.0,548500.0,59929500,218500.0,6340500.0,7552000.0,0.12351726534868031,1211500.0,0.01981477316868726,0.0,770500.0,0.012601966757303785,358750.0,411500.0,0.006730317093615194,0.0325,0.0325,12614726.0,12614726.0,https://www.six-group.com/en/products-services/the-swiss-stock-exchange.html,https://www.six-group.com/en/products-services/the-swiss-stock-exchange.html,1620600099,18:41:39,20210509
27,2013-01-31,YPSN.SW,CHF,2013-01-31,2013-01-31,Q1,61141250,46872500,14268500.0,0.23336945188395722,0.0,3188000.0,10342000.0,0.0,548500.0,59929500,218500.0,6340500.0,7552000.0,0.12351726534868031,1211500.0,0.01981477316868726,0.0,770500.0,0.012601966757303785,358750.0,411500.0,0.006730317093615194,0.0325,0.0325,12614726.0,12614726.0,https://www.six-group.com/en/products-services/the-swiss-stock-exchange.html,https://www.six-group.com/en/products-services/the-swiss-stock-exchange.html,1620600099,18:41:39,20210509
28,2012-09-30,YPSN.SW,CHF,2012-09-30,2012-09-30,Q3,62148250,48055250,14093250.0,0.22676825172068402,0.0,3188500.0,10145000.0,0.0,469250.0,60863250,196250.0,6613750.0,7899000.0,0.12709931494450769,1285250.0,0.02068038923058976,0.0,2434500.0,0.03917246261962324,309500.0,2125000.0,0.034192435024316854,0.1675,0.1675,12615303.0,12615303.0,https://www.six-group.com/en/products-services/the-swiss-stock-exchange.html,https://www.six-group.com/en/products-services/the-swiss-stock-exchange.html,1620600099,18:41:39,20210509
29,2012-06-30,YPSN.SW,CHF,2012-06-30,2012-06-30,Q2,62148250,48055250,14093250.0,0.22676825172068402,0.0,3188500.0,10145000.0,0.0,469250.0,60863250,196250.0,6613750.0,7899000.0,0.12709931494450769,1285250.0,0.02068038923058976,0.0,2434500.0,0.03917246261962324,309500.0,2125000.0,0.034192435024316854,0.1675,0.1675,12615303.0,12615303.0,https://www.six-group.com/en/products-services/the-swiss-stock-exchange.html,https://www.six-group.com/en/products-services/the-swiss-stock-exchange.html,1620600099,18:41:39,20210509
30,2012-03-31,YPSN.SW,CHF,2012-03-31,2012-03-31,Q1,62148250,48055250,14093250.0,0.22676825172068402,0.0,3188500.0,10145000.0,0.0,469250.0,60863250,196250.0,6613750.0,7899000.0,0.12709931494450769,1285250.0,0.02068038923058976,0.0,2434500.0,0.03917246261962324,309500.0,2125000.0,0.034192435024316854,0.1675,0.1675,12615303.0,12615303.0,https://www.six-group.com/en/products-services/the-swiss-stock-exchange.html,https://www.six-group.com/en/products-services/the-swiss-stock-exchange.html,1620600099,18:41:39,20210509
31,2012-01-31,YPSN.SW,CHF,2012-01-31,2012-01-31,Q1,62148250,48055250,14093250.0,0.22676825172068402,0.0,3188500.0,10145000.0,0.0,469250.0,60863250,196250.0,6613750.0,7899000.0,0.12709931494450769,1285250.0,0.02068038923058976,0.0,2434500.0,0.03917246261962324,309500.0,2125000.0,0.034192435024316854,0.1675,0.1675,12615303.0,12615303.0,https://www.six-group.com/en/products-services/the-swiss-stock-exchange.html,https://www.six-group.com/en/products-services/the-swiss-stock-exchange.html,1620600099,18:41:39,20210509
32,2011-09-30,YPSN.SW,CHF,2011-09-30,2011-09-30,Q3,60615250,43934250,16681000.0,0.27519477359245403,2311750.0,12591750.0,0.0,0.0,-375000.0,58462750,650250.0,6270250.0,8422750.0,0.13895430605334466,2152500.0,0.03551086566499354,0.0,1918750.0,0.031654575375008764,617250.0,1301500.0,0.021471494384663926,0.1025,0.1025,12621863.0,12621863.0,https://www.six-group.com/en/products-services/the-swiss-stock-exchange.html,https://www.six-group.com/en/products-services/the-swiss-stock-exchange.html,1620600099,18:41:39,20210509
33,2011-06-30,YPSN.SW,CHF,2011-06-30,2011-06-30,Q2,60615250,43934250,16681000.0,0.27519477359245403,2311750.0,12591750.0,0.0,0.0,-375000.0,58462750,650250.0,6270250.0,8422750.0,0.13895430605334466,2152500.0,0.03551086566499354,0.0,1918750.0,0.031654575375008764,617250.0,1301500.0,0.021471494384663926,0.1025,0.1025,12621863.0,12621863.0,https://www.six-group.com/en/products-services/the-swiss-stock-exchange.html,https://www.six-group.com/en/products-services/the-swiss-stock-exchange.html,1620600099,18:41:39,20210509
34,2011-03-31,YPSN.SW,CHF,2011-03-31,2011-03-31,Q1,60615250,43934250,16681000.0,0.27519477359245403,2311750.0,12591750.0,0.0,0.0,-375000.0,58462750,650250.0,6270250.0,8422750.0,0.13895430605334466,2152500.0,0.03551086566499354,0.0,1918750.0,0.031654575375008764,617250.0,1301500.0,0.021471494384663926,0.1025,0.1025,12621863.0,12621863.0,https://www.six-group.com/en/products-services/the-swiss-stock-exchange.html,https://www.six-group.com/en/products-services/the-swiss-stock-exchange.html,1620600099,18:41:39,20210509
35,2011-01-31,YPSN.SW,CHF,2011-01-31,2011-01-31,Q1,60615250,43934250,16681000.0,0.27519477359245403,2311750.0,12591750.0,0.0,0.0,-375000.0,58462750,650250.0,6270250.0,8422750.0,0.13895430605334466,2152500.0,0.03551086566499354,0.0,1918750.0,0.031654575375008764,617250.0,1301500.0,0.021471494384663926,0.1025,0.1025,12621863.0,12621863.0,https://www.six-group.com/en/products-services/the-swiss-stock-exchange.html,https://www.six-group.com/en/products-services/the-swiss-stock-exchange.html,1620600099,18:41:39,20210509
36,2010-09-30,YPSN.SW,CHF,2010-09-30,2010-09-30,Q3,63503500,46892000,16611500.0,0.26158400718070657,1831000.0,12477500.0,0.0,0.0,-1059000.0,60141500,665500.0,6869500.0,10231500.0,0.16111710378168131,3362000.0,0.05294196382876534,0.0,2949250.0,0.04644232207673593,593000.0,2356250.0,0.037104254096230915,0.1975,0.1975,11975054.0,11975054.0,https://www.six-group.com/en/products-services/the-swiss-stock-exchange.html,https://www.six-group.com/en/products-services/the-swiss-stock-exchange.html,1620600099,18:41:39,20210509
37,2010-06-30,YPSN.SW,CHF,2010-06-30,2010-06-30,Q2,63503500,46892000,16611500.0,0.26158400718070657,1831000.0,12477500.0,0.0,0.0,-1059000.0,60141500,665500.0,6869500.0,10231500.0,0.16111710378168131,3362000.0,0.05294196382876534,0.0,2949250.0,0.04644232207673593,593000.0,2356250.0,0.037104254096230915,0.1975,0.1975,11975054.0,11975054.0,https://www.six-group.com/en/products-services/the-swiss-stock-exchange.html,https://www.six-group.com/en/products-services/the-swiss-stock-exchange.html,1620600099,18:41:39,20210509
38,2010-03-31,YPSN.SW,CHF,2010-03-31,2010-03-31,Q1,63503500,46892000,16611500.0,0.26158400718070657,1831000.0,12477500.0,0.0,0.0,-1059000.0,60141500,665500.0,6869500.0,10231500.0,0.16111710378168131,3362000.0,0.05294196382876534,0.0,2949250.0,0.04644232207673593,593000.0,2356250.0,0.037104254096230915,0.1975,0.1975,11975054.0,11975054.0,https://www.six-group.com/en/products-services/the-swiss-stock-exchange.html,https://www.six-group.com/en/products-services/the-swiss-stock-exchange.html,1620600099,18:41:39,20210509
39,2010-01-31,YPSN.SW,CHF,2010-01-31,2010-01-31,Q1,63503500,46892000,16611500.0,0.26158400718070657,1831000.0,12477500.0,0.0,0.0,-1059000.0,60141500,665500.0,6869500.0,10231500.0,0.16111710378168131,3362000.0,0.05294196382876534,0.0,2949250.0,0.04644232207673593,593000.0,2356250.0,0.037104254096230915,0.1975,0.1975,11975054.0,11975054.0,https://www.six-group.com/en/products-services/the-swiss-stock-exchange.html,https://www.six-group.com/en/products-services/the-swiss-stock-exchange.html,1620600099,18:41:39,20210509
40,2009-09-30,YPSN.SW,CHF,2009-09-30,2009-09-30,Q3,68145000,47144750,21000250.0,0.3081700785090616,2615750.0,11061000.0,0.0,77250.0,-283000.0,60538500,1716250.0,6630750.0,14237250.0,0.2089258199427691,7606500.0,0.1116222760290557,0.0,6545250.0,0.09604886638784944,3750.0,6541500.0,0.09599383667180278,0.5825,0.5825,11223971.0,11223971.0,https://www.six-group.com/en/products-services/the-swiss-stock-exchange.html,https://www.six-group.com/en/products-services/the-swiss-stock-exchange.html,1620600099,18:41:39,20210509
41,2009-06-30,YPSN.SW,CHF,2009-06-30,2009-06-30,Q2,68145000,47144750,21000250.0,0.3081700785090616,2615750.0,11061000.0,0.0,77250.0,-283000.0,60538500,1716250.0,6630750.0,14237250.0,0.2089258199427691,7606500.0,0.1116222760290557,0.0,6545250.0,0.09604886638784944,3750.0,6541500.0,0.09599383667180278,0.5825,0.5825,11223971.0,11223971.0,https://www.six-group.com/en/products-services/the-swiss-stock-exchange.html,https://www.six-group.com/en/products-services/the-swiss-stock-exchange.html,1620600099,18:41:39,20210509
42,2009-03-31,YPSN.SW,CHF,2009-03-31,2009-03-31,Q1,68145000,47144750,21000250.0,0.3081700785090616,2615750.0,11061000.0,0.0,77250.0,-283000.0,60538500,1716250.0,6630750.0,14237250.0,0.2089258199427691,7606500.0,0.1116222760290557,0.0,6545250.0,0.09604886638784944,3750.0,6541500.0,0.09599383667180278,0.5825,0.5825,11223971.0,11223971.0,https://www.six-group.com/en/products-services/the-swiss-stock-exchange.html,https://www.six-group.com/en/products-services/the-swiss-stock-exchange.html,1620600099,18:41:39,20210509
43,2009-01-31,YPSN.SW,CHF,2009-01-31,2009-01-31,Q1,68145000,47144750,21000250.0,0.3081700785090616,2615750.0,11061000.0,0.0,77250.0,-283000.0,60538500,1716250.0,6630750.0,14237250.0,0.2089258199427691,7606500.0,0.1116222760290557,0.0,6545250.0,0.09604886638784944,3750.0,6541500.0,0.09599383667180278,0.5825,0.5825,11223971.0,11223971.0,https://www.six-group.com/en/products-services/the-swiss-stock-exchange.html,https://www.six-group.com/en/products-services/the-swiss-stock-exchange.html,1620600099,18:41:39,20210509
44,2008-09-30,YPSN.SW,CHF,2008-09-30,2008-09-30,Q3,71867000,49317750,22549250.0,0.31376361890714793,10808750.0,11568750.0,0.0,0.0,-13658500.0,64123000,0.0,6086250.0,13830250.0,0.19244228922871415,7744000.0,0.10775460225138102,0.0,7421250.0,0.10326366760822074,-775750.0,6645750.0,0.09247290133162647,0.5925,0.5925,11233080.0,11233080.0,https://www.six-group.com/en/products-services/the-swiss-stock-exchange.html,https://www.six-group.com/en/products-services/the-swiss-stock-exchange.html,1620600099,18:41:39,20210509
45,2008-06-30,YPSN.SW,CHF,2008-06-30,2008-06-30,Q2,71867000,49317750,22549250.0,0.31376361890714793,10808750.0,11568750.0,0.0,0.0,-13658500.0,64123000,0.0,6086250.0,13830250.0,0.19244228922871415,7744000.0,0.10775460225138102,0.0,7421250.0,0.10326366760822074,-775750.0,6645750.0,0.09247290133162647,0.5925,0.5925,11233080.0,11233080.0,https://www.six-group.com/en/products-services/the-swiss-stock-exchange.html,https://www.six-group.com/en/products-services/the-swiss-stock-exchange.html,1620600099,18:41:39,20210509
46,2008-03-31,YPSN.SW,CHF,2008-03-31,2008-03-31,Q1,71867000,49317750,22549250.0,0.31376361890714793,10808750.0,11568750.0,0.0,0.0,-13658500.0,64123000,0.0,6086250.0,13830250.0,0.19244228922871415,7744000.0,0.10775460225138102,0.0,7421250.0,0.10326366760822074,-775750.0,6645750.0,0.09247290133162647,0.5925,0.5925,11233080.0,11233080.0,https://www.six-group.com/en/products-services/the-swiss-stock-exchange.html,https://www.six-group.com/en/products-services/the-swiss-stock-exchange.html,1620600099,18:41:39,20210509
47,2008-01-31,YPSN.SW,CHF,2008-01-31,2008-01-31,Q1,71867000,49317750,22549250.0,0.31376361890714793,10808750.0,11568750.0,0.0,0.0,-13658500.0,64123000,0.0,6086250.0,13830250.0,0.19244228922871415,7744000.0,0.10775460225138102,0.0,7421250.0,0.10326366760822074,-775750.0,6645750.0,0.09247290133162647,0.5925,0.5925,11233080.0,11233080.0,https://www.six-group.com/en/products-services/the-swiss-stock-exchange.html,https://www.six-group.com/en/products-services/the-swiss-stock-exchange.html,1620600099,18:41:39,20210509
48,2007-09-30,YPSN.SW,CHF,2007-09-30,2007-09-30,Q3,69362500,53302750,16059750.0,0.2315336096593981,5477250.0,-707500.0,5352750.0,-37000.0,5352750.0,68778000,307250.0,6265500.0,6850000.0,0.09875653270859615,584500.0,0.008426743557397729,0.0,795500.0,0.011468733105063975,110000.0,685500.0,0.009882861776896738,0.06,0.06,11229318.0,11229318.0,https://www.six-group.com/en/products-services/the-swiss-stock-exchange.html,https://www.six-group.com/en/products-services/the-swiss-stock-exchange.html,1620600099,18:41:39,20210509
49,2007-06-30,YPSN.SW,CHF,2007-06-30,2007-06-30,Q2,69362500,53302750,16059750.0,0.2315336096593981,5477250.0,-707500.0,5352750.0,-37000.0,5352750.0,68778000,307250.0,6265500.0,6850000.0,0.09875653270859615,584500.0,0.008426743557397729,0.0,795500.0,0.011468733105063975,110000.0,685500.0,0.009882861776896738,0.06,0.06,11229318.0,11229318.0,https://www.six-group.com/en/products-services/the-swiss-stock-exchange.html,https://www.six-group.com/en/products-services/the-swiss-stock-exchange.html,1620600099,18:41:39,20210509
50,2007-03-31,YPSN.SW,CHF,2007-03-31,2007-03-31,Q1,69362500,53302750,16059750.0,0.2315336096593981,5477250.0,-707500.0,5352750.0,-37000.0,5352750.0,68778000,307250.0,6265500.0,6850000.0,0.09875653270859615,584500.0,0.008426743557397729,0.0,795500.0,0.011468733105063975,110000.0,685500.0,0.009882861776896738,0.06,0.06,11229318.0,11229318.0,https://www.six-group.com/en/products-services/the-swiss-stock-exchange.html,https://www.six-group.com/en/products-services/the-swiss-stock-exchange.html,1620600099,18:41:39,20210509
51,2007-01-31,YPSN.SW,CHF,2007-01-31,2007-01-31,Q1,69362500,53302750,16059750.0,0.2315336096593981,5477250.0,-707500.0,5352750.0,-37000.0,5352750.0,68778000,307250.0,6265500.0,6850000.0,0.09875653270859615,584500.0,0.008426743557397729,0.0,795500.0,0.011468733105063975,110000.0,685500.0,0.009882861776896738,0.06,0.06,11229318.0,11229318.0,https://www.six-group.com/en/products-services/the-swiss-stock-exchange.html,https://www.six-group.com/en/products-services/the-swiss-stock-exchange.html,1620600099,18:41:39,20210509
52,2006-09-30,YPSN.SW,CHF,2006-09-30,2006-09-30,Q3,77647000,47843750,29803250.0,0.3838300256288073,4301500.0,221750.0,4847250.0,-16500.0,4847250.0,62061500,266500.0,6672500.0,22258000.0,0.2866562777699074,15585500.0,0.2007225005473489,0.0,16108000.0,0.20745167231187298,2196000.0,13912000.0,0.17916983270441872,1.2375,1.2375,11238259.0,11238259.0,https://www.six-group.com/en/products-services/the-swiss-stock-exchange.html,https://www.six-group.com/en/products-services/the-swiss-stock-exchange.html,1620600099,18:41:39,20210509
53,2006-06-30,YPSN.SW,CHF,2006-06-30,2006-06-30,Q2,77647000,47843750,29803250.0,0.3838300256288073,4301500.0,221750.0,4847250.0,-16500.0,4847250.0,62061500,266500.0,6672500.0,22258000.0,0.2866562777699074,15585500.0,0.2007225005473489,0.0,16108000.0,0.20745167231187298,2196000.0,13912000.0,0.17916983270441872,1.2375,1.2375,11238259.0,11238259.0,https://www.six-group.com/en/products-services/the-swiss-stock-exchange.html,https://www.six-group.com/en/products-services/the-swiss-stock-exchange.html,1620600099,18:41:39,20210509
54,2006-03-31,YPSN.SW,CHF,2006-03-31,2006-03-31,Q1,77647000,47843750,29803250.0,0.3838300256288073,4301500.0,221750.0,4847250.0,-16500.0,4847250.0,62061500,266500.0,6672500.0,22258000.0,0.2866562777699074,15585500.0,0.2007225005473489,0.0,16108000.0,0.20745167231187298,2196000.0,13912000.0,0.17916983270441872,1.2375,1.2375,11238259.0,11238259.0,https://www.six-group.com/en/products-services/the-swiss-stock-exchange.html,https://www.six-group.com/en/products-services/the-swiss-stock-exchange.html,1620600099,18:41:39,20210509
55,2006-01-31,YPSN.SW,CHF,2006-01-31,2006-01-31,Q1,77647000,47843750,29803250.0,0.3838300256288073,4301500.0,221750.0,4847250.0,-16500.0,4847250.0,62061500,266500.0,6672500.0,22258000.0,0.2866562777699074,15585500.0,0.2007225005473489,0.0,16108000.0,0.20745167231187298,2196000.0,13912000.0,0.17916983270441872,1.2375,1.2375,11238259.0,11238259.0,https://www.six-group.com/en/products-services/the-swiss-stock-exchange.html,https://www.six-group.com/en/products-services/the-swiss-stock-exchange.html,1620600099,18:41:39,20210509
56,2005-09-30,YPSN.SW,CHF,2005-09-30,2005-09-30,Q3,60455750,36234000,24221750.0,0.40065254338917305,10145250.0,8761250.0,0.0,0.0,0.0,55140500,0.0,5452750.0,10768000.0,0.17811374435020655,5315250.0,0.08791967678839482,0.0,11416250.0,0.18883646303287943,-1617500.0,9798750.0,0.1620813570255931,0.8725,0.8725,11244213.0,11244213.0,https://www.six-group.com/en/products-services/the-swiss-stock-exchange.html,https://www.six-group.com/en/products-services/the-swiss-stock-exchange.html,1620600099,18:41:39,20210509
57,2005-06-30,YPSN.SW,CHF,2005-06-30,2005-06-30,Q2,60455750,36234000,24221750.0,0.40065254338917305,10145250.0,8761250.0,0.0,0.0,0.0,55140500,0.0,5452750.0,10768000.0,0.17811374435020655,5315250.0,0.08791967678839482,0.0,11416250.0,0.18883646303287943,-1617500.0,9798750.0,0.1620813570255931,0.8725,0.8725,11244213.0,11244213.0,https://www.six-group.com/en/products-services/the-swiss-stock-exchange.html,https://www.six-group.com/en/products-services/the-swiss-stock-exchange.html,1620600099,18:41:39,20210509
58,2005-03-31,YPSN.SW,CHF,2005-03-31,2005-03-31,Q1,60455750,36234000,24221750.0,0.40065254338917305,10145250.0,8761250.0,0.0,0.0,0.0,55140500,0.0,5452750.0,10768000.0,0.17811374435020655,5315250.0,0.08791967678839482,0.0,11416250.0,0.18883646303287943,-1617500.0,9798750.0,0.1620813570255931,0.8725,0.8725,11244213.0,11244213.0,https://www.six-group.com/en/products-services/the-swiss-stock-exchange.html,https://www.six-group.com/en/products-services/the-swiss-stock-exchange.html,1620600099,18:41:39,20210509
59,2005-01-31,YPSN.SW,CHF,2005-01-31,2005-01-31,Q1,60455750,36234000,24221750.0,0.40065254338917305,10145250.0,8761250.0,0.0,0.0,0.0,55140500,0.0,5452750.0,10768000.0,0.17811374435020655,5315250.0,0.08791967678839482,0.0,11416250.0,0.18883646303287943,-1617500.0,9798750.0,0.1620813570255931,0.8725,0.8725,11244213.0,11244213.0,https://www.six-group.com/en/products-services/the-swiss-stock-exchange.html,https://www.six-group.com/en/products-services/the-swiss-stock-exchange.html,1620600099,18:41:39,20210509
60,2004-09-30,YPSN.SW,CHF,2004-09-30,2004-09-30,Q3,46341250,28410000,17931250.0,0.38693928195721955,-1599250.0,8351750.0,0.0,0.0,6871250.0,42033750,0.0,7521000.0,11828500.0,0.25524775443044806,4307500.0,0.09295174385671513,0.0,3613000.0,0.07796509589188898,715500.0,2897500.0,0.06252528794540502,1.159,1.159,2500000.0,2500000.0,https://www.six-group.com/en/products-services/the-swiss-stock-exchange.html,https://www.six-group.com/en/products-services/the-swiss-stock-exchange.html,1620600099,18:41:39,20210509
61,2004-06-30,YPSN.SW,CHF,2004-06-30,2004-06-30,Q2,46341250,28410000,17931250.0,0.38693928195721955,-1599250.0,8351750.0,0.0,0.0,6871250.0,42033750,0.0,7521000.0,11828500.0,0.25524775443044806,4307500.0,0.09295174385671513,0.0,3613000.0,0.07796509589188898,715500.0,2897500.0,0.06252528794540502,1.159,1.159,2500000.0,2500000.0,https://www.six-group.com/en/products-services/the-swiss-stock-exchange.html,https://www.six-group.com/en/products-services/the-swiss-stock-exchange.html,1620600099,18:41:39,20210509
62,2004-03-31,YPSN.SW,CHF,2004-03-31,2004-03-31,Q1,46341250,28410000,17931250.0,0.38693928195721955,-1599250.0,8351750.0,0.0,0.0,6871250.0,42033750,0.0,7521000.0,11828500.0,0.25524775443044806,4307500.0,0.09295174385671513,0.0,3613000.0,0.07796509589188898,715500.0,2897500.0,0.06252528794540502,1.159,1.159,2500000.0,2500000.0,https://www.six-group.com/en/products-services/the-swiss-stock-exchange.html,https://www.six-group.com/en/products-services/the-swiss-stock-exchange.html,1620600099,18:41:39,20210509
63,2004-01-31,YPSN.SW,CHF,2004-01-31,2004-01-31,Q1,46341250,28410000,17931250.0,0.38693928195721955,-1599250.0,8351750.0,0.0,0.0,6871250.0,42033750,0.0,7521000.0,11828500.0,0.25524775443044806,4307500.0,0.09295174385671513,0.0,3613000.0,0.07796509589188898,715500.0,2897500.0,0.06252528794540502,1.159,1.159,2500000.0,2500000.0,https://www.six-group.com/en/products-services/the-swiss-stock-exchange.html,https://www.six-group.com/en/products-services/the-swiss-stock-exchange.html,1620600099,18:41:39,20210509
64,2003-09-30,YPSN.SW,CHF,2003-09-30,2003-09-30,Q3,34296750,23729250,10567500.0,0.30811957401211487,-1139750.0,5876750.0,0.0,0.0,2279500.0,30745750,0.0,3361000.0,6912000.0,0.2015351308797481,3551000.0,0.10353750719820391,0.0,3547500.0,0.1034354567123707,532250.0,3015250.0,0.08791649354530677,1206.1,1206.1,2500.0,2500.0,https://www.six-group.com/en/products-services/the-swiss-stock-exchange.html,https://www.six-group.com/en/products-services/the-swiss-stock-exchange.html,1620600099,18:41:39,20210509
65,2003-06-30,YPSN.SW,CHF,2003-06-30,2003-06-30,Q2,34296750,23729250,10567500.0,0.30811957401211487,-1139750.0,5876750.0,0.0,0.0,2279500.0,30745750,0.0,3361000.0,6912000.0,0.2015351308797481,3551000.0,0.10353750719820391,0.0,3547500.0,0.1034354567123707,532250.0,3015250.0,0.08791649354530677,1206.1,1206.1,2500.0,2500.0,https://www.six-group.com/en/products-services/the-swiss-stock-exchange.html,https://www.six-group.com/en/products-services/the-swiss-stock-exchange.html,1620600099,18:41:39,20210509
66,2003-03-31,YPSN.SW,CHF,2003-03-31,2003-03-31,Q1,34296750,23729250,10567500.0,0.30811957401211487,-1139750.0,5876750.0,0.0,0.0,2279500.0,30745750,0.0,3361000.0,6912000.0,0.2015351308797481,3551000.0,0.10353750719820391,0.0,3547500.0,0.1034354567123707,532250.0,3015250.0,0.08791649354530677,1206.1,1206.1,2500.0,2500.0,https://www.six-group.com/en/products-services/the-swiss-stock-exchange.html,https://www.six-group.com/en/products-services/the-swiss-stock-exchange.html,1620600099,18:41:39,20210509
67,2003-01-31,YPSN.SW,CHF,2003-01-31,2003-01-31,Q1,34296750,23729250,10567500.0,0.30811957401211487,-1139750.0,5876750.0,0.0,0.0,2279500.0,30745750,0.0,3361000.0,6912000.0,0.2015351308797481,3551000.0,0.10353750719820391,0.0,3547500.0,0.1034354567123707,532250.0,3015250.0,0.08791649354530677,1206.1,1206.1,2500.0,2500.0,https://www.six-group.com/en/products-services/the-swiss-stock-exchange.html,https://www.six-group.com/en/products-services/the-swiss-stock-exchange.html,1620600099,18:41:39,20210509
68,2002-09-30,YPSN.SW,CHF,2002-09-30,2002-09-30,Q3,25153250,18738500,6414750.0,0.25502668641229265,-198750.0,4543750.0,0.0,0.0,397500.0,23481000,0.0,2993250.0,4665500.0,0.18548298927573972,1672250.0,0.0664824625048453,0.0,1698750.0,0.06753600429367974,254750.0,1444000.0,0.057408088417997674,0.1284215,0.1284215,11244213.0,11244213.0,https://www.six-group.com/en/products-services/the-swiss-stock-exchange.html,https://www.six-group.com/en/products-services/the-swiss-stock-exchange.html,1620600099,18:41:39,20210509
69,2002-06-30,YPSN.SW,CHF,2002-06-30,2002-06-30,Q2,25153250,18738500,6414750.0,0.25502668641229265,-198750.0,4543750.0,0.0,0.0,397500.0,23481000,0.0,2993250.0,4665500.0,0.18548298927573972,1672250.0,0.0664824625048453,0.0,1698750.0,0.06753600429367974,254750.0,1444000.0,0.057408088417997674,0.1284215,0.1284215,11244213.0,11244213.0,https://www.six-group.com/en/products-services/the-swiss-stock-exchange.html,https://www.six-group.com/en/products-services/the-swiss-stock-exchange.html,1620600099,18:41:39,20210509
70,2002-03-31,YPSN.SW,CHF,2002-03-31,2002-03-31,Q1,25153250,18738500,6414750.0,0.25502668641229265,-198750.0,4543750.0,0.0,0.0,397500.0,23481000,0.0,2993250.0,4665500.0,0.18548298927573972,1672250.0,0.0664824625048453,0.0,1698750.0,0.06753600429367974,254750.0,1444000.0,0.057408088417997674,0.1284215,0.1284215,11244213.0,11244213.0,https://www.six-group.com/en/products-services/the-swiss-stock-exchange.html,https://www.six-group.com/en/products-services/the-swiss-stock-exchange.html,1620600099,18:41:39,20210509
71,2002-01-31,YPSN.SW,CHF,2002-01-31,2002-01-31,Q1,25153250,18738500,6414750.0,0.25502668641229265,-198750.0,4543750.0,0.0,0.0,397500.0,23481000,0.0,2993250.0,4665500.0,0.18548298927573972,1672250.0,0.0664824625048453,0.0,1698750.0,0.06753600429367974,254750.0,1444000.0,0.057408088417997674,0.1284215,0.1284215,11244213.0,11244213.0,https://www.six-group.com/en/products-services/the-swiss-stock-exchange.html,https://www.six-group.com/en/products-services/the-swiss-stock-exchange.html,1620600099,18:41:39,20210509
