,date,symbol,reportedCurrency,fillingDate,acceptedDate,period,revenue,costOfRevenue,grossProfit,grossProfitRatio,researchAndDevelopmentExpenses,generalAndAdministrativeExpenses,sellingAndMarketingExpenses,otherExpenses,operatingExpenses,costAndExpenses,interestExpense,depreciationAndAmortization,ebitda,ebitdaratio,operatingIncome,operatingIncomeRatio,totalOtherIncomeExpensesNet,incomeBeforeTax,incomeBeforeTaxRatio,incomeTaxExpense,netIncome,netIncomeRatio,eps,epsdiluted,weightedAverageShsOut,weightedAverageShsOutDil,link,finalLink,timestamp,est_time,est_date
0,2020-06-30,BCX,USD,2020-06-30,2020-06-30,Q1,-35869900,3489520.0,-39359420,1.0972826799071087,0.0,76910.0,0.0,75840.0,148269.99999999968,3637789.9999999995,-94916150,0.0,-229340000,6.393662,-39507690,1.1014162292061032,0.0,-134423850.0,3.747539022969119,0.0,-134423850.0,3.747539022969119,-1.49235,-1.49235,90075320,90075320,,,1620589232,15:40:32,20210509
1,2019-12-31,BCX,USD,2019-12-31,2019-12-31,Q4,-10894520,4322310.0,-15216830,1.3967416646167063,0.0,76630.0,0.0,88810.0,160169.9999999999,4482480.0,18043820,0.0,20710640,-1.901014,-15377000,1.4114435514368693,0.0,2666820.0,-0.24478545176841202,0.0,2666820.0,-0.24478545176841202,0.02992,0.02992,89143850,89143850,,,1620589232,15:40:32,20210509
2,2019-06-30,BCX,USD,2019-06-30,2019-06-30,Q3,15567010,4502240.0,11064770,0.7107832525321176,0.0,78290.0,0.0,145750.0,218790.00000000026,4721030.0,95474050,0.0,201794070,12.962931,10845980,0.6967285303985801,0.0,106320020.0,6.82982923502972,0.0,106320020.0,6.82982923502972,1.14352,1.14352,92976360,92976360,,,1620589232,15:40:32,20210509
3,2018-12-31,BCX,USD,2018-12-31,2018-12-31,Q2,32839370,4842930.0,27996440,0.8525267080336804,0.0,76430.0,0.0,102760.0,175220.00000000038,5018150.0,-177384120,0.0,-326947010,-9.955946,27821220,0.8471910392921667,0.0,-149562890.0,-4.554377565708477,0.0,-149562890.0,-4.554377565708477,-1.60507,-1.60507,93181380,93181380,,,1620589232,15:40:32,20210509
4,2018-06-30,BCX,USD,2018-06-30,2018-06-30,Q1,52231030,5162380.0,47068650,0.9011625847700112,0.0,51840.0,0.0,121010.0,169120.00000000038,5331500.0,-50151330,0.0,-53403130,-1.022441,46899530,0.8979246627914479,0.0,-3251800.0,-0.06225801022878546,0.0,-3251800.0,-0.06225801022878546,-0.03391,-0.03391,95908870,95908870,,,1620589232,15:40:32,20210509
5,2017-12-31,BCX,USD,2017-12-31,2017-12-31,Q4,27411010,5057140.0,22353870,0.8155069805891866,0.0,58790.0,0.0,124990.0,178079.99999999956,5235220.0,144399240,0.0,310974270,11.344867,22175790,0.8090103210352336,0.0,166575030.0,6.076938792113096,0.0,166575030.0,6.076938792113096,1.72535,1.72535,96545690,96545690,,,1620589232,15:40:32,20210509
6,2017-06-30,BCX,USD,2017-06-30,2017-06-30,Q3,34995480,5093720.0,29901760,0.8544463456423516,0.0,36200.0,0.0,60170.0,91689.99999999983,5185410.0,-64659840,0.0,-99509620,-2.843499,29810070,0.8518262929955526,0.0,-34849780.0,-0.995836605184441,0.0,-34849780.0,-0.995836605184441,-0.35547,-0.35547,98038240,98038240,,,1620589232,15:40:32,20210509
7,2016-12-31,BCX,USD,2016-12-31,2016-12-31,Q2,49810000,4990000.0,44820000,0.8998193133908854,0.0,50000.0,0.0,30000.0,69999.9999999994,5059999.999999999,41970000,0.0,128680000,2.583417,44750000,0.8984139730977715,0.0,86710000.0,1.740815097370006,0.0,86710000.0,1.740815097370006,0.87533,0.87533,99060000,99060000,,,1620589232,15:40:32,20210509
8,2016-06-30,BCX,USD,2016-06-30,2016-06-30,Q1,-123560000,4520000.0,-128080000,1.0365814179346067,0.0,50000.0,0.0,40000.0,80000.00000000007,4600000.0,248460000,0.0,368760000,-2.984461,-128160000,1.037228876659113,0.0,120300000.0,-0.9736160569763678,0.0,120300000.0,-0.9736160569763678,1.21442,1.21442,99060000,99060000,,,1620589232,15:40:32,20210509
