,date,symbol,reportedCurrency,fillingDate,acceptedDate,period,revenue,costOfRevenue,grossProfit,grossProfitRatio,researchAndDevelopmentExpenses,generalAndAdministrativeExpenses,sellingAndMarketingExpenses,otherExpenses,operatingExpenses,costAndExpenses,interestExpense,depreciationAndAmortization,ebitda,ebitdaratio,operatingIncome,operatingIncomeRatio,totalOtherIncomeExpensesNet,incomeBeforeTax,incomeBeforeTaxRatio,incomeTaxExpense,netIncome,netIncomeRatio,eps,epsdiluted,weightedAverageShsOut,weightedAverageShsOutDil,link,finalLink,timestamp,est_time,est_date
0,2020-09-30,WAVE.PA,EUR,2020-09-30,2020-09-30,Q3,105510500.0,55400000.0,50110500.0,0.47493377436368894,0.0,8223750.0,0.0,0.0,1814000.0,91796000.0,546250.0,2981500.0,16696000.0,0.15824017514844493,13714500.0,0.12998232403410087,0.0,12525250.0,0.11871093398287375,4740250.0,7785000.0,0.07378412575051772,0.3901603025098007,0.3901603025098007,19953337.0,19953337.0,https://www.infogreffe.com/recherche-entreprise-dirigeants/resultats-entreprise-dirigeants.html?ga_cat=globale&ga_q=W.A.V.E#phrase=W.A.V.E,https://www.infogreffe.com/recherche-entreprise-dirigeants/resultats-entreprise-dirigeants.html?ga_cat=globale&ga_q=W.A.V.E#phrase=W.A.V.E,1620599726,18:35:26,20210509
1,2020-06-30,WAVE.PA,EUR,2020-06-30,2020-06-30,Q2,105510500.0,55400000.0,50110500.0,0.47493377436368894,0.0,8223750.0,0.0,0.0,1814000.0,91796000.0,546250.0,2981500.0,16696000.0,0.15824017514844493,13714500.0,0.12998232403410087,0.0,12525250.0,0.11871093398287375,4740250.0,7785000.0,0.07378412575051772,0.3901603025098007,0.3901603025098007,19953337.0,19953337.0,https://www.infogreffe.com/recherche-entreprise-dirigeants/resultats-entreprise-dirigeants.html?ga_cat=globale&ga_q=W.A.V.E#phrase=W.A.V.E,https://www.infogreffe.com/recherche-entreprise-dirigeants/resultats-entreprise-dirigeants.html?ga_cat=globale&ga_q=W.A.V.E#phrase=W.A.V.E,1620599726,18:35:26,20210509
2,2020-03-31,WAVE.PA,EUR,2020-03-31,2020-03-31,Q1,105510500.0,55400000.0,50110500.0,0.47493377436368894,0.0,8223750.0,0.0,0.0,1814000.0,91796000.0,546250.0,2981500.0,16696000.0,0.15824017514844493,13714500.0,0.12998232403410087,0.0,12525250.0,0.11871093398287375,4740250.0,7785000.0,0.07378412575051772,0.3901603025098007,0.3901603025098007,19953337.0,19953337.0,https://www.infogreffe.com/recherche-entreprise-dirigeants/resultats-entreprise-dirigeants.html?ga_cat=globale&ga_q=W.A.V.E#phrase=W.A.V.E,https://www.infogreffe.com/recherche-entreprise-dirigeants/resultats-entreprise-dirigeants.html?ga_cat=globale&ga_q=W.A.V.E#phrase=W.A.V.E,1620599726,18:35:26,20210509
3,2020-01-31,WAVE.PA,EUR,2020-01-31,2020-01-31,Q1,105510500.0,55400000.0,50110500.0,0.47493377436368894,0.0,8223750.0,0.0,0.0,1814000.0,91796000.0,546250.0,2981500.0,16696000.0,0.15824017514844493,13714500.0,0.12998232403410087,0.0,12525250.0,0.11871093398287375,4740250.0,7785000.0,0.07378412575051772,0.3901603025098007,0.3901603025098007,19953337.0,19953337.0,https://www.infogreffe.com/recherche-entreprise-dirigeants/resultats-entreprise-dirigeants.html?ga_cat=globale&ga_q=W.A.V.E#phrase=W.A.V.E,https://www.infogreffe.com/recherche-entreprise-dirigeants/resultats-entreprise-dirigeants.html?ga_cat=globale&ga_q=W.A.V.E#phrase=W.A.V.E,1620599726,18:35:26,20210509
4,2019-06-30,WAVE.PA,EUR,2019-06-30,2019-06-30,Q2,97882500.0,49981000.0,47901500.0,0.4893775700457181,0.0,9489250.0,0.0,0.0,1553250.0,84623250.0,422000.0,1447500.0,14706750.0,0.1502490230633668,13259250.0,0.13546088422343117,0.0,12657750.0,0.1293157612443491,4965250.0,7692500.0,0.0785891247158583,0.385,0.385,19953337.0,19953337.0,https://www.infogreffe.com/recherche-entreprise-dirigeants/resultats-entreprise-dirigeants.html?ga_cat=globale&ga_q=W.A.V.E#phrase=W.A.V.E,https://www.infogreffe.com/recherche-entreprise-dirigeants/resultats-entreprise-dirigeants.html?ga_cat=globale&ga_q=W.A.V.E#phrase=W.A.V.E,1620599726,18:35:26,20210509
5,2019-03-31,WAVE.PA,EUR,2019-03-31,2019-03-31,Q1,97882500.0,49981000.0,47901500.0,0.4893775700457181,0.0,9489250.0,0.0,0.0,1553250.0,84623250.0,422000.0,1447500.0,14706750.0,0.1502490230633668,13259250.0,0.13546088422343117,0.0,12657750.0,0.1293157612443491,4965250.0,7692500.0,0.0785891247158583,0.385,0.385,19953337.0,19953337.0,https://www.infogreffe.com/recherche-entreprise-dirigeants/resultats-entreprise-dirigeants.html?ga_cat=globale&ga_q=W.A.V.E#phrase=W.A.V.E,https://www.infogreffe.com/recherche-entreprise-dirigeants/resultats-entreprise-dirigeants.html?ga_cat=globale&ga_q=W.A.V.E#phrase=W.A.V.E,1620599726,18:35:26,20210509
6,2019-01-31,WAVE.PA,EUR,2019-01-31,2019-01-31,Q1,97882500.0,49981000.0,47901500.0,0.4893775700457181,0.0,9489250.0,0.0,0.0,1553250.0,84623250.0,422000.0,1447500.0,14706750.0,0.1502490230633668,13259250.0,0.13546088422343117,0.0,12657750.0,0.1293157612443491,4965250.0,7692500.0,0.0785891247158583,0.385,0.385,19953337.0,19953337.0,https://www.infogreffe.com/recherche-entreprise-dirigeants/resultats-entreprise-dirigeants.html?ga_cat=globale&ga_q=W.A.V.E#phrase=W.A.V.E,https://www.infogreffe.com/recherche-entreprise-dirigeants/resultats-entreprise-dirigeants.html?ga_cat=globale&ga_q=W.A.V.E#phrase=W.A.V.E,1620599726,18:35:26,20210509
7,2018-06-30,WAVE.PA,EUR,2018-06-30,2018-06-30,Q2,89979750.0,65157750.0,24822000.0,0.27586206896551724,0.0,7800750.0,0.0,0.0,2202000.0,78137250.0,467000.0,718000.0,12560500.0,0.1395925194279824,11842500.0,0.13161294624623873,0.0,10978500.0,0.12201078576012936,4321500.0,6657000.0,0.07398331291207189,0.3375,0.3375,19714904.0,19714904.0,https://www.infogreffe.com/recherche-entreprise-dirigeants/resultats-entreprise-dirigeants.html?ga_cat=globale&ga_q=W.A.V.E#phrase=W.A.V.E,https://www.infogreffe.com/recherche-entreprise-dirigeants/resultats-entreprise-dirigeants.html?ga_cat=globale&ga_q=W.A.V.E#phrase=W.A.V.E,1620599726,18:35:26,20210509
8,2018-03-31,WAVE.PA,EUR,2018-03-31,2018-03-31,Q1,89979750.0,65157750.0,24822000.0,0.27586206896551724,0.0,7800750.0,0.0,0.0,2202000.0,78137250.0,467000.0,718000.0,12560500.0,0.1395925194279824,11842500.0,0.13161294624623873,0.0,10978500.0,0.12201078576012936,4321500.0,6657000.0,0.07398331291207189,0.3375,0.3375,19714904.0,19714904.0,https://www.infogreffe.com/recherche-entreprise-dirigeants/resultats-entreprise-dirigeants.html?ga_cat=globale&ga_q=W.A.V.E#phrase=W.A.V.E,https://www.infogreffe.com/recherche-entreprise-dirigeants/resultats-entreprise-dirigeants.html?ga_cat=globale&ga_q=W.A.V.E#phrase=W.A.V.E,1620599726,18:35:26,20210509
9,2018-01-31,WAVE.PA,EUR,2018-01-31,2018-01-31,Q1,89979750.0,65157750.0,24822000.0,0.27586206896551724,0.0,7800750.0,0.0,0.0,2202000.0,78137250.0,467000.0,718000.0,12560500.0,0.1395925194279824,11842500.0,0.13161294624623873,0.0,10978500.0,0.12201078576012936,4321500.0,6657000.0,0.07398331291207189,0.3375,0.3375,19714904.0,19714904.0,https://www.infogreffe.com/recherche-entreprise-dirigeants/resultats-entreprise-dirigeants.html?ga_cat=globale&ga_q=W.A.V.E#phrase=W.A.V.E,https://www.infogreffe.com/recherche-entreprise-dirigeants/resultats-entreprise-dirigeants.html?ga_cat=globale&ga_q=W.A.V.E#phrase=W.A.V.E,1620599726,18:35:26,20210509
10,2017-06-30,WAVE.PA,EUR,2017-06-30,2017-06-30,Q2,84683000.0,61445000.0,23238000.0,0.27441162925262447,0.0,8757000.0,0.0,0.0,1924000.0,75745250.0,525250.0,987000.0,9924750.0,0.11719884746643364,8937750.0,0.10554361560171463,0.0,8287750.0,0.09786793098969096,3273750.0,5013750.0,0.059206098036205614,0.255625,0.255625,19615740.0,19615740.0,https://www.infogreffe.com/recherche-entreprise-dirigeants/resultats-entreprise-dirigeants.html?ga_cat=globale&ga_q=W.A.V.E#phrase=W.A.V.E,https://www.infogreffe.com/recherche-entreprise-dirigeants/resultats-entreprise-dirigeants.html?ga_cat=globale&ga_q=W.A.V.E#phrase=W.A.V.E,1620599726,18:35:26,20210509
11,2017-03-31,WAVE.PA,EUR,2017-03-31,2017-03-31,Q1,84683000.0,61445000.0,23238000.0,0.27441162925262447,0.0,8757000.0,0.0,0.0,1924000.0,75745250.0,525250.0,987000.0,9924750.0,0.11719884746643364,8937750.0,0.10554361560171463,0.0,8287750.0,0.09786793098969096,3273750.0,5013750.0,0.059206098036205614,0.255625,0.255625,19615740.0,19615740.0,https://www.infogreffe.com/recherche-entreprise-dirigeants/resultats-entreprise-dirigeants.html?ga_cat=globale&ga_q=W.A.V.E#phrase=W.A.V.E,https://www.infogreffe.com/recherche-entreprise-dirigeants/resultats-entreprise-dirigeants.html?ga_cat=globale&ga_q=W.A.V.E#phrase=W.A.V.E,1620599726,18:35:26,20210509
12,2017-01-31,WAVE.PA,EUR,2017-01-31,2017-01-31,Q1,84683000.0,61445000.0,23238000.0,0.27441162925262447,0.0,8757000.0,0.0,0.0,1924000.0,75745250.0,525250.0,987000.0,9924750.0,0.11719884746643364,8937750.0,0.10554361560171463,0.0,8287750.0,0.09786793098969096,3273750.0,5013750.0,0.059206098036205614,0.255625,0.255625,19615740.0,19615740.0,https://www.infogreffe.com/recherche-entreprise-dirigeants/resultats-entreprise-dirigeants.html?ga_cat=globale&ga_q=W.A.V.E#phrase=W.A.V.E,https://www.infogreffe.com/recherche-entreprise-dirigeants/resultats-entreprise-dirigeants.html?ga_cat=globale&ga_q=W.A.V.E#phrase=W.A.V.E,1620599726,18:35:26,20210509
13,2016-06-30,WAVE.PA,EUR,2016-06-30,2016-06-30,Q2,58255000.0,43069750.0,15185250.0,0.26066861213629733,0.0,4576250.0,0.0,0.0,2784500.0,52480250.0,189250.0,242750.0,6017500.0,0.10329585443309587,5774750.0,0.09912883014333533,0.0,5445250.0,0.09347266329070467,2105750.0,3339500.0,0.05732555145481075,0.170625,0.170625,19601060.0,19601060.0,https://www.infogreffe.com/recherche-entreprise-dirigeants/resultats-entreprise-dirigeants.html?ga_cat=globale&ga_q=W.A.V.E#phrase=W.A.V.E,https://www.infogreffe.com/recherche-entreprise-dirigeants/resultats-entreprise-dirigeants.html?ga_cat=globale&ga_q=W.A.V.E#phrase=W.A.V.E,1620599726,18:35:26,20210509
14,2016-03-31,WAVE.PA,EUR,2016-03-31,2016-03-31,Q1,58255000.0,43069750.0,15185250.0,0.26066861213629733,0.0,4576250.0,0.0,0.0,2784500.0,52480250.0,189250.0,242750.0,6017500.0,0.10329585443309587,5774750.0,0.09912883014333533,0.0,5445250.0,0.09347266329070467,2105750.0,3339500.0,0.05732555145481075,0.170625,0.170625,19601060.0,19601060.0,https://www.infogreffe.com/recherche-entreprise-dirigeants/resultats-entreprise-dirigeants.html?ga_cat=globale&ga_q=W.A.V.E#phrase=W.A.V.E,https://www.infogreffe.com/recherche-entreprise-dirigeants/resultats-entreprise-dirigeants.html?ga_cat=globale&ga_q=W.A.V.E#phrase=W.A.V.E,1620599726,18:35:26,20210509
15,2016-01-31,WAVE.PA,EUR,2016-01-31,2016-01-31,Q1,58255000.0,43069750.0,15185250.0,0.26066861213629733,0.0,4576250.0,0.0,0.0,2784500.0,52480250.0,189250.0,242750.0,6017500.0,0.10329585443309587,5774750.0,0.09912883014333533,0.0,5445250.0,0.09347266329070467,2105750.0,3339500.0,0.05732555145481075,0.170625,0.170625,19601060.0,19601060.0,https://www.infogreffe.com/recherche-entreprise-dirigeants/resultats-entreprise-dirigeants.html?ga_cat=globale&ga_q=W.A.V.E#phrase=W.A.V.E,https://www.infogreffe.com/recherche-entreprise-dirigeants/resultats-entreprise-dirigeants.html?ga_cat=globale&ga_q=W.A.V.E#phrase=W.A.V.E,1620599726,18:35:26,20210509
16,2015-09-30,WAVE.PA,EUR,2015-09-30,2015-09-30,Q3,40786750.0,30616750.0,10170000.0,0.24934568211490252,0.0,2705750.0,0.0,0.0,778000.0,35681250.0,59500.0,267500.0,5373000.0,0.1317339577191122,5105500.0,0.12517545526427087,0.0,5050750.0,0.1238331075655697,1902750.0,3148000.0,0.07718192795454407,0.160625,0.160625,19566184.0,19566184.0,https://www.infogreffe.com/recherche-entreprise-dirigeants/resultats-entreprise-dirigeants.html?ga_cat=globale&ga_q=W.A.V.E#phrase=W.A.V.E,https://www.infogreffe.com/recherche-entreprise-dirigeants/resultats-entreprise-dirigeants.html?ga_cat=globale&ga_q=W.A.V.E#phrase=W.A.V.E,1620599726,18:35:26,20210509
17,2015-06-30,WAVE.PA,EUR,2015-06-30,2015-06-30,Q2,40786750.0,30616750.0,10170000.0,0.24934568211490252,0.0,2705750.0,0.0,0.0,778000.0,35681250.0,59500.0,267500.0,5373000.0,0.1317339577191122,5105500.0,0.12517545526427087,0.0,5050750.0,0.1238331075655697,1902750.0,3148000.0,0.07718192795454407,0.160625,0.160625,19566184.0,19566184.0,https://www.infogreffe.com/recherche-entreprise-dirigeants/resultats-entreprise-dirigeants.html?ga_cat=globale&ga_q=W.A.V.E#phrase=W.A.V.E,https://www.infogreffe.com/recherche-entreprise-dirigeants/resultats-entreprise-dirigeants.html?ga_cat=globale&ga_q=W.A.V.E#phrase=W.A.V.E,1620599726,18:35:26,20210509
18,2015-03-31,WAVE.PA,EUR,2015-03-31,2015-03-31,Q1,40786750.0,30616750.0,10170000.0,0.24934568211490252,0.0,2705750.0,0.0,0.0,778000.0,35681250.0,59500.0,267500.0,5373000.0,0.1317339577191122,5105500.0,0.12517545526427087,0.0,5050750.0,0.1238331075655697,1902750.0,3148000.0,0.07718192795454407,0.160625,0.160625,19566184.0,19566184.0,https://www.infogreffe.com/recherche-entreprise-dirigeants/resultats-entreprise-dirigeants.html?ga_cat=globale&ga_q=W.A.V.E#phrase=W.A.V.E,https://www.infogreffe.com/recherche-entreprise-dirigeants/resultats-entreprise-dirigeants.html?ga_cat=globale&ga_q=W.A.V.E#phrase=W.A.V.E,1620599726,18:35:26,20210509
19,2015-01-31,WAVE.PA,EUR,2015-01-31,2015-01-31,Q1,40786750.0,30616750.0,10170000.0,0.24934568211490252,0.0,2705750.0,0.0,0.0,778000.0,35681250.0,59500.0,267500.0,5373000.0,0.1317339577191122,5105500.0,0.12517545526427087,0.0,5050750.0,0.1238331075655697,1902750.0,3148000.0,0.07718192795454407,0.160625,0.160625,19566184.0,19566184.0,https://www.infogreffe.com/recherche-entreprise-dirigeants/resultats-entreprise-dirigeants.html?ga_cat=globale&ga_q=W.A.V.E#phrase=W.A.V.E,https://www.infogreffe.com/recherche-entreprise-dirigeants/resultats-entreprise-dirigeants.html?ga_cat=globale&ga_q=W.A.V.E#phrase=W.A.V.E,1620599726,18:35:26,20210509
20,2014-09-30,WAVE.PA,EUR,2014-09-30,2014-09-30,Q3,35405500.0,26335000.0,9070500.0,0.2561890101820339,0.0,2247750.0,0.0,0.0,717500.0,30983500.0,63500.0,373250.0,4795250.0,0.13543799692138228,4422000.0,0.12489584951490587,0.0,4369000.0,0.12339890694948524,1632500.0,2736500.0,0.07729025151459519,0.139375,0.1375,19620376.0,19901818.0,https://www.infogreffe.com/recherche-entreprise-dirigeants/resultats-entreprise-dirigeants.html?ga_cat=globale&ga_q=W.A.V.E#phrase=W.A.V.E,https://www.infogreffe.com/recherche-entreprise-dirigeants/resultats-entreprise-dirigeants.html?ga_cat=globale&ga_q=W.A.V.E#phrase=W.A.V.E,1620599726,18:35:26,20210509
21,2014-06-30,WAVE.PA,EUR,2014-06-30,2014-06-30,Q2,35405500.0,26335000.0,9070500.0,0.2561890101820339,0.0,2247750.0,0.0,0.0,717500.0,30983500.0,63500.0,373250.0,4795250.0,0.13543799692138228,4422000.0,0.12489584951490587,0.0,4369000.0,0.12339890694948524,1632500.0,2736500.0,0.07729025151459519,0.139375,0.1375,19620376.0,19901818.0,https://www.infogreffe.com/recherche-entreprise-dirigeants/resultats-entreprise-dirigeants.html?ga_cat=globale&ga_q=W.A.V.E#phrase=W.A.V.E,https://www.infogreffe.com/recherche-entreprise-dirigeants/resultats-entreprise-dirigeants.html?ga_cat=globale&ga_q=W.A.V.E#phrase=W.A.V.E,1620599726,18:35:26,20210509
22,2014-03-31,WAVE.PA,EUR,2014-03-31,2014-03-31,Q1,35405500.0,26335000.0,9070500.0,0.2561890101820339,0.0,2247750.0,0.0,0.0,717500.0,30983500.0,63500.0,373250.0,4795250.0,0.13543799692138228,4422000.0,0.12489584951490587,0.0,4369000.0,0.12339890694948524,1632500.0,2736500.0,0.07729025151459519,0.139375,0.1375,19620376.0,19901818.0,https://www.infogreffe.com/recherche-entreprise-dirigeants/resultats-entreprise-dirigeants.html?ga_cat=globale&ga_q=W.A.V.E#phrase=W.A.V.E,https://www.infogreffe.com/recherche-entreprise-dirigeants/resultats-entreprise-dirigeants.html?ga_cat=globale&ga_q=W.A.V.E#phrase=W.A.V.E,1620599726,18:35:26,20210509
23,2014-01-31,WAVE.PA,EUR,2014-01-31,2014-01-31,Q1,35405500.0,26335000.0,9070500.0,0.2561890101820339,0.0,2247750.0,0.0,0.0,717500.0,30983500.0,63500.0,373250.0,4795250.0,0.13543799692138228,4422000.0,0.12489584951490587,0.0,4369000.0,0.12339890694948524,1632500.0,2736500.0,0.07729025151459519,0.139375,0.1375,19620376.0,19901818.0,https://www.infogreffe.com/recherche-entreprise-dirigeants/resultats-entreprise-dirigeants.html?ga_cat=globale&ga_q=W.A.V.E#phrase=W.A.V.E,https://www.infogreffe.com/recherche-entreprise-dirigeants/resultats-entreprise-dirigeants.html?ga_cat=globale&ga_q=W.A.V.E#phrase=W.A.V.E,1620599726,18:35:26,20210509
24,2013-09-30,WAVE.PA,EUR,2013-09-30,2013-09-30,Q3,32636250.0,24615000.0,8021250.0,0.24577731816614962,0.0,3329500.0,0.0,0.0,441000.0,28608250.0,38500.0,224000.0,4252000.0,0.13028457619977785,4028000.0,0.12342104255237657,0.0,3833500.0,0.11746141177371787,1249500.0,2584000.0,0.07917576314680762,0.133125,0.13,19435068.0,19876923.0,https://www.infogreffe.com/recherche-entreprise-dirigeants/resultats-entreprise-dirigeants.html?ga_cat=globale&ga_q=W.A.V.E#phrase=W.A.V.E,https://www.infogreffe.com/recherche-entreprise-dirigeants/resultats-entreprise-dirigeants.html?ga_cat=globale&ga_q=W.A.V.E#phrase=W.A.V.E,1620599726,18:35:26,20210509
25,2013-06-30,WAVE.PA,EUR,2013-06-30,2013-06-30,Q2,32636250.0,24615000.0,8021250.0,0.24577731816614962,0.0,3329500.0,0.0,0.0,441000.0,28608250.0,38500.0,224000.0,4252000.0,0.13028457619977785,4028000.0,0.12342104255237657,0.0,3833500.0,0.11746141177371787,1249500.0,2584000.0,0.07917576314680762,0.133125,0.13,19435068.0,19876923.0,https://www.infogreffe.com/recherche-entreprise-dirigeants/resultats-entreprise-dirigeants.html?ga_cat=globale&ga_q=W.A.V.E#phrase=W.A.V.E,https://www.infogreffe.com/recherche-entreprise-dirigeants/resultats-entreprise-dirigeants.html?ga_cat=globale&ga_q=W.A.V.E#phrase=W.A.V.E,1620599726,18:35:26,20210509
26,2013-03-31,WAVE.PA,EUR,2013-03-31,2013-03-31,Q1,32636250.0,24615000.0,8021250.0,0.24577731816614962,0.0,3329500.0,0.0,0.0,441000.0,28608250.0,38500.0,224000.0,4252000.0,0.13028457619977785,4028000.0,0.12342104255237657,0.0,3833500.0,0.11746141177371787,1249500.0,2584000.0,0.07917576314680762,0.133125,0.13,19435068.0,19876923.0,https://www.infogreffe.com/recherche-entreprise-dirigeants/resultats-entreprise-dirigeants.html?ga_cat=globale&ga_q=W.A.V.E#phrase=W.A.V.E,https://www.infogreffe.com/recherche-entreprise-dirigeants/resultats-entreprise-dirigeants.html?ga_cat=globale&ga_q=W.A.V.E#phrase=W.A.V.E,1620599726,18:35:26,20210509
27,2013-01-31,WAVE.PA,EUR,2013-01-31,2013-01-31,Q1,32636250.0,24615000.0,8021250.0,0.24577731816614962,0.0,3329500.0,0.0,0.0,441000.0,28608250.0,38500.0,224000.0,4252000.0,0.13028457619977785,4028000.0,0.12342104255237657,0.0,3833500.0,0.11746141177371787,1249500.0,2584000.0,0.07917576314680762,0.133125,0.13,19435068.0,19876923.0,https://www.infogreffe.com/recherche-entreprise-dirigeants/resultats-entreprise-dirigeants.html?ga_cat=globale&ga_q=W.A.V.E#phrase=W.A.V.E,https://www.infogreffe.com/recherche-entreprise-dirigeants/resultats-entreprise-dirigeants.html?ga_cat=globale&ga_q=W.A.V.E#phrase=W.A.V.E,1620599726,18:35:26,20210509
28,2012-09-30,WAVE.PA,EUR,2012-09-30,2012-09-30,Q3,27014500.0,4295000.0,22719500.0,0.8410113087416017,0.0,456000.0,0.0,750.0,13000.0,24114500.0,26750.0,167250.0,3067250.0,0.1135408761961169,2900000.0,0.10734975661218975,0.0,2889000.0,0.10694256788021247,1139250.0,1749750.0,0.06477077125247552,0.09,0.0875,19386988.0,19867528.0,https://www.infogreffe.com/recherche-entreprise-dirigeants/resultats-entreprise-dirigeants.html?ga_cat=globale&ga_q=W.A.V.E#phrase=W.A.V.E,https://www.infogreffe.com/recherche-entreprise-dirigeants/resultats-entreprise-dirigeants.html?ga_cat=globale&ga_q=W.A.V.E#phrase=W.A.V.E,1620599726,18:35:26,20210509
29,2012-06-30,WAVE.PA,EUR,2012-06-30,2012-06-30,Q2,27014500.0,4295000.0,22719500.0,0.8410113087416017,0.0,456000.0,0.0,750.0,13000.0,24114500.0,26750.0,167250.0,3067250.0,0.1135408761961169,2900000.0,0.10734975661218975,0.0,2889000.0,0.10694256788021247,1139250.0,1749750.0,0.06477077125247552,0.09,0.0875,19386988.0,19867528.0,https://www.infogreffe.com/recherche-entreprise-dirigeants/resultats-entreprise-dirigeants.html?ga_cat=globale&ga_q=W.A.V.E#phrase=W.A.V.E,https://www.infogreffe.com/recherche-entreprise-dirigeants/resultats-entreprise-dirigeants.html?ga_cat=globale&ga_q=W.A.V.E#phrase=W.A.V.E,1620599726,18:35:26,20210509
30,2012-03-31,WAVE.PA,EUR,2012-03-31,2012-03-31,Q1,27014500.0,4295000.0,22719500.0,0.8410113087416017,0.0,456000.0,0.0,750.0,13000.0,24114500.0,26750.0,167250.0,3067250.0,0.1135408761961169,2900000.0,0.10734975661218975,0.0,2889000.0,0.10694256788021247,1139250.0,1749750.0,0.06477077125247552,0.09,0.0875,19386988.0,19867528.0,https://www.infogreffe.com/recherche-entreprise-dirigeants/resultats-entreprise-dirigeants.html?ga_cat=globale&ga_q=W.A.V.E#phrase=W.A.V.E,https://www.infogreffe.com/recherche-entreprise-dirigeants/resultats-entreprise-dirigeants.html?ga_cat=globale&ga_q=W.A.V.E#phrase=W.A.V.E,1620599726,18:35:26,20210509
31,2012-01-31,WAVE.PA,EUR,2012-01-31,2012-01-31,Q1,27014500.0,4295000.0,22719500.0,0.8410113087416017,0.0,456000.0,0.0,750.0,13000.0,24114500.0,26750.0,167250.0,3067250.0,0.1135408761961169,2900000.0,0.10734975661218975,0.0,2889000.0,0.10694256788021247,1139250.0,1749750.0,0.06477077125247552,0.09,0.0875,19386988.0,19867528.0,https://www.infogreffe.com/recherche-entreprise-dirigeants/resultats-entreprise-dirigeants.html?ga_cat=globale&ga_q=W.A.V.E#phrase=W.A.V.E,https://www.infogreffe.com/recherche-entreprise-dirigeants/resultats-entreprise-dirigeants.html?ga_cat=globale&ga_q=W.A.V.E#phrase=W.A.V.E,1620599726,18:35:26,20210509
32,2011-09-30,WAVE.PA,EUR,2011-09-30,2011-09-30,Q3,27005500.0,856500.0,26149000.0,0.9682842383958823,0.0,3220500.0,0.0,17250.0,477000.0,23850250.0,37500.0,299500.0,3454750.0,0.1279276443687397,3155250.0,0.11683731091814631,0.0,3136750.0,0.11615226527929495,1403000.0,1733750.0,0.06419988520856862,0.088125,0.0875,19633724.0,19867528.0,https://www.infogreffe.com/recherche-entreprise-dirigeants/resultats-entreprise-dirigeants.html?ga_cat=globale&ga_q=W.A.V.E#phrase=W.A.V.E,https://www.infogreffe.com/recherche-entreprise-dirigeants/resultats-entreprise-dirigeants.html?ga_cat=globale&ga_q=W.A.V.E#phrase=W.A.V.E,1620599726,18:35:26,20210509
33,2011-06-30,WAVE.PA,EUR,2011-06-30,2011-06-30,Q2,27005500.0,856500.0,26149000.0,0.9682842383958823,0.0,3220500.0,0.0,17250.0,477000.0,23850250.0,37500.0,299500.0,3454750.0,0.1279276443687397,3155250.0,0.11683731091814631,0.0,3136750.0,0.11615226527929495,1403000.0,1733750.0,0.06419988520856862,0.088125,0.0875,19633724.0,19867528.0,https://www.infogreffe.com/recherche-entreprise-dirigeants/resultats-entreprise-dirigeants.html?ga_cat=globale&ga_q=W.A.V.E#phrase=W.A.V.E,https://www.infogreffe.com/recherche-entreprise-dirigeants/resultats-entreprise-dirigeants.html?ga_cat=globale&ga_q=W.A.V.E#phrase=W.A.V.E,1620599726,18:35:26,20210509
34,2011-03-31,WAVE.PA,EUR,2011-03-31,2011-03-31,Q1,27005500.0,856500.0,26149000.0,0.9682842383958823,0.0,3220500.0,0.0,17250.0,477000.0,23850250.0,37500.0,299500.0,3454750.0,0.1279276443687397,3155250.0,0.11683731091814631,0.0,3136750.0,0.11615226527929495,1403000.0,1733750.0,0.06419988520856862,0.088125,0.0875,19633724.0,19867528.0,https://www.infogreffe.com/recherche-entreprise-dirigeants/resultats-entreprise-dirigeants.html?ga_cat=globale&ga_q=W.A.V.E#phrase=W.A.V.E,https://www.infogreffe.com/recherche-entreprise-dirigeants/resultats-entreprise-dirigeants.html?ga_cat=globale&ga_q=W.A.V.E#phrase=W.A.V.E,1620599726,18:35:26,20210509
35,2011-01-31,WAVE.PA,EUR,2011-01-31,2011-01-31,Q1,27005500.0,856500.0,26149000.0,0.9682842383958823,0.0,3220500.0,0.0,17250.0,477000.0,23850250.0,37500.0,299500.0,3454750.0,0.1279276443687397,3155250.0,0.11683731091814631,0.0,3136750.0,0.11615226527929495,1403000.0,1733750.0,0.06419988520856862,0.088125,0.0875,19633724.0,19867528.0,https://www.infogreffe.com/recherche-entreprise-dirigeants/resultats-entreprise-dirigeants.html?ga_cat=globale&ga_q=W.A.V.E#phrase=W.A.V.E,https://www.infogreffe.com/recherche-entreprise-dirigeants/resultats-entreprise-dirigeants.html?ga_cat=globale&ga_q=W.A.V.E#phrase=W.A.V.E,1620599726,18:35:26,20210509
36,2010-09-30,WAVE.PA,EUR,2010-09-30,2010-09-30,Q3,25860750.0,478000.0,25382750.0,0.9815163906692574,0.0,2704750.0,0.0,0.0,1377000.0,24107500.0,48250.0,354000.0,2107250.0,0.08148448904227448,1753250.0,0.06779579091867019,0.0,1727000.0,0.06678073915103004,914000.0,813000.0,0.03143760331776921,0.04125,0.040625,19701676.0,19867528.0,https://www.infogreffe.com/recherche-entreprise-dirigeants/resultats-entreprise-dirigeants.html?ga_cat=globale&ga_q=W.A.V.E#phrase=W.A.V.E,https://www.infogreffe.com/recherche-entreprise-dirigeants/resultats-entreprise-dirigeants.html?ga_cat=globale&ga_q=W.A.V.E#phrase=W.A.V.E,1620599726,18:35:26,20210509
37,2010-06-30,WAVE.PA,EUR,2010-06-30,2010-06-30,Q2,25860750.0,478000.0,25382750.0,0.9815163906692574,0.0,2704750.0,0.0,0.0,1377000.0,24107500.0,48250.0,354000.0,2107250.0,0.08148448904227448,1753250.0,0.06779579091867019,0.0,1727000.0,0.06678073915103004,914000.0,813000.0,0.03143760331776921,0.04125,0.040625,19701676.0,19867528.0,https://www.infogreffe.com/recherche-entreprise-dirigeants/resultats-entreprise-dirigeants.html?ga_cat=globale&ga_q=W.A.V.E#phrase=W.A.V.E,https://www.infogreffe.com/recherche-entreprise-dirigeants/resultats-entreprise-dirigeants.html?ga_cat=globale&ga_q=W.A.V.E#phrase=W.A.V.E,1620599726,18:35:26,20210509
38,2010-03-31,WAVE.PA,EUR,2010-03-31,2010-03-31,Q1,25860750.0,478000.0,25382750.0,0.9815163906692574,0.0,2704750.0,0.0,0.0,1377000.0,24107500.0,48250.0,354000.0,2107250.0,0.08148448904227448,1753250.0,0.06779579091867019,0.0,1727000.0,0.06678073915103004,914000.0,813000.0,0.03143760331776921,0.04125,0.040625,19701676.0,19867528.0,https://www.infogreffe.com/recherche-entreprise-dirigeants/resultats-entreprise-dirigeants.html?ga_cat=globale&ga_q=W.A.V.E#phrase=W.A.V.E,https://www.infogreffe.com/recherche-entreprise-dirigeants/resultats-entreprise-dirigeants.html?ga_cat=globale&ga_q=W.A.V.E#phrase=W.A.V.E,1620599726,18:35:26,20210509
39,2010-01-31,WAVE.PA,EUR,2010-01-31,2010-01-31,Q1,25860750.0,478000.0,25382750.0,0.9815163906692574,0.0,2704750.0,0.0,0.0,1377000.0,24107500.0,48250.0,354000.0,2107250.0,0.08148448904227448,1753250.0,0.06779579091867019,0.0,1727000.0,0.06678073915103004,914000.0,813000.0,0.03143760331776921,0.04125,0.040625,19701676.0,19867528.0,https://www.infogreffe.com/recherche-entreprise-dirigeants/resultats-entreprise-dirigeants.html?ga_cat=globale&ga_q=W.A.V.E#phrase=W.A.V.E,https://www.infogreffe.com/recherche-entreprise-dirigeants/resultats-entreprise-dirigeants.html?ga_cat=globale&ga_q=W.A.V.E#phrase=W.A.V.E,1620599726,18:35:26,20210509
40,2009-09-30,WAVE.PA,EUR,2009-09-30,2009-09-30,Q3,25484250.0,698750.0,24785500.0,0.9725811040152251,0.0,3113750.0,0.0,-13250.0,735500.0,22710500.0,133250.0,339750.0,3113500.0,0.12217349931820634,2773750.0,0.10884173558178091,0.0,2648750.0,0.10393674524461187,895000.0,1753750.0,0.06881701443048158,0.089375,0.089375,19618448.0,19618448.0,https://www.infogreffe.com/recherche-entreprise-dirigeants/resultats-entreprise-dirigeants.html?ga_cat=globale&ga_q=W.A.V.E#phrase=W.A.V.E,https://www.infogreffe.com/recherche-entreprise-dirigeants/resultats-entreprise-dirigeants.html?ga_cat=globale&ga_q=W.A.V.E#phrase=W.A.V.E,1620599726,18:35:26,20210509
41,2009-06-30,WAVE.PA,EUR,2009-06-30,2009-06-30,Q2,25484250.0,698750.0,24785500.0,0.9725811040152251,0.0,3113750.0,0.0,-13250.0,735500.0,22710500.0,133250.0,339750.0,3113500.0,0.12217349931820634,2773750.0,0.10884173558178091,0.0,2648750.0,0.10393674524461187,895000.0,1753750.0,0.06881701443048158,0.089375,0.089375,19618448.0,19618448.0,https://www.infogreffe.com/recherche-entreprise-dirigeants/resultats-entreprise-dirigeants.html?ga_cat=globale&ga_q=W.A.V.E#phrase=W.A.V.E,https://www.infogreffe.com/recherche-entreprise-dirigeants/resultats-entreprise-dirigeants.html?ga_cat=globale&ga_q=W.A.V.E#phrase=W.A.V.E,1620599726,18:35:26,20210509
42,2009-03-31,WAVE.PA,EUR,2009-03-31,2009-03-31,Q1,25484250.0,698750.0,24785500.0,0.9725811040152251,0.0,3113750.0,0.0,-13250.0,735500.0,22710500.0,133250.0,339750.0,3113500.0,0.12217349931820634,2773750.0,0.10884173558178091,0.0,2648750.0,0.10393674524461187,895000.0,1753750.0,0.06881701443048158,0.089375,0.089375,19618448.0,19618448.0,https://www.infogreffe.com/recherche-entreprise-dirigeants/resultats-entreprise-dirigeants.html?ga_cat=globale&ga_q=W.A.V.E#phrase=W.A.V.E,https://www.infogreffe.com/recherche-entreprise-dirigeants/resultats-entreprise-dirigeants.html?ga_cat=globale&ga_q=W.A.V.E#phrase=W.A.V.E,1620599726,18:35:26,20210509
43,2009-01-31,WAVE.PA,EUR,2009-01-31,2009-01-31,Q1,25484250.0,698750.0,24785500.0,0.9725811040152251,0.0,3113750.0,0.0,-13250.0,735500.0,22710500.0,133250.0,339750.0,3113500.0,0.12217349931820634,2773750.0,0.10884173558178091,0.0,2648750.0,0.10393674524461187,895000.0,1753750.0,0.06881701443048158,0.089375,0.089375,19618448.0,19618448.0,https://www.infogreffe.com/recherche-entreprise-dirigeants/resultats-entreprise-dirigeants.html?ga_cat=globale&ga_q=W.A.V.E#phrase=W.A.V.E,https://www.infogreffe.com/recherche-entreprise-dirigeants/resultats-entreprise-dirigeants.html?ga_cat=globale&ga_q=W.A.V.E#phrase=W.A.V.E,1620599726,18:35:26,20210509
44,2008-09-30,WAVE.PA,EUR,2008-09-30,2008-09-30,Q3,18242500.0,512500.0,17730000.0,0.9719062628477456,0.0,0.0,0.0,0.0,2275250.0,2939000.0,0.0,151250.0,15454750.0,0.8471837741537618,15303500.0,0.8388926956283405,0.0,2308250.0,0.1265314512813485,-766500.0,1542000.0,0.08452788817322188,0.08,0.07875,19327532.0,19597900.0,https://www.infogreffe.com/recherche-entreprise-dirigeants/resultats-entreprise-dirigeants.html?ga_cat=globale&ga_q=W.A.V.E#phrase=W.A.V.E,https://www.infogreffe.com/recherche-entreprise-dirigeants/resultats-entreprise-dirigeants.html?ga_cat=globale&ga_q=W.A.V.E#phrase=W.A.V.E,1620599726,18:35:26,20210509
45,2008-06-30,WAVE.PA,EUR,2008-06-30,2008-06-30,Q2,18242500.0,512500.0,17730000.0,0.9719062628477456,0.0,0.0,0.0,0.0,2275250.0,2939000.0,0.0,151250.0,15454750.0,0.8471837741537618,15303500.0,0.8388926956283405,0.0,2308250.0,0.1265314512813485,-766500.0,1542000.0,0.08452788817322188,0.08,0.07875,19327532.0,19597900.0,https://www.infogreffe.com/recherche-entreprise-dirigeants/resultats-entreprise-dirigeants.html?ga_cat=globale&ga_q=W.A.V.E#phrase=W.A.V.E,https://www.infogreffe.com/recherche-entreprise-dirigeants/resultats-entreprise-dirigeants.html?ga_cat=globale&ga_q=W.A.V.E#phrase=W.A.V.E,1620599726,18:35:26,20210509
46,2008-03-31,WAVE.PA,EUR,2008-03-31,2008-03-31,Q1,18242500.0,512500.0,17730000.0,0.9719062628477456,0.0,0.0,0.0,0.0,2275250.0,2939000.0,0.0,151250.0,15454750.0,0.8471837741537618,15303500.0,0.8388926956283405,0.0,2308250.0,0.1265314512813485,-766500.0,1542000.0,0.08452788817322188,0.08,0.07875,19327532.0,19597900.0,https://www.infogreffe.com/recherche-entreprise-dirigeants/resultats-entreprise-dirigeants.html?ga_cat=globale&ga_q=W.A.V.E#phrase=W.A.V.E,https://www.infogreffe.com/recherche-entreprise-dirigeants/resultats-entreprise-dirigeants.html?ga_cat=globale&ga_q=W.A.V.E#phrase=W.A.V.E,1620599726,18:35:26,20210509
47,2008-01-31,WAVE.PA,EUR,2008-01-31,2008-01-31,Q1,18242500.0,512500.0,17730000.0,0.9719062628477456,0.0,0.0,0.0,0.0,2275250.0,2939000.0,0.0,151250.0,15454750.0,0.8471837741537618,15303500.0,0.8388926956283405,0.0,2308250.0,0.1265314512813485,-766500.0,1542000.0,0.08452788817322188,0.08,0.07875,19327532.0,19597900.0,https://www.infogreffe.com/recherche-entreprise-dirigeants/resultats-entreprise-dirigeants.html?ga_cat=globale&ga_q=W.A.V.E#phrase=W.A.V.E,https://www.infogreffe.com/recherche-entreprise-dirigeants/resultats-entreprise-dirigeants.html?ga_cat=globale&ga_q=W.A.V.E#phrase=W.A.V.E,1620599726,18:35:26,20210509
48,2007-09-30,WAVE.PA,EUR,2007-09-30,2007-09-30,Q3,13211750.0,376500.0,12835250.0,0.9715026396957254,0.0,0.0,0.0,0.0,10294750.0,1975750.0,0.0,234250.0,11470250.0,0.8681855166802278,11236000.0,0.8504550873275682,0.0,1747750.0,0.13228754706984314,-589750.0,1158000.0,0.08764925161314739,0.060625,0.058125,19114300.0,19838252.0,https://www.infogreffe.com/recherche-entreprise-dirigeants/resultats-entreprise-dirigeants.html?ga_cat=globale&ga_q=W.A.V.E#phrase=W.A.V.E,https://www.infogreffe.com/recherche-entreprise-dirigeants/resultats-entreprise-dirigeants.html?ga_cat=globale&ga_q=W.A.V.E#phrase=W.A.V.E,1620599726,18:35:26,20210509
49,2007-06-30,WAVE.PA,EUR,2007-06-30,2007-06-30,Q2,13211750.0,376500.0,12835250.0,0.9715026396957254,0.0,0.0,0.0,0.0,10294750.0,1975750.0,0.0,234250.0,11470250.0,0.8681855166802278,11236000.0,0.8504550873275682,0.0,1747750.0,0.13228754706984314,-589750.0,1158000.0,0.08764925161314739,0.060625,0.058125,19114300.0,19838252.0,https://www.infogreffe.com/recherche-entreprise-dirigeants/resultats-entreprise-dirigeants.html?ga_cat=globale&ga_q=W.A.V.E#phrase=W.A.V.E,https://www.infogreffe.com/recherche-entreprise-dirigeants/resultats-entreprise-dirigeants.html?ga_cat=globale&ga_q=W.A.V.E#phrase=W.A.V.E,1620599726,18:35:26,20210509
50,2007-03-31,WAVE.PA,EUR,2007-03-31,2007-03-31,Q1,13211750.0,376500.0,12835250.0,0.9715026396957254,0.0,0.0,0.0,0.0,10294750.0,1975750.0,0.0,234250.0,11470250.0,0.8681855166802278,11236000.0,0.8504550873275682,0.0,1747750.0,0.13228754706984314,-589750.0,1158000.0,0.08764925161314739,0.060625,0.058125,19114300.0,19838252.0,https://www.infogreffe.com/recherche-entreprise-dirigeants/resultats-entreprise-dirigeants.html?ga_cat=globale&ga_q=W.A.V.E#phrase=W.A.V.E,https://www.infogreffe.com/recherche-entreprise-dirigeants/resultats-entreprise-dirigeants.html?ga_cat=globale&ga_q=W.A.V.E#phrase=W.A.V.E,1620599726,18:35:26,20210509
51,2007-01-31,WAVE.PA,EUR,2007-01-31,2007-01-31,Q1,13211750.0,376500.0,12835250.0,0.9715026396957254,0.0,0.0,0.0,0.0,10294750.0,1975750.0,0.0,234250.0,11470250.0,0.8681855166802278,11236000.0,0.8504550873275682,0.0,1747750.0,0.13228754706984314,-589750.0,1158000.0,0.08764925161314739,0.060625,0.058125,19114300.0,19838252.0,https://www.infogreffe.com/recherche-entreprise-dirigeants/resultats-entreprise-dirigeants.html?ga_cat=globale&ga_q=W.A.V.E#phrase=W.A.V.E,https://www.infogreffe.com/recherche-entreprise-dirigeants/resultats-entreprise-dirigeants.html?ga_cat=globale&ga_q=W.A.V.E#phrase=W.A.V.E,1620599726,18:35:26,20210509
52,2006-09-30,WAVE.PA,EUR,2006-09-30,2006-09-30,Q3,9683500.0,388250.0,9295250.0,0.9599060257138431,0.0,37750.0,0.0,0.0,1444250.0,8478500.0,8250.0,111250.0,1316250.0,0.1359270924768937,1205000.0,0.12443847782310115,0.0,1209250.0,0.12487736871998761,408250.0,801000.0,0.08271802550730624,4.1875,4.0625,19114300.0,19838252.0,https://www.infogreffe.com/recherche-entreprise-dirigeants/resultats-entreprise-dirigeants.html?ga_cat=globale&ga_q=W.A.V.E#phrase=W.A.V.E,https://www.infogreffe.com/recherche-entreprise-dirigeants/resultats-entreprise-dirigeants.html?ga_cat=globale&ga_q=W.A.V.E#phrase=W.A.V.E,1620599726,18:35:26,20210509
53,2006-06-30,WAVE.PA,EUR,2006-06-30,2006-06-30,Q2,9683500.0,388250.0,9295250.0,0.9599060257138431,0.0,37750.0,0.0,0.0,1444250.0,8478500.0,8250.0,111250.0,1316250.0,0.1359270924768937,1205000.0,0.12443847782310115,0.0,1209250.0,0.12487736871998761,408250.0,801000.0,0.08271802550730624,4.1875,4.0625,19114300.0,19838252.0,https://www.infogreffe.com/recherche-entreprise-dirigeants/resultats-entreprise-dirigeants.html?ga_cat=globale&ga_q=W.A.V.E#phrase=W.A.V.E,https://www.infogreffe.com/recherche-entreprise-dirigeants/resultats-entreprise-dirigeants.html?ga_cat=globale&ga_q=W.A.V.E#phrase=W.A.V.E,1620599726,18:35:26,20210509
54,2006-03-31,WAVE.PA,EUR,2006-03-31,2006-03-31,Q1,9683500.0,388250.0,9295250.0,0.9599060257138431,0.0,37750.0,0.0,0.0,1444250.0,8478500.0,8250.0,111250.0,1316250.0,0.1359270924768937,1205000.0,0.12443847782310115,0.0,1209250.0,0.12487736871998761,408250.0,801000.0,0.08271802550730624,4.1875,4.0625,19114300.0,19838252.0,https://www.infogreffe.com/recherche-entreprise-dirigeants/resultats-entreprise-dirigeants.html?ga_cat=globale&ga_q=W.A.V.E#phrase=W.A.V.E,https://www.infogreffe.com/recherche-entreprise-dirigeants/resultats-entreprise-dirigeants.html?ga_cat=globale&ga_q=W.A.V.E#phrase=W.A.V.E,1620599726,18:35:26,20210509
55,2006-01-31,WAVE.PA,EUR,2006-01-31,2006-01-31,Q1,9683500.0,388250.0,9295250.0,0.9599060257138431,0.0,37750.0,0.0,0.0,1444250.0,8478500.0,8250.0,111250.0,1316250.0,0.1359270924768937,1205000.0,0.12443847782310115,0.0,1209250.0,0.12487736871998761,408250.0,801000.0,0.08271802550730624,4.1875,4.0625,19114300.0,19838252.0,https://www.infogreffe.com/recherche-entreprise-dirigeants/resultats-entreprise-dirigeants.html?ga_cat=globale&ga_q=W.A.V.E#phrase=W.A.V.E,https://www.infogreffe.com/recherche-entreprise-dirigeants/resultats-entreprise-dirigeants.html?ga_cat=globale&ga_q=W.A.V.E#phrase=W.A.V.E,1620599726,18:35:26,20210509
56,2005-09-30,WAVE.PA,EUR,2005-09-30,2005-09-30,Q3,7884586.75,177215.75,7707371.0,0.9775237744704882,0.0,0.0,0.0,0.0,11904617.75,6783698.25,0.0,77675.75,1178564.25,0.14947698432007234,1100888.5,0.1396253900053798,0.0,1109802.75,0.14075598191623676,-380712.5,665310.25,0.08438111864264795,0.14,0.13625,4775880.0,4775880.0,https://www.infogreffe.com/recherche-entreprise-dirigeants/resultats-entreprise-dirigeants.html?ga_cat=globale&ga_q=W.A.V.E#phrase=W.A.V.E,https://www.infogreffe.com/recherche-entreprise-dirigeants/resultats-entreprise-dirigeants.html?ga_cat=globale&ga_q=W.A.V.E#phrase=W.A.V.E,1620599726,18:35:26,20210509
57,2005-06-30,WAVE.PA,EUR,2005-06-30,2005-06-30,Q2,7884586.75,177215.75,7707371.0,0.9775237744704882,0.0,0.0,0.0,0.0,11904617.75,6783698.25,0.0,77675.75,1178564.25,0.14947698432007234,1100888.5,0.1396253900053798,0.0,1109802.75,0.14075598191623676,-380712.5,665310.25,0.08438111864264795,0.14,0.13625,4775880.0,4775880.0,https://www.infogreffe.com/recherche-entreprise-dirigeants/resultats-entreprise-dirigeants.html?ga_cat=globale&ga_q=W.A.V.E#phrase=W.A.V.E,https://www.infogreffe.com/recherche-entreprise-dirigeants/resultats-entreprise-dirigeants.html?ga_cat=globale&ga_q=W.A.V.E#phrase=W.A.V.E,1620599726,18:35:26,20210509
58,2005-03-31,WAVE.PA,EUR,2005-03-31,2005-03-31,Q1,7884586.75,177215.75,7707371.0,0.9775237744704882,0.0,0.0,0.0,0.0,11904617.75,6783698.25,0.0,77675.75,1178564.25,0.14947698432007234,1100888.5,0.1396253900053798,0.0,1109802.75,0.14075598191623676,-380712.5,665310.25,0.08438111864264795,0.14,0.13625,4775880.0,4775880.0,https://www.infogreffe.com/recherche-entreprise-dirigeants/resultats-entreprise-dirigeants.html?ga_cat=globale&ga_q=W.A.V.E#phrase=W.A.V.E,https://www.infogreffe.com/recherche-entreprise-dirigeants/resultats-entreprise-dirigeants.html?ga_cat=globale&ga_q=W.A.V.E#phrase=W.A.V.E,1620599726,18:35:26,20210509
59,2005-01-31,WAVE.PA,EUR,2005-01-31,2005-01-31,Q1,7884586.75,177215.75,7707371.0,0.9775237744704882,0.0,0.0,0.0,0.0,11904617.75,6783698.25,0.0,77675.75,1178564.25,0.14947698432007234,1100888.5,0.1396253900053798,0.0,1109802.75,0.14075598191623676,-380712.5,665310.25,0.08438111864264795,0.14,0.13625,4775880.0,4775880.0,https://www.infogreffe.com/recherche-entreprise-dirigeants/resultats-entreprise-dirigeants.html?ga_cat=globale&ga_q=W.A.V.E#phrase=W.A.V.E,https://www.infogreffe.com/recherche-entreprise-dirigeants/resultats-entreprise-dirigeants.html?ga_cat=globale&ga_q=W.A.V.E#phrase=W.A.V.E,1620599726,18:35:26,20210509
60,2004-09-30,WAVE.PA,EUR,2004-09-30,2004-09-30,Q3,6797306.0,199936.75,6597369.25,0.9705858835838787,0.0,0.0,0.0,0.0,10427396.5,6032873.75,0.0,91658.75,856091.0,0.1259456319900855,764432.25,0.11246106177947557,0.0,815344.0,0.11995105119587084,-293449.25,488026.25,0.07179701046267448,0.10375,0.10125,4728484.0,4728484.0,https://www.infogreffe.com/recherche-entreprise-dirigeants/resultats-entreprise-dirigeants.html?ga_cat=globale&ga_q=W.A.V.E#phrase=W.A.V.E,https://www.infogreffe.com/recherche-entreprise-dirigeants/resultats-entreprise-dirigeants.html?ga_cat=globale&ga_q=W.A.V.E#phrase=W.A.V.E,1620599726,18:35:26,20210509
61,2004-06-30,WAVE.PA,EUR,2004-06-30,2004-06-30,Q2,6797306.0,199936.75,6597369.25,0.9705858835838787,0.0,0.0,0.0,0.0,10427396.5,6032873.75,0.0,91658.75,856091.0,0.1259456319900855,764432.25,0.11246106177947557,0.0,815344.0,0.11995105119587084,-293449.25,488026.25,0.07179701046267448,0.10375,0.10125,4728484.0,4728484.0,https://www.infogreffe.com/recherche-entreprise-dirigeants/resultats-entreprise-dirigeants.html?ga_cat=globale&ga_q=W.A.V.E#phrase=W.A.V.E,https://www.infogreffe.com/recherche-entreprise-dirigeants/resultats-entreprise-dirigeants.html?ga_cat=globale&ga_q=W.A.V.E#phrase=W.A.V.E,1620599726,18:35:26,20210509
62,2004-03-31,WAVE.PA,EUR,2004-03-31,2004-03-31,Q1,6797306.0,199936.75,6597369.25,0.9705858835838787,0.0,0.0,0.0,0.0,10427396.5,6032873.75,0.0,91658.75,856091.0,0.1259456319900855,764432.25,0.11246106177947557,0.0,815344.0,0.11995105119587084,-293449.25,488026.25,0.07179701046267448,0.10375,0.10125,4728484.0,4728484.0,https://www.infogreffe.com/recherche-entreprise-dirigeants/resultats-entreprise-dirigeants.html?ga_cat=globale&ga_q=W.A.V.E#phrase=W.A.V.E,https://www.infogreffe.com/recherche-entreprise-dirigeants/resultats-entreprise-dirigeants.html?ga_cat=globale&ga_q=W.A.V.E#phrase=W.A.V.E,1620599726,18:35:26,20210509
63,2004-01-31,WAVE.PA,EUR,2004-01-31,2004-01-31,Q1,6797306.0,199936.75,6597369.25,0.9705858835838787,0.0,0.0,0.0,0.0,10427396.5,6032873.75,0.0,91658.75,856091.0,0.1259456319900855,764432.25,0.11246106177947557,0.0,815344.0,0.11995105119587084,-293449.25,488026.25,0.07179701046267448,0.10375,0.10125,4728484.0,4728484.0,https://www.infogreffe.com/recherche-entreprise-dirigeants/resultats-entreprise-dirigeants.html?ga_cat=globale&ga_q=W.A.V.E#phrase=W.A.V.E,https://www.infogreffe.com/recherche-entreprise-dirigeants/resultats-entreprise-dirigeants.html?ga_cat=globale&ga_q=W.A.V.E#phrase=W.A.V.E,1620599726,18:35:26,20210509
64,2003-09-30,WAVE.PA,EUR,2003-09-30,2003-09-30,Q3,5994097.75,264507.75,5729590.0,0.9558719658851076,0.0,0.0,0.0,0.0,9365879.25,5455911.5,0.0,85092.0,623278.25,0.10398199628960005,538186.25,0.08978603160083601,0.0,498874.25,0.08322757999733989,274435.25,-1084377.25,-0.1809075018838323,-0.23375,-0.23375,4706240.0,4706240.0,https://www.infogreffe.com/recherche-entreprise-dirigeants/resultats-entreprise-dirigeants.html?ga_cat=globale&ga_q=W.A.V.E#phrase=W.A.V.E,https://www.infogreffe.com/recherche-entreprise-dirigeants/resultats-entreprise-dirigeants.html?ga_cat=globale&ga_q=W.A.V.E#phrase=W.A.V.E,1620599726,18:35:26,20210509
65,2003-06-30,WAVE.PA,EUR,2003-06-30,2003-06-30,Q2,5994097.75,264507.75,5729590.0,0.9558719658851076,0.0,0.0,0.0,0.0,9365879.25,5455911.5,0.0,85092.0,623278.25,0.10398199628960005,538186.25,0.08978603160083601,0.0,498874.25,0.08322757999733989,274435.25,-1084377.25,-0.1809075018838323,-0.23375,-0.23375,4706240.0,4706240.0,https://www.infogreffe.com/recherche-entreprise-dirigeants/resultats-entreprise-dirigeants.html?ga_cat=globale&ga_q=W.A.V.E#phrase=W.A.V.E,https://www.infogreffe.com/recherche-entreprise-dirigeants/resultats-entreprise-dirigeants.html?ga_cat=globale&ga_q=W.A.V.E#phrase=W.A.V.E,1620599726,18:35:26,20210509
66,2003-03-31,WAVE.PA,EUR,2003-03-31,2003-03-31,Q1,5994097.75,264507.75,5729590.0,0.9558719658851076,0.0,0.0,0.0,0.0,9365879.25,5455911.5,0.0,85092.0,623278.25,0.10398199628960005,538186.25,0.08978603160083601,0.0,498874.25,0.08322757999733989,274435.25,-1084377.25,-0.1809075018838323,-0.23375,-0.23375,4706240.0,4706240.0,https://www.infogreffe.com/recherche-entreprise-dirigeants/resultats-entreprise-dirigeants.html?ga_cat=globale&ga_q=W.A.V.E#phrase=W.A.V.E,https://www.infogreffe.com/recherche-entreprise-dirigeants/resultats-entreprise-dirigeants.html?ga_cat=globale&ga_q=W.A.V.E#phrase=W.A.V.E,1620599726,18:35:26,20210509
67,2003-01-31,WAVE.PA,EUR,2003-01-31,2003-01-31,Q1,5994097.75,264507.75,5729590.0,0.9558719658851076,0.0,0.0,0.0,0.0,9365879.25,5455911.5,0.0,85092.0,623278.25,0.10398199628960005,538186.25,0.08978603160083601,0.0,498874.25,0.08322757999733989,274435.25,-1084377.25,-0.1809075018838323,-0.23375,-0.23375,4706240.0,4706240.0,https://www.infogreffe.com/recherche-entreprise-dirigeants/resultats-entreprise-dirigeants.html?ga_cat=globale&ga_q=W.A.V.E#phrase=W.A.V.E,https://www.infogreffe.com/recherche-entreprise-dirigeants/resultats-entreprise-dirigeants.html?ga_cat=globale&ga_q=W.A.V.E#phrase=W.A.V.E,1620599726,18:35:26,20210509
68,2002-09-30,WAVE.PA,EUR,2002-09-30,2002-09-30,Q3,5390881.5,238064.25,5152817.25,0.9558394577955386,0.0,0.0,0.0,0.0,8369369.75,4929324.25,0.0,82293.25,543850.5,0.1008834083999064,461557.25,0.08561814055827419,0.0,422219.0,0.07832095734250512,-122897.5,109840.5,0.02037523918861878,0.021875,0.02125,4706240.0,4706240.0,https://www.infogreffe.com/recherche-entreprise-dirigeants/resultats-entreprise-dirigeants.html?ga_cat=globale&ga_q=W.A.V.E#phrase=W.A.V.E,https://www.infogreffe.com/recherche-entreprise-dirigeants/resultats-entreprise-dirigeants.html?ga_cat=globale&ga_q=W.A.V.E#phrase=W.A.V.E,1620599726,18:35:26,20210509
69,2002-06-30,WAVE.PA,EUR,2002-06-30,2002-06-30,Q2,5390881.5,238064.25,5152817.25,0.9558394577955386,0.0,0.0,0.0,0.0,8369369.75,4929324.25,0.0,82293.25,543850.5,0.1008834083999064,461557.25,0.08561814055827419,0.0,422219.0,0.07832095734250512,-122897.5,109840.5,0.02037523918861878,0.021875,0.02125,4706240.0,4706240.0,https://www.infogreffe.com/recherche-entreprise-dirigeants/resultats-entreprise-dirigeants.html?ga_cat=globale&ga_q=W.A.V.E#phrase=W.A.V.E,https://www.infogreffe.com/recherche-entreprise-dirigeants/resultats-entreprise-dirigeants.html?ga_cat=globale&ga_q=W.A.V.E#phrase=W.A.V.E,1620599726,18:35:26,20210509
70,2002-03-31,WAVE.PA,EUR,2002-03-31,2002-03-31,Q1,5390881.5,238064.25,5152817.25,0.9558394577955386,0.0,0.0,0.0,0.0,8369369.75,4929324.25,0.0,82293.25,543850.5,0.1008834083999064,461557.25,0.08561814055827419,0.0,422219.0,0.07832095734250512,-122897.5,109840.5,0.02037523918861878,0.021875,0.02125,4706240.0,4706240.0,https://www.infogreffe.com/recherche-entreprise-dirigeants/resultats-entreprise-dirigeants.html?ga_cat=globale&ga_q=W.A.V.E#phrase=W.A.V.E,https://www.infogreffe.com/recherche-entreprise-dirigeants/resultats-entreprise-dirigeants.html?ga_cat=globale&ga_q=W.A.V.E#phrase=W.A.V.E,1620599726,18:35:26,20210509
71,2002-01-31,WAVE.PA,EUR,2002-01-31,2002-01-31,Q1,5390881.5,238064.25,5152817.25,0.9558394577955386,0.0,0.0,0.0,0.0,8369369.75,4929324.25,0.0,82293.25,543850.5,0.1008834083999064,461557.25,0.08561814055827419,0.0,422219.0,0.07832095734250512,-122897.5,109840.5,0.02037523918861878,0.021875,0.02125,4706240.0,4706240.0,https://www.infogreffe.com/recherche-entreprise-dirigeants/resultats-entreprise-dirigeants.html?ga_cat=globale&ga_q=W.A.V.E#phrase=W.A.V.E,https://www.infogreffe.com/recherche-entreprise-dirigeants/resultats-entreprise-dirigeants.html?ga_cat=globale&ga_q=W.A.V.E#phrase=W.A.V.E,1620599726,18:35:26,20210509
