,date,symbol,reportedCurrency,fillingDate,acceptedDate,period,revenue,costOfRevenue,grossProfit,grossProfitRatio,researchAndDevelopmentExpenses,generalAndAdministrativeExpenses,sellingAndMarketingExpenses,otherExpenses,operatingExpenses,costAndExpenses,interestExpense,depreciationAndAmortization,ebitda,ebitdaratio,operatingIncome,operatingIncomeRatio,totalOtherIncomeExpensesNet,incomeBeforeTax,incomeBeforeTaxRatio,incomeTaxExpense,netIncome,netIncomeRatio,eps,epsdiluted,weightedAverageShsOut,weightedAverageShsOutDil,link,finalLink,timestamp,est_time,est_date
0,2020-09-30,SCLP.L,GBP,2020-09-30,2020-09-30,Q3,0.0,0.0,0.0,0.0,1166750.0,528750.0,0.0,0.0,0.0,1695500.0,0.0,10750.0,-1684750.0,0.0,-1695500.0,0.0,0.0,-1692000.0,0.0,-315500.0,-1376500.0,0.0,-0.0034824438809038702,-0.0034824438809038702,395268394,395268394,https://find-and-update.company-information.service.gov.uk/search/companies?q=Scancell+Holdings+PLC,https://find-and-update.company-information.service.gov.uk/search/companies?q=Scancell+Holdings+PLC,1620597668,18:01:08,20210509
1,2020-06-30,SCLP.L,GBP,2020-06-30,2020-06-30,Q2,0.0,0.0,0.0,0.0,1166750.0,528750.0,0.0,0.0,0.0,1695500.0,0.0,10750.0,-1684750.0,0.0,-1695500.0,0.0,0.0,-1692000.0,0.0,-315500.0,-1376500.0,0.0,-0.0034824438809038702,-0.0034824438809038702,395268394,395268394,https://find-and-update.company-information.service.gov.uk/search/companies?q=Scancell+Holdings+PLC,https://find-and-update.company-information.service.gov.uk/search/companies?q=Scancell+Holdings+PLC,1620597668,18:01:08,20210509
2,2020-03-31,SCLP.L,GBP,2020-03-31,2020-03-31,Q1,0.0,0.0,0.0,0.0,1166750.0,528750.0,0.0,0.0,0.0,1695500.0,0.0,10750.0,-1684750.0,0.0,-1695500.0,0.0,0.0,-1692000.0,0.0,-315500.0,-1376500.0,0.0,-0.0034824438809038702,-0.0034824438809038702,395268394,395268394,https://find-and-update.company-information.service.gov.uk/search/companies?q=Scancell+Holdings+PLC,https://find-and-update.company-information.service.gov.uk/search/companies?q=Scancell+Holdings+PLC,1620597668,18:01:08,20210509
3,2020-01-31,SCLP.L,GBP,2020-01-31,2020-01-31,Q1,0.0,0.0,0.0,0.0,1166750.0,528750.0,0.0,0.0,0.0,1695500.0,0.0,10750.0,-1684750.0,0.0,-1695500.0,0.0,0.0,-1692000.0,0.0,-315500.0,-1376500.0,0.0,-0.0034824438809038702,-0.0034824438809038702,395268394,395268394,https://find-and-update.company-information.service.gov.uk/search/companies?q=Scancell+Holdings+PLC,https://find-and-update.company-information.service.gov.uk/search/companies?q=Scancell+Holdings+PLC,1620597668,18:01:08,20210509
4,2019-06-30,SCLP.L,GBP,2019-06-30,2019-06-30,Q2,0.0,0.0,0.0,0.0,1037987.5,644265.5,0.0,0.0,0.0,1682253.0,0.0,5265.0,-1676988.0,0.0,-1682253.0,0.0,0.0,-1678502.5,0.0,-271630.75,-1406871.75,0.0,-0.00354875,-0.00354875,395268394,395268394,https://find-and-update.company-information.service.gov.uk/search/companies?q=Scancell+Holdings+PLC,https://find-and-update.company-information.service.gov.uk/search/companies?q=Scancell+Holdings+PLC,1620597668,18:01:08,20210509
5,2019-03-31,SCLP.L,GBP,2019-03-31,2019-03-31,Q1,0.0,0.0,0.0,0.0,1037987.5,644265.5,0.0,0.0,0.0,1682253.0,0.0,5265.0,-1676988.0,0.0,-1682253.0,0.0,0.0,-1678502.5,0.0,-271630.75,-1406871.75,0.0,-0.00354875,-0.00354875,395268394,395268394,https://find-and-update.company-information.service.gov.uk/search/companies?q=Scancell+Holdings+PLC,https://find-and-update.company-information.service.gov.uk/search/companies?q=Scancell+Holdings+PLC,1620597668,18:01:08,20210509
6,2019-01-31,SCLP.L,GBP,2019-01-31,2019-01-31,Q1,0.0,0.0,0.0,0.0,1037987.5,644265.5,0.0,0.0,0.0,1682253.0,0.0,5265.0,-1676988.0,0.0,-1682253.0,0.0,0.0,-1678502.5,0.0,-271630.75,-1406871.75,0.0,-0.00354875,-0.00354875,395268394,395268394,https://find-and-update.company-information.service.gov.uk/search/companies?q=Scancell+Holdings+PLC,https://find-and-update.company-information.service.gov.uk/search/companies?q=Scancell+Holdings+PLC,1620597668,18:01:08,20210509
7,2018-06-30,SCLP.L,GBP,2018-06-30,2018-06-30,Q2,0.0,0.0,0.0,0.0,713816.0,521634.0,0.0,0.0,0.0,1235450.0,0.0,6903.0,-1228547.0,0.0,-1235450.0,0.0,0.0,-1234761.75,0.0,-186134.5,-1048627.25,0.0,-0.00327975,-0.00327975,319436055,319436055,https://find-and-update.company-information.service.gov.uk/search/companies?q=Scancell+Holdings+PLC,https://find-and-update.company-information.service.gov.uk/search/companies?q=Scancell+Holdings+PLC,1620597668,18:01:08,20210509
8,2018-03-31,SCLP.L,GBP,2018-03-31,2018-03-31,Q1,0.0,0.0,0.0,0.0,713816.0,521634.0,0.0,0.0,0.0,1235450.0,0.0,6903.0,-1228547.0,0.0,-1235450.0,0.0,0.0,-1234761.75,0.0,-186134.5,-1048627.25,0.0,-0.00327975,-0.00327975,319436055,319436055,https://find-and-update.company-information.service.gov.uk/search/companies?q=Scancell+Holdings+PLC,https://find-and-update.company-information.service.gov.uk/search/companies?q=Scancell+Holdings+PLC,1620597668,18:01:08,20210509
9,2018-01-31,SCLP.L,GBP,2018-01-31,2018-01-31,Q1,0.0,0.0,0.0,0.0,713816.0,521634.0,0.0,0.0,0.0,1235450.0,0.0,6903.0,-1228547.0,0.0,-1235450.0,0.0,0.0,-1234761.75,0.0,-186134.5,-1048627.25,0.0,-0.00327975,-0.00327975,319436055,319436055,https://find-and-update.company-information.service.gov.uk/search/companies?q=Scancell+Holdings+PLC,https://find-and-update.company-information.service.gov.uk/search/companies?q=Scancell+Holdings+PLC,1620597668,18:01:08,20210509
10,2017-06-30,SCLP.L,GBP,2017-06-30,2017-06-30,Q2,0.0,0.0,0.0,0.0,691524.5,445684.5,0.0,0.0,0.0,1137209.0,0.0,8145.25,-1129063.75,0.0,-1137209.0,0.0,0.0,-1123847.75,0.0,-237603.0,-886244.75,0.0,-0.0033285,-0.0033285,267169916,267169916,https://find-and-update.company-information.service.gov.uk/search/companies?q=Scancell+Holdings+PLC,https://find-and-update.company-information.service.gov.uk/search/companies?q=Scancell+Holdings+PLC,1620597668,18:01:08,20210509
11,2017-03-31,SCLP.L,GBP,2017-03-31,2017-03-31,Q1,0.0,0.0,0.0,0.0,691524.5,445684.5,0.0,0.0,0.0,1137209.0,0.0,8145.25,-1129063.75,0.0,-1137209.0,0.0,0.0,-1123847.75,0.0,-237603.0,-886244.75,0.0,-0.0033285,-0.0033285,267169916,267169916,https://find-and-update.company-information.service.gov.uk/search/companies?q=Scancell+Holdings+PLC,https://find-and-update.company-information.service.gov.uk/search/companies?q=Scancell+Holdings+PLC,1620597668,18:01:08,20210509
12,2017-01-31,SCLP.L,GBP,2017-01-31,2017-01-31,Q1,0.0,0.0,0.0,0.0,691524.5,445684.5,0.0,0.0,0.0,1137209.0,0.0,8145.25,-1129063.75,0.0,-1137209.0,0.0,0.0,-1123847.75,0.0,-237603.0,-886244.75,0.0,-0.0033285,-0.0033285,267169916,267169916,https://find-and-update.company-information.service.gov.uk/search/companies?q=Scancell+Holdings+PLC,https://find-and-update.company-information.service.gov.uk/search/companies?q=Scancell+Holdings+PLC,1620597668,18:01:08,20210509
13,2016-06-30,SCLP.L,GBP,2016-06-30,2016-06-30,Q2,0.0,0.0,0.0,0.0,502261.5,258529.25,0.0,0.0,0.0,760790.75,0.0,5473.25,-755317.5,0.0,-760790.75,0.0,0.0,-757402.75,0.0,-111584.5,-645818.25,0.0,-0.00279025,-0.00279025,232440675,232440675,https://find-and-update.company-information.service.gov.uk/search/companies?q=Scancell+Holdings+PLC,https://find-and-update.company-information.service.gov.uk/search/companies?q=Scancell+Holdings+PLC,1620597668,18:01:08,20210509
14,2016-03-31,SCLP.L,GBP,2016-03-31,2016-03-31,Q1,0.0,0.0,0.0,0.0,502261.5,258529.25,0.0,0.0,0.0,760790.75,0.0,5473.25,-755317.5,0.0,-760790.75,0.0,0.0,-757402.75,0.0,-111584.5,-645818.25,0.0,-0.00279025,-0.00279025,232440675,232440675,https://find-and-update.company-information.service.gov.uk/search/companies?q=Scancell+Holdings+PLC,https://find-and-update.company-information.service.gov.uk/search/companies?q=Scancell+Holdings+PLC,1620597668,18:01:08,20210509
15,2016-01-31,SCLP.L,GBP,2016-01-31,2016-01-31,Q1,0.0,0.0,0.0,0.0,502261.5,258529.25,0.0,0.0,0.0,760790.75,0.0,5473.25,-755317.5,0.0,-760790.75,0.0,0.0,-757402.75,0.0,-111584.5,-645818.25,0.0,-0.00279025,-0.00279025,232440675,232440675,https://find-and-update.company-information.service.gov.uk/search/companies?q=Scancell+Holdings+PLC,https://find-and-update.company-information.service.gov.uk/search/companies?q=Scancell+Holdings+PLC,1620597668,18:01:08,20210509
16,2015-09-30,SCLP.L,GBP,2015-09-30,2015-09-30,Q3,0.0,0.0,0.0,0.0,499591.5,240407.25,0.0,0.0,0.0,739998.75,0.0,7279.25,-732719.5,0.0,-739998.75,0.0,0.0,-707120.5,0.0,-103463.0,-603657.5,0.0,-0.00261875,-0.00261875,229777075,229777075,https://find-and-update.company-information.service.gov.uk/search/companies?q=Scancell+Holdings+PLC,https://find-and-update.company-information.service.gov.uk/search/companies?q=Scancell+Holdings+PLC,1620597668,18:01:08,20210509
17,2015-06-30,SCLP.L,GBP,2015-06-30,2015-06-30,Q2,0.0,0.0,0.0,0.0,499591.5,240407.25,0.0,0.0,0.0,739998.75,0.0,7279.25,-732719.5,0.0,-739998.75,0.0,0.0,-707120.5,0.0,-103463.0,-603657.5,0.0,-0.00261875,-0.00261875,229777075,229777075,https://find-and-update.company-information.service.gov.uk/search/companies?q=Scancell+Holdings+PLC,https://find-and-update.company-information.service.gov.uk/search/companies?q=Scancell+Holdings+PLC,1620597668,18:01:08,20210509
18,2015-03-31,SCLP.L,GBP,2015-03-31,2015-03-31,Q1,0.0,0.0,0.0,0.0,499591.5,240407.25,0.0,0.0,0.0,739998.75,0.0,7279.25,-732719.5,0.0,-739998.75,0.0,0.0,-707120.5,0.0,-103463.0,-603657.5,0.0,-0.00261875,-0.00261875,229777075,229777075,https://find-and-update.company-information.service.gov.uk/search/companies?q=Scancell+Holdings+PLC,https://find-and-update.company-information.service.gov.uk/search/companies?q=Scancell+Holdings+PLC,1620597668,18:01:08,20210509
19,2015-01-31,SCLP.L,GBP,2015-01-31,2015-01-31,Q1,0.0,0.0,0.0,0.0,499591.5,240407.25,0.0,0.0,0.0,739998.75,0.0,7279.25,-732719.5,0.0,-739998.75,0.0,0.0,-707120.5,0.0,-103463.0,-603657.5,0.0,-0.00261875,-0.00261875,229777075,229777075,https://find-and-update.company-information.service.gov.uk/search/companies?q=Scancell+Holdings+PLC,https://find-and-update.company-information.service.gov.uk/search/companies?q=Scancell+Holdings+PLC,1620597668,18:01:08,20210509
20,2014-09-30,SCLP.L,GBP,2014-09-30,2014-09-30,Q3,0.0,0.0,0.0,0.0,419278.75,205026.25,0.0,0.0,0.0,624305.0,0.0,9740.5,-614564.5,0.0,-624305.0,0.0,0.0,-617008.5,0.0,-61270.0,-555738.5,0.0,-0.002521,-0.002521,221349375,221349375,https://find-and-update.company-information.service.gov.uk/search/companies?q=Scancell+Holdings+PLC,https://find-and-update.company-information.service.gov.uk/search/companies?q=Scancell+Holdings+PLC,1620597668,18:01:08,20210509
21,2014-06-30,SCLP.L,GBP,2014-06-30,2014-06-30,Q2,0.0,0.0,0.0,0.0,419278.75,205026.25,0.0,0.0,0.0,624305.0,0.0,9740.5,-614564.5,0.0,-624305.0,0.0,0.0,-617008.5,0.0,-61270.0,-555738.5,0.0,-0.002521,-0.002521,221349375,221349375,https://find-and-update.company-information.service.gov.uk/search/companies?q=Scancell+Holdings+PLC,https://find-and-update.company-information.service.gov.uk/search/companies?q=Scancell+Holdings+PLC,1620597668,18:01:08,20210509
22,2014-03-31,SCLP.L,GBP,2014-03-31,2014-03-31,Q1,0.0,0.0,0.0,0.0,419278.75,205026.25,0.0,0.0,0.0,624305.0,0.0,9740.5,-614564.5,0.0,-624305.0,0.0,0.0,-617008.5,0.0,-61270.0,-555738.5,0.0,-0.002521,-0.002521,221349375,221349375,https://find-and-update.company-information.service.gov.uk/search/companies?q=Scancell+Holdings+PLC,https://find-and-update.company-information.service.gov.uk/search/companies?q=Scancell+Holdings+PLC,1620597668,18:01:08,20210509
23,2014-01-31,SCLP.L,GBP,2014-01-31,2014-01-31,Q1,0.0,0.0,0.0,0.0,419278.75,205026.25,0.0,0.0,0.0,624305.0,0.0,9740.5,-614564.5,0.0,-624305.0,0.0,0.0,-617008.5,0.0,-61270.0,-555738.5,0.0,-0.002521,-0.002521,221349375,221349375,https://find-and-update.company-information.service.gov.uk/search/companies?q=Scancell+Holdings+PLC,https://find-and-update.company-information.service.gov.uk/search/companies?q=Scancell+Holdings+PLC,1620597668,18:01:08,20210509
24,2013-09-30,SCLP.L,GBP,2013-09-30,2013-09-30,Q3,0.0,0.0,0.0,0.0,363079.25,182918.0,0.0,0.0,0.0,545997.25,0.0,11001.5,-534995.75,0.0,-545997.25,0.0,0.0,-538488.0,0.0,-63002.0,-475486.0,0.0,-0.0023936843976814096,-0.0021870410255210825,198641893,217410645,https://find-and-update.company-information.service.gov.uk/search/companies?q=Scancell+Holdings+PLC,https://find-and-update.company-information.service.gov.uk/search/companies?q=Scancell+Holdings+PLC,1620597668,18:01:08,20210509
25,2013-06-30,SCLP.L,GBP,2013-06-30,2013-06-30,Q2,0.0,0.0,0.0,0.0,363079.25,182918.0,0.0,0.0,0.0,545997.25,0.0,11001.5,-534995.75,0.0,-545997.25,0.0,0.0,-538488.0,0.0,-63002.0,-475486.0,0.0,-0.0023936843976814096,-0.0021870410255210825,198641893,217410645,https://find-and-update.company-information.service.gov.uk/search/companies?q=Scancell+Holdings+PLC,https://find-and-update.company-information.service.gov.uk/search/companies?q=Scancell+Holdings+PLC,1620597668,18:01:08,20210509
26,2013-03-31,SCLP.L,GBP,2013-03-31,2013-03-31,Q1,0.0,0.0,0.0,0.0,363079.25,182918.0,0.0,0.0,0.0,545997.25,0.0,11001.5,-534995.75,0.0,-545997.25,0.0,0.0,-538488.0,0.0,-63002.0,-475486.0,0.0,-0.0023936843976814096,-0.0021870410255210825,198641893,217410645,https://find-and-update.company-information.service.gov.uk/search/companies?q=Scancell+Holdings+PLC,https://find-and-update.company-information.service.gov.uk/search/companies?q=Scancell+Holdings+PLC,1620597668,18:01:08,20210509
27,2013-01-31,SCLP.L,GBP,2013-01-31,2013-01-31,Q1,0.0,0.0,0.0,0.0,363079.25,182918.0,0.0,0.0,0.0,545997.25,0.0,11001.5,-534995.75,0.0,-545997.25,0.0,0.0,-538488.0,0.0,-63002.0,-475486.0,0.0,-0.0023936843976814096,-0.0021870410255210825,198641893,217410645,https://find-and-update.company-information.service.gov.uk/search/companies?q=Scancell+Holdings+PLC,https://find-and-update.company-information.service.gov.uk/search/companies?q=Scancell+Holdings+PLC,1620597668,18:01:08,20210509
28,2012-09-30,SCLP.L,GBP,2012-09-30,2012-09-30,Q3,0.0,0.0,0.0,0.0,305334.75,185033.0,0.0,0.0,0.0,490367.75,0.0,8994.5,-481373.25,0.0,-490367.75,0.0,0.0,-482516.0,0.0,0.0,139264.5,0.0,0.00073425,0.00066075,190179414,208948166,https://find-and-update.company-information.service.gov.uk/search/companies?q=Scancell+Holdings+PLC,https://find-and-update.company-information.service.gov.uk/search/companies?q=Scancell+Holdings+PLC,1620597668,18:01:08,20210509
29,2012-06-30,SCLP.L,GBP,2012-06-30,2012-06-30,Q2,0.0,0.0,0.0,0.0,305334.75,185033.0,0.0,0.0,0.0,490367.75,0.0,8994.5,-481373.25,0.0,-490367.75,0.0,0.0,-482516.0,0.0,0.0,139264.5,0.0,0.00073425,0.00066075,190179414,208948166,https://find-and-update.company-information.service.gov.uk/search/companies?q=Scancell+Holdings+PLC,https://find-and-update.company-information.service.gov.uk/search/companies?q=Scancell+Holdings+PLC,1620597668,18:01:08,20210509
30,2012-03-31,SCLP.L,GBP,2012-03-31,2012-03-31,Q1,0.0,0.0,0.0,0.0,305334.75,185033.0,0.0,0.0,0.0,490367.75,0.0,8994.5,-481373.25,0.0,-490367.75,0.0,0.0,-482516.0,0.0,0.0,139264.5,0.0,0.00073425,0.00066075,190179414,208948166,https://find-and-update.company-information.service.gov.uk/search/companies?q=Scancell+Holdings+PLC,https://find-and-update.company-information.service.gov.uk/search/companies?q=Scancell+Holdings+PLC,1620597668,18:01:08,20210509
31,2012-01-31,SCLP.L,GBP,2012-01-31,2012-01-31,Q1,0.0,0.0,0.0,0.0,305334.75,185033.0,0.0,0.0,0.0,490367.75,0.0,8994.5,-481373.25,0.0,-490367.75,0.0,0.0,-482516.0,0.0,0.0,139264.5,0.0,0.00073425,0.00066075,190179414,208948166,https://find-and-update.company-information.service.gov.uk/search/companies?q=Scancell+Holdings+PLC,https://find-and-update.company-information.service.gov.uk/search/companies?q=Scancell+Holdings+PLC,1620597668,18:01:08,20210509
32,2011-09-30,SCLP.L,GBP,2011-09-30,2011-09-30,Q3,0.0,212250.0,-212250.0,0.0,212250.0,3000.0,0.0,0.0,-2750.0,433500.0,0.0,8250.0,-425250.0,0.0,-433500.0,0.0,0.0,-431000.0,0.0,-18750.0,-412250.0,0.0,-0.0025455,-0.0025455,162744035,162744035,https://find-and-update.company-information.service.gov.uk/search/companies?q=Scancell+Holdings+PLC,https://find-and-update.company-information.service.gov.uk/search/companies?q=Scancell+Holdings+PLC,1620597668,18:01:08,20210509
33,2011-06-30,SCLP.L,GBP,2011-06-30,2011-06-30,Q2,0.0,212250.0,-212250.0,0.0,212250.0,3000.0,0.0,0.0,-2750.0,433500.0,0.0,8250.0,-425250.0,0.0,-433500.0,0.0,0.0,-431000.0,0.0,-18750.0,-412250.0,0.0,-0.0025455,-0.0025455,162744035,162744035,https://find-and-update.company-information.service.gov.uk/search/companies?q=Scancell+Holdings+PLC,https://find-and-update.company-information.service.gov.uk/search/companies?q=Scancell+Holdings+PLC,1620597668,18:01:08,20210509
34,2011-03-31,SCLP.L,GBP,2011-03-31,2011-03-31,Q1,0.0,212250.0,-212250.0,0.0,212250.0,3000.0,0.0,0.0,-2750.0,433500.0,0.0,8250.0,-425250.0,0.0,-433500.0,0.0,0.0,-431000.0,0.0,-18750.0,-412250.0,0.0,-0.0025455,-0.0025455,162744035,162744035,https://find-and-update.company-information.service.gov.uk/search/companies?q=Scancell+Holdings+PLC,https://find-and-update.company-information.service.gov.uk/search/companies?q=Scancell+Holdings+PLC,1620597668,18:01:08,20210509
35,2011-01-31,SCLP.L,GBP,2011-01-31,2011-01-31,Q1,0.0,212250.0,-212250.0,0.0,212250.0,3000.0,0.0,0.0,-2750.0,433500.0,0.0,8250.0,-425250.0,0.0,-433500.0,0.0,0.0,-431000.0,0.0,-18750.0,-412250.0,0.0,-0.0025455,-0.0025455,162744035,162744035,https://find-and-update.company-information.service.gov.uk/search/companies?q=Scancell+Holdings+PLC,https://find-and-update.company-information.service.gov.uk/search/companies?q=Scancell+Holdings+PLC,1620597668,18:01:08,20210509
36,2010-09-30,SCLP.L,GBP,2010-09-30,2010-09-30,Q3,0.0,272750.0,-272750.0,0.0,272750.0,0.0,0.0,0.0,-103500.0,451250.0,0.0,5750.0,-445500.0,0.0,-451250.0,0.0,0.0,-450750.0,0.0,-16500.0,-434250.0,0.0,-0.003965,-0.003965,109632801,109632801,https://find-and-update.company-information.service.gov.uk/search/companies?q=Scancell+Holdings+PLC,https://find-and-update.company-information.service.gov.uk/search/companies?q=Scancell+Holdings+PLC,1620597668,18:01:08,20210509
37,2010-06-30,SCLP.L,GBP,2010-06-30,2010-06-30,Q2,0.0,272750.0,-272750.0,0.0,272750.0,0.0,0.0,0.0,-103500.0,451250.0,0.0,5750.0,-445500.0,0.0,-451250.0,0.0,0.0,-450750.0,0.0,-16500.0,-434250.0,0.0,-0.003965,-0.003965,109632801,109632801,https://find-and-update.company-information.service.gov.uk/search/companies?q=Scancell+Holdings+PLC,https://find-and-update.company-information.service.gov.uk/search/companies?q=Scancell+Holdings+PLC,1620597668,18:01:08,20210509
38,2010-03-31,SCLP.L,GBP,2010-03-31,2010-03-31,Q1,0.0,272750.0,-272750.0,0.0,272750.0,0.0,0.0,0.0,-103500.0,451250.0,0.0,5750.0,-445500.0,0.0,-451250.0,0.0,0.0,-450750.0,0.0,-16500.0,-434250.0,0.0,-0.003965,-0.003965,109632801,109632801,https://find-and-update.company-information.service.gov.uk/search/companies?q=Scancell+Holdings+PLC,https://find-and-update.company-information.service.gov.uk/search/companies?q=Scancell+Holdings+PLC,1620597668,18:01:08,20210509
39,2010-01-31,SCLP.L,GBP,2010-01-31,2010-01-31,Q1,0.0,272750.0,-272750.0,0.0,272750.0,0.0,0.0,0.0,-103500.0,451250.0,0.0,5750.0,-445500.0,0.0,-451250.0,0.0,0.0,-450750.0,0.0,-16500.0,-434250.0,0.0,-0.003965,-0.003965,109632801,109632801,https://find-and-update.company-information.service.gov.uk/search/companies?q=Scancell+Holdings+PLC,https://find-and-update.company-information.service.gov.uk/search/companies?q=Scancell+Holdings+PLC,1620597668,18:01:08,20210509
40,2009-09-30,SCLP.L,GBP,2009-09-30,2009-09-30,Q3,0.0,169000.0,-169000.0,0.0,169000.0,0.0,0.0,0.0,-125750.0,222750.0,0.0,7000.0,-215750.0,0.0,-222750.0,0.0,0.0,-208500.0,0.0,-12000.0,-196500.0,0.0,-0.00119925,-0.00119925,162687191,162687191,https://find-and-update.company-information.service.gov.uk/search/companies?q=Scancell+Holdings+PLC,https://find-and-update.company-information.service.gov.uk/search/companies?q=Scancell+Holdings+PLC,1620597668,18:01:08,20210509
41,2009-06-30,SCLP.L,GBP,2009-06-30,2009-06-30,Q2,0.0,169000.0,-169000.0,0.0,169000.0,0.0,0.0,0.0,-125750.0,222750.0,0.0,7000.0,-215750.0,0.0,-222750.0,0.0,0.0,-208500.0,0.0,-12000.0,-196500.0,0.0,-0.00119925,-0.00119925,162687191,162687191,https://find-and-update.company-information.service.gov.uk/search/companies?q=Scancell+Holdings+PLC,https://find-and-update.company-information.service.gov.uk/search/companies?q=Scancell+Holdings+PLC,1620597668,18:01:08,20210509
42,2009-03-31,SCLP.L,GBP,2009-03-31,2009-03-31,Q1,0.0,169000.0,-169000.0,0.0,169000.0,0.0,0.0,0.0,-125750.0,222750.0,0.0,7000.0,-215750.0,0.0,-222750.0,0.0,0.0,-208500.0,0.0,-12000.0,-196500.0,0.0,-0.00119925,-0.00119925,162687191,162687191,https://find-and-update.company-information.service.gov.uk/search/companies?q=Scancell+Holdings+PLC,https://find-and-update.company-information.service.gov.uk/search/companies?q=Scancell+Holdings+PLC,1620597668,18:01:08,20210509
43,2009-01-31,SCLP.L,GBP,2009-01-31,2009-01-31,Q1,0.0,169000.0,-169000.0,0.0,169000.0,0.0,0.0,0.0,-125750.0,222750.0,0.0,7000.0,-215750.0,0.0,-222750.0,0.0,0.0,-208500.0,0.0,-12000.0,-196500.0,0.0,-0.00119925,-0.00119925,162687191,162687191,https://find-and-update.company-information.service.gov.uk/search/companies?q=Scancell+Holdings+PLC,https://find-and-update.company-information.service.gov.uk/search/companies?q=Scancell+Holdings+PLC,1620597668,18:01:08,20210509
