,date,symbol,reportedCurrency,fillingDate,acceptedDate,period,revenue,costOfRevenue,grossProfit,grossProfitRatio,researchAndDevelopmentExpenses,generalAndAdministrativeExpenses,sellingAndMarketingExpenses,otherExpenses,operatingExpenses,costAndExpenses,interestExpense,depreciationAndAmortization,ebitda,ebitdaratio,operatingIncome,operatingIncomeRatio,totalOtherIncomeExpensesNet,incomeBeforeTax,incomeBeforeTaxRatio,incomeTaxExpense,netIncome,netIncomeRatio,eps,epsdiluted,weightedAverageShsOut,weightedAverageShsOutDil,link,finalLink,timestamp,est_time,est_date
0,2018-06-30,1114.HK,CNY,2018-06-30,2018-06-30,Q2,0.0,0.0,0.0,0.0,0,0.0,0,0.0,0.0,0.0,0,69356000,0.0,0.0,0.0,0.0,0.0,0.0,0.0,0.0,0.0,0.0,0.0,0.0,3666428616,3666428616,https://www1.hkexnews.hk/search/titlesearch.xhtml,https://www1.hkexnews.hk/search/titlesearch.xhtml,1620585081,14:31:21,20210509
1,2017-06-30,1114.HK,CNY,2017-06-30,2017-06-30,Q2,0.0,0.0,0.0,0.0,0,0.0,0,0.0,0.0,0.0,0,69483750,0.0,0.0,0.0,0.0,0.0,0.0,0.0,0.0,0.0,0.0,0.0,0.0,3666428616,3666428616,https://www1.hkexnews.hk/search/titlesearch.xhtml,https://www1.hkexnews.hk/search/titlesearch.xhtml,1620585081,14:31:21,20210509
2,2016-06-30,1114.HK,CNY,2016-06-30,2016-06-30,Q2,0.0,0.0,0.0,0.0,0,0.0,0,0.0,0.0,0.0,0,67406000,0.0,0.0,0.0,0.0,0.0,0.0,0.0,0.0,0.0,0.0,0.0,0.0,3666428616,3666428616,https://www1.hkexnews.hk/search/titlesearch.xhtml,https://www1.hkexnews.hk/search/titlesearch.xhtml,1620585081,14:31:21,20210509
3,2015-06-30,1114.HK,CNY,2015-06-30,2015-06-30,Q2,0.0,0.0,0.0,0.0,0,0.0,0,0.0,0.0,0.0,0,45354750,0.0,0.0,0.0,0.0,0.0,0.0,0.0,0.0,0.0,0.0,0.0,0.0,3666428616,3666428616,https://www1.hkexnews.hk/search/titlesearch.xhtml,https://www1.hkexnews.hk/search/titlesearch.xhtml,1620585081,14:31:21,20210509
4,2014-06-30,1114.HK,CNY,2014-06-30,2014-06-30,Q2,0.0,0.0,0.0,0.0,0,0.0,0,0.0,0.0,0.0,0,34831500,0.0,0.0,0.0,0.0,0.0,0.0,0.0,0.0,0.0,0.0,0.0,0.0,3666428616,3666428616,https://www1.hkexnews.hk/search/titlesearch.xhtml,https://www1.hkexnews.hk/search/titlesearch.xhtml,1620585081,14:31:21,20210509
5,2013-06-30,1114.HK,CNY,2013-06-30,2013-06-30,Q2,0.0,0.0,0.0,0.0,0,0.0,0,0.0,0.0,0.0,0,34791250,0.0,0.0,0.0,0.0,0.0,0.0,0.0,0.0,0.0,0.0,0.0,0.0,3666428616,3666428616,https://www1.hkexnews.hk/search/titlesearch.xhtml,https://www1.hkexnews.hk/search/titlesearch.xhtml,1620585081,14:31:21,20210509
6,2012-06-30,1114.HK,CNY,2012-06-30,2012-06-30,Q2,0.0,0.0,0.0,0.0,0,0.0,0,0.0,0.0,0.0,0,35040000,0.0,0.0,0.0,0.0,0.0,0.0,0.0,0.0,0.0,0.0,0.0,0.0,3666428616,3666428616,https://www1.hkexnews.hk/search/titlesearch.xhtml,https://www1.hkexnews.hk/search/titlesearch.xhtml,1620585081,14:31:21,20210509
7,2011-06-30,1114.HK,CNY,2011-06-30,2011-06-30,Q2,0.0,0.0,0.0,0.0,0,0.0,0,0.0,0.0,0.0,0,33756250,0.0,0.0,0.0,0.0,0.0,0.0,0.0,0.0,0.0,0.0,0.0,0.0,3666428616,3666428616,https://www1.hkexnews.hk/search/titlesearch.xhtml,https://www1.hkexnews.hk/search/titlesearch.xhtml,1620585081,14:31:21,20210509
8,2010-06-30,1114.HK,CNY,2010-06-30,2010-06-30,Q2,0.0,0.0,0.0,0.0,0,0.0,0,0.0,0.0,0.0,0,34229750,0.0,0.0,0.0,0.0,0.0,0.0,0.0,0.0,0.0,0.0,0.0,0.0,3666428616,3666428616,https://www1.hkexnews.hk/search/titlesearch.xhtml,https://www1.hkexnews.hk/search/titlesearch.xhtml,1620585081,14:31:21,20210509
9,2007-06-30,1114.HK,CNY,2007-06-30,2007-06-30,Q2,0.0,0.0,0.0,0.0,0,0.0,0,0.0,0.0,0.0,0,216843500,0.0,0.0,0.0,0.0,0.0,0.0,0.0,0.0,0.0,0.0,0.0,0.0,3666428616,3666428616,https://www1.hkexnews.hk/search/titlesearch.xhtml,https://www1.hkexnews.hk/search/titlesearch.xhtml,1620585081,14:31:21,20210509
10,2006-12-31,1114.HK,CNY,2006-12-31,2006-12-31,Q4,3045620586.6,0.0,0.0,0.0,0,0.0,0,0.0,0.0,0.0,0,0,0.0,0.0,0.0,0.0,0.0,0.0,0.0,0.0,-135500605.4,-0.04449031044647195,-0.0369571099267244,-0.0369571099267244,3666428616,3666428616,https://www1.hkexnews.hk/search/titlesearch.xhtml,https://www1.hkexnews.hk/search/titlesearch.xhtml,1620585081,14:31:21,20210509
11,2006-09-30,1114.HK,CNY,2006-09-30,2006-09-30,Q3,3077398102.2,0.0,0.0,0.0,0,0.0,0,0.0,0.0,0.0,0,202877250,0.0,0.0,0.0,0.0,0.0,0.0,0.0,0.0,-136669793.1,-0.04441082647132855,-0.037276,-0.037276,3666428616,3666428616,https://www1.hkexnews.hk/search/titlesearch.xhtml,https://www1.hkexnews.hk/search/titlesearch.xhtml,1620585081,14:31:21,20210509
12,2006-06-30,1114.HK,CNY,2006-06-30,2006-06-30,Q2,2174465588.6,2016210425.8,158255162.8,0.07277887662590717,0,262308971.6,0,-42721539.2,202407681.7,2218618107.5,0,202877250,158724731.1,0.0729948231566142,-44152518.9,-0.020304997757369433,23223441.5,-88185123.3,-0.04055484886140543,12774891.4,-56799501.5,-0.02612113146226866,-0.015485,-0.015485,3668390900,3668390900,https://www1.hkexnews.hk/search/titlesearch.xhtml,https://www1.hkexnews.hk/search/titlesearch.xhtml,1620585081,14:31:21,20210509
13,2006-03-31,1114.HK,CNY,2006-03-31,2006-03-31,Q1,2171979738.0,0.0,0.0,0.0,0,0.0,0,0.0,0.0,0.0,0,202877250,0.0,0.0,0.0,0.0,0.0,0.0,0.0,0.0,-56737724.4,-0.026122584574497537,-0.015465,-0.015465,3668390900,3668390900,https://www1.hkexnews.hk/search/titlesearch.xhtml,https://www1.hkexnews.hk/search/titlesearch.xhtml,1620585081,14:31:21,20210509
14,2005-12-31,1114.HK,CNY,2005-12-31,2005-12-31,Q4,1360827256.0,0.0,0.0,0.0,0,0.0,0,0.0,0.0,0.0,0,0,0.0,0.0,0.0,0.0,0.0,0.0,0.0,0.0,99474000.0,0.07309818315396822,0.027131034152936582,0.027131034152936582,3666428616,3666428616,https://www1.hkexnews.hk/search/titlesearch.xhtml,https://www1.hkexnews.hk/search/titlesearch.xhtml,1620585081,14:31:21,20210509
15,2005-09-30,1114.HK,CNY,2005-09-30,2005-09-30,Q3,0.0,0.0,0.0,0.0,0,0.0,0,0.0,0.0,0.0,0,154139750,0.0,0.0,0.0,0.0,0.0,0.0,0.0,0.0,0.0,0.0,-0.0489,-0.0489,3668390900,3668390900,https://www1.hkexnews.hk/search/titlesearch.xhtml,https://www1.hkexnews.hk/search/titlesearch.xhtml,1620585081,14:31:21,20210509
16,2005-06-30,1114.HK,CNY,2005-06-30,2005-06-30,Q2,1397701879.2,1243231149.6,0.0,0.0,0,0.0,0,32037944.4,236373984.0,1479605133.6,0,154139750,0.0,0.0,0.0,-0.1914695815914447,17123871.6,-267617394.0,-0.1914695815914447,10560686.4,-149711799.6,-0.10711282701121519,-0.040794,-0.040794,3668390900,3668390900,https://www1.hkexnews.hk/search/titlesearch.xhtml,https://www1.hkexnews.hk/search/titlesearch.xhtml,1620585081,14:31:21,20210509
17,2005-03-31,1114.HK,CNY,2005-03-31,2005-03-31,Q1,1397701879.2,0.0,0.0,0.0,0,0.0,0,0.0,0.0,0.0,0,154139750,0.0,0.0,0.0,0.0,0.0,0.0,0.0,0.0,-149711799.6,-0.10711282701121519,-0.040794,-0.040794,3669946551,3669946551,https://www1.hkexnews.hk/search/titlesearch.xhtml,https://www1.hkexnews.hk/search/titlesearch.xhtml,1620585081,14:31:21,20210509
18,2004-12-31,1114.HK,CNY,2004-12-31,2004-12-31,Q4,1343296608.0,0.0,0.0,0.0,0,0.0,0,0.0,0.0,0.0,0,0,0.0,0.0,0.0,0.0,0.0,0.0,0.0,0.0,-203165891.0,-0.15124425222995874,-0.05541247690283683,-0.05541247690283683,3666428616,3666428616,https://www1.hkexnews.hk/search/titlesearch.xhtml,https://www1.hkexnews.hk/search/titlesearch.xhtml,1620585081,14:31:21,20210509
19,2004-09-30,1114.HK,CNY,2004-09-30,2004-09-30,Q3,0.0,0.0,0.0,0.0,0,0.0,0,0.0,0.0,0.0,0,150742000,0.0,0.0,0.0,0.0,0.0,0.0,0.0,0.0,0.0,0.0,-0.055395,-0.055395,3667537603,4164717427,https://www1.hkexnews.hk/search/titlesearch.xhtml,https://www1.hkexnews.hk/search/titlesearch.xhtml,1620585081,14:31:21,20210509
20,2004-06-30,1114.HK,CNY,2004-06-30,2004-06-30,Q2,1928358288.0,1526815614.0,0.0,0.0,0,0.0,0,3964443.5,239703993.0,1766519607.0,0,150742000,0.0,0.0,0.0,0.10646288284576294,42135661.5,205298582.5,0.10646288284576294,29845059.0,203767430.0,0.10566886416701003,0.055535,0.052092,3668390900,4014393700,https://www1.hkexnews.hk/search/titlesearch.xhtml,https://www1.hkexnews.hk/search/titlesearch.xhtml,1620585081,14:31:21,20210509
21,2004-03-31,1114.HK,CNY,2004-03-31,2004-03-31,Q1,1928474784.0,0.0,0.0,0.0,0,0.0,0,0.0,0.0,0.0,0,150742000,0.0,0.0,0.0,0.0,0.0,0.0,0.0,0.0,203779740.0,0.10566886416701003,0.055539,0.052095,3669128720,3911694788,https://www1.hkexnews.hk/search/titlesearch.xhtml,https://www1.hkexnews.hk/search/titlesearch.xhtml,1620585081,14:31:21,20210509
22,2003-12-31,1114.HK,CNY,2003-12-31,2003-12-31,Q4,3417321082.0,0.0,0.0,0.0,0,0.0,0,0.0,0.0,0.0,0,0,0.0,0.0,0.0,0.0,0.0,0.0,0.0,0.0,76701056.0,0.022444790571189296,0.020919827994272888,0.020919827994272888,3666428616,3666428616,https://www1.hkexnews.hk/search/titlesearch.xhtml,https://www1.hkexnews.hk/search/titlesearch.xhtml,1620585081,14:31:21,20210509
23,2003-09-30,1114.HK,CNY,2003-09-30,2003-09-30,Q3,1639400559.0,0.0,0.0,0.0,0,0.0,0,0.0,0.0,0.0,0,212755750,0.0,0.0,0.0,0.0,0.0,0.0,0.0,0.0,130246872.0,0.07944786360171054,0.035517,0.034772,3667169862,3745740021,https://www1.hkexnews.hk/search/titlesearch.xhtml,https://www1.hkexnews.hk/search/titlesearch.xhtml,1620585081,14:31:21,20210509
24,2003-06-30,1114.HK,CNY,2003-06-30,2003-06-30,Q2,2567796385.0,1902492322.5,665304062.5,0.2590953341886569,0,284125187.5,0,-18905810.0,284125187.5,2186617510.0,0,212755750,593934625.0,0.23130129338506722,381178875.0,0.14844591153203918,0.0,336579705.0,0.13107725634561948,49615335.0,286964370.0,0.11175511098789867,0.078297,0.078297,3666052900,3666052900,https://www1.hkexnews.hk/search/titlesearch.xhtml,https://www1.hkexnews.hk/search/titlesearch.xhtml,1620585081,14:31:21,20210509
25,2003-03-31,1114.HK,CNY,2003-03-31,2003-03-31,Q1,0.0,0.0,0.0,0.0,0,0.0,0,0.0,0.0,0.0,0,212755750,0.0,0.0,0.0,0.0,0.0,0.0,0.0,0.0,0.0,0.0,0.078296,0.078296,3665077439,3665077439,https://www1.hkexnews.hk/search/titlesearch.xhtml,https://www1.hkexnews.hk/search/titlesearch.xhtml,1620585081,14:31:21,20210509
26,2002-12-31,1114.HK,CNY,2002-12-31,2002-12-31,Q4,2223646904.1,0.0,0.0,0.0,0,0.0,0,0.0,0.0,0.0,0,0,0.0,0.0,0.0,0.0,0.0,0.0,0.0,0.0,155496158.5,0.06992843972363301,0.04241079665956873,0.04241079665956873,3666428616,3666428616,https://www1.hkexnews.hk/search/titlesearch.xhtml,https://www1.hkexnews.hk/search/titlesearch.xhtml,1620585081,14:31:21,20210509
27,2002-09-30,1114.HK,CNY,2002-09-30,2002-09-30,Q3,2213702215.1,0.0,0.0,0.0,0,0.0,0,0.0,0.0,0.0,0,70222250,0.0,0.0,0.0,0.0,0.0,0.0,0.0,0.0,154673699.0,0.06987105038109785,0.042145,0.042145,3666052900,3666052900,https://www1.hkexnews.hk/search/titlesearch.xhtml,https://www1.hkexnews.hk/search/titlesearch.xhtml,1620585081,14:31:21,20210509
28,2002-06-30,1114.HK,CNY,2002-06-30,2002-06-30,Q2,1442830963.6,0.0,0.0,0.0,0,0.0,0,0.0,0.0,0.0,0,70222250,1513053213.6,1.048669769204834,1442830963.6,1.0,0.0,0.0,0.0,0.0,150328690.2,0.10419009155786044,0.041038,0.041038,3666052900,3666052900,https://www1.hkexnews.hk/search/titlesearch.xhtml,https://www1.hkexnews.hk/search/titlesearch.xhtml,1620585081,14:31:21,20210509
29,2002-03-31,1114.HK,CNY,2002-03-31,2002-03-31,Q1,1442883258.4,0.0,0.0,0.0,0,0.0,0,0.0,0.0,0.0,0,70222250,0.0,0.0,0.0,0.0,0.0,0.0,0.0,0.0,150334138.8,0.10419009155786044,0.041039,0.041039,3666052900,3666052900,https://www1.hkexnews.hk/search/titlesearch.xhtml,https://www1.hkexnews.hk/search/titlesearch.xhtml,1620585081,14:31:21,20210509
30,2001-12-31,1114.HK,CNY,2001-12-31,2001-12-31,Q4,1477675326.4,0.0,0.0,0.0,0,0.0,0,0.0,0.0,0.0,0,0,0.0,0.0,0.0,0.0,0.0,0.0,0.0,0.0,206219155.2,0.13955647192296516,0.05624523938638166,0.05624523938638166,3666428616,3666428616,https://www1.hkexnews.hk/search/titlesearch.xhtml,https://www1.hkexnews.hk/search/titlesearch.xhtml,1620585081,14:31:21,20210509
31,2001-09-30,1114.HK,CNY,2001-09-30,2001-09-30,Q3,1476663888.0,0.0,0.0,0.0,0,0.0,0,0.0,0.0,0.0,0,33395750,0.0,0.0,0.0,0.0,0.0,0.0,0.0,0.0,206067489.6,0.13954935261476376,0.055719,0.055719,3698334313,3698334313,https://www1.hkexnews.hk/search/titlesearch.xhtml,https://www1.hkexnews.hk/search/titlesearch.xhtml,1620585081,14:31:21,20210509
32,2001-06-30,1114.HK,CNY,2001-06-30,2001-06-30,Q2,1632024536.1,0.0,0.0,0.0,0,0.0,0,0.0,0.0,0.0,0,33395750,1665420286.1,1.0204627744628183,1632024536.1,1.0,0.0,0.0,0.0,0.0,237392309.4,0.1454587870151078,0.069756,0.069739,3403181223,3404010803,https://www1.hkexnews.hk/search/titlesearch.xhtml,https://www1.hkexnews.hk/search/titlesearch.xhtml,1620585081,14:31:21,20210509
33,2001-03-31,1114.HK,CNY,2001-03-31,2001-03-31,Q1,1632221719.1,0.0,0.0,0.0,0,0.0,0,0.0,0.0,0.0,0,33395750,0.0,0.0,0.0,0.0,0.0,0.0,0.0,0.0,237420991.4,0.1454587870151078,0.069764,0.069748,3403202101,3403982787,https://www1.hkexnews.hk/search/titlesearch.xhtml,https://www1.hkexnews.hk/search/titlesearch.xhtml,1620585081,14:31:21,20210509
34,2000-12-31,1114.HK,CNY,2000-12-31,2000-12-31,Q4,1699130520.0,0.0,0.0,0.0,0,0.0,0,0.0,0.0,0.0,0,0,0.0,0.0,0.0,0.0,0.0,0.0,0.0,0.0,252945720.0,0.14886773971901818,0.06898967537405888,0.06898967537405888,3666428616,3666428616,https://www1.hkexnews.hk/search/titlesearch.xhtml,https://www1.hkexnews.hk/search/titlesearch.xhtml,1620585081,14:31:21,20210509
35,2000-09-30,1114.HK,CNY,2000-09-30,2000-09-30,Q3,1699122240.0,0.0,0.0,0.0,0,0.0,0,0.0,0.0,0.0,0,-50578380,0.0,0.0,0.0,0.0,0.0,0.0,0.0,0.0,252954000.0,0.14887333827141241,0.07808,0.074056,3239677254,3415712434,https://www1.hkexnews.hk/search/titlesearch.xhtml,https://www1.hkexnews.hk/search/titlesearch.xhtml,1620585081,14:31:21,20210509
36,2000-06-30,1114.HK,CNY,2000-06-30,2000-06-30,Q2,1454796000.0,0.0,0.0,0.0,0,0.0,0,0.0,0.0,0.0,0,-50578380,1404217620.0,0.9652333523050655,1454796000.0,1.0,0.0,0.0,0.0,0.0,182160000.0,0.12521343198634036,0.06003,0.06003,3034482759,3034482759,https://www1.hkexnews.hk/search/titlesearch.xhtml,https://www1.hkexnews.hk/search/titlesearch.xhtml,1620585081,14:31:21,20210509
37,2000-03-31,1114.HK,CNY,2000-03-31,2000-03-31,Q1,1454796000.0,0.0,0.0,0.0,0,0.0,0,0.0,0.0,0.0,0,-50578380,0.0,0.0,0.0,0.0,0.0,0.0,0.0,0.0,182160000.0,0.12521343198634036,0.06003,0.06003,3034482759,3034482759,https://www1.hkexnews.hk/search/titlesearch.xhtml,https://www1.hkexnews.hk/search/titlesearch.xhtml,1620585081,14:31:21,20210509
38,1999-09-30,1114.HK,CNY,1999-09-30,1999-09-30,Q3,1159191720.0,0.0,0.0,0.0,0,0.0,0,0.0,0.0,0.0,0,-20453670,0.0,0.0,0.0,0.0,0.0,0.0,0.0,0.0,172902960.0,0.14915820827291623,0.060444,0.060444,2860547945,2860547945,https://www1.hkexnews.hk/search/titlesearch.xhtml,https://www1.hkexnews.hk/search/titlesearch.xhtml,1620585081,14:31:21,20210509
39,1999-06-30,1114.HK,CNY,1999-06-30,1999-06-30,Q2,1160988480.0,0.0,0.0,0.0,0,0.0,0,0.0,0.0,0.0,0,-20453670,1140534810.0,0.982382538369373,1160988480.0,1.0,0.0,0.0,0.0,0.0,173176200.0,0.1491627203742797,0.060444,0.060444,2865068493,2865068493,https://www1.hkexnews.hk/search/titlesearch.xhtml,https://www1.hkexnews.hk/search/titlesearch.xhtml,1620585081,14:31:21,20210509
40,1999-03-31,1114.HK,CNY,1999-03-31,1999-03-31,Q1,1161891000.0,0.0,0.0,0.0,0,0.0,0,0.0,0.0,0.0,0,-20453670,0.0,0.0,0.0,0.0,0.0,0.0,0.0,0.0,173308680.0,0.14916087653661145,0.060444,0.060444,2867260274,2867260274,https://www1.hkexnews.hk/search/titlesearch.xhtml,https://www1.hkexnews.hk/search/titlesearch.xhtml,1620585081,14:31:21,20210509
41,1998-12-31,1114.HK,CNY,1998-12-31,1998-12-31,Q4,922392000.0,0.0,0.0,0.0,0,0.0,0,0.0,0.0,0.0,0,0,0.0,0.0,0.0,0.0,0.0,0.0,0.0,0.0,92736000.0,0.10053859964093358,0.025293278476855526,0.025293278476855526,3666428616,3666428616,https://www1.hkexnews.hk/search/titlesearch.xhtml,https://www1.hkexnews.hk/search/titlesearch.xhtml,1620585081,14:31:21,20210509
42,1998-09-30,1114.HK,CNY,1998-09-30,1998-09-30,Q3,923220000.0,0.0,0.0,0.0,0,0.0,0,0.0,0.0,0.0,0,-32292000,0.0,0.0,0.0,0.0,0.0,0.0,0.0,0.0,93564000.0,0.10134529147982063,0.05796,0.05796,2709090909,2709090909,https://www1.hkexnews.hk/search/titlesearch.xhtml,https://www1.hkexnews.hk/search/titlesearch.xhtml,1620585081,14:31:21,20210509
43,1998-06-30,1114.HK,CNY,1998-06-30,1998-06-30,Q2,691380000.0,502596000.0,188784000.0,0.27305389221556886,0,60444000.0,0,0.0,60444000.0,563040000.0,0,-32292000,96048000.0,0.13892215568862276,128340000.0,0.18562874251497005,0.0,74520000.0,0.10778443113772455,12420000.0,62100000.0,0.08982035928143713,0.02484,0.02484,2500000000,2500000000,https://www1.hkexnews.hk/search/titlesearch.xhtml,https://www1.hkexnews.hk/search/titlesearch.xhtml,1620585081,14:31:21,20210509
44,1998-03-31,1114.HK,CNY,1998-03-31,1998-03-31,Q1,0.0,0.0,0.0,0.0,0,0.0,0,0.0,0.0,0.0,0,-32292000,0.0,0.0,0.0,0.0,0.0,0.0,0.0,0.0,0.0,0.0,0.02484,0.02484,2500000000,2500000000,https://www1.hkexnews.hk/search/titlesearch.xhtml,https://www1.hkexnews.hk/search/titlesearch.xhtml,1620585081,14:31:21,20210509
45,1997-09-30,1114.HK,CNY,1997-09-30,1997-09-30,Q3,0.0,0.0,0.0,0.0,0,0.0,0,0.0,0.0,0.0,0,-37674000,0.0,0.0,0.0,0.0,0.0,0.0,0.0,0.0,0.0,0.0,0.0207,0.0207,2360000000,2360000000,https://www1.hkexnews.hk/search/titlesearch.xhtml,https://www1.hkexnews.hk/search/titlesearch.xhtml,1620585081,14:31:21,20210509
46,1997-06-30,1114.HK,CNY,1997-06-30,1997-06-30,Q2,497400000.0,368076000.0,129324000.0,0.26,0,56372000.0,0,0.0,56372000.0,424448000.0,0,-37674000,35278000.0,0.07092480900683555,72952000.0,0.14666666666666667,5803000.0,43937000.0,0.08833333333333333,5803000.0,38134000.0,0.07666666666666666,0.012435,0.012435,3066666667,3066666667,https://www1.hkexnews.hk/search/titlesearch.xhtml,https://www1.hkexnews.hk/search/titlesearch.xhtml,1620585081,14:31:21,20210509
47,1997-03-31,1114.HK,CNY,1997-03-31,1997-03-31,Q1,498000000.0,0.0,0.0,0.0,0,0.0,0,0.0,0.0,0.0,0,-37674000,0.0,0.0,0.0,0.0,0.0,0.0,0.0,0.0,38180000.0,0.07666666666666666,0.01245,0.01245,3066666667,3066666667,https://www1.hkexnews.hk/search/titlesearch.xhtml,https://www1.hkexnews.hk/search/titlesearch.xhtml,1620585081,14:31:21,20210509
48,1996-12-31,1114.HK,CNY,1996-12-31,1996-12-31,Q4,307930000.0,0.0,0.0,0.0,0,0.0,0,0.0,0.0,0.0,0,0,0.0,0.0,0.0,0.0,0.0,0.0,0.0,0.0,16600000.0,0.05390835579514825,0.004527566670072051,0.004527566670072051,3666428616,3666428616,https://www1.hkexnews.hk/search/titlesearch.xhtml,https://www1.hkexnews.hk/search/titlesearch.xhtml,1620585081,14:31:21,20210509
49,1996-09-30,1114.HK,CNY,1996-09-30,1996-09-30,Q3,307100000.0,0.0,0.0,0.0,0,0.0,0,0.0,0.0,0.0,0,-22825000,0.0,0.0,0.0,0.0,0.0,0.0,0.0,0.0,14940000.0,0.04864864864864865,0.00415,0.00415,2400000000,2400000000,https://www1.hkexnews.hk/search/titlesearch.xhtml,https://www1.hkexnews.hk/search/titlesearch.xhtml,1620585081,14:31:21,20210509
50,1996-06-30,1114.HK,CNY,1996-06-30,1996-06-30,Q2,307840000.0,0.0,0.0,0.0,0,0.0,0,0.0,0.0,0.0,0,-22825000,0.0,0.0,0.0,0.0,0.0,0.0,0.0,0.0,14976000.0,0.04864864864864865,0.00416,0.00416,2607300000,2607300000,https://www1.hkexnews.hk/search/titlesearch.xhtml,https://www1.hkexnews.hk/search/titlesearch.xhtml,1620585081,14:31:21,20210509
51,1996-03-31,1114.HK,CNY,1996-03-31,1996-03-31,Q1,308210000.0,0.0,0.0,0.0,0,0.0,0,0.0,0.0,0.0,0,-22825000,0.0,0.0,0.0,0.0,0.0,0.0,0.0,0.0,14994000.0,0.04864864864864865,0.004165,0.004165,2607300000,2607300000,https://www1.hkexnews.hk/search/titlesearch.xhtml,https://www1.hkexnews.hk/search/titlesearch.xhtml,1620585081,14:31:21,20210509
52,1995-12-31,1114.HK,CNY,1995-12-31,1995-12-31,Q4,284544000.0,0.0,0.0,0.0,0,0.0,0,0.0,0.0,0.0,0,0,0.0,0.0,0.0,0.0,0.0,0.0,0.0,0.0,7488000.0,0.02631578947368421,0.0020423144111746698,0.0020423144111746698,3666428616,3666428616,https://www1.hkexnews.hk/search/titlesearch.xhtml,https://www1.hkexnews.hk/search/titlesearch.xhtml,1620585081,14:31:21,20210509
53,1995-09-30,1114.HK,CNY,1995-09-30,1995-09-30,Q3,283712000.0,0.0,0.0,0.0,0,0.0,0,0.0,0.0,0.0,0,-11024000,0.0,0.0,0.0,0.0,0.0,0.0,0.0,0.0,8320000.0,0.02932551319648094,0.00416,0.00416,2000000000,2000000000,https://www1.hkexnews.hk/search/titlesearch.xhtml,https://www1.hkexnews.hk/search/titlesearch.xhtml,1620585081,14:31:21,20210509
54,1995-06-30,1114.HK,CNY,1995-06-30,1995-06-30,Q2,283030000.0,0.0,0.0,0.0,0,0.0,0,0.0,0.0,0.0,0,-11024000,272006000.0,0.9610500653640957,283030000.0,1.0,0.0,0.0,0.0,0.0,8300000.0,0.02932551319648094,0.00415,0.00415,2000000000,2000000000,https://www1.hkexnews.hk/search/titlesearch.xhtml,https://www1.hkexnews.hk/search/titlesearch.xhtml,1620585081,14:31:21,20210509
55,1995-03-31,1114.HK,CNY,1995-03-31,1995-03-31,Q1,287463000.0,0.0,0.0,0.0,0,0.0,0,0.0,0.0,0.0,0,-11024000,0.0,0.0,0.0,0.0,0.0,0.0,0.0,0.0,8430000.0,0.02932551319648094,0.004215,0.004215,2000000000,2000000000,https://www1.hkexnews.hk/search/titlesearch.xhtml,https://www1.hkexnews.hk/search/titlesearch.xhtml,1620585081,14:31:21,20210509
56,1994-12-31,1114.HK,CNY,1994-12-31,1994-12-31,Q4,417024000.0,0.0,0.0,0.0,0,0.0,0,0.0,0.0,0.0,0,0,0.0,0.0,0.0,0.0,0.0,0.0,0.0,0.0,9932000.0,0.023816375076734193,0.0027089031425997358,0.0027089031425997358,3666428616,3666428616,https://www1.hkexnews.hk/search/titlesearch.xhtml,https://www1.hkexnews.hk/search/titlesearch.xhtml,1620585081,14:31:21,20210509
57,1994-09-30,1114.HK,CNY,1994-09-30,1994-09-30,Q3,314757000.0,0.0,0.0,0.0,0,0.0,0,0.0,0.0,0.0,0,-10351250,0.0,0.0,0.0,0.0,0.0,0.0,0.0,0.0,7677000.0,0.024390243902439025,0.004265,0.004265,2607300000,2607300000,https://www1.hkexnews.hk/search/titlesearch.xhtml,https://www1.hkexnews.hk/search/titlesearch.xhtml,1620585081,14:31:21,20210509
58,1994-06-30,1114.HK,CNY,1994-06-30,1994-06-30,Q2,319185000.0,0.0,0.0,0.0,0,0.0,0,0.0,0.0,0.0,0,-10351250,308833750.0,0.9675697479518148,319185000.0,1.0,0.0,0.0,0.0,0.0,7785000.0,0.024390243902439025,0.004325,0.004325,2607300000,2607300000,https://www1.hkexnews.hk/search/titlesearch.xhtml,https://www1.hkexnews.hk/search/titlesearch.xhtml,1620585081,14:31:21,20210509
59,1994-03-31,1114.HK,CNY,1994-03-31,1994-03-31,Q1,321399000.0,0.0,0.0,0.0,0,0.0,0,0.0,0.0,0.0,0,-10351250,0.0,0.0,0.0,0.0,0.0,0.0,0.0,0.0,6968000.0,0.02168021680216802,0.004355,0.004355,2607300000,2607300000,https://www1.hkexnews.hk/search/titlesearch.xhtml,https://www1.hkexnews.hk/search/titlesearch.xhtml,1620585081,14:31:21,20210509
60,1993-12-31,1114.HK,CNY,1993-12-31,1993-12-31,Q4,4012000.0,0.0,0.0,0.0,0,0.0,0,0.0,0.0,0.0,0,0,0.0,0.0,0.0,0.0,0.0,0.0,0.0,0.0,135000.0,0.033649052841475575,3.682057231685102e-05,3.682057231685102e-05,3666428616,3666428616,https://www1.hkexnews.hk/search/titlesearch.xhtml,https://www1.hkexnews.hk/search/titlesearch.xhtml,1620585081,14:31:21,20210509
61,1993-09-30,1114.HK,CNY,1993-09-30,1993-09-30,Q3,326556000.0,0.0,0.0,0.0,0,0.0,0,0.0,0.0,0.0,0,-5220000,0.0,0.0,0.0,0.0,0.0,0.0,0.0,0.0,26055000.0,0.0797872340425532,0.008685,0.008685,3000000000,3000000000,https://www1.hkexnews.hk/search/titlesearch.xhtml,https://www1.hkexnews.hk/search/titlesearch.xhtml,1620585081,14:31:21,20210509
62,1993-06-30,1114.HK,CNY,1993-06-30,1993-06-30,Q2,324864000.0,0.0,0.0,0.0,0,0.0,0,0.0,0.0,0.0,0,-5220000,319644000.0,0.9839317375886525,324864000.0,1.0,0.0,0.0,0.0,0.0,25920000.0,0.0797872340425532,0.00864,0.00864,3000000000,3000000000,https://www1.hkexnews.hk/search/titlesearch.xhtml,https://www1.hkexnews.hk/search/titlesearch.xhtml,1620585081,14:31:21,20210509
63,1993-03-31,1114.HK,CNY,1993-03-31,1993-03-31,Q1,318660000.0,0.0,0.0,0.0,0,0.0,0,0.0,0.0,0.0,0,-5220000,0.0,0.0,0.0,0.0,0.0,0.0,0.0,0.0,25425000.0,0.0797872340425532,0.008475,0.008475,3000000000,3000000000,https://www1.hkexnews.hk/search/titlesearch.xhtml,https://www1.hkexnews.hk/search/titlesearch.xhtml,1620585081,14:31:21,20210509
64,1992-09-30,1114.HK,CNY,1992-09-30,1992-09-30,Q3,320052000.0,0.0,0.0,0.0,0,0.0,0,0.0,0.0,0.0,0,-3294750,0.0,0.0,0.0,0.0,0.0,0.0,0.0,0.0,17721000.0,0.05536912751677853,0.008055,0.008055,2200000000,2200000000,https://www1.hkexnews.hk/search/titlesearch.xhtml,https://www1.hkexnews.hk/search/titlesearch.xhtml,1620585081,14:31:21,20210509
