,date,symbol,reportedCurrency,fillingDate,acceptedDate,period,revenue,costOfRevenue,grossProfit,grossProfitRatio,researchAndDevelopmentExpenses,generalAndAdministrativeExpenses,sellingAndMarketingExpenses,otherExpenses,operatingExpenses,costAndExpenses,interestExpense,depreciationAndAmortization,ebitda,ebitdaratio,operatingIncome,operatingIncomeRatio,totalOtherIncomeExpensesNet,incomeBeforeTax,incomeBeforeTaxRatio,incomeTaxExpense,netIncome,netIncomeRatio,eps,epsdiluted,weightedAverageShsOut,weightedAverageShsOutDil,link,finalLink,timestamp,est_time,est_date
0,2019-06-30,UKCM.L,GBP,2019-06-30,2019-06-30,Q2,4639750.0,0.0,0.0,0.0,0.0,1393500.0,0.0,0.0,2824250.0,0.0,1792500.0,0.0,0.0,0.0,0.0,0.0,0.0,422000.0,0.09095317635648473,11250.0,410750.0,0.08852847674982488,0.000325,0.000325,1299412465,1299412465,https://find-and-update.company-information.service.gov.uk/search/companies?q=UK+Commercial+Property+REIT+Ltd,https://find-and-update.company-information.service.gov.uk/search/companies?q=UK+Commercial+Property+REIT+Ltd,1620599257,18:27:37,20210509
1,2019-03-31,UKCM.L,GBP,2019-03-31,2019-03-31,Q1,4639750.0,0.0,0.0,0.0,0.0,1393500.0,0.0,0.0,2824250.0,0.0,1792500.0,0.0,0.0,0.0,0.0,0.0,0.0,422000.0,0.09095317635648473,11250.0,410750.0,0.08852847674982488,0.000325,0.000325,1299412465,1299412465,https://find-and-update.company-information.service.gov.uk/search/companies?q=UK+Commercial+Property+REIT+Ltd,https://find-and-update.company-information.service.gov.uk/search/companies?q=UK+Commercial+Property+REIT+Ltd,1620599257,18:27:37,20210509
2,2019-01-31,UKCM.L,GBP,2019-01-31,2019-01-31,Q1,4639750.0,0.0,0.0,0.0,0.0,1393500.0,0.0,0.0,2824250.0,0.0,1792500.0,0.0,0.0,0.0,0.0,0.0,0.0,422000.0,0.09095317635648473,11250.0,410750.0,0.08852847674982488,0.000325,0.000325,1299412465,1299412465,https://find-and-update.company-information.service.gov.uk/search/companies?q=UK+Commercial+Property+REIT+Ltd,https://find-and-update.company-information.service.gov.uk/search/companies?q=UK+Commercial+Property+REIT+Ltd,1620599257,18:27:37,20210509
3,2018-06-30,UKCM.L,GBP,2018-06-30,2018-06-30,Q2,18856000.0,0.0,0.0,0.0,0.0,1462250.0,0.0,0.0,2685000.0,0.0,1588000.0,0.0,0.0,0.0,0.0,0.0,0.0,14708750.0,0.7800567458633857,1457500.0,13251250.0,0.7027603945693678,0.0102,0.0102,1299412465,1299412465,https://find-and-update.company-information.service.gov.uk/search/companies?q=UK+Commercial+Property+REIT+Ltd,https://find-and-update.company-information.service.gov.uk/search/companies?q=UK+Commercial+Property+REIT+Ltd,1620599257,18:27:37,20210509
4,2018-03-31,UKCM.L,GBP,2018-03-31,2018-03-31,Q1,18856000.0,0.0,0.0,0.0,0.0,1462250.0,0.0,0.0,2685000.0,0.0,1588000.0,0.0,0.0,0.0,0.0,0.0,0.0,14708750.0,0.7800567458633857,1457500.0,13251250.0,0.7027603945693678,0.0102,0.0102,1299412465,1299412465,https://find-and-update.company-information.service.gov.uk/search/companies?q=UK+Commercial+Property+REIT+Ltd,https://find-and-update.company-information.service.gov.uk/search/companies?q=UK+Commercial+Property+REIT+Ltd,1620599257,18:27:37,20210509
5,2018-01-31,UKCM.L,GBP,2018-01-31,2018-01-31,Q1,18856000.0,0.0,0.0,0.0,0.0,1462250.0,0.0,0.0,2685000.0,0.0,1588000.0,0.0,0.0,0.0,0.0,0.0,0.0,14708750.0,0.7800567458633857,1457500.0,13251250.0,0.7027603945693678,0.0102,0.0102,1299412465,1299412465,https://find-and-update.company-information.service.gov.uk/search/companies?q=UK+Commercial+Property+REIT+Ltd,https://find-and-update.company-information.service.gov.uk/search/companies?q=UK+Commercial+Property+REIT+Ltd,1620599257,18:27:37,20210509
6,2017-06-30,UKCM.L,GBP,2017-06-30,2017-06-30,Q2,36382000.0,0.0,0.0,0.0,0.0,939000.0,0.0,0.0,1650500.0,0.0,1448500.0,0.0,0.0,0.0,0.0,0.0,0.0,33792500.0,0.9288246935297675,902000.0,32890500.0,0.9040322137320653,0.0253,0.0253,1299412465,1299412465,https://find-and-update.company-information.service.gov.uk/search/companies?q=UK+Commercial+Property+REIT+Ltd,https://find-and-update.company-information.service.gov.uk/search/companies?q=UK+Commercial+Property+REIT+Ltd,1620599257,18:27:37,20210509
7,2017-03-31,UKCM.L,GBP,2017-03-31,2017-03-31,Q1,36382000.0,0.0,0.0,0.0,0.0,939000.0,0.0,0.0,1650500.0,0.0,1448500.0,0.0,0.0,0.0,0.0,0.0,0.0,33792500.0,0.9288246935297675,902000.0,32890500.0,0.9040322137320653,0.0253,0.0253,1299412465,1299412465,https://find-and-update.company-information.service.gov.uk/search/companies?q=UK+Commercial+Property+REIT+Ltd,https://find-and-update.company-information.service.gov.uk/search/companies?q=UK+Commercial+Property+REIT+Ltd,1620599257,18:27:37,20210509
8,2017-01-31,UKCM.L,GBP,2017-01-31,2017-01-31,Q1,36382000.0,0.0,0.0,0.0,0.0,939000.0,0.0,0.0,1650500.0,0.0,1448500.0,0.0,0.0,0.0,0.0,0.0,0.0,33792500.0,0.9288246935297675,902000.0,32890500.0,0.9040322137320653,0.0253,0.0253,1299412465,1299412465,https://find-and-update.company-information.service.gov.uk/search/companies?q=UK+Commercial+Property+REIT+Ltd,https://find-and-update.company-information.service.gov.uk/search/companies?q=UK+Commercial+Property+REIT+Ltd,1620599257,18:27:37,20210509
9,2016-06-30,UKCM.L,GBP,2016-06-30,2016-06-30,Q2,12037750.0,0.0,0.0,0.0,0.0,904500.0,0.0,0.0,1374500.0,0.0,1515750.0,0.0,0.0,0.0,0.0,0.0,0.0,9758750.0,0.810678905941725,-1537750.0,11296500.0,0.9384228780295321,0.0087,0.0087,1299412465,1299412465,https://find-and-update.company-information.service.gov.uk/search/companies?q=UK+Commercial+Property+REIT+Ltd,https://find-and-update.company-information.service.gov.uk/search/companies?q=UK+Commercial+Property+REIT+Ltd,1620599257,18:27:37,20210509
10,2016-03-31,UKCM.L,GBP,2016-03-31,2016-03-31,Q1,12037750.0,0.0,0.0,0.0,0.0,904500.0,0.0,0.0,1374500.0,0.0,1515750.0,0.0,0.0,0.0,0.0,0.0,0.0,9758750.0,0.810678905941725,-1537750.0,11296500.0,0.9384228780295321,0.0087,0.0087,1299412465,1299412465,https://find-and-update.company-information.service.gov.uk/search/companies?q=UK+Commercial+Property+REIT+Ltd,https://find-and-update.company-information.service.gov.uk/search/companies?q=UK+Commercial+Property+REIT+Ltd,1620599257,18:27:37,20210509
11,2016-01-31,UKCM.L,GBP,2016-01-31,2016-01-31,Q1,12037750.0,0.0,0.0,0.0,0.0,904500.0,0.0,0.0,1374500.0,0.0,1515750.0,0.0,0.0,0.0,0.0,0.0,0.0,9758750.0,0.810678905941725,-1537750.0,11296500.0,0.9384228780295321,0.0087,0.0087,1299412465,1299412465,https://find-and-update.company-information.service.gov.uk/search/companies?q=UK+Commercial+Property+REIT+Ltd,https://find-and-update.company-information.service.gov.uk/search/companies?q=UK+Commercial+Property+REIT+Ltd,1620599257,18:27:37,20210509
12,2015-09-30,UKCM.L,GBP,2015-09-30,2015-09-30,Q3,24547250.0,0.0,0.0,0.0,0.0,1020750.0,0.0,0.0,1566250.0,0.0,1419250.0,0.0,0.0,0.0,0.0,0.0,0.0,21960250.0,0.8946114126837018,51500.0,21908750.0,0.8925134179999796,0.01685,0.01685,1299412465,1299412465,https://find-and-update.company-information.service.gov.uk/search/companies?q=UK+Commercial+Property+REIT+Ltd,https://find-and-update.company-information.service.gov.uk/search/companies?q=UK+Commercial+Property+REIT+Ltd,1620599257,18:27:37,20210509
13,2015-06-30,UKCM.L,GBP,2015-06-30,2015-06-30,Q2,24547250.0,0.0,0.0,0.0,0.0,1020750.0,0.0,0.0,1566250.0,0.0,1419250.0,0.0,0.0,0.0,0.0,0.0,0.0,21960250.0,0.8946114126837018,51500.0,21908750.0,0.8925134179999796,0.01685,0.01685,1299412465,1299412465,https://find-and-update.company-information.service.gov.uk/search/companies?q=UK+Commercial+Property+REIT+Ltd,https://find-and-update.company-information.service.gov.uk/search/companies?q=UK+Commercial+Property+REIT+Ltd,1620599257,18:27:37,20210509
14,2015-03-31,UKCM.L,GBP,2015-03-31,2015-03-31,Q1,24547250.0,0.0,0.0,0.0,0.0,1020750.0,0.0,0.0,1566250.0,0.0,1419250.0,0.0,0.0,0.0,0.0,0.0,0.0,21960250.0,0.8946114126837018,51500.0,21908750.0,0.8925134179999796,0.01685,0.01685,1299412465,1299412465,https://find-and-update.company-information.service.gov.uk/search/companies?q=UK+Commercial+Property+REIT+Ltd,https://find-and-update.company-information.service.gov.uk/search/companies?q=UK+Commercial+Property+REIT+Ltd,1620599257,18:27:37,20210509
15,2015-01-31,UKCM.L,GBP,2015-01-31,2015-01-31,Q1,24547250.0,0.0,0.0,0.0,0.0,1020750.0,0.0,0.0,1566250.0,0.0,1419250.0,0.0,0.0,0.0,0.0,0.0,0.0,21960250.0,0.8946114126837018,51500.0,21908750.0,0.8925134179999796,0.01685,0.01685,1299412465,1299412465,https://find-and-update.company-information.service.gov.uk/search/companies?q=UK+Commercial+Property+REIT+Ltd,https://find-and-update.company-information.service.gov.uk/search/companies?q=UK+Commercial+Property+REIT+Ltd,1620599257,18:27:37,20210509
16,2014-09-30,UKCM.L,GBP,2014-09-30,2014-09-30,Q3,45838500.0,0.0,0.0,0.0,0.0,684250.0,0.0,0.0,1977250.0,0.0,1070250.0,0.0,0.0,0.0,0.0,0.0,0.0,43177000.0,0.9419374543233309,0.0,43177000.0,0.9419374543233309,0.0349,0.0349,1236787497,1236787497,https://find-and-update.company-information.service.gov.uk/search/companies?q=UK+Commercial+Property+REIT+Ltd,https://find-and-update.company-information.service.gov.uk/search/companies?q=UK+Commercial+Property+REIT+Ltd,1620599257,18:27:37,20210509
17,2014-06-30,UKCM.L,GBP,2014-06-30,2014-06-30,Q2,45838500.0,0.0,0.0,0.0,0.0,684250.0,0.0,0.0,1977250.0,0.0,1070250.0,0.0,0.0,0.0,0.0,0.0,0.0,43177000.0,0.9419374543233309,0.0,43177000.0,0.9419374543233309,0.0349,0.0349,1236787497,1236787497,https://find-and-update.company-information.service.gov.uk/search/companies?q=UK+Commercial+Property+REIT+Ltd,https://find-and-update.company-information.service.gov.uk/search/companies?q=UK+Commercial+Property+REIT+Ltd,1620599257,18:27:37,20210509
18,2014-03-31,UKCM.L,GBP,2014-03-31,2014-03-31,Q1,45838500.0,0.0,0.0,0.0,0.0,684250.0,0.0,0.0,1977250.0,0.0,1070250.0,0.0,0.0,0.0,0.0,0.0,0.0,43177000.0,0.9419374543233309,0.0,43177000.0,0.9419374543233309,0.0349,0.0349,1236787497,1236787497,https://find-and-update.company-information.service.gov.uk/search/companies?q=UK+Commercial+Property+REIT+Ltd,https://find-and-update.company-information.service.gov.uk/search/companies?q=UK+Commercial+Property+REIT+Ltd,1620599257,18:27:37,20210509
19,2014-01-31,UKCM.L,GBP,2014-01-31,2014-01-31,Q1,45838500.0,0.0,0.0,0.0,0.0,684250.0,0.0,0.0,1977250.0,0.0,1070250.0,0.0,0.0,0.0,0.0,0.0,0.0,43177000.0,0.9419374543233309,0.0,43177000.0,0.9419374543233309,0.0349,0.0349,1236787497,1236787497,https://find-and-update.company-information.service.gov.uk/search/companies?q=UK+Commercial+Property+REIT+Ltd,https://find-and-update.company-information.service.gov.uk/search/companies?q=UK+Commercial+Property+REIT+Ltd,1620599257,18:27:37,20210509
20,2013-09-30,UKCM.L,GBP,2013-09-30,2013-09-30,Q3,27352750.0,0.0,0.0,0.0,0.0,720750.0,0.0,0.0,2614000.0,0.0,1052500.0,0.0,0.0,0.0,0.0,0.0,0.0,24018000.0,0.8780835564979755,0.0,24018000.0,0.8780835564979755,0.02005,0.02005,1197348858,1197348858,https://find-and-update.company-information.service.gov.uk/search/companies?q=UK+Commercial+Property+REIT+Ltd,https://find-and-update.company-information.service.gov.uk/search/companies?q=UK+Commercial+Property+REIT+Ltd,1620599257,18:27:37,20210509
21,2013-06-30,UKCM.L,GBP,2013-06-30,2013-06-30,Q2,27352750.0,0.0,0.0,0.0,0.0,720750.0,0.0,0.0,2614000.0,0.0,1052500.0,0.0,0.0,0.0,0.0,0.0,0.0,24018000.0,0.8780835564979755,0.0,24018000.0,0.8780835564979755,0.02005,0.02005,1197348858,1197348858,https://find-and-update.company-information.service.gov.uk/search/companies?q=UK+Commercial+Property+REIT+Ltd,https://find-and-update.company-information.service.gov.uk/search/companies?q=UK+Commercial+Property+REIT+Ltd,1620599257,18:27:37,20210509
22,2013-03-31,UKCM.L,GBP,2013-03-31,2013-03-31,Q1,27352750.0,0.0,0.0,0.0,0.0,720750.0,0.0,0.0,2614000.0,0.0,1052500.0,0.0,0.0,0.0,0.0,0.0,0.0,24018000.0,0.8780835564979755,0.0,24018000.0,0.8780835564979755,0.02005,0.02005,1197348858,1197348858,https://find-and-update.company-information.service.gov.uk/search/companies?q=UK+Commercial+Property+REIT+Ltd,https://find-and-update.company-information.service.gov.uk/search/companies?q=UK+Commercial+Property+REIT+Ltd,1620599257,18:27:37,20210509
23,2013-01-31,UKCM.L,GBP,2013-01-31,2013-01-31,Q1,27352750.0,0.0,0.0,0.0,0.0,720750.0,0.0,0.0,2614000.0,0.0,1052500.0,0.0,0.0,0.0,0.0,0.0,0.0,24018000.0,0.8780835564979755,0.0,24018000.0,0.8780835564979755,0.02005,0.02005,1197348858,1197348858,https://find-and-update.company-information.service.gov.uk/search/companies?q=UK+Commercial+Property+REIT+Ltd,https://find-and-update.company-information.service.gov.uk/search/companies?q=UK+Commercial+Property+REIT+Ltd,1620599257,18:27:37,20210509
24,2012-09-30,UKCM.L,GBP,2012-09-30,2012-09-30,Q3,1353250.0,0.0,0.0,0.0,0.0,712750.0,0.0,0.0,1879000.0,0.0,1035250.0,0.0,0.0,0.0,0.0,0.0,0.0,-1238500.0,-0.9152041381858489,0.0,-1238500.0,-0.9152041381858489,-0.001025,-0.001025,1197348858,1197348858,https://find-and-update.company-information.service.gov.uk/search/companies?q=UK+Commercial+Property+REIT+Ltd,https://find-and-update.company-information.service.gov.uk/search/companies?q=UK+Commercial+Property+REIT+Ltd,1620599257,18:27:37,20210509
25,2012-06-30,UKCM.L,GBP,2012-06-30,2012-06-30,Q2,1353250.0,0.0,0.0,0.0,0.0,712750.0,0.0,0.0,1879000.0,0.0,1035250.0,0.0,0.0,0.0,0.0,0.0,0.0,-1238500.0,-0.9152041381858489,0.0,-1238500.0,-0.9152041381858489,-0.001025,-0.001025,1197348858,1197348858,https://find-and-update.company-information.service.gov.uk/search/companies?q=UK+Commercial+Property+REIT+Ltd,https://find-and-update.company-information.service.gov.uk/search/companies?q=UK+Commercial+Property+REIT+Ltd,1620599257,18:27:37,20210509
26,2012-03-31,UKCM.L,GBP,2012-03-31,2012-03-31,Q1,1353250.0,0.0,0.0,0.0,0.0,712750.0,0.0,0.0,1879000.0,0.0,1035250.0,0.0,0.0,0.0,0.0,0.0,0.0,-1238500.0,-0.9152041381858489,0.0,-1238500.0,-0.9152041381858489,-0.001025,-0.001025,1197348858,1197348858,https://find-and-update.company-information.service.gov.uk/search/companies?q=UK+Commercial+Property+REIT+Ltd,https://find-and-update.company-information.service.gov.uk/search/companies?q=UK+Commercial+Property+REIT+Ltd,1620599257,18:27:37,20210509
27,2012-01-31,UKCM.L,GBP,2012-01-31,2012-01-31,Q1,1353250.0,0.0,0.0,0.0,0.0,712750.0,0.0,0.0,1879000.0,0.0,1035250.0,0.0,0.0,0.0,0.0,0.0,0.0,-1238500.0,-0.9152041381858489,0.0,-1238500.0,-0.9152041381858489,-0.001025,-0.001025,1197348858,1197348858,https://find-and-update.company-information.service.gov.uk/search/companies?q=UK+Commercial+Property+REIT+Ltd,https://find-and-update.company-information.service.gov.uk/search/companies?q=UK+Commercial+Property+REIT+Ltd,1620599257,18:27:37,20210509
28,2011-09-30,UKCM.L,GBP,2011-09-30,2011-09-30,Q3,14696250.0,0.0,0.0,0.0,0.0,1435000.0,0.0,0.0,0.0,0.0,1983750.0,0.0,0.0,0.0,0.0,0.0,0.0,13261250.0,0.9023560432083014,0.0,13261250.0,0.9023560432083014,0.011075,0.011075,1197348858,1197348858,https://find-and-update.company-information.service.gov.uk/search/companies?q=UK+Commercial+Property+REIT+Ltd,https://find-and-update.company-information.service.gov.uk/search/companies?q=UK+Commercial+Property+REIT+Ltd,1620599257,18:27:37,20210509
29,2011-06-30,UKCM.L,GBP,2011-06-30,2011-06-30,Q2,14696250.0,0.0,0.0,0.0,0.0,1435000.0,0.0,0.0,0.0,0.0,1983750.0,0.0,0.0,0.0,0.0,0.0,0.0,13261250.0,0.9023560432083014,0.0,13261250.0,0.9023560432083014,0.011075,0.011075,1197348858,1197348858,https://find-and-update.company-information.service.gov.uk/search/companies?q=UK+Commercial+Property+REIT+Ltd,https://find-and-update.company-information.service.gov.uk/search/companies?q=UK+Commercial+Property+REIT+Ltd,1620599257,18:27:37,20210509
30,2011-03-31,UKCM.L,GBP,2011-03-31,2011-03-31,Q1,14696250.0,0.0,0.0,0.0,0.0,1435000.0,0.0,0.0,0.0,0.0,1983750.0,0.0,0.0,0.0,0.0,0.0,0.0,13261250.0,0.9023560432083014,0.0,13261250.0,0.9023560432083014,0.011075,0.011075,1197348858,1197348858,https://find-and-update.company-information.service.gov.uk/search/companies?q=UK+Commercial+Property+REIT+Ltd,https://find-and-update.company-information.service.gov.uk/search/companies?q=UK+Commercial+Property+REIT+Ltd,1620599257,18:27:37,20210509
31,2011-01-31,UKCM.L,GBP,2011-01-31,2011-01-31,Q1,14696250.0,0.0,0.0,0.0,0.0,1435000.0,0.0,0.0,0.0,0.0,1983750.0,0.0,0.0,0.0,0.0,0.0,0.0,13261250.0,0.9023560432083014,0.0,13261250.0,0.9023560432083014,0.011075,0.011075,1197348858,1197348858,https://find-and-update.company-information.service.gov.uk/search/companies?q=UK+Commercial+Property+REIT+Ltd,https://find-and-update.company-information.service.gov.uk/search/companies?q=UK+Commercial+Property+REIT+Ltd,1620599257,18:27:37,20210509
32,2010-09-30,UKCM.L,GBP,2010-09-30,2010-09-30,Q3,24431250.0,0.0,0.0,0.0,0.0,1542250.0,0.0,0.0,0.0,0.0,342250.0,0.0,0.0,0.0,0.0,0.0,0.0,22889000.0,0.9368738807879253,0.0,22889000.0,0.9368738807879253,0.019575,0.019575,1168600913,1168600913,https://find-and-update.company-information.service.gov.uk/search/companies?q=UK+Commercial+Property+REIT+Ltd,https://find-and-update.company-information.service.gov.uk/search/companies?q=UK+Commercial+Property+REIT+Ltd,1620599257,18:27:37,20210509
33,2010-06-30,UKCM.L,GBP,2010-06-30,2010-06-30,Q2,24431250.0,0.0,0.0,0.0,0.0,1542250.0,0.0,0.0,0.0,0.0,342250.0,0.0,0.0,0.0,0.0,0.0,0.0,22889000.0,0.9368738807879253,0.0,22889000.0,0.9368738807879253,0.019575,0.019575,1168600913,1168600913,https://find-and-update.company-information.service.gov.uk/search/companies?q=UK+Commercial+Property+REIT+Ltd,https://find-and-update.company-information.service.gov.uk/search/companies?q=UK+Commercial+Property+REIT+Ltd,1620599257,18:27:37,20210509
34,2010-03-31,UKCM.L,GBP,2010-03-31,2010-03-31,Q1,24431250.0,0.0,0.0,0.0,0.0,1542250.0,0.0,0.0,0.0,0.0,342250.0,0.0,0.0,0.0,0.0,0.0,0.0,22889000.0,0.9368738807879253,0.0,22889000.0,0.9368738807879253,0.019575,0.019575,1168600913,1168600913,https://find-and-update.company-information.service.gov.uk/search/companies?q=UK+Commercial+Property+REIT+Ltd,https://find-and-update.company-information.service.gov.uk/search/companies?q=UK+Commercial+Property+REIT+Ltd,1620599257,18:27:37,20210509
35,2010-01-31,UKCM.L,GBP,2010-01-31,2010-01-31,Q1,24431250.0,0.0,0.0,0.0,0.0,1542250.0,0.0,0.0,0.0,0.0,342250.0,0.0,0.0,0.0,0.0,0.0,0.0,22889000.0,0.9368738807879253,0.0,22889000.0,0.9368738807879253,0.019575,0.019575,1168600913,1168600913,https://find-and-update.company-information.service.gov.uk/search/companies?q=UK+Commercial+Property+REIT+Ltd,https://find-and-update.company-information.service.gov.uk/search/companies?q=UK+Commercial+Property+REIT+Ltd,1620599257,18:27:37,20210509
36,2009-09-30,UKCM.L,GBP,2009-09-30,2009-09-30,Q3,18932500.0,0.0,0.0,0.0,0.0,648500.0,0.0,0.0,0.0,0.0,38750.0,0.0,0.0,0.0,0.0,0.0,0.0,18284000.0,0.965746731810379,0.0,18284000.0,0.965746731810379,0.021,0.021,870582609,870582609,https://find-and-update.company-information.service.gov.uk/search/companies?q=UK+Commercial+Property+REIT+Ltd,https://find-and-update.company-information.service.gov.uk/search/companies?q=UK+Commercial+Property+REIT+Ltd,1620599257,18:27:37,20210509
37,2009-06-30,UKCM.L,GBP,2009-06-30,2009-06-30,Q2,18932500.0,0.0,0.0,0.0,0.0,648500.0,0.0,0.0,0.0,0.0,38750.0,0.0,0.0,0.0,0.0,0.0,0.0,18284000.0,0.965746731810379,0.0,18284000.0,0.965746731810379,0.021,0.021,870582609,870582609,https://find-and-update.company-information.service.gov.uk/search/companies?q=UK+Commercial+Property+REIT+Ltd,https://find-and-update.company-information.service.gov.uk/search/companies?q=UK+Commercial+Property+REIT+Ltd,1620599257,18:27:37,20210509
38,2009-03-31,UKCM.L,GBP,2009-03-31,2009-03-31,Q1,18932500.0,0.0,0.0,0.0,0.0,648500.0,0.0,0.0,0.0,0.0,38750.0,0.0,0.0,0.0,0.0,0.0,0.0,18284000.0,0.965746731810379,0.0,18284000.0,0.965746731810379,0.021,0.021,870582609,870582609,https://find-and-update.company-information.service.gov.uk/search/companies?q=UK+Commercial+Property+REIT+Ltd,https://find-and-update.company-information.service.gov.uk/search/companies?q=UK+Commercial+Property+REIT+Ltd,1620599257,18:27:37,20210509
39,2009-01-31,UKCM.L,GBP,2009-01-31,2009-01-31,Q1,18932500.0,0.0,0.0,0.0,0.0,648500.0,0.0,0.0,0.0,0.0,38750.0,0.0,0.0,0.0,0.0,0.0,0.0,18284000.0,0.965746731810379,0.0,18284000.0,0.965746731810379,0.021,0.021,870582609,870582609,https://find-and-update.company-information.service.gov.uk/search/companies?q=UK+Commercial+Property+REIT+Ltd,https://find-and-update.company-information.service.gov.uk/search/companies?q=UK+Commercial+Property+REIT+Ltd,1620599257,18:27:37,20210509
40,2008-09-30,UKCM.L,GBP,2008-09-30,2008-09-30,Q3,-33272750.0,0.0,0.0,0.0,0.0,698000.0,0.0,0.0,0.0,0.0,0.0,0.0,0.0,0.0,0.0,0.0,0.0,-33970750.0,1.0209781277471806,0.0,-33970750.0,1.0209781277471806,-0.039175,-0.039175,867126287,867126287,https://find-and-update.company-information.service.gov.uk/search/companies?q=UK+Commercial+Property+REIT+Ltd,https://find-and-update.company-information.service.gov.uk/search/companies?q=UK+Commercial+Property+REIT+Ltd,1620599257,18:27:37,20210509
41,2008-06-30,UKCM.L,GBP,2008-06-30,2008-06-30,Q2,-33272750.0,0.0,0.0,0.0,0.0,698000.0,0.0,0.0,0.0,0.0,0.0,0.0,0.0,0.0,0.0,0.0,0.0,-33970750.0,1.0209781277471806,0.0,-33970750.0,1.0209781277471806,-0.039175,-0.039175,867126287,867126287,https://find-and-update.company-information.service.gov.uk/search/companies?q=UK+Commercial+Property+REIT+Ltd,https://find-and-update.company-information.service.gov.uk/search/companies?q=UK+Commercial+Property+REIT+Ltd,1620599257,18:27:37,20210509
42,2008-03-31,UKCM.L,GBP,2008-03-31,2008-03-31,Q1,-33272750.0,0.0,0.0,0.0,0.0,698000.0,0.0,0.0,0.0,0.0,0.0,0.0,0.0,0.0,0.0,0.0,0.0,-33970750.0,1.0209781277471806,0.0,-33970750.0,1.0209781277471806,-0.039175,-0.039175,867126287,867126287,https://find-and-update.company-information.service.gov.uk/search/companies?q=UK+Commercial+Property+REIT+Ltd,https://find-and-update.company-information.service.gov.uk/search/companies?q=UK+Commercial+Property+REIT+Ltd,1620599257,18:27:37,20210509
43,2008-01-31,UKCM.L,GBP,2008-01-31,2008-01-31,Q1,-33272750.0,0.0,0.0,0.0,0.0,698000.0,0.0,0.0,0.0,0.0,0.0,0.0,0.0,0.0,0.0,0.0,0.0,-33970750.0,1.0209781277471806,0.0,-33970750.0,1.0209781277471806,-0.039175,-0.039175,867126287,867126287,https://find-and-update.company-information.service.gov.uk/search/companies?q=UK+Commercial+Property+REIT+Ltd,https://find-and-update.company-information.service.gov.uk/search/companies?q=UK+Commercial+Property+REIT+Ltd,1620599257,18:27:37,20210509
