,date,symbol,reportedCurrency,fillingDate,acceptedDate,period,revenue,costOfRevenue,grossProfit,grossProfitRatio,researchAndDevelopmentExpenses,generalAndAdministrativeExpenses,sellingAndMarketingExpenses,otherExpenses,operatingExpenses,costAndExpenses,interestExpense,depreciationAndAmortization,ebitda,ebitdaratio,operatingIncome,operatingIncomeRatio,totalOtherIncomeExpensesNet,incomeBeforeTax,incomeBeforeTaxRatio,incomeTaxExpense,netIncome,netIncomeRatio,eps,epsdiluted,weightedAverageShsOut,weightedAverageShsOutDil,link,finalLink,timestamp,est_time,est_date
0,2020-12-31,APDN,USD,2021-02-11,2021-02-11 16:02:16,Q1,1616141.0,242562.0,1373579.0,0.8499128479507667,748365.0,3500904.0,0.0,-53860.0,4346681.0,4589243.0,5438.0,97412.0,-2875690.0,-1.7793558854085132,-2973102.0,-1.8396303292843879,-1828522.0,-4807062.0,-2.974407554786371,0.0,-4809556.0,-2.9759507369715883,-0.88,-0.88,5457967.0,5457967.0,https://www.sec.gov/Archives/edgar/data/744452/000110465921020663/0001104659-21-020663-index.htm,https://www.sec.gov/Archives/edgar/data/744452/000110465921020663/tm215651d1_10q.htm,1620588604,15:30:04,20210509
1,2020-09-30,APDN,USD,2020-12-17,2020-12-17 16:02:34,Q4,313989.0,154483.0,159506.0,0.5079986878521222,1239720.0,2890104.0,0.0,-43548.0,4212085.0,4366568.0,29019.0,82261.0,-3970318.0,-12.644767810337305,-4052579.0,-12.906754695228177,-43548.0,-4125146.0,-13.137867887091586,0.0,-4122933.0,-13.130819869485874,-0.9005975757520156,-0.9005975757520156,4577997.0,4577997.0,https://www.sec.gov/Archives/edgar/data/744452/000110465920136828/0001104659-20-136828-index.htm,https://www.sec.gov/Archives/edgar/data/744452/000110465920136828/tm2037742d1_10k.htm,1620588604,15:30:04,20210509
2,2020-06-30,APDN,USD,2020-08-06,2020-08-06 16:02:28,Q3,431516.0,154804.0,276712.0,0.6412554806774257,814599.0,2589042.0,0.0,-72694.0,3465506.0,3620310.0,28624.0,61865.0,-3126929.0,-7.24638020374679,-3188794.0,-7.389746846003392,-72694.0,-3290112.0,-7.624542311293208,0.0,-3289450.0,-7.623008185096265,-0.72,-0.72,4577997.0,4577997.0,https://www.sec.gov/Archives/edgar/data/744452/000110465920091414/0001104659-20-091414-index.htm,https://www.sec.gov/Archives/edgar/data/744452/000110465920091414/tm2020564d1_10q.htm,1620588604,15:30:04,20210509
3,2020-03-31,APDN,USD,2020-05-14,2020-05-14 16:02:44,Q2,552473.0,179582.0,372891.0,0.674948821028358,703018.0,2285544.0,0.0,-239601.0,3055099.0,3234681.0,29096.0,66537.0,-2615671.0,-4.73447752197845,-2682208.0,-4.854912366758194,-239601.0,-2950905.0,-5.341265546008583,0.0,-2952125.0,-5.343473798719575,-0.79,-0.79,3758512.0,3758512.0,https://www.sec.gov/Archives/edgar/data/744452/000110465920061577/0001104659-20-061577-index.htm,https://www.sec.gov/Archives/edgar/data/744452/000110465920061577/tm2015314d1_10q.htm,1620588604,15:30:04,20210509
4,2019-12-31,APDN,USD,2020-02-06,2020-02-06 16:01:59,Q1,633519.0,232031.0,401488.0,0.633742634396127,564426.0,2373413.0,0.0,-22232.0,3012906.0,3244937.0,0.0,75067.0,-2536351.0,-4.003591052517762,-2611418.0,-4.122083157726919,-22232.0,-2662741.0,-4.2030957240430045,0.0,-2662711.0,-4.203048369504309,-1.12,-1.12,2380564.0,2380564.0,https://www.sec.gov/Archives/edgar/data/744452/000110465920011890/0001104659-20-011890-index.htm,https://www.sec.gov/Archives/edgar/data/744452/000110465919072186/tm1919812d1_10k.htm,1620588604,15:30:04,20210509
5,2019-09-30,APDN,USD,2019-12-12,2019-12-12 16:02:17,Q4,1672842.0,320105.0,1352737.0,0.80864600482293,886668.0,2259529.0,0.0,1961012.0,3216582.0,3536687.0,0.0,70385.0,-1793460.0,-1.0721036415871912,-1863845.0,-1.1141787449143434,700613.0,-1218458.0,-0.7283760211663743,15000.0,-1224135.0,-0.731769647103552,-0.5142205796609542,-0.5142205796609542,2380564.0,2380564.0,https://www.sec.gov/Archives/edgar/data/744452/000110465919072186/0001104659-19-072186-index.htm,https://www.sec.gov/Archives/edgar/data/744452/000110465919072186/tm1919812d1_10k.htm,1620588604,15:30:04,20210509
6,2019-06-30,APDN,USD,2019-08-13,2019-08-13 16:02:32,Q3,2053457.0,270883.0,1782574.0,0.8680844059554206,719668.0,2407223.0,0.0,-8102.0,3214206.0,3485089.0,0.0,87315.0,-1344317.0,-0.654660409251326,-1431632.0,-0.6971813872898239,-8102.0,-1477911.0,-0.7197185039667254,0.0,-1477911.0,-0.7197185039667254,-1.6,-1.6,952834.0,952834.0,https://www.sec.gov/Archives/edgar/data/744452/000114420419039521/0001144204-19-039521-index.htm,https://www.sec.gov/Archives/edgar/data/744452/000114420419039521/tv526857_10q.htm,1620588604,15:30:04,20210509
7,2019-03-31,APDN,USD,2019-05-09,2019-05-09 16:02:56,Q2,778468.0,133141.0,645327.0,0.8289704907587724,651377.0,2528914.0,0.0,-16703.0,3277964.0,3411105.0,0.0,97672.0,-2534965.0,-3.2563509354270184,-2632637.0,-3.3818178781915247,-16703.0,-2686757.0,-3.4513390402688358,0.0,-2686757.0,-3.4513390402688358,-3.2,-3.2,834989.0,834989.0,https://www.sec.gov/Archives/edgar/data/744452/000114420419024873/0001144204-19-024873-index.htm,https://www.sec.gov/Archives/edgar/data/744452/000114420419024873/tv520548_10q.htm,1620588604,15:30:04,20210509
8,2018-12-31,APDN,USD,2019-02-07,2019-02-07 16:02:48,Q1,884322.0,153485.0,730837.0,0.8264376550622963,709564.0,3082380.0,0.0,-6550.0,3926996.0,4080481.0,0.0,135052.0,-3061107.0,-3.4615298499867695,-3196159.0,-3.6142479775466403,-6550.0,-3234320.0,-3.6574008110168017,0.0,-3234320.0,-3.6574008110168017,-4.4,-4.4,761768.0,761768.0,https://www.sec.gov/Archives/edgar/data/744452/000114420419005587/0001144204-19-005587-index.htm,https://www.sec.gov/Archives/edgar/data/744452/000114420418065023/tv507795_10k.htm,1620588604,15:30:04,20210509
9,2018-09-30,APDN,USD,2018-12-18,2018-12-18 09:14:30,Q4,1195365.0,250659.0,944706.0,0.7903075629619405,716692.0,3571546.0,0.0,-267.0,4410107.0,4660766.0,0.0,121869.0,-3343532.0,-2.7970803896717737,-3465401.0,-2.8990316765172146,-267.0,-3475283.0,-2.907298607538283,0.0,-3475283.0,-2.907298607538283,-4.5621278394471805,-4.5621278394471805,761768.0,761768.0,https://www.sec.gov/Archives/edgar/data/744452/000114420418065023/0001144204-18-065023-index.htm,https://www.sec.gov/Archives/edgar/data/744452/000114420418065023/tv507795_10k.htm,1620588604,15:30:04,20210509
10,2018-06-30,APDN,USD,2018-08-13,2018-08-13 16:03:08,Q3,1016355.0,252562.0,763793.0,0.751502181816393,625006.0,2882158.0,0.0,-21353.0,3630163.0,3882725.0,0.0,122999.0,-2743371.0,-2.6992251723069205,-2866370.0,-2.8202448947464225,-21353.0,-2887723.0,-2.8412542861500163,0.0,-2887723.0,-2.8412542861500163,-4.0,-4.0,752801.0,752801.0,https://www.sec.gov/Archives/edgar/data/744452/000114420418043994/0001144204-18-043994-index.htm,https://www.sec.gov/Archives/edgar/data/744452/000114420418043994/tv500160_10q.htm,1620588604,15:30:04,20210509
11,2018-03-31,APDN,USD,2018-05-03,2018-05-03 16:02:19,Q2,1043946.0,372153.0,671793.0,0.6435131702214483,669813.0,1996604.0,0.0,-6305.0,2811697.0,3183850.0,0.0,145280.0,-1994624.0,-1.9106582141221864,-2139904.0,-2.0498225003975303,-6305.0,-2146209.0,-2.0558620848204794,0.0,-2146209.0,-2.0558620848204794,-2.8,-2.8,752801.0,752801.0,https://www.sec.gov/Archives/edgar/data/744452/000114420418025076/0001144204-18-025076-index.htm,https://www.sec.gov/Archives/edgar/data/744452/000114420418025076/tv492181_10q.htm,1620588604,15:30:04,20210509
12,2017-12-31,APDN,USD,2018-02-08,2018-02-08 16:02:45,Q1,647677.0,331440.0,316237.0,0.4882634399554099,740067.0,2593154.0,0.0,-9080.0,3490869.0,3822309.0,0.0,157648.0,-3016984.0,-4.658161398351338,-3174632.0,-4.90156667598201,-9080.0,-3183712.0,-4.915586009693103,0.0,-3183712.0,-4.915586009693103,-4.8,-4.8,691858.0,691858.0,https://www.sec.gov/Archives/edgar/data/744452/000114420418006615/0001144204-18-006615-index.htm,https://www.sec.gov/Archives/edgar/data/744452/000114420417065635/tv481096_10k.htm,1620588604,15:30:04,20210509
13,2017-09-30,APDN,USD,2017-12-28,2017-12-28 16:11:41,Q4,1145497.0,272680.0,872817.0,0.7619548545303916,524746.0,2790398.0,0.0,-11832.0,3715663.0,3988343.0,0.0,146542.0,-2696304.0,-2.353828949355607,-2842846.0,-2.4817576999328677,-11832.0,-2854678.0,-2.4920868409083567,0.0,-2854678.0,-2.4920868409083567,-4.0,-4.0,684426.0,684426.0,https://www.sec.gov/Archives/edgar/data/744452/000114420417065635/0001144204-17-065635-index.htm,https://www.sec.gov/Archives/edgar/data/744452/000114420417065635/tv481096_10k.htm,1620588604,15:30:04,20210509
14,2017-06-30,APDN,USD,2017-08-10,2017-08-10 16:06:44,Q3,1797382.0,232348.0,1565034.0,0.8707297613974102,603095.0,3402817.0,0.0,-8758.0,4167353.0,4399701.0,0.0,161441.0,-2440878.0,-1.358018495789988,-2602319.0,-1.4478385785548091,-8758.0,-2610849.0,-1.4525843699336034,0.0,-2610849.0,-1.4525843699336034,-4.0,-4.0,659350.0,659350.0,https://www.sec.gov/Archives/edgar/data/744452/000114420417042045/0001144204-17-042045-index.htm,https://www.sec.gov/Archives/edgar/data/744452/000114420417042045/v472281_10q.htm,1620588604,15:30:04,20210509
15,2017-03-31,APDN,USD,2017-05-11,2017-05-11 16:11:08,Q2,905373.0,297372.0,608001.0,0.6715475279249546,635893.0,3230371.0,0.0,-8429.0,4029632.0,4327004.0,0.0,163368.0,-3258263.0,-3.598807342388165,-3421631.0,-3.7792500991304134,-8429.0,-3428856.0,-3.7872302354941003,0.0,-3428856.0,-3.7872302354941003,-5.2,-5.2,658787.0,658787.0,https://www.sec.gov/Archives/edgar/data/744452/000157104917004880/0001571049-17-004880-index.htm,https://www.sec.gov/Archives/edgar/data/744452/000157104917004880/t1700291_10q.htm,1620588604,15:30:04,20210509
16,2016-12-31,APDN,USD,2017-02-09,2017-02-09 16:11:02,Q1,903008.0,274832.0,628176.0,0.6956483220525178,518628.0,3900917.0,0.0,-9369.0,4581522.0,4856354.0,0.0,161977.0,-3791369.0,-4.198599569439031,-3953346.0,-4.377974502994436,-9369.0,-3961384.0,-4.386875863779723,0.0,-3961384.0,-4.386875863779723,-6.4,-6.4,635685.0,635685.0,https://www.sec.gov/Archives/edgar/data/744452/000157104917001169/0001571049-17-001169-index.htm,https://www.sec.gov/Archives/edgar/data/744452/000157104916020376/t1600769_10k.htm,1620588604,15:30:04,20210509
17,2016-09-30,APDN,USD,2016-12-06,2016-12-06 16:01:37,Q4,1636095.0,441971.0,1194124.0,0.7298622634993689,832227.0,2623151.0,0.0,-6731.0,3603906.0,4045877.0,0.0,148528.0,-2261254.0,-1.3821043399069124,-2409782.0,-1.472886354398736,-6731.0,-2415076.0,-1.4761221078238123,0.0,-2415076.0,-1.4761221078238123,-4.0,-4.0,601966.0,601966.0,https://www.sec.gov/Archives/edgar/data/744452/000157104916020376/0001571049-16-020376-index.htm,https://www.sec.gov/Archives/edgar/data/744452/000157104916020376/t1600769_10k.htm,1620588604,15:30:04,20210509
18,2016-06-30,APDN,USD,2016-08-11,2016-08-11 16:16:10,Q3,652896.0,121260.0,531636.0,0.8142736362299662,1077916.0,2707420.0,0.0,52670.0,3953977.0,4075237.0,0.0,168641.0,-3253700.0,-4.983488947703769,-3422341.0,-5.241785828064501,52670.0,-3367011.0,-5.157040324952213,0.0,-3367011.0,-5.157040324952213,-5.6,-5.6,601880.0,601880.0,https://www.sec.gov/Archives/edgar/data/744452/000157104916017382/0001571049-16-017382-index.htm,https://www.sec.gov/Archives/edgar/data/744452/000157104916017382/t1600498_10q.htm,1620588604,15:30:04,20210509
19,2016-03-31,APDN,USD,2016-05-12,2016-05-12 16:16:20,Q2,573322.0,0.0,0.0,0.0,729079.0,3120469.0,0.0,-24478.0,4020529.0,4020529.0,0.0,170981.0,-3276226.0,-5.714460634686965,-3447207.0,-6.012689204321481,-24478.0,-3467623.0,-6.048299210565791,0.0,-3467623.0,-6.048299210565791,-5.6,-5.6,601802.0,601802.0,https://www.sec.gov/Archives/edgar/data/744452/000157104916015201/0001571049-16-015201-index.htm,https://www.sec.gov/Archives/edgar/data/744452/000157104916015201/t1600281_10q.htm,1620588604,15:30:04,20210509
20,2015-12-31,APDN,USD,2016-02-10,2016-02-10 16:31:05,Q1,1324114.0,0.0,0.0,0.0,471934.0,3554362.0,0.0,-8587.0,4244642.0,4244642.0,0.0,218346.0,-2702182.0,-2.0407472468382633,-2920528.0,-2.205646945806781,-8587.0,-2926270.0,-2.2099834304297064,0.0,-2926270.0,-2.2099834304297064,-5.2,-5.2,563554.0,563554.0,https://www.sec.gov/Archives/edgar/data/744452/000157104916011637/0001571049-16-011637-index.htm,https://www.sec.gov/Archives/edgar/data/744452/000157104915009962/t83787_10k.htm,1620588604,15:30:04,20210509
21,2015-09-30,APDN,USD,2015-12-14,2015-12-14 16:13:08,Q4,3980265.0,0.0,0.0,0.0,673636.0,3658046.0,0.0,-11460.0,4468179.0,4468179.0,0.0,136497.0,-351417.0,-0.0882898500476727,-487914.0,-0.12258329533335093,-11460.0,-496035.0,-0.12462361174444415,0.0,-496035.0,-0.12462361174444415,-0.8,-0.8,537098.0,537098.0,https://www.sec.gov/Archives/edgar/data/744452/000157104915009962/0001571049-15-009962-index.htm,https://www.sec.gov/Archives/edgar/data/744452/000157104915009962/t83787_10k.htm,1620588604,15:30:04,20210509
22,2015-06-30,APDN,USD,2015-08-10,2015-08-10 16:05:32,Q3,2267671.0,0.0,0.0,0.0,310093.0,3508455.0,0.0,-3718.0,3939887.0,3939887.0,0.0,121339.0,-1550877.0,-0.683907409849136,-1672216.0,-0.7374156127586409,-3718.0,-1670882.0,-0.7368273440018416,0.0,-1670882.0,-0.7368273440018416,-3.2,-3.2,536108.0,536108.0,https://www.sec.gov/Archives/edgar/data/744452/000157104915006546/0001571049-15-006546-index.htm,https://www.sec.gov/Archives/edgar/data/744452/000157104915006546/t82897_10q.htm,1620588604,15:30:04,20210509
23,2015-03-31,APDN,USD,2015-05-11,2015-05-11 16:06:14,Q2,1518761.0,0.0,0.0,0.0,373380.0,2901207.0,0.0,-6693.0,3397666.0,3397666.0,0.0,123079.0,-1755826.0,-1.156091050533955,-1878905.0,-1.237130134366105,-6693.0,-1885582.0,-1.241526481125075,0.0,-1885582.0,-1.241526481125075,-4.4,-4.4,434064.0,434064.0,https://www.sec.gov/Archives/edgar/data/744452/000157104915003948/0001571049-15-003948-index.htm,https://www.sec.gov/Archives/edgar/data/744452/000157104915003948/t82220_10q.htm,1620588604,15:30:04,20210509
24,2014-12-31,APDN,USD,2015-02-09,2015-02-09 16:05:37,Q1,1241802.0,0.0,0.0,0.0,278288.0,4671490.0,0.0,-3685.0,5059504.0,5059504.0,0.0,109726.0,-3707976.0,-2.985963945943073,-3817702.0,-3.0743242481490607,-3979067.0,-7828644.0,-6.304261065773771,0.0,-7828644.0,-6.304261065773771,-20.4,-20.4,386414.0,386414.0,https://www.sec.gov/Archives/edgar/data/744452/000157104915000897/0001571049-15-000897-index.htm,https://www.sec.gov/Archives/edgar/data/744452/000157104914007249/t80973_10k.htm,1620588604,15:30:04,20210509
25,2014-09-30,APDN,USD,2014-12-15,2014-12-15 17:03:27,Q4,645526.0,0.0,0.0,0.0,215334.0,3156122.0,0.0,-6272.0,3488270.0,3488270.0,0.0,116814.0,-2725930.0,-4.222804348701679,-2842744.0,-4.403763752350796,749039.0,-2105518.0,-3.2617090558707162,0.0,-2105518.0,-3.2617090558707162,-5.448865724326758,-5.448865724326758,386414.0,386414.0,https://www.sec.gov/Archives/edgar/data/744452/000157104914007249/0001571049-14-007249-index.htm,https://www.sec.gov/Archives/edgar/data/744452/000157104914007249/t80973_10k.htm,1620588604,15:30:04,20210509
26,2014-06-30,APDN,USD,2014-08-11,2014-08-11 16:06:20,Q3,841197.0,0.0,0.0,0.0,266331.0,2948452.0,0.0,52299.0,3328207.0,3328207.0,0.0,113423.0,-2373587.0,-2.821677918489961,-2487010.0,-2.9565131592242957,567842.0,-1919057.0,-2.2813407560892394,0.0,-1919057.0,-2.2813407560892394,-5.656964,-5.656964,339238.0,339238.0,https://www.sec.gov/Archives/edgar/data/744452/000157104914003875/0001571049-14-003875-index.htm,https://www.sec.gov/Archives/edgar/data/744452/000157104914003875/t79936_10q.htm,1620588604,15:30:04,20210509
27,2014-03-31,APDN,USD,2014-05-12,2014-05-12 16:05:41,Q2,637146.0,0.0,0.0,0.0,359782.0,3297739.0,0.0,-79389.0,3764331.0,3764331.0,0.0,106810.0,-3020375.0,-4.740475495412355,-3127185.0,-4.908113681950447,376510.0,-2750436.0,-4.316806509026189,0.0,-2750436.0,-4.316806509026189,-8.16696,-8.16696,336776.0,336776.0,https://www.sec.gov/Archives/edgar/data/744452/000157104914001721/0001571049-14-001721-index.htm,https://www.sec.gov/Archives/edgar/data/744452/000157104914001721/t79263_10q.htm,1620588604,15:30:04,20210509
28,2013-12-31,APDN,USD,2014-02-10,2014-02-10 16:05:52,Q1,597354.0,0.0,0.0,0.0,459304.0,3845578.0,0.0,155417.0,4410097.0,4410097.0,0.0,105215.0,-3707528.0,-6.206584370406827,-3812743.0,-6.382719459482987,-2479341.0,-6291650.0,-10.532531798565005,0.0,-6291650.0,-10.532531798565005,-23.99952,-23.99952,329129.0,329129.0,https://www.sec.gov/Archives/edgar/data/744452/000118811214000295/0001188112-14-000295-index.htm,https://www.sec.gov/Archives/edgar/data/744452/000118811213003587/t77969_10k.htm,1620588604,15:30:04,20210509
29,2013-09-30,APDN,USD,2013-12-20,2013-12-19 18:01:50,Q4,729105.0,0.0,0.0,0.0,183348.0,2682115.0,0.0,0.0,3081432.0,3081432.0,0.0,101239.0,-2251088.0,-3.0874675115381187,-2352327.0,-3.226321311745222,-1366678.0,-3718471.0,-5.100048689832055,0.0,-3718471.0,-5.100048689832055,-11.297913584035438,-11.297913584035438,329129.0,329129.0,https://www.sec.gov/Archives/edgar/data/744452/000118811213003587/0001188112-13-003587-index.htm,https://www.sec.gov/Archives/edgar/data/744452/000118811213003587/t77969_10k.htm,1620588604,15:30:04,20210509
30,2013-06-30,APDN,USD,2013-08-13,2013-08-12 21:46:11,Q3,644842.0,0.0,0.0,0.0,184981.0,3240815.0,0.0,0.0,3488076.0,3488076.0,0.0,62280.0,-2780954.0,-4.312613012179728,-2843234.0,-4.409194810511722,707289.0,-2135612.0,-3.311837628442316,0.0,-2135612.0,-3.311837628442316,-7.107311,-7.107311,300481.0,300481.0,https://www.sec.gov/Archives/edgar/data/744452/000118811213002398/0001188112-13-002398-index.htm,https://www.sec.gov/Archives/edgar/data/744452/000118811213002398/t77112_10q.htm,1620588604,15:30:04,20210509
31,2013-03-31,APDN,USD,2013-05-15,2013-05-15 16:39:02,Q2,344605.0,0.0,0.0,0.0,176485.0,2754407.0,0.0,0.0,2952722.0,2952722.0,0.0,21830.0,-2586287.0,-7.505076827091888,-2608117.0,-7.568424718155569,-519919.0,-3127631.0,-9.075988450544827,0.0,-3127631.0,-9.075988450544827,-11.032014,-11.032014,283505.0,283505.0,https://www.sec.gov/Archives/edgar/data/744452/000118811213001585/0001188112-13-001585-index.htm,https://www.sec.gov/Archives/edgar/data/744452/000118811213001585/t76518_10q.htm,1620588604,15:30:04,20210509
32,2012-12-31,APDN,USD,2013-02-14,2013-02-14 16:16:25,Q1,317670.0,0.0,0.0,0.0,147666.0,2521167.0,0.0,0.0,2689828.0,2689828.0,0.0,20995.0,-2351163.0,-7.401274907923317,-2372158.0,-7.467365505083892,-6332599.0,-8704757.0,-27.40188560455819,0.0,-8704757.0,-27.40188560455819,-23.99952,-23.99952,270806.0,270806.0,https://www.sec.gov/Archives/edgar/data/744452/000118811213000397/0001188112-13-000397-index.htm,https://www.sec.gov/Archives/edgar/data/744452/000118811212003634/t75183_10k.htm,1620588604,15:30:04,20210509
33,2012-09-30,APDN,USD,2012-12-20,2012-12-20 16:55:12,Q4,290814.0,0.0,290814.0,1.0,158141.0,1886159.0,0.0,0.0,2057821.0,2057821.0,273.0,13521.0,-1753486.0,-6.0295790436498935,-1767007.0,-6.076072678756868,0.0,-1767280.0,-6.077011423108929,0.0,-1767280.0,-6.077011423108929,-6.526000162477936,-6.526000162477936,270806.0,270806.0,https://www.sec.gov/Archives/edgar/data/744452/000118811212003634/0001188112-12-003634-index.htm,https://www.sec.gov/Archives/edgar/data/744452/000118811212003634/t75183_10k.htm,1620588604,15:30:04,20210509
34,2012-06-30,APDN,USD,2012-08-14,2012-08-14 16:22:31,Q3,528574.0,0.0,528574.0,1.0,99958.0,1752501.0,0.0,0.0,1955797.0,1955797.0,2422.0,17363.0,-1409860.0,-2.667289726698627,-1427223.0,-2.7001384858127717,0.0,-1429645.0,-2.7047206256834424,0.0,-1429645.0,-2.7047206256834424,-5.767185842278725,-5.767185842278725,247893.0,247893.0,https://www.sec.gov/Archives/edgar/data/744452/000118811212002562/0001188112-12-002562-index.htm,https://www.sec.gov/Archives/edgar/data/744452/000118811212002562/t74338_10q.htm,1620588604,15:30:04,20210509
35,2012-03-31,APDN,USD,2012-05-15,2012-05-15 16:17:57,Q2,518402.0,0.0,518402.0,1.0,96097.0,1824646.0,0.0,0.0,2019451.0,2019451.0,42833.0,184682.0,-1316367.0,-2.5392783978456874,-1501049.0,-2.8955308814395004,0.0,-1543882.0,-2.978155948472421,0.0,-1543882.0,-2.978155948472421,-6.348747219126651,-6.348747219126651,243179.0,243179.0,https://www.sec.gov/Archives/edgar/data/744452/000118811212001641/0001188112-12-001641-index.htm,https://www.sec.gov/Archives/edgar/data/744452/000118811212001641/t73496_10q.htm,1620588604,15:30:04,20210509
36,2011-12-31,APDN,USD,2012-02-14,2012-02-14 16:35:16,Q1,516904.0,0.0,516904.0,1.0,78473.0,2152428.0,0.0,0.0,2329274.0,2329274.0,597535.0,98374.0,-1713996.0,-3.3158884435020815,-1812370.0,-3.5062023122281896,0.0,-2409905.0,-4.662190658226673,0.0,-2409905.0,-4.662190658226673,-11.796605772243108,-11.796605772243108,204288.0,204288.0,https://www.sec.gov/Archives/edgar/data/744452/000118811212000394/0001188112-12-000394-index.htm,https://www.sec.gov/Archives/edgar/data/744452/000118811211003443/t72096_10k.htm,1620588604,15:30:04,20210509
37,2011-09-30,APDN,USD,2011-12-09,2011-12-08 21:32:43,Q4,280878.0,0.0,280878.0,1.0,107231.0,3859521.0,0.0,0.0,4057700.0,4057700.0,640542.0,-640647.0,-4417469.0,-15.727358497283518,-3776822.0,-13.44648566281446,0.0,-4417364.0,-15.726984669500638,0.0,-4417364.0,-15.726984669500638,-21.623218201754387,-21.623218201754387,204288.0,204288.0,https://www.sec.gov/Archives/edgar/data/744452/000118811211003443/0001188112-11-003443-index.htm,https://www.sec.gov/Archives/edgar/data/744452/000118811211003443/t72096_10k.htm,1620588604,15:30:04,20210509
38,2011-06-30,APDN,USD,2011-08-10,2011-08-10 17:23:59,Q3,229710.0,0.0,229710.0,1.0,47988.0,1580788.0,0.0,0.0,1720668.0,1720668.0,664037.0,363124.0,-1127834.0,-4.90981672543642,-1490958.0,-6.4906098994384225,0.0,-2154995.0,-9.381372164903574,0.0,-2154995.0,-9.381372164903574,-23.99952,-23.99952,146653.0,146653.0,https://www.sec.gov/Archives/edgar/data/744452/000118811211002207/0001188112-11-002207-index.htm,https://www.sec.gov/Archives/edgar/data/744452/000118811211002207/t71271_10q.htm,1620588604,15:30:04,20210509
39,2011-03-31,APDN,USD,2011-05-16,2011-05-16 17:14:55,Q2,140443.0,14154.0,126289.0,0.8992189001943849,92951.0,1605201.0,0.0,0.0,1790045.0,1804199.0,934913.0,552256.0,-1111500.0,-7.914242788889442,-1663756.0,-11.846485762907372,0.0,-2598669.0,-18.503371474548395,0.0,-2598669.0,-18.503371474548395,-23.99952,-23.99952,146417.0,146417.0,https://www.sec.gov/Archives/edgar/data/744452/000118811211001463/0001188112-11-001463-index.htm,https://www.sec.gov/Archives/edgar/data/744452/000118811211001463/t70647_10q.htm,1620588604,15:30:04,20210509
40,2010-12-31,APDN,USD,2011-02-14,2011-02-14 16:51:35,Q1,317817.0,20210.0,297607.0,0.9364099466044925,20706.0,1308999.0,0.0,0.0,1422528.0,1442738.0,219175.0,92823.0,-1032098.0,-3.2474600162986875,-1124921.0,-3.5395243174531257,0.0,-1344096.0,-4.22915073768867,0.0,-1344096.0,-4.22915073768867,-9.23885264945045,-9.23885264945045,145483.0,145483.0,https://www.sec.gov/Archives/edgar/data/744452/000118811211000275/0001188112-11-000275-index.htm,https://www.sec.gov/Archives/edgar/data/744452/000118811210003342/t69406_10k.htm,1620588604,15:30:04,20210509
41,2010-09-30,APDN,USD,2010-12-15,2010-12-15 10:29:36,Q4,89659.0,14801.0,74858.0,0.8349189707670173,31017.0,1811004.0,0.0,0.0,1935316.0,1950117.0,255297.0,93295.0,-1767163.0,-19.709822772950847,-1860458.0,-20.75037642623719,0.0,-2115755.0,-23.597798324763826,0.0,-2115755.0,-23.597798324763826,-14.542970656365348,-14.542970656365348,145483.0,145483.0,https://www.sec.gov/Archives/edgar/data/744452/000118811210003342/0001188112-10-003342-index.htm,https://www.sec.gov/Archives/edgar/data/744452/000118811210003342/t69406_10k.htm,1620588604,15:30:04,20210509
42,2010-06-30,APDN,USD,2010-08-13,2010-08-13 14:17:05,Q3,170195.0,19658.0,150537.0,0.8844971943946649,18142.0,2510119.0,0.0,0.0,2621084.0,2640742.0,126388.0,92823.0,-2377724.0,-13.970586679984724,-2470547.0,-14.515978730279972,0.0,-2596935.0,-15.2585857398866,0.0,-2596935.0,-15.2585857398866,-23.99952,-23.99952,125570.0,125570.0,https://www.sec.gov/Archives/edgar/data/744452/000118811210002118/0001188112-10-002118-index.htm,https://www.sec.gov/Archives/edgar/data/744452/000118811210002118/t68680_10q.htm,1620588604,15:30:04,20210509
43,2010-03-31,APDN,USD,2010-05-10,2010-05-10 17:14:11,Q2,187275.0,14036.0,173239.0,0.9250513950073421,20654.0,1262833.0,0.0,0.0,1375837.0,1389873.0,186604.0,92350.0,-1110248.0,-5.9284367908156455,-1202598.0,-6.4215618742490985,0.0,-1389202.0,-7.417978908022961,0.0,-1389202.0,-7.417978908022961,-11.671318272324767,-11.671318272324767,119027.0,119027.0,https://www.sec.gov/Archives/edgar/data/744452/000118811210001269/0001188112-10-001269-index.htm,https://www.sec.gov/Archives/edgar/data/744452/000118811210001269/t67976_10q.htm,1620588604,15:30:04,20210509
44,2009-12-31,APDN,USD,2010-02-11,2010-02-11 17:28:49,Q1,72715.0,14434.0,58281.0,0.8014990029567489,6148.0,1542135.0,0.0,0.0,1641729.0,1656163.0,224260.0,93446.0,-1490002.0,-20.49098535377845,-1583448.0,-21.776084714295536,0.0,-1807708.0,-24.860180155401224,300.0,-1808008.0,-24.86430585161246,-23.99952,-23.99952,114670.0,114670.0,https://www.sec.gov/Archives/edgar/data/744452/000118811210000238/0001188112-10-000238-index.htm,https://www.sec.gov/Archives/edgar/data/744452/000118811209002644/t66852_10k.htm,1620588604,15:30:04,20210509
45,2009-09-30,APDN,USD,2009-12-23,2009-12-23 17:27:53,Q4,60992.0,6382.0,54610.0,0.8953633263378804,3710.0,1145944.0,0.0,0.0,1248337.0,1254719.0,252704.0,98683.0,-1095044.0,-17.953895592864637,-1193727.0,-19.57186188352571,0.0,-1446431.0,-23.715093782791186,0.0,-1446431.0,-23.715093782791186,-12.613857155315252,-12.613857155315252,114670.0,114670.0,https://www.sec.gov/Archives/edgar/data/744452/000118811209002644/0001188112-09-002644-index.htm,https://www.sec.gov/Archives/edgar/data/744452/000118811209002644/t66852_10k.htm,1620588604,15:30:04,20210509
46,2009-06-30,APDN,USD,2009-08-14,2009-08-14 16:43:03,Q3,22925.0,2521.0,20404.0,0.8900327153762269,28306.0,982945.0,0.0,0.0,1116069.0,1118590.0,234940.0,104818.0,-990847.0,-43.22124318429662,-1095665.0,-47.793456924754636,0.0,-1330605.0,-58.04165757906216,75.0,-1330680.0,-58.04492911668484,-23.99952,-23.99952,108895.0,108895.0,https://www.sec.gov/Archives/edgar/data/744452/000118811209001847/0001188112-09-001847-index.htm,https://www.sec.gov/Archives/edgar/data/744452/000118811209001847/t66121_10q.htm,1620588604,15:30:04,20210509
47,2009-03-31,APDN,USD,2009-05-15,2009-05-15 17:18:40,Q2,64670.0,8594.0,56076.0,0.8671099427864543,40860.0,1683534.0,0.0,0.0,1830039.0,1838633.0,212222.0,105643.0,-1668320.0,-25.79743312200402,-1773963.0,-27.431003556517705,12023888.0,10037703.0,155.21421060770064,0.0,10037703.0,155.21421060770064,95.66915107557115,86.18273375118056,104921.0,116470.0,https://www.sec.gov/Archives/edgar/data/744452/000118811209001319/0001188112-09-001319-index.htm,https://www.sec.gov/Archives/edgar/data/744452/000118811209001319/t65544_10q.htm,1620588604,15:30:04,20210509
48,2008-12-31,APDN,USD,2009-02-17,2009-02-17 15:05:26,Q1,146575.0,43741.0,102834.0,0.7015793962135426,62529.0,2764009.0,0.0,0.0,2935522.0,2979263.0,482829.0,108984.0,-2723704.0,-18.58232304281085,-2832688.0,-19.32586048098243,0.0,-3315517.0,-22.619935186764454,497.0,-3316014.0,-22.623325942350334,-23.99952,-35.742538,92775.0,92775.0,https://www.sec.gov/Archives/edgar/data/744452/000118811209000320/0001188112-09-000320-index.htm,https://www.sec.gov/Archives/edgar/data/744452/000118811208003373/t64208_10k.htm,1620588604,15:30:04,20210509
49,2008-09-30,APDN,USD,2008-12-16,2008-12-16 11:33:31,Q4,289415.0,46839.0,242576.0,0.8381597360192111,33790.0,911133.0,0.0,0.0,1054936.0,1101775.0,0.0,-1587649.0,-2400009.0,-8.292621322322617,-812360.0,-2.8069035813624033,0.0,-1815748.0,-6.27385588169238,0.0,-1815748.0,-6.27385588169238,-19.571522500673673,-19.571522500673673,92775.0,92775.0,https://www.sec.gov/Archives/edgar/data/744452/000118811208003373/0001188112-08-003373-index.htm,https://www.sec.gov/Archives/edgar/data/744452/000118811208003373/t64208_10k.htm,1620588604,15:30:04,20210509
50,2008-06-30,APDN,USD,2008-08-14,2008-08-14 17:29:11,Q3,252691.0,50489.0,202202.0,0.8001947042039487,19816.0,951828.0,0.0,0.0,1081199.0,1131688.0,0.0,0.0,-769442.0,-3.0449917092417222,-878997.0,-3.4785449422417103,0.0,-1528719.0,-6.049756421874938,0.0,-1528719.0,-6.049756421874938,23.99952,-19.034514960218146,80313.0,80313.0,https://www.sec.gov/Archives/edgar/data/744452/000118811208002398/0001188112-08-002398-index.htm,https://www.sec.gov/Archives/edgar/data/744452/000118811208002398/t63462_10qsb.htm,1620588604,15:30:04,20210509
51,2008-03-31,APDN,USD,2008-05-15,2008-05-15 16:50:49,Q2,252691.0,50489.0,202202.0,0.8001947042039487,19816.0,951828.0,0.0,0.0,1081199.0,1131688.0,0.0,1529623.0,650626.0,2.5747889715106593,-878997.0,-3.4785449422417103,0.0,-1528719.0,-6.049756421874938,0.0,-1528719.0,-6.049756421874938,-23.99952,-23.99952,79800.0,79800.0,https://www.sec.gov/Archives/edgar/data/744452/000118811208001707/0001188112-08-001707-index.htm,https://www.sec.gov/Archives/edgar/data/744452/000118811208001707/t62775_10qsb.htm,1620588604,15:30:04,20210509
52,2007-12-31,APDN,USD,2008-02-15,2008-02-15 17:20:55,Q1,123167.0,27890.0,95277.0,0.7735594761583866,36326.0,1698269.0,0.0,0.0,1842399.0,1870289.0,0.0,492443.0,-1254679.0,-10.186811402404865,-1747122.0,-14.184984614385346,5.0,-2132744.0,-17.31587194621936,0.0,-2132744.0,-17.31587194621936,-23.99952,-23.99952,75889.0,75889.0,https://www.sec.gov/Archives/edgar/data/744452/000118811208000425/0001188112-08-000425-index.htm,https://www.sec.gov/Archives/edgar/data/744452/000118811208000146/t61479_10ksb.htm,1620588604,15:30:04,20210509
53,2007-09-30,APDN,USD,2008-01-15,2008-01-15 17:29:15,Q4,0.0,0.0,0.0,0.0,16556.0,6084416.0,0.0,0.0,6208959.0,6232032.0,0.0,320345.0,-5789767.0,0.0,-6110112.0,0.0,1245801.0,-5071327.0,0.0,0.0,-5071327.0,0.0,-66.82558737102875,-66.82558737102875,75889.0,75889.0,https://www.sec.gov/Archives/edgar/data/744452/000118811208000146/0001188112-08-000146-index.htm,https://www.sec.gov/Archives/edgar/data/744452/000118811208000146/t61479_10ksb.htm,1620588604,15:30:04,20210509
54,2007-06-30,APDN,USD,2008-03-03,2008-03-03 10:14:48,Q3,0.0,0.0,0.0,0.0,25504.0,1968642.0,0.0,0.0,2102503.0,2102503.0,0.0,758271.0,-1344232.0,0.0,-2102503.0,0.0,4431421.0,1807954.0,0.0,0.0,1807954.0,0.0,23.99952,-47.99904,55130.0,70858.0,https://www.sec.gov/Archives/edgar/data/744452/000118811208000659/0001188112-08-000659-index.htm,https://www.sec.gov/Archives/edgar/data/744452/000118811208000659/t61448c_10qsba1.htm,1620588604,15:30:04,20210509
55,2007-03-31,APDN,USD,2007-05-21,2007-05-21 17:02:32,Q2,0.0,0.0,0.0,0.0,39479.0,1988931.0,0.0,0.0,2136768.0,2136768.0,0.0,1210856.0,-925912.0,0.0,-2136768.0,0.0,-6387761.0,-9370238.0,0.0,0.0,-9370238.0,0.0,-191.99616,-191.99616,50485.0,50485.0,https://www.sec.gov/Archives/edgar/data/744452/000118811207001617/0001188112-07-001617-index.htm,https://www.sec.gov/Archives/edgar/data/744452/000118811207001617/t14486_10qsb.htm,1620588604,15:30:04,20210509
56,2006-12-31,APDN,USD,2007-02-20,2007-02-20,Q1,0.0,0.0,0.0,0.0,29306.0,2054455.0,0.0,0.0,2191640.0,2191640.0,0.0,952054.0,-1239586.0,0.0,-2191640.0,0.0,2099448.0,-671222.0,0.0,0.0,-671222.0,0.0,-23.99952,-23.99952,50426.0,50426.0,https://www.sec.gov/Archives/edgar/data/744452/000128269507000020/0001282695-07-000020-index.htm,https://www.sec.gov/Archives/edgar/data/744452/000128269507000020/e65906_10qsb-dec06.txt,1620588604,15:30:04,20210509
57,2006-06-30,APDN,USD,2008-03-03,2008-03-03,Q1,18900.0,15639.0,3261.0,0.17253968253968255,0.0,1190967.0,0.0,0.0,1527791.0,1543430.0,0.0,0.0,-3533452.0,-186.95513227513229,-1524530.0,-80.66296296296296,2345746.0,-5611.0,-0.29687830687830685,0.0,-5611.0,-0.29687830687830685,-0.11356000809552722,-0.11356000809552722,49410.0,49410.0,https://www.sec.gov/Archives/edgar/data/744452/000118811208000644/0001188112-08-000644-index.htm,https://www.sec.gov/Archives/edgar/data/744452/000118811208000644/t61448b_10qsba2.txt,1620588604,15:30:04,20210509
