,date,symbol,reportedCurrency,fillingDate,acceptedDate,period,revenue,costOfRevenue,grossProfit,grossProfitRatio,researchAndDevelopmentExpenses,generalAndAdministrativeExpenses,sellingAndMarketingExpenses,otherExpenses,operatingExpenses,costAndExpenses,interestExpense,depreciationAndAmortization,ebitda,ebitdaratio,operatingIncome,operatingIncomeRatio,totalOtherIncomeExpensesNet,incomeBeforeTax,incomeBeforeTaxRatio,incomeTaxExpense,netIncome,netIncomeRatio,eps,epsdiluted,weightedAverageShsOut,weightedAverageShsOutDil,link,finalLink,timestamp,est_time,est_date
0,2021-03-31,VTR,USD,2021-05-07,2021-05-07,Q1,910291000,0.0,910291.0,0.001,0.0,40309000.0,0.0,0.0,40309.0,40309.0,0.0,314148000.0,258750000,0.2842497618893299,-55398000.0,-0.06085746206432888,341.0,-55528.0,-6.10002735389013e-05,-2153000.0,-53375000.0,-0.058635095810021194,-0.14302864324435857,-0.14184350044512947,373177000,376295000,https://www.sec.gov/Archives/edgar/data/740260/000074026021000101/0000740260-21-000101-index.htm,https://www.sec.gov/Archives/edgar/data/740260/000074026021000101/vtr-20210331.htm,1620599671,18:34:31,20210509
1,2020-12-31,VTR,USD,2021-02-23,2021-02-23 15:24:41,Q4,928130000,1476385000.0,-548255000.0,-0.5907092756402659,0.0,29537000.0,0.0,10624.0,-859040000.0,-2335425000.0,-355333000.0,261966000.0,301507000,0.32485427687931645,39541000.0,0.042602868132696925,-172492000.0,-152788000.0,-0.1646191805027313,95855.0,112487.0,0.00012119746156249664,0.0003014306883864761,0.0002989330179779163,373177000,376295000,https://www.sec.gov/Archives/edgar/data/740260/000074026021000048/0000740260-21-000048-index.htm,https://www.sec.gov/Archives/edgar/data/740260/000074026021000048/vtr-20201231.htm,1620599671,18:34:31,20210509
2,2020-09-30,VTR,USD,2020-11-06,2020-11-06 16:56:25,Q3,918368000,495542000.0,422826000.0,0.46041020593052023,0.0,34228000.0,0.0,-3534000.0,288593000.0,784135000.0,115505000.0,249366000.0,383599000,0.4176963918603436,134233000.0,0.146164718282867,-8758000.0,10542000.0,0.01147905850378062,-3195000.0,12751000.0,0.01388441234886233,0.03416877245918157,0.033885648228118896,373177000,376295000,https://www.sec.gov/Archives/edgar/data/740260/000074026020000163/0000740260-20-000163-index.htm,https://www.sec.gov/Archives/edgar/data/740260/000074026020000163/vtr-20200930.htm,1620599671,18:34:31,20210509
3,2020-06-30,VTR,USD,2020-08-07,2020-08-07 21:27:25,Q2,941658000,499148000.0,442510000.0,0.4699264488805915,0.0,29984000.0,0.0,-3382000.0,409233000.0,908381000.0,123132000.0,349594000.0,382871000,0.4065924146558517,33277000.0,0.03533873232107623,-14564000.0,-102879000.0,-0.10925304091294291,56356000.0,-157170000.0,-0.16690773083221297,-0.4213876272849628,-0.4179786396612982,372982000,376024000,https://www.sec.gov/Archives/edgar/data/740260/000074026020000135/0000740260-20-000135-index.htm,https://www.sec.gov/Archives/edgar/data/740260/000074026020000135/vtr-20200630.htm,1620599671,18:34:31,20210509
4,2020-03-31,VTR,USD,2020-05-08,2020-05-08 16:39:05,Q1,1007201000,481695000.0,525506000.0,0.52174888626997,0.0,42535000.0,0.0,-3708000.0,291372000.0,773067000.0,116696000.0,248837000.0,482971000,0.4795179909471893,234134000.0,0.23246005514291587,203423000.0,325714000.0,0.3233853024371501,-149016000.0,473117000.0,0.46973444228113354,1.27,1.26,372829000,375997000,https://www.sec.gov/Archives/edgar/data/740260/000074026020000092/0000740260-20-000092-index.htm,https://www.sec.gov/Archives/edgar/data/740260/000074026020000042/vtr123119doc10k.htm,1620599671,18:34:31,20210509
5,2019-12-31,VTR,USD,2020-02-24,2020-02-21 19:52:51,Q4,995129000,480854000.0,514275000.0,0.5167922952702615,0.0,41627000.0,0.0,8315000.0,390537000.0,871391000.0,116707000.0,348910000.0,472648000,0.47496153764989263,123738000.0,0.12434367805580986,5681000.0,13587000.0,0.013653506228840684,694000.0,11443000.0,0.011499011685922126,0.03070602662459112,0.030396888854651177,372663000,376453000,https://www.sec.gov/Archives/edgar/data/740260/000074026020000042/0000740260-20-000042-index.htm,https://www.sec.gov/Archives/edgar/data/740260/000074026020000042/vtr123119doc10k.htm,1620599671,18:34:31,20210509
6,2019-09-30,VTR,USD,2019-10-25,2019-10-25 15:27:16,Q3,982535000,462120000.0,520415000.0,0.5296656098764929,0.0,40530000.0,0.0,-2164000.0,275133000.0,737253000.0,113967000.0,234603000.0,479885000,0.4884151709608309,245282000.0,0.24964199748609464,-43012000.0,88923000.0,0.09050364618054318,2005000.0,85259000.0,0.0867745169383279,0.22892869992965045,0.2263763690673747,372426000,376625000,https://www.sec.gov/Archives/edgar/data/740260/000074026019000168/0000740260-19-000168-index.htm,https://www.sec.gov/Archives/edgar/data/740260/000074026019000168/vtr9302019doc.htm,1620599671,18:34:31,20210509
7,2019-06-30,VTR,USD,2019-07-26,2019-07-26 15:26:22,Q2,941515000,436416000.0,505099000.0,0.5364747242476222,0.0,43079000.0,0.0,11481000.0,269266000.0,705682000.0,110369000.0,226187000.0,462020000,0.49071974424199294,235833000.0,0.2504824670876194,19480000.0,154146000.0,0.16372123651774004,-57752000.0,210529000.0,0.22360663398883715,0.5820187879089467,0.5759192237514122,361722000,365553000,https://www.sec.gov/Archives/edgar/data/740260/000074026019000139/0000740260-19-000139-index.htm,https://www.sec.gov/Archives/edgar/data/740260/000074026019000139/vtr6302019doc.htm,1620599671,18:34:31,20210509
8,2019-03-31,VTR,USD,2019-04-29,2019-04-26 17:57:54,Q1,942587000,431137000.0,511450000.0,0.5426024335154208,0.0,40760000.0,0.0,-23000.0,276680000.0,707817000.0,110619000.0,235920000.0,470690000,0.4993597407984621,234770000.0,0.24906984713347416,1893000.0,126331000.0,0.13402582467188706,-1257000.0,125785000.0,0.13344656779692485,0.3524840760761434,0.3488030303450456,356853000,360619000,https://www.sec.gov/Archives/edgar/data/740260/000074026019000086/0000740260-19-000086-index.htm,https://www.sec.gov/Archives/edgar/data/740260/000074026019000037/a4q18doc10k.htm,1620599671,18:34:31,20210509
9,2018-12-31,VTR,USD,2019-02-08,2019-02-08 17:23:47,Q4,922906000,427503000.0,495403000.0,0.5367859782036307,0.0,38475000.0,0.0,-58877000.0,282751000.0,710254000.0,110524000.0,244276000.0,456928000,0.4950970087961287,212652000.0,0.23041566530069152,-31940000.0,70545000.0,0.07643790375184471,-28650000.0,62273000.0,0.06747491077097775,0.17473322689533066,0.1729858412340377,356389000,359989000,https://www.sec.gov/Archives/edgar/data/740260/000074026019000037/0000740260-19-000037-index.htm,https://www.sec.gov/Archives/edgar/data/740260/000074026019000037/a4q18doc10k.htm,1620599671,18:34:31,20210509
10,2018-09-30,VTR,USD,2018-10-26,2018-10-26 16:08:10,Q3,923984000,428820000.0,495164000.0,0.5359010545637154,0.0,39677000.0,0.0,-1244000.0,258256000.0,687076000.0,107581000.0,218579000.0,455487000,0.49295983480233424,236908000.0,0.2563983791927133,-45945000.0,95936000.0,0.10382863772532858,-7327000.0,101972000.0,0.11036121837607578,0.29,0.28,356318000,359355000,https://www.sec.gov/Archives/edgar/data/740260/000074026018000179/0000740260-18-000179-index.htm,https://www.sec.gov/Archives/edgar/data/740260/000074026018000179/vtr9302018-10q.htm,1620599671,18:34:31,20210509
11,2018-06-30,VTR,USD,2018-07-27,2018-07-27 15:56:44,Q2,939957000,421947000.0,518010000.0,0.551099677963992,0.0,36656000.0,0.0,-3527000.0,260290000.0,682237000.0,113029000.0,223634000.0,481354000,0.5121021493536406,257720000.0,0.2741827551685875,-14299000.0,132739000.0,0.14121816210741556,-734000.0,166519000.0,0.1771559762840215,0.47,0.46,356228000,359000000,https://www.sec.gov/Archives/edgar/data/740260/000074026018000145/0000740260-18-000145-index.htm,https://www.sec.gov/Archives/edgar/data/740260/000074026018000145/vtr6302018-10q.htm,1620599671,18:34:31,20210509
12,2018-03-31,VTR,USD,2018-04-27,2018-04-27 16:58:09,Q1,934071000,413028000.0,521043000.0,0.5578194805319938,0.0,37174000.0,0.0,-3120000.0,270324000.0,683352000.0,111363000.0,233150000.0,483869000,0.5180216493178784,250719000.0,0.26841535600612804,-72172000.0,76818000.0,0.08224000102775914,-3242000.0,78703000.0,0.08425804890634651,0.22100631262074852,0.2193182166513865,356112000,358853000,https://www.sec.gov/Archives/edgar/data/740260/000074026018000090/0000740260-18-000090-index.htm,https://www.sec.gov/Archives/edgar/data/740260/000074026018000054/vtr-2017123110k.htm,1620599671,18:34:31,20210509
13,2017-12-31,VTR,USD,2018-02-09,2018-02-09 15:49:50,Q4,890108000,373731000.0,516377000.0,0.5801284787913377,0.0,34930000.0,0.0,-3986000.0,267580000.0,641311000.0,111951000.0,232650000.0,481447000,0.540886049782723,248797000.0,0.2795132725467022,-9871000.0,132155000.0,0.14847074736998206,-46680000.0,392554000.0,0.44101839327362524,1.102332973895853,1.102332973895853,356112000,356112000,https://www.sec.gov/Archives/edgar/data/740260/000074026018000054/0000740260-18-000054-index.htm,https://www.sec.gov/Archives/edgar/data/740260/000074026018000054/vtr-2017123110k.htm,1620599671,18:34:31,20210509
14,2017-09-30,VTR,USD,2017-10-27,2017-10-27 17:01:16,Q3,899757000,376625000.0,523132000.0,0.5814147597629138,0.0,33317000.0,0.0,-13030000.0,246724000.0,623349000.0,113869000.0,213407000.0,489815000,0.544385873074619,276408000.0,0.3072029447950947,-13595000.0,149115000.0,0.16572807991491037,-7815000.0,613958000.0,0.6823597926995845,1.72,1.71,355929000,359333000,https://www.sec.gov/Archives/edgar/data/740260/000074026017000141/0000740260-17-000141-index.htm,https://www.sec.gov/Archives/edgar/data/740260/000074026017000141/vtr9302017-10q.htm,1620599671,18:34:31,20210509
15,2017-06-30,VTR,USD,2017-07-28,2017-07-28 15:32:19,Q2,895288000,366382000.0,528906000.0,0.5907663232390025,0.0,33282000.0,0.0,-1848000.0,257390000.0,623772000.0,113572000.0,224108000.0,495624000,0.553591693399219,271516000.0,0.3032722431217664,-8033000.0,150113000.0,0.1676700681791781,-2159000.0,151831000.0,0.16958900376191796,0.43,0.42,355024000,358311000,https://www.sec.gov/Archives/edgar/data/740260/000074026017000122/0000740260-17-000122-index.htm,https://www.sec.gov/Archives/edgar/data/740260/000074026017000122/vtr-6302017x10q.htm,1620599671,18:34:31,20210509
16,2017-03-31,VTR,USD,2017-04-28,2017-04-28 16:23:48,Q1,882962000,369725000.0,513237000.0,0.5812673705097161,0.0,33961000.0,0.0,-1188000.0,251744000.0,621469000.0,108804000.0,217783000.0,479276000,0.5428047866159585,261493000.0,0.2961543078864096,-403000.0,152767000.0,0.1730165058065919,-3145000.0,198127000.0,0.22438904505516657,0.56,0.55,354410000,357572000,https://www.sec.gov/Archives/edgar/data/740260/000074026017000085/0000740260-17-000085-index.htm,https://www.sec.gov/Archives/edgar/data/740260/000074026017000056/vtr-20161231x10k.htm,1620599671,18:34:31,20210509
17,2016-12-31,VTR,USD,2017-02-14,2017-02-13 21:18:07,Q4,875629000,366502000.0,509127000.0,0.5814414552281846,0.0,31488000.0,0.0,-1087000.0,263677000.0,630179000.0,107739000.0,232189000.0,477639000,0.5454810199296735,245450000.0,0.2803127808695235,1944000.0,139739000.0,0.159586994035145,-2836000.0,207637000.0,0.23712896671992362,0.59,0.58,353911000,357435000,https://www.sec.gov/Archives/edgar/data/740260/000074026017000056/0000740260-17-000056-index.htm,https://www.sec.gov/Archives/edgar/data/740260/000074026017000056/vtr-20161231x10k.htm,1620599671,18:34:31,20210509
18,2016-09-30,VTR,USD,2016-10-28,2016-10-28 17:04:37,Q3,866554000,362091000.0,504463000.0,0.5821483715959997,0.0,31567000.0,0.0,-2430000.0,239954000.0,602045000.0,105063000.0,208387000.0,472896000,0.5457201743919017,264509000.0,0.30524237381628844,-18099000.0,141909000.0,0.16376244296373912,-8537000.0,149452000.0,0.1724670360993083,0.43,0.42,350274000,354186000,https://www.sec.gov/Archives/edgar/data/740260/000074026016000329/0000740260-16-000329-index.htm,https://www.sec.gov/Archives/edgar/data/740260/000074026016000329/vtr-2016930x10q.htm,1620599671,18:34:31,20210509
19,2016-06-30,VTR,USD,2016-07-29,2016-07-29 16:03:30,Q2,848293000,353807000.0,494486000.0,0.5829188735495873,0.0,32094000.0,0.0,-2303000.0,254055000.0,607862000.0,103665000.0,221961000.0,462392000,0.5450852476679637,240431000.0,0.28342919250777737,-10577000.0,126300000.0,0.1488872358960878,-11549000.0,143162000.0,0.16876480178428915,0.4224301492176181,0.41790460955539144,338901000,342571000,https://www.sec.gov/Archives/edgar/data/740260/000074026016000285/0000740260-16-000285-index.htm,https://www.sec.gov/Archives/edgar/data/740260/000074026016000285/vtr-2016630x10q.htm,1620599671,18:34:31,20210509
20,2016-03-31,VTR,USD,2016-04-29,2016-04-29 16:24:19,Q1,852170000,359673000.0,492497000.0,0.5779328068343171,0.0,31726000.0,0.0,-4168000.0,268113000.0,627786000.0,103273000.0,236387000.0,460771000,0.5407031460858749,224384000.0,0.2633089641738151,-6312000.0,114918000.0,0.13485337432671884,-8421000.0,148980000.0,0.1748242721522701,0.4439755750851564,0.4392073159945991,335559000,339202000,https://www.sec.gov/Archives/edgar/data/740260/000074026016000247/0000740260-16-000247-index.htm,https://www.sec.gov/Archives/edgar/data/740260/000074026016000201/vtr-20151231x10k.htm,1620599671,18:34:31,20210509
21,2015-12-31,VTR,USD,2016-02-12,2016-02-12 16:59:29,Q4,840941000,359801000.0,481140000.0,0.5721447759117465,0.0,27636000.0,0.0,-4009000.0,264431000.0,624232000.0,103692000.0,236793000.0,453502000,0.5392792122158392,216709000.0,0.2576982213972205,-1667000.0,111683000.0,0.13280717672226708,-11548000.0,124728000.0,0.14831956106314237,0.3717021447793086,0.3717021447793086,335559000,335559000,https://www.sec.gov/Archives/edgar/data/740260/000074026016000201/0000740260-16-000201-index.htm,https://www.sec.gov/Archives/edgar/data/740260/000074026016000201/vtr-20151231x10k.htm,1620599671,18:34:31,20210509
22,2015-09-30,VTR,USD,2015-10-26,2015-10-26 17:20:21,Q3,827532000,354261000.0,473271000.0,0.5719065848813097,0.0,32114000.0,0.0,-4795000.0,258446000.0,612707000.0,97135000.0,240210000.0,455035000,0.5498699748166839,214825000.0,0.2595972119507161,-83226000.0,34538000.0,0.041736150384516855,-10697000.0,22852000.0,0.027614642092390385,0.0687296799011101,0.06794355677919237,332491000,336338000,https://www.sec.gov/Archives/edgar/data/740260/000074026015000156/0000740260-15-000156-index.htm,https://www.sec.gov/Archives/edgar/data/740260/000074026015000156/vtr-2015930x10q.htm,1620599671,18:34:31,20210509
23,2015-06-30,VTR,USD,2015-07-27,2015-07-27 06:12:37,Q2,891086000,348337000.0,542749000.0,0.609087113926153,0.0,33962000.0,0.0,-5091000.0,283157000.0,631494000.0,107591000.0,249207000.0,508799000,0.5709875365565165,259592000.0,0.29132092749745814,-19212000.0,133025000.0,0.14928413194686035,-9789000.0,149821000.0,0.1681330421530582,0.4530214837548947,0.4485309526803303,330715000,334026000,https://www.sec.gov/Archives/edgar/data/740260/000074026015000131/0000740260-15-000131-index.htm,https://www.sec.gov/Archives/edgar/data/740260/000074026015000131/vtr-2015630x10q.htm,1620599671,18:34:31,20210509
24,2015-03-31,VTR,USD,2015-04-24,2015-04-24 16:35:39,Q1,883552000,347629000.0,535923000.0,0.6065551320126037,0.0,34330000.0,0.0,-5296000.0,281771000.0,629400000.0,106590000.0,247453000.0,501605000,0.567714180942378,254152000.0,0.2876480388251059,-40740000.0,107294000.0,0.12143484480822861,-7250000.0,120442000.0,0.1363156893991525,0.37007380459296857,0.36585936337153674,325454000,329203000,https://www.sec.gov/Archives/edgar/data/740260/000074026015000097/0000740260-15-000097-index.htm,https://www.sec.gov/Archives/edgar/data/740260/000074026015000062/vtr-20141231x10k.htm,1620599671,18:34:31,20210509
25,2014-12-31,VTR,USD,2015-02-13,2015-02-13 16:57:46,Q4,800534000,319805000.0,480729000.0,0.600510409301791,0.0,28108000.0,0.0,-13604000.0,269383000.0,589188000.0,99031000.0,241291000.0,452637000,0.5654188329290198,211346000.0,0.26400627581089625,-22720000.0,93048000.0,0.11623241486307889,-13552000.0,107190000.0,0.13389812300289558,0.32935530059547585,0.32935530059547585,325454000,325454000,https://www.sec.gov/Archives/edgar/data/740260/000074026015000062/0000740260-15-000062-index.htm,https://www.sec.gov/Archives/edgar/data/740260/000074026015000062/vtr-20141231x10k.htm,1620599671,18:34:31,20210509
26,2014-09-30,VTR,USD,2014-10-24,2014-10-24 15:22:48,Q3,778667000,310989000.0,467678000.0,0.600613612751022,0.0,29466000.0,0.0,-15229000.0,230690000.0,541679000.0,98469000.0,201236000.0,438224000,0.5627874303136,236988000.0,0.3043508971100612,-34439000.0,104448000.0,0.13413692887973935,-1887000.0,109132000.0,0.14015233726355425,0.3711594055028398,0.3680736606013592,294030000,296495000,https://www.sec.gov/Archives/edgar/data/740260/000074026014000207/0000740260-14-000207-index.htm,https://www.sec.gov/Archives/edgar/data/740260/000074026014000207/vtr-2014930x10q.htm,1620599671,18:34:31,20210509
27,2014-06-30,VTR,USD,2014-08-11,2014-08-11 16:06:05,Q2,751081000,290385000.0,460696000.0,0.6133772522537516,0.0,31306000.0,0.0,-4863000.0,222124000.0,512509000.0,91501000.0,192064000.0,430636000,0.5733549377497233,238572000.0,0.31763817750682016,-17038000.0,130206000.0,0.17335813314409498,3274000.0,138398000.0,0.18426507926575164,0.47076071132155056,0.4667660470010523,293988000,296504000,https://www.sec.gov/Archives/edgar/data/740260/000074026014000136/0000740260-14-000136-index.htm,https://www.sec.gov/Archives/edgar/data/740260/000074026014000136/vtr-2014630x10q.htm,1620599671,18:34:31,20210509
28,2014-03-31,VTR,USD,2014-04-29,2014-04-28 18:07:30,Q1,741197000,291011000.0,450186000.0,0.6073769861453837,0.0,32866000.0,0.0,-5229000.0,226460000.0,517471000.0,87841000.0,193876000.0,417602000,0.5634156641216842,223726000.0,0.30184417907789696,-15482000.0,120676000.0,0.16281231575411126,3433000.0,121047000.0,0.16331285744545648,0.41189961718417695,0.40860436463062666,293875000,296245000,https://www.sec.gov/Archives/edgar/data/740260/000074026014000090/0000740260-14-000090-index.htm,https://www.sec.gov/Archives/edgar/data/740260/000074026014000063/vtr-20131231x10k.htm,1620599671,18:34:31,20210509
29,2013-12-31,VTR,USD,2014-02-18,2014-02-18 13:38:12,Q4,728260000,290691000.0,437569000.0,0.6008417323483372,0.0,30346000.0,0.0,-5407000.0,224125000.0,514816000.0,88862000.0,200556000.0,414000000,0.5684782907203472,213444000.0,0.29308763353747286,-13055000.0,111673000.0,0.1533422129459259,1272000.0,108440000.0,0.14890286436162908,0.3692529811968373,0.3662931899326796,293674000,296047000,https://www.sec.gov/Archives/edgar/data/740260/000074026014000063/0000740260-14-000063-index.htm,https://www.sec.gov/Archives/edgar/data/740260/000074026014000063/vtr-20131231x10k.htm,1620599671,18:34:31,20210509
30,2013-09-30,VTR,USD,2013-10-25,2013-10-25 16:02:11,Q3,712320000,286763000.0,425557000.0,0.5974239106019766,0.0,28659000.0,0.0,-4353000.0,206369000.0,493132000.0,84089000.0,188393000.0,407581000,0.5721880615453728,219188000.0,0.3077100179694519,-10262000.0,124903000.0,0.17534675426774485,-2780000.0,118296000.0,0.16607142857142856,0.403991557896031,0.40074528269927845,292818000,295190000,https://www.sec.gov/Archives/edgar/data/740260/000074026013000123/0000740260-13-000123-index.htm,https://www.sec.gov/Archives/edgar/data/740260/000074026013000123/vtr-2013930x10q.htm,1620599671,18:34:31,20210509
31,2013-06-30,VTR,USD,2013-07-26,2013-07-26 15:19:34,Q2,685049000,271405000.0,413644000.0,0.6038166612899223,0.0,27327000.0,0.0,-4385000.0,200033000.0,471438000.0,83046000.0,193989000.0,407600000,0.5949939347404346,213611000.0,0.311818570642392,-10838000.0,120524000.0,0.1759348601340926,-12064000.0,114580000.0,0.16725810854406034,0.3915457822885164,0.38824490127845,292635000,295123000,https://www.sec.gov/Archives/edgar/data/740260/000074026013000106/0000740260-13-000106-index.htm,https://www.sec.gov/Archives/edgar/data/740260/000074026013000106/vtr-20130630x10q.htm,1620599671,18:34:31,20210509
32,2013-03-31,VTR,USD,2013-04-26,2013-04-26 16:16:58,Q1,683830000,269088000.0,414742000.0,0.6064986911951801,0.0,28774000.0,0.0,-4587000.0,207791000.0,476879000.0,79600000.0,186943000.0,393894000,0.5760115818258924,206951000.0,0.30263515786087186,-7920000.0,120469000.0,0.17616805346358014,1744000.0,112193000.0,0.1640656303467236,0.38494107152047485,0.381707516228685,291455000,293924000,https://www.sec.gov/Archives/edgar/data/740260/000074026013000084/0000740260-13-000084-index.htm,https://www.sec.gov/Archives/edgar/data/740260/000074026013000047/vtr-20121231x10k.htm,1620599671,18:34:31,20210509
33,2012-12-31,VTR,USD,2013-02-19,2013-02-19 07:19:03,Q4,658200000,264367000.0,393833000.0,0.5983485262838043,0.0,23022000.0,0.0,-1902000.0,204463000.0,468830000.0,75926000.0,233074000.0,422444000,0.6418170768763294,189370000.0,0.287708903068976,-1720000.0,112830000.0,0.17142206016408387,-3555000.0,86267000.0,0.1310650258280158,0.2927242249850698,0.29037426495090696,294704000,297089000,https://www.sec.gov/Archives/edgar/data/740260/000074026013000047/0000740260-13-000047-index.htm,https://www.sec.gov/Archives/edgar/data/740260/000074026013000047/vtr-20121231x10k.htm,1620599671,18:34:31,20210509
34,2012-09-30,VTR,USD,2012-10-26,2012-10-26 15:52:17,Q3,641950000,254492000.0,387458000.0,0.6035641405093854,0.0,0.0,0.0,0.0,219288000.0,473780000.0,75139000.0,165296000.0,333466000,0.5194579017057404,168170000.0,0.26196744294727003,-3723000.0,89308000.0,0.1391198691486876,-8886000.0,111882000.0,0.17428460160448633,0.37935360494764825,0.37619154895479934,294928000,297407000,https://www.sec.gov/Archives/edgar/data/740260/000104746912009801/0001047469-12-009801-index.htm,https://www.sec.gov/Archives/edgar/data/740260/000104746912009801/a2211500z10-q.htm,1620599671,18:34:31,20210509
35,2012-06-30,VTR,USD,2012-07-27,2012-07-27 13:56:08,Q2,616448000,241233000.0,375215000.0,0.6086725887666113,0.0,0.0,0.0,0.0,216059000.0,457292000.0,74428000.0,211877000.0,371033000,0.6018885615656147,159156000.0,0.2581823608803987,-48167000.0,36561000.0,0.05930913880813953,-5179000.0,74025000.0,0.12008312136627906,0.26,0.25,290170000,292592000,https://www.sec.gov/Archives/edgar/data/740260/000104746912007484/0001047469-12-007484-index.htm,https://www.sec.gov/Archives/edgar/data/740260/000104746912007484/a2210347z10-q.htm,1620599671,18:34:31,20210509
36,2012-03-31,VTR,USD,2012-04-27,2012-04-27 14:11:51,Q1,573694000,219744000.0,353950000.0,0.6169665361673645,0.0,0.0,0.0,0.0,185397000.0,405141000.0,70668000.0,154528000.0,323081000,0.5631591057253519,168553000.0,0.29380296813283735,-39101000.0,58784000.0,0.10246577443724354,11338000.0,90626000.0,0.15796923098376486,0.31426441265713045,0.31162981022168884,288375000,290813000,https://www.sec.gov/Archives/edgar/data/740260/000104746912004922/0001047469-12-004922-index.htm,https://www.sec.gov/Archives/edgar/data/740260/000104746912001287/a2207416z10-k.htm,1620599671,18:34:31,20210509
37,2011-12-31,VTR,USD,2012-02-22,2012-02-22 15:52:06,Q4,563913000,217841000.0,346072000.0,0.6136975029836162,0.0,0.0,0.0,0.0,20574000.0,238415000.0,66761000.0,166163000.0,491661000,0.8718738528815615,325498000.0,0.5772131516741058,-75821000.0,182916000.0,0.324369184608264,-7827000.0,192948000.0,0.3421591628495885,0.6690871261378414,0.6690871261378414,288375000,288375000,https://www.sec.gov/Archives/edgar/data/740260/000104746912001287/0001047469-12-001287-index.htm,https://www.sec.gov/Archives/edgar/data/740260/000104746912001287/a2207416z10-k.htm,1620599671,18:34:31,20210509
38,2011-09-30,VTR,USD,2011-11-07,2011-11-07 14:43:31,Q3,565957000,215508000.0,350449000.0,0.619214887350099,0.0,0.0,0.0,0.0,181651000.0,397159000.0,73756000.0,161027000.0,329825000,0.5827739563253038,168798000.0,0.29825234072553214,-7144000.0,87898000.0,0.15530861885266903,-13904000.0,102885000.0,0.18178942923225616,0.36,0.35,287365000,290794000,https://www.sec.gov/Archives/edgar/data/740260/000095012311095876/0000950123-11-095876-index.htm,https://www.sec.gov/Archives/edgar/data/740260/000095012311095876/c21717e10vq.htm,1620599671,18:34:31,20210509
39,2011-06-30,VTR,USD,2011-08-05,2011-08-05 17:24:21,Q2,364660000,152971000.0,211689000.0,0.5805106126254593,0.0,0.0,0.0,0.0,96309000.0,249280000.0,53732000.0,80755000.0,196135000,0.5378571820325783,115380000.0,0.31640432183403716,-48040000.0,13608000.0,0.037316952777930124,-6209000.0,19676000.0,0.0539571107332858,0.155346244641123,0.1523228538471662,126659000,129173000,https://www.sec.gov/Archives/edgar/data/740260/000095012311073804/0000950123-11-073804-index.htm,https://www.sec.gov/Archives/edgar/data/740260/000095012311073804/c18908e10vq.htm,1620599671,18:34:31,20210509
40,2011-03-31,VTR,USD,2011-05-06,2011-05-06 16:24:07,Q1,270461000,92323000.0,178138000.0,0.6586457936634117,0.0,14832000.0,0.0,0.0,66591000.0,158914000.0,42558000.0,51759000.0,163306000,0.6038060940394364,111547000.0,0.41243284614047865,-22970000.0,46019000.0,0.17015022498622723,-3197000.0,48984000.0,0.1811129885639704,0.31,0.3,160420000,162023000,https://www.sec.gov/Archives/edgar/data/740260/000095012311046643/0000950123-11-046643-index.htm,https://www.sec.gov/Archives/edgar/data/740260/000095012311015746/c62406e10vk.htm,1620599671,18:34:31,20210509
41,2010-12-31,VTR,USD,2011-02-18,2011-02-18 16:54:54,Q4,267994000,84769000.0,183225000.0,0.6836906796420815,0.0,0.0,0.0,0.0,74944000.0,159713000.0,45414000.0,64365000.0,172646000,0.6442159152816854,108281000.0,0.4040426278200258,-2366000.0,60501000.0,0.22575505421763173,2849000.0,77583000.0,0.28949528720792256,0.4836242363795038,0.4836242363795038,160420000,160420000,https://www.sec.gov/Archives/edgar/data/740260/000095012311015746/0000950123-11-015746-index.htm,https://www.sec.gov/Archives/edgar/data/740260/000095012311015746/c62406e10vk.htm,1620599671,18:34:31,20210509
42,2010-09-30,VTR,USD,2010-11-05,2010-11-05 16:16:40,Q3,264665000,86640000.0,178025000.0,0.6726427748285568,0.0,0.0,0.0,0.0,67382000.0,154022000.0,45519000.0,50563000.0,161206000,0.6090945157085372,110643000.0,0.41804923204806077,-4723000.0,60401000.0,0.22821680237281092,1657000.0,57898000.0,0.21875956397710314,0.369645855545837,0.3665799254151867,156631000,157941000,https://www.sec.gov/Archives/edgar/data/740260/000095012310101705/0000950123-10-101705-index.htm,https://www.sec.gov/Archives/edgar/data/740260/000095012310101705/c06706e10vq.htm,1620599671,18:34:31,20210509
43,2010-06-30,VTR,USD,2010-07-30,2010-07-30 16:25:27,Q2,243978000,75183000.0,168795000.0,0.6918451663674594,0.0,0.0,0.0,0.0,60043000.0,135226000.0,44045000.0,45088000.0,153840000,0.630548656026363,108752000.0,0.44574510816549034,-10877000.0,53830000.0,0.22063464738623975,409000.0,58067000.0,0.23800096730033035,0.37077216798309187,0.36881752529518996,156611000,157441000,https://www.sec.gov/Archives/edgar/data/740260/000095012310070521/0000950123-10-070521-index.htm,https://www.sec.gov/Archives/edgar/data/740260/000095012310070521/c03735e10vq.htm,1620599671,18:34:31,20210509
44,2010-03-31,VTR,USD,2010-04-30,2010-04-30 16:04:57,Q1,241545000,78879000.0,162666000.0,0.6734397317270074,0.0,0.0,0.0,0.0,63053000.0,141932000.0,44300000.0,54691000.0,154304000,0.6388209236374175,99613000.0,0.41239934587757976,-2319000.0,52994000.0,0.21939597176509554,286000.0,52619000.0,0.21784346602082427,0.33632464701859344,0.33522332719616227,156453000,156967000,https://www.sec.gov/Archives/edgar/data/740260/000119312510101917/0001193125-10-101917-index.htm,https://www.sec.gov/Archives/edgar/data/740260/000119312510035246/d10k.htm,1620599671,18:34:31,20210509
45,2009-12-31,VTR,USD,2010-02-19,2010-02-19 16:32:37,Q4,238836000,78443000.0,160393000.0,0.6715612386742367,0.0,0.0,0.0,0.0,66314000.0,144757000.0,44561000.0,59301000.0,153380000,0.6421979936023046,94079000.0,0.3939062787854427,4496000.0,54014000.0,0.22615518598536233,-367000.0,54081000.0,0.22643571320906397,0.34566930643707694,0.34566930643707694,156453000,156453000,https://www.sec.gov/Archives/edgar/data/740260/000119312510035246/0001193125-10-035246-index.htm,https://www.sec.gov/Archives/edgar/data/740260/000119312510035246/d10k.htm,1620599671,18:34:31,20210509
46,2009-09-30,VTR,USD,2009-11-04,2009-11-04 16:35:50,Q3,235830000,76338000.0,159492000.0,0.676300725098588,0.0,0.0,0.0,0.0,60006000.0,136344000.0,43660000.0,47115000.0,146601000,0.6216384683882458,99486000.0,0.42185472586184963,-5926000.0,49900000.0,0.21159309672221516,-410000.0,49805000.0,0.21119026417334522,0.318752,0.31821027882133457,156250000,156516000,https://www.sec.gov/Archives/edgar/data/740260/000119312509223835/0001193125-09-223835-index.htm,https://www.sec.gov/Archives/edgar/data/740260/000119312509223835/d10q.htm,1620599671,18:34:31,20210509
47,2009-06-30,VTR,USD,2009-08-05,2009-08-05 16:32:25,Q2,231988000,72564000.0,159424000.0,0.6872079590323638,0.0,0.0,0.0,0.0,65182000.0,137746000.0,44171000.0,50675000.0,144917000,0.6246745521320068,94242000.0,0.4062365294756625,-3502000.0,46569000.0,0.20073883131886133,-395000.0,88381000.0,0.3809722916702588,0.5722638418554659,0.5720082842534464,154441000,154510000,https://www.sec.gov/Archives/edgar/data/740260/000119312509165464/0001193125-09-165464-index.htm,https://www.sec.gov/Archives/edgar/data/740260/000119312509165464/d10q.htm,1620599671,18:34:31,20210509
48,2009-03-31,VTR,USD,2009-05-06,2009-05-05 19:46:54,Q1,230851000,75468000.0,155383000.0,0.673087835876821,0.0,0.0,0.0,0.0,60582000.0,136050000.0,46613000.0,50516000.0,145317000,0.6294839528527059,94801000.0,0.4106588232236378,-2054000.0,46134000.0,0.19984318889673425,-547000.0,74228000.0,0.3215407340665624,0.5187468114696242,0.5185511194942192,143091000,143145000,https://www.sec.gov/Archives/edgar/data/740260/000119312509100249/0001193125-09-100249-index.htm,https://www.sec.gov/Archives/edgar/data/740260/000119312509040636/d10k.htm,1620599671,18:34:31,20210509
49,2008-12-31,VTR,USD,2009-02-27,2009-02-27 13:34:42,Q4,227956000,76447000.0,151509000.0,0.6646414220288126,0.0,0.0,0.0,0.0,60210000.0,136657000.0,47342000.0,61607000.0,152906000,0.6707697976802541,91299000.0,0.4005115022197266,-1321000.0,42636000.0,0.1870360946849392,-1720000.0,58475000.0,0.25651880187404585,0.40865603007876106,0.40865603007876106,143091000,143091000,https://www.sec.gov/Archives/edgar/data/740260/000119312509040636/0001193125-09-040636-index.htm,https://www.sec.gov/Archives/edgar/data/740260/000119312509040636/d10k.htm,1620599671,18:34:31,20210509
50,2008-09-30,VTR,USD,2008-11-05,2008-11-05 17:13:22,Q3,238554000,81698000.0,156856000.0,0.6575282745206537,0.0,0.0,0.0,0.0,62939000.0,144637000.0,51344000.0,44645000.0,138562000,0.5808412351081935,93917000.0,0.3936928326500499,22125000.0,64698000.0,0.27120903443245553,-415000.0,64695000.0,0.27119645866344727,0.4596153709531895,0.4583714158182243,140759000,141141000,https://www.sec.gov/Archives/edgar/data/740260/000119312508226064/0001193125-08-226064-index.htm,https://www.sec.gov/Archives/edgar/data/740260/000119312508226064/d10q.htm,1620599671,18:34:31,20210509
51,2008-06-30,VTR,USD,2008-08-06,2008-08-06 15:27:43,Q2,233513000,71842000.0,161671000.0,0.692342610475648,0.0,0.0,0.0,0.0,68987000.0,140829000.0,52444000.0,61086000.0,153770000,0.6585072351432254,92684000.0,0.39691152098598365,0.0,40240000.0,0.17232445302831106,-3712000.0,71066000.0,0.3043342340683388,0.5144751797180978,0.5122353806122375,138133000,138737000,https://www.sec.gov/Archives/edgar/data/740260/000119312508168138/0001193125-08-168138-index.htm,https://www.sec.gov/Archives/edgar/data/740260/000119312508168138/d10q.htm,1620599671,18:34:31,20210509
52,2008-03-31,VTR,USD,2008-05-07,2008-05-07 11:13:32,Q1,231764000,0.0,0.0,0.0,0.0,8257000.0,0.0,0.0,156795000.0,156795000.0,0.0,68725000.0,143694000,0.6200013807148651,74969000.0,0.3234712897602734,-567000.0,21538000.0,0.09293073989057835,-10038000.0,32052000.0,0.1382958526777239,0.24,0.23,136381000,136673000,https://www.sec.gov/Archives/edgar/data/740260/000119312508105302/0001193125-08-105302-index.htm,https://www.sec.gov/Archives/edgar/data/740260/000119312508042265/d10k.htm,1620599671,18:34:31,20210509
53,2007-12-31,VTR,USD,2008-02-29,2008-02-28 20:43:06,Q4,232553000,0.0,0.0,0.0,0.0,11506000.0,0.0,0.0,-38802000.0,159323000.0,0.0,75000000.0,148230000,0.637403086608214,73230000.0,0.31489595920069835,-740000.0,17043000.0,0.07328651963208387,-12968000.0,29401000.0,0.12642709403877825,0.2155798828282532,0.2155798828282532,136381000,136381000,https://www.sec.gov/Archives/edgar/data/740260/000119312508042265/0001193125-08-042265-index.htm,https://www.sec.gov/Archives/edgar/data/740260/000119312508042265/d10k.htm,1620599671,18:34:31,20210509
54,2007-09-30,VTR,USD,2007-11-09,2007-11-09 15:01:26,Q3,226294000,0.0,0.0,0.0,0.0,9315000.0,0.0,0.0,151529000.0,151529000.0,0.0,70716000.0,145481000,0.6428849196178422,74765000.0,0.33038878626918966,-1447000.0,19226000.0,0.08496027291929967,-9463000.0,28014000.0,0.12379470953715078,0.21030742089260915,0.2098379811689625,133205000,133503000,https://www.sec.gov/Archives/edgar/data/740260/000119312507242222/0001193125-07-242222-index.htm,https://www.sec.gov/Archives/edgar/data/740260/000119312507242222/d10q.htm,1620599671,18:34:31,20210509
55,2007-06-30,VTR,USD,2007-08-09,2007-08-09 16:29:20,Q2,193722000,0.0,0.0,0.0,0.0,8023000.0,0.0,0.0,97849000.0,97849000.0,0.0,58352000.0,154225000,0.7961150514655021,95873000.0,0.4948999081157535,-792000.0,39933000.0,0.20613559637005607,-5611000.0,179797000.0,0.9281186442427809,1.49,1.48,117419000,117825000,https://www.sec.gov/Archives/edgar/data/740260/000119312507177536/0001193125-07-177536-index.htm,https://www.sec.gov/Archives/edgar/data/740260/000119312507177536/d10q.htm,1620599671,18:34:31,20210509
56,2007-03-31,VTR,USD,2007-05-10,2007-05-09 18:29:51,Q1,121848000,0.0,0.0,0.0,0.0,7583000.0,0.0,0.0,36173000.0,36173000.0,0.0,33433000.0,119108000,0.9775129669752478,85675000.0,0.7031301293414747,0.0,0.0,0.0,0.0,45106000.0,0.37018252248703304,0.43,0.42,106044000,106775000,https://www.sec.gov/Archives/edgar/data/740260/000119312507108499/0001193125-07-108499-index.htm,https://www.sec.gov/Archives/edgar/data/740260/000119312507036220/d10k.htm,1620599671,18:34:31,20210509
57,2006-12-31,VTR,USD,2007-02-22,2007-02-21 19:18:53,Q4,110662000,0.0,0.0,0.0,0.0,6679000.0,0.0,0.0,38499000.0,38499000.0,0.0,32421000.0,104584000,0.945075997180604,72163000.0,0.6521027995156422,-1769000.0,0.0,0.0,0.0,40797000.0,0.36866313639731796,0.38471766436573496,0.38471766436573496,106044000,106044000,https://www.sec.gov/Archives/edgar/data/740260/000119312507036220/0001193125-07-036220-index.htm,https://www.sec.gov/Archives/edgar/data/740260/000119312507036220/d10k.htm,1620599671,18:34:31,20210509
58,2006-09-30,VTR,USD,2006-10-27,2006-10-27 15:43:25,Q3,109667000,0.0,0.0,0.0,0.0,6539000.0,0.0,0.0,44278000.0,44278000.0,0.0,30849000.0,96238000,0.8775474846581014,65389000.0,0.5962504673238075,1769000.0,0.0,0.0,0.0,32241000.0,0.2939899878723773,0.3099470299266494,0.3083256828092724,104021000,104568000,https://www.sec.gov/Archives/edgar/data/740260/000119312506216981/0001193125-06-216981-index.htm,https://www.sec.gov/Archives/edgar/data/740260/000119312506216981/d10q.htm,1620599671,18:34:31,20210509
59,2006-06-30,VTR,USD,2006-07-28,2006-07-28 15:49:28,Q2,100306000,0.0,0.0,0.0,0.0,6287000.0,0.0,0.0,36052000.0,36052000.0,0.0,29111000.0,93365000,0.930801746655235,64254000.0,0.6405798257332562,-1273000.0,0.0,0.0,0.0,29258000.0,0.29168743644447986,0.2816410611836279,0.28031885335428364,103884000,104374000,https://www.sec.gov/Archives/edgar/data/740260/000119312506155995/0001193125-06-155995-index.htm,https://www.sec.gov/Archives/edgar/data/740260/000119312506155995/d10q.htm,1620599671,18:34:31,20210509
60,2006-03-31,VTR,USD,2006-05-02,2006-05-02 12:55:33,Q1,97814000,0.0,0.0,0.0,0.0,6631000.0,0.0,0.0,101637000.0,101637000.0,0.0,28470000.0,24647000,0.2519782444230887,-3823000.0,-0.039084384648414336,0.0,0.0,0.0,0.0,29134000.0,0.2978510233708876,0.2808069319813785,0.27932885906040267,103751000,104300000,https://www.sec.gov/Archives/edgar/data/740260/000119312506096341/0001193125-06-096341-index.htm,https://www.sec.gov/Archives/edgar/data/740260/000119312506041443/d10k.htm,1620599671,18:34:31,20210509
61,2005-12-31,VTR,USD,2006-02-28,2006-02-28 17:14:47,Q4,89427000,0.0,0.0,0.0,0.0,6422000.0,0.0,0.0,21369000.0,21369000.0,0.0,28557000.0,96615000,1.0803784092052735,68058000.0,0.7610453218826528,0.0,0.0,0.0,0.0,47221000.0,0.5280396300893466,0.45513778180451275,0.45513778180451275,103751000,103751000,https://www.sec.gov/Archives/edgar/data/740260/000119312506041443/0001193125-06-041443-index.htm,https://www.sec.gov/Archives/edgar/data/740260/000119312506041443/d10k.htm,1620599671,18:34:31,20210509
62,2005-09-30,VTR,USD,2005-10-28,2005-10-28 15:57:52,Q3,96135000,0.0,0.0,0.0,0.0,6109000.0,0.0,0.0,34997000.0,34997000.0,0.0,27740000.0,88878000,0.9245124044312685,61138000.0,0.6359598481302335,0.0,0.0,0.0,0.0,28721000.0,0.29875695636344723,0.2786255469000107,0.2764824797843666,103081000,103880000,https://www.sec.gov/Archives/edgar/data/740260/000119312505211075/0001193125-05-211075-index.htm,https://www.sec.gov/Archives/edgar/data/740260/000119312505211075/d10q.htm,1620599671,18:34:31,20210509
63,2005-06-30,VTR,USD,2005-07-28,2005-07-28 15:26:53,Q2,75154000,0.0,0.0,0.0,0.0,5553000.0,0.0,0.0,24985000.0,24985000.0,0.0,18285000.0,68454000,0.9108497219043564,50169000.0,0.6675492987731857,0.0,0.0,0.0,0.0,27068000.0,0.3601671235064002,0.31,0.3,88574000,89350000,https://www.sec.gov/Archives/edgar/data/740260/000119312505151262/0001193125-05-151262-index.htm,https://www.sec.gov/Archives/edgar/data/740260/000119312505151262/d10q.htm,1620599671,18:34:31,20210509
64,2005-03-31,VTR,USD,2005-04-29,2005-04-29 13:13:00,Q1,64003000,0.0,0.0,0.0,0.0,5020000.0,0.0,0.0,19258000.0,19258000.0,0.0,13266000.0,58011000,0.9063793884661656,44745000.0,0.6991078543193288,0.0,0.0,0.0,0.0,27573000.0,0.4308079308782401,0.33,0.32,84657000,85400000,https://www.sec.gov/Archives/edgar/data/740260/000119312505090034/0001193125-05-090034-index.htm,https://www.sec.gov/Archives/edgar/data/740260/000119312505039956/d10k.htm,1620599671,18:34:31,20210509
65,2004-12-31,VTR,USD,2005-03-01,2005-03-01 17:19:24,Q4,57259000,0.0,0.0,0.0,0.0,5970000.0,0.0,0.0,-31560000.0,-31560000.0,0.0,12786000.0,101605000,1.7744808676365287,88819000.0,1.551179727204457,65830000.0,0.0,0.0,0.0,46674000.0,0.815138231544386,0.5513306637371983,0.5513306637371983,84657000,84657000,https://www.sec.gov/Archives/edgar/data/740260/000119312505039956/0001193125-05-039956-index.htm,https://www.sec.gov/Archives/edgar/data/740260/000119312505039956/d10k.htm,1620599671,18:34:31,20210509
66,2004-09-30,VTR,USD,2004-10-28,2004-10-28 17:13:52,Q3,61608000,0.0,0.0,0.0,0.0,3563000.0,0.0,0.0,34941000.0,34941000.0,0.0,13255000.0,39922000,0.6480002597065316,26667000.0,0.4328496299181924,-1370000.0,0.0,0.0,0.0,25297000.0,0.41061225814829244,0.30089327132373056,0.29800091884696484,84073000,84889000,https://www.sec.gov/Archives/edgar/data/740260/000119312504180730/0001193125-04-180730-index.htm,https://www.sec.gov/Archives/edgar/data/740260/000119312504180730/d10q.htm,1620599671,18:34:31,20210509
67,2004-06-30,VTR,USD,2004-07-28,2004-07-28 17:21:05,Q2,59767000,0.0,0.0,0.0,0.0,3653000.0,0.0,0.0,34113000.0,34113000.0,0.0,12136000.0,37790000,0.6322887212006626,25654000.0,0.4292335235163217,0.0,0.0,0.0,0.0,25654000.0,0.4292335235163217,0.31,0.3,83820000,84565000,https://www.sec.gov/Archives/edgar/data/740260/000119312504126389/0001193125-04-126389-index.htm,https://www.sec.gov/Archives/edgar/data/740260/000119312504126389/d10q.htm,1620599671,18:34:31,20210509
68,2004-03-31,VTR,USD,2004-04-29,2004-04-29 17:27:54,Q1,54277000,0.0,0.0,0.0,0.0,3731000.0,0.0,0.0,15674000.0,15674000.0,0.0,10858000.0,49461000,0.9112699670210218,38603000.0,0.7112220645945797,0.0,0.0,0.0,0.0,23275000.0,0.42881883670799786,0.2848732604677919,0.28123489608506524,81703000,82760000,https://www.sec.gov/Archives/edgar/data/740260/000119312504074244/0001193125-04-074244-index.htm,https://www.sec.gov/Archives/edgar/data/740260/000119312504031291/d10k.htm,1620599671,18:34:31,20210509
69,2003-12-31,VTR,USD,2004-02-27,2004-02-27 16:14:24,Q4,46817000,0.0,0.0,0.0,0.0,3368000.0,0.0,0.0,18524000.0,18524000.0,0.0,9057000.0,37350000,0.7977871286071299,28293000.0,0.6043317598308307,0.0,13639000.0,0.29132580045709894,0.0,77124000.0,1.6473503214644254,0.9439555463079691,0.9439555463079691,81703000,81703000,https://www.sec.gov/Archives/edgar/data/740260/000119312504031291/0001193125-04-031291-index.htm,https://www.sec.gov/Archives/edgar/data/740260/000119312504031291/d10k.htm,1620599671,18:34:31,20210509
70,2003-09-30,VTR,USD,2003-10-28,2003-10-28 11:48:01,Q3,59779000,0.0,0.0,0.0,0.0,3136000.0,0.0,0.0,14099000.0,14099000.0,0.0,10238000.0,55918000,0.9354121012395658,45680000.0,0.764147944930494,0.0,30992000.0,0.5184429314642266,0.0,32212000.0,0.5388514361230532,0.41,0.4,79389000,80258000,https://www.sec.gov/Archives/edgar/data/740260/000119312503068210/0001193125-03-068210-index.htm,https://www.sec.gov/Archives/edgar/data/740260/000119312503068210/d10q.htm,1620599671,18:34:31,20210509
71,2003-06-30,VTR,USD,2003-07-24,2003-07-24 16:47:13,Q2,50185000,0.0,0.0,0.0,0.0,3080000.0,0.0,0.0,18433000.0,18433000.0,0.0,10211000.0,41963000,0.8361661851150742,31752000.0,0.6326990136494969,0.0,0.0,0.0,0.0,16129000.0,0.3213908538407891,0.2043326787863432,0.20268928683631793,78935000,79575000,https://www.sec.gov/Archives/edgar/data/740260/000119312503023482/0001193125-03-023482-index.htm,https://www.sec.gov/Archives/edgar/data/740260/000119312503023482/d10q.htm,1620599671,18:34:31,20210509
72,2003-03-31,VTR,USD,2003-04-29,2003-04-29 16:39:49,Q1,50423000,0.0,0.0,0.0,0.0,3140000.0,0.0,0.0,3990000.0,3990000.0,0.0,10801000.0,57234000,1.1350772464946552,46433000.0,0.9208694444995339,0.0,0.0,0.0,0.0,37288000.0,0.7395037978700196,0.47299388588680014,0.47023809523809523,78834000,79296000,https://www.sec.gov/Archives/edgar/data/740260/000119312503002445/0001193125-03-002445-index.htm,https://www.sec.gov/Archives/edgar/data/740260/000093066103000809/d10k.htm,1620599671,18:34:31,20210509
73,2002-12-31,VTR,USD,2003-02-26,2003-02-26 08:51:09,Q4,49835000,0.0,0.0,0.0,0.0,2441000.0,0.0,0.0,17136000.0,17136000.0,0.0,10775000.0,43474000,0.8723587839871576,32699000.0,0.6561452794220929,0.0,13538000.0,0.27165646633891843,0.0,9444000.0,0.1895053677134544,0.11979602709490829,0.11979602709490829,78834000,78834000,https://www.sec.gov/Archives/edgar/data/740260/000093066103000809/0000930661-03-000809-index.htm,https://www.sec.gov/Archives/edgar/data/740260/000093066103000809/d10k.htm,1620599671,18:34:31,20210509
74,2002-09-30,VTR,USD,2002-10-29,2002-10-29 17:16:19,Q3,49079000,0.0,0.0,0.0,0.0,2410000.0,0.0,0.0,15527000.0,15527000.0,0.0,10414000.0,43966000,0.8958210232482324,33552000.0,0.6836325108498543,0.0,14893000.0,0.30344954053668577,-2200000.0,17093000.0,0.34827522973165714,0.25,0.24,69098000,70047000,https://www.sec.gov/Archives/edgar/data/740260/000093066102003647/0000930661-02-003647-index.htm,https://www.sec.gov/Archives/edgar/data/740260/000093066102003647/d10q.htm,1620599671,18:34:31,20210509
75,2002-06-30,VTR,USD,2002-07-25 00:00:00,2002-07-25 14:24:09,Q2,51246000,0.0,0.0,0.0,0.0,2601000.0,0.0,0.0,16044000.0,16044000.0,0.0,10390000.0,45592000,0.8896694376146431,35202000.0,0.6869219060999883,-5587000.0,10536000.0,0.20559653436365766,0.0,26468000.0,0.5164890918315576,0.38442992011619465,0.3781034827576355,68850000,70002000,https://www.sec.gov/Archives/edgar/data/740260/000093066102002517/0000930661-02-002517-index.html,https://www.sec.gov/Archives/edgar/data/740260/000093066102002517/d10q.htm,1620599671,18:34:31,20210509
76,2002-03-31,VTR,USD,2002-05-14 00:00:00,2002-05-13 18:35:46,Q1,46739000,0.0,0.0,0.0,0.0,2311000.0,0.0,0.0,16292000.0,16292000.0,0.0,10466000.0,40913000,0.8753503498149298,30447000.0,0.651426003979546,2114000.0,12701000.0,0.2717430839341877,0.0,12701000.0,0.2717430839341877,0.18488165594340447,0.18184811866445222,68698000,69844000,https://www.sec.gov/Archives/edgar/data/740260/000093066102001639/0000930661-02-001639-index.html,https://www.sec.gov/Archives/edgar/data/740260/000093066102001639/d10q.txt,1620599671,18:34:31,20210509
77,2001-12-31,VTR,USD,2001-12-31,2001-12-31,Q4,62305000,0.0,0.0,0.0,0.0,2504000.0,0.0,0.0,15787000.0,15787000.0,0.0,10523000.0,57041000,0.9155123986838938,46518000.0,0.7466174464328705,0.0,24087000.0,0.3865981863413851,330000.0,22725000.0,0.3647379825054169,0.33079565635098546,0.33079565635098546,68698000,68698000,,,1620599671,18:34:31,20210509
78,2001-09-30,VTR,USD,2001-11-13 00:00:00,2001-11-13 00:00:00,Q3,47296000,0.0,0.0,0.0,0.0,2598000.0,0.0,0.0,16146000.0,16146000.0,0.0,10510000.0,41660000,0.8808355886332883,31150000.0,0.6586180649526387,580000.0,9627000.0,0.20354786874154263,470000.0,9157000.0,0.19361045331529092,0.1336963980668993,0.13159634398712347,68491000,69584000,https://www.sec.gov/Archives/edgar/data/740260/000093066101502313/0000930661-01-502313-index.html,https://www.sec.gov/Archives/edgar/data/740260/000093066101502313/d10q.txt,1620599671,18:34:31,20210509
79,2001-06-30,VTR,USD,2001-08-10 00:00:00,2001-08-10 00:00:00,Q2,47356000,0.0,0.0,0.0,0.0,2593000.0,0.0,0.0,16084000.0,16084000.0,0.0,10507000.0,41779000,0.8822324520652082,31272000.0,0.6603598276881494,0.0,9315000.0,0.19670157952529774,1210000.0,8105000.0,0.17115043500295632,0.11847856276220965,0.11694345448511695,68409000,69307000,https://www.sec.gov/Archives/edgar/data/740260/000093066101501507/0000930661-01-501507-index.html,https://www.sec.gov/Archives/edgar/data/740260/000093066101501507/d10q.txt,1620599671,18:34:31,20210509
80,2001-03-31,VTR,USD,2001-04-16 00:00:00,2001-04-16 00:00:00,Q1,47624000,0.0,0.0,0.0,0.0,2549000.0,0.0,0.0,-1799000.0,-1799000.0,0.0,10498000.0,59921000,1.258210146144801,49423000.0,1.037775071392575,0.0,11254000.0,0.23630942381992273,675000.0,10579000.0,0.22213589786662188,0.16,0.15,68222000,68872000,https://www.sec.gov/Archives/edgar/data/740260/000095013001500708/0000950130-01-500708-index.html,https://www.sec.gov/Archives/edgar/data/740260/000095013001500708/d10k.txt,1620599671,18:34:31,20210509
81,2000-12-31,VTR,USD,2000-12-31,2000-12-31,Q4,62369000,0.0,0.0,0.0,0.0,2302000.0,0.0,0.0,-21604000.0,-21604000.0,0.0,10506000.0,94479000,1.5148391027593837,83973000.0,1.3463900335102374,0.0,0.0,0.0,0.0,-84278000.0,-1.3512802834741617,-1.2353493008120549,-1.2353493008120549,68222000,68222000,,,1620599671,18:34:31,20210509
82,2000-09-30,VTR,USD,2000-11-07 00:00:00,2000-11-07 00:00:00,Q3,60879000,0.0,0.0,0.0,0.0,2602000.0,0.0,0.0,28637000.0,28637000.0,0.0,10522000.0,42764000,0.7024425499761823,32242000.0,0.5296079107738301,0.0,0.0,0.0,0.0,8581000.0,0.14095172391136518,0.12612069725741498,0.12577685272045028,68038000,68224000,https://www.sec.gov/Archives/edgar/data/740260/000095013000005810/0000950130-00-005810-index.html,https://www.sec.gov/Archives/edgar/data/740260/000095013000005810/0000950130-00-005810-0001.txt,1620599671,18:34:31,20210509
83,2000-06-30,VTR,USD,2000-08-11 00:00:00,2000-08-11 00:00:00,Q2,59974000,0.0,0.0,0.0,0.0,2497000.0,0.0,0.0,28685000.0,28685000.0,0.0,10526000.0,41815000,0.6972187948110848,31289000.0,0.5217094074098776,0.0,0.0,0.0,0.0,7512000.0,0.1252542768533031,0.1104267423229012,0.11030675026798432,68027000,68101000,https://www.sec.gov/Archives/edgar/data/740260/000094018000000987/0000940180-00-000987-index.html,https://www.sec.gov/Archives/edgar/data/740260/000094018000000987/0000940180-00-000987-0001.txt,1620599671,18:34:31,20210509
84,2000-03-31,VTR,USD,2000-05-09 00:00:00,2000-05-09 00:00:00,Q1,59100000,0.0,0.0,0.0,0.0,2288000.0,0.0,0.0,28311000.0,28311000.0,0.0,10634000.0,41423000,0.7008967851099831,30789000.0,0.5209644670050761,0.0,0.0,0.0,0.0,2733000.0,0.04624365482233503,0.04025155380129017,0.04024325597832489,67898000,67912000,https://www.sec.gov/Archives/edgar/data/740260/000094018000000561/0000940180-00-000561-index.html,https://www.sec.gov/Archives/edgar/data/740260/0000940180-00-000561.txt,1620599671,18:34:31,20210509
85,1999-12-31,VTR,USD,1999-12-31,1999-12-31,Q4,59345000,0.0,0.0,0.0,0.0,-4533000.0,0.0,0.0,143557000.0,143557000.0,0.0,5203000.0,-79009000,-1.3313505771337097,-84212000.0,-1.419024349144831,7500000.0,0.0,0.0,0.0,-10965000.0,-0.18476704018872694,-0.16149223835753632,-0.16149223835753632,67898000,67898000,,,1620599671,18:34:31,20210509
86,1999-09-30,VTR,USD,1999-09-30,1999-09-30,Q3,59300000,0.0,0.0,0.0,0.0,5200000.0,0.0,0.0,-13800000.0,-13800000.0,0.0,12400000.0,85500000,1.4418212478920742,73100000.0,1.2327150084317031,-7500000.0,0.0,0.0,0.0,13000000.0,0.21922428330522767,0.19,0.19,68421053,68421053,,,1620599671,18:34:31,20210509
87,1999-06-30,VTR,USD,1999-08-16 00:00:00,1999-08-16 00:00:00,Q2,57900000,0.0,0.0,0.0,0.0,4600000.0,0.0,0.0,-14500000.0,-14500000.0,0.0,12400000.0,84800000,1.464594127806563,72400000.0,1.2504317789291883,0.0,0.0,0.0,0.0,20200000.0,0.3488773747841105,0.3,0.3,67333333,67333333,https://www.sec.gov/Archives/edgar/data/740260/000093176399002404/0000931763-99-002404-index.html,https://www.sec.gov/Archives/edgar/data/740260/0000931763-99-002404.txt,1620599671,18:34:31,20210509
88,1999-03-31,VTR,USD,1999-03-31,1999-03-31,Q1,56600000,0.0,0.0,0.0,0.0,2600000.0,0.0,0.0,-14400000.0,-14400000.0,0.0,12800000.0,83800000,1.480565371024735,71000000.0,1.254416961130742,-1300000.0,0.0,0.0,0.0,20300000.0,0.3586572438162544,0.3,0.3,67666667,67666667,,,1620599671,18:34:31,20210509
89,1998-12-31,VTR,USD,1998-12-31,1998-12-31,Q4,56500000,0.0,0.0,0.0,0.0,2500000.0,0.0,-2000000.0,34700000.0,34700000.0,0.0,10800000.0,32600000,0.5769911504424778,21800000.0,0.3858407079646018,0.0,21800000.0,0.3858407079646018,8200000.0,13700000.0,0.2424778761061947,0.20236,0.20236,67700000,67700000,,,1620599671,18:34:31,20210509
90,1998-09-30,VTR,USD,1998-11-13 00:00:00,1998-11-13 00:00:00,Q3,56200000,0.0,0.0,0.0,0.0,1900000.0,0.0,1200000.0,35300000.0,35300000.0,0.0,10799999.999999998,31700000,0.5640569395017794,20900000.0,0.3718861209964413,0.0,20900000.0,0.3718861209964413,7900000.0,12900000.0,0.22953736654804271,0.18999,0.18999,67900000,67900000,https://www.sec.gov/Archives/edgar/data/740260/000093066198002383/0000930661-98-002383-index.html,https://www.sec.gov/Archives/edgar/data/740260/0000930661-98-002383.txt,1620599671,18:34:31,20210509
