,date,symbol,reportedCurrency,fillingDate,acceptedDate,period,revenue,costOfRevenue,grossProfit,grossProfitRatio,researchAndDevelopmentExpenses,generalAndAdministrativeExpenses,sellingAndMarketingExpenses,otherExpenses,operatingExpenses,costAndExpenses,interestExpense,depreciationAndAmortization,ebitda,ebitdaratio,operatingIncome,operatingIncomeRatio,totalOtherIncomeExpensesNet,incomeBeforeTax,incomeBeforeTaxRatio,incomeTaxExpense,netIncome,netIncomeRatio,eps,epsdiluted,weightedAverageShsOut,weightedAverageShsOutDil,link,finalLink,timestamp,est_time,est_date
0,2021-03-31,JBLU,USD,2021-04-30,2021-04-30 15:51:01,Q1,733000000,1083000000,-350000000,-0.47748976807639837,0.0,0.0,23000000.0,0.0,233000000,1316000000,55000000.0,117000000.0,-466000000.0,-0.635743519781719,-583000000,-0.4733969986357435,289000000.0,-347000000.0,-0.4733969986357435,-100000000.0,-247000000.0,-0.3369713506139154,-0.78,-0.78,316300000,316300000,https://www.sec.gov/Archives/edgar/data/1158463/000115846321000041/0001158463-21-000041-index.htm,https://www.sec.gov/Archives/edgar/data/1158463/000115846321000041/jblu-20210331.htm,1620593878,16:57:58,20210509
1,2020-12-31,JBLU,USD,2021-03-02,2021-03-02 10:39:46,Q4,662000000,957000000,-295000000,-0.44561933534743203,0.0,0.0,26000000.0,4560016.0,179000000,1136000000,58000000.0,128000000.0,-346000000.0,-0.5226586102719033,-474000000,-0.716012084592145,20000000.0,-512000000.0,-0.7734138972809668,-139000000.0,-373000000.0,-0.5634441087613293,-1.34,-1.34,284100000,284100000,https://www.sec.gov/Archives/edgar/data/1158463/000162828021003705/0001628280-21-003705-index.htm,https://www.sec.gov/Archives/edgar/data/1158463/000162828021003705/jblu-20201231.htm,1620593878,16:57:58,20210509
2,2020-09-30,JBLU,USD,2020-11-09,2020-11-09 14:05:45,Q3,492000000,929000000,-437000000,-0.8882113821138211,0.0,0.0,24000000.0,984000.0,-141000000,788000000,62000000.0,128000000.0,-168000000.0,-0.34146341463414637,-296000000,-0.6016260162601627,-220000000.0,-578000000.0,-1.1747967479674797,-185000000.0,-393000000.0,-0.7987804878048781,-1.44,-1.44,272400000,272400000,https://www.sec.gov/Archives/edgar/data/1158463/000115846320000063/0001158463-20-000063-index.htm,https://www.sec.gov/Archives/edgar/data/1158463/000115846320000063/q32020form10-q.htm,1620593878,16:57:58,20210509
3,2020-06-30,JBLU,USD,2020-07-31,2020-07-31 16:34:26,Q2,215000000,797000000,-582000000,-2.7069767441860466,0.0,0.0,8000000.0,0.0,-172000000,625000000,37000000.0,140000000.0,-270000000.0,-1.255813953488372,-410000000,-1.9069767441860466,304000000.0,-450000000.0,-2.0930232558139537,-130000000.0,-320000000.0,-1.4883720930232558,-1.18,-1.18,271700000,271700000,https://www.sec.gov/Archives/edgar/data/1158463/000115846320000051/0001158463-20-000051-index.htm,https://www.sec.gov/Archives/edgar/data/1158463/000115846320000051/q22020form10-q.htm,1620593878,16:57:58,20210509
4,2020-03-31,JBLU,USD,2020-05-08 00:00:00,2020-05-08 17:07:15,Q1,1588000000,1398000000,190000000,0.11964735516372796,0.0,0.0,53000000.0,0.0,322000000,1720000000,22000000.0,139000000.0,7000000.0,0.004408060453400504,-132000000,-0.08312342569269521,-202000000.0,-354000000.0,-0.22292191435768263,-86000000.0,-268000000.0,-0.16876574307304787,-0.97,-0.97,277200000,277200000,https://www.sec.gov/Archives/edgar/data/1158463/000115846320000031/0001158463-20-000031-index.html,https://www.sec.gov/Archives/edgar/data/1158463/000115846320000031/q12020form10-q.htm,1620593878,16:57:58,20210509
5,2019-12-31,JBLU,USD,2020-02-18 00:00:00,2020-02-18 17:09:14,Q4,2031000000,1456000000,575000000,0.28311176760216644,0.0,0.0,75000000.0,0.0,348000000,1804000000,18000000.0,140000000.0,367000000.0,0.18069916297390448,227000000,0.11176760216642048,0.0,220000000.0,0.10832102412604629,59000000.0,161000000.0,0.0792712949286066,0.56333100069979,0.5592219520666898,285800000,287900000,https://www.sec.gov/Archives/edgar/data/1158463/000115846320000012/0001158463-20-000012-index.html,https://www.sec.gov/Archives/edgar/data/1158463/000115846320000012/a201910-k.htm,1620593878,16:57:58,20210509
6,2019-09-30,JBLU,USD,2019-10-28 00:00:00,2019-10-25 18:34:37,Q3,2086000000,1494000000,592000000,0.2837967401725791,0.0,0.0,74000000.0,0.0,345000000,1839000000,14000000.0,134000000.0,381000000.0,0.18264621284755514,247000000,0.1184084372003835,15000000.0,254000000.0,0.12176414189837009,67000000.0,187000000.0,0.08964525407478427,0.6360544217687075,0.6319702602230484,294000000,295900000,https://www.sec.gov/Archives/edgar/data/1158463/000115846319000082/0001158463-19-000082-index.html,https://www.sec.gov/Archives/edgar/data/1158463/000115846319000082/q32019form10-q.htm,1620593878,16:57:58,20210509
7,2019-06-30,JBLU,USD,2019-07-26,2019-07-26 16:09:12,Q2,2105000000,1501000000,604000000,0.2869358669833729,0.0,0.0,75000000.0,0.0,352000000,1853000000,16000000.0,127000000.0,379000000.0,0.18004750593824229,252000000,0.11971496437054632,-2000000.0,236000000.0,0.11211401425178147,57000000.0,179000000.0,0.0850356294536817,0.6,0.59,300300000,301800000,https://www.sec.gov/Archives/edgar/data/1158463/000115846319000062/q22019form10-q.htm,https://www.sec.gov/Archives/edgar/data/1158463/000115846319000062/q22019form10-q.htm,1620593878,16:57:58,20210509
8,2019-03-31,JBLU,USD,2019-04-26 00:00:00,2019-04-26 15:25:36,Q1,1871000000,1431000000,440000000,0.23516835916622128,0.0,0.0,66000000.0,0.0,352000000,1783000000,18000000.0,124000000.0,212000000.0,0.11330839123463389,88000000,0.04703367183324426,-12000000.0,58000000.0,0.03099946552645644,16000000.0,42000000.0,0.02244788882950294,0.13756960366852278,0.13685239491691104,305300000,306900000,https://www.sec.gov/Archives/edgar/data/1158463/000115846319000039/0001158463-19-000039-index.html,https://www.sec.gov/Archives/edgar/data/1158463/000115846319000039/q12019form10-q.htm,1620593878,16:57:58,20210509
9,2018-12-31,JBLU,USD,2019-02-21 00:00:00,2019-02-20 19:04:10,Q4,1968000000,1401000000,567000000,0.28810975609756095,0.0,0.0,80000000.0,0.0,342000000,1743000000,22000000.0,129000000.0,354000000.0,0.1798780487804878,225000000,0.11432926829268293,-4000000.0,201000000.0,0.10213414634146341,32000000.0,169000000.0,0.0858739837398374,0.5521071545246652,0.5490578297595842,306100000,307800000,https://www.sec.gov/Archives/edgar/data/1158463/000115846319000018/0001158463-19-000018-index.html,https://www.sec.gov/Archives/edgar/data/1158463/000115846319000018/a201810-k.htm,1620593878,16:57:58,20210509
10,2018-09-30,JBLU,USD,2018-10-26 00:00:00,2018-10-26 12:00:33,Q3,2008000000,1464000000,544000000,0.27091633466135456,0.0,0.0,72000000.0,0.0,349000000,1813000000,21000000.0,125000000.0,320000000.0,0.1593625498007968,195000000,0.09711155378486055,-112000000.0,68000000.0,0.03386454183266932,18000000.0,50000000.0,0.0249003984063745,0.16196954972465177,0.16113438607798905,308700000,310300000,https://www.sec.gov/Archives/edgar/data/1158463/000115846318000090/0001158463-18-000090-index.html,https://www.sec.gov/Archives/edgar/data/1158463/000115846318000090/q3201810-q201810xq.htm,1620593878,16:57:58,20210509
11,2018-06-30,JBLU,USD,2018-07-26 00:00:00,2018-07-26 16:56:18,Q2,1928000000,1418000000,510000000,0.2645228215767635,0.0,0.0,75000000.0,0.0,335000000,1753000000,19000000.0,120000000.0,295000000.0,0.15300829875518673,175000000,0.09076763485477178,-319000000.0,-160000000.0,-0.08298755186721991,-40000000.0,-120000000.0,-0.06224066390041494,-0.38,-0.38,315000000,315000000,https://www.sec.gov/Archives/edgar/data/1158463/000115846318000062/0001158463-18-000062-index.html,https://www.sec.gov/Archives/edgar/data/1158463/000115846318000062/q2201810-q201810xq.htm,1620593878,16:57:58,20210509
12,2018-03-31,JBLU,USD,2018-04-27 00:00:00,2018-04-27 16:12:31,Q1,1754000000,1299000000,455000000,0.2594070695553022,0.0,0.0,67000000.0,0.0,327000000,1626000000,20000000.0,117000000.0,245000000.0,0.13968072976054732,128000000,0.07297605473204105,0.0,110000000.0,0.06271379703534778,22000000.0,88000000.0,0.05017103762827822,0.28,0.27,320600000,322300000,https://www.sec.gov/Archives/edgar/data/1158463/000115846318000037/0001158463-18-000037-index.html,https://www.sec.gov/Archives/edgar/data/1158463/000115846318000037/q1201810-qdocument.htm,1620593878,16:57:58,20210509
13,2017-12-31,JBLU,USD,2018-02-16 00:00:00,2018-02-16 17:06:02,Q4,1756000000,1253000000,503000000,0.2864464692482916,0.0,0.0,72000000.0,0.0,314000000,1567000000,20000000.0,118000000.0,307000000.0,0.17482915717539863,189000000,0.10763097949886105,0.0,170000000.0,0.09681093394077449,-502000000.0,672000000.0,0.3826879271070615,2.04,2.03,320588235,322167488,https://www.sec.gov/Archives/edgar/data/1158463/000115846318000018/0001158463-18-000018-index.html,https://www.sec.gov/Archives/edgar/data/1158463/000115846318000018/a201710-k.htm,1620593878,16:57:58,20210509
14,2017-09-30,JBLU,USD,2017-10-27 00:00:00,2017-10-27 15:47:40,Q3,1813000000,1206000000,607000000,0.3348041919470491,0.0,0.0,68000000.0,0.0,297000000,1503000000,20000000.0,114000000.0,424000000.0,0.2338665195808053,310000000,0.1709873138444567,0.0,293000000.0,0.16161059018201876,114000000.0,179000000.0,0.09873138444567016,0.5489113768782582,0.546064673581452,326100000,327800000,https://www.sec.gov/Archives/edgar/data/1158463/000115846317000097/0001158463-17-000097-index.html,https://www.sec.gov/Archives/edgar/data/1158463/000115846317000097/q3201710-q.htm,1620593878,16:57:58,20210509
15,2017-06-30,JBLU,USD,2017-07-28 00:00:00,2017-07-28 15:09:34,Q2,1842000000,1189000000,653000000,0.3545059717698154,0.0,0.0,68000000.0,0.0,299000000,1488000000,22000000.0,109000000.0,463000000.0,0.251357220412595,354000000,0.19218241042345277,0.0,332000000.0,0.18023887079261672,121000000.0,211000000.0,0.11454940282301845,0.6392002423508027,0.6365007541478129,330100000,331500000,https://www.sec.gov/Archives/edgar/data/1158463/000115846317000072/0001158463-17-000072-index.html,https://www.sec.gov/Archives/edgar/data/1158463/000115846317000072/q2201710-qdocument.htm,1620593878,16:57:58,20210509
16,2017-03-31,JBLU,USD,2017-04-28 00:00:00,2017-04-28 15:45:25,Q1,1604000000,1167000000,437000000,0.2724438902743142,0.0,0.0,60000000.0,0.0,290000000,1457000000,23000000.0,105000000.0,252000000.0,0.1571072319201995,147000000,0.09164588528678304,0.0,126000000.0,0.07855361596009976,41000000.0,85000000.0,0.0529925187032419,0.2527505203687184,0.25133057362507394,336300000,338200000,https://www.sec.gov/Archives/edgar/data/1158463/000115846317000051/0001158463-17-000051-index.html,https://www.sec.gov/Archives/edgar/data/1158463/000115846317000051/q1201710-qdocument.htm,1620593878,16:57:58,20210509
17,2016-12-31,JBLU,USD,2017-02-17 00:00:00,2017-02-17 16:59:17,Q4,1641000000,1067000000,574000000,0.3497867154174284,0.0,0.0,62000000.0,0.0,278000000,1345000000,24000000.0,104000000.0,400000000.0,0.2437538086532602,296000000,0.18037781840341255,0.0,274000000.0,0.16697135892748324,94000000.0,180000000.0,0.10968921389396709,0.51,0.5,335100000,341600000,https://www.sec.gov/Archives/edgar/data/1158463/000115846317000016/0001158463-17-000016-index.html,https://www.sec.gov/Archives/edgar/data/1158463/000115846317000016/a201610-k.htm,1620593878,16:57:58,20210509
18,2016-09-30,JBLU,USD,2016-10-28 00:00:00,2016-10-28 14:06:35,Q3,1732000000,1095000000,637000000,0.36778290993071594,0.0,0.0,60000000.0,0.0,283000000,1378000000,26000000.0,101000000.0,455000000.0,0.26270207852193994,354000000,0.20438799076212472,0.0,330000000.0,0.1905311778290993,131000000.0,199000000.0,0.11489607390300231,0.61,0.58,323700000,343100000,https://www.sec.gov/Archives/edgar/data/1158463/000115846316000162/0001158463-16-000162-index.html,https://www.sec.gov/Archives/edgar/data/1158463/000115846316000162/q3201610-q.htm,1620593878,16:57:58,20210509
19,2016-06-30,JBLU,USD,2016-07-29,2016-07-29 11:07:00,Q2,1643000000,1045000000,598000000,0.3639683505782106,0.0,0.0,72000000.0,0.0,285000000,1330000000,26000000.0,97000000.0,410000000.0,0.24954351795496044,313000000,0.1905051734631771,0.0,289000000.0,0.17589774802191113,109000000.0,180000000.0,0.10955569080949483,0.56,0.53,323200000,342600000,https://www.sec.gov/Archives/edgar/data/1158463/000115846316000134/q2201610-qdocument.htm,https://www.sec.gov/Archives/edgar/data/1158463/000115846316000134/q2201610-qdocument.htm,1620593878,16:57:58,20210509
20,2016-03-31,JBLU,USD,2016-05-03 00:00:00,2016-05-03 12:02:12,Q1,1616000000,989000000,627000000,0.3879950495049505,0.0,0.0,64000000.0,0.0,278000000,1267000000,27000000.0,91000000.0,440000000.0,0.2722772277227723,349000000,0.21596534653465346,0.0,323000000.0,0.1998762376237624,124000000.0,199000000.0,0.12314356435643564,0.62,0.59,321600000,341500000,https://www.sec.gov/Archives/edgar/data/1158463/000115846316000119/0001158463-16-000119-index.html,https://www.sec.gov/Archives/edgar/data/1158463/000115846316000119/q1201610-qdocument.htm,1620593878,16:57:58,20210509
21,2015-12-31,JBLU,USD,2016-02-17 00:00:00,2016-02-17 17:22:10,Q4,1594000000,1021000000,573000000,0.3594730238393977,0.0,0.0,65000000.0,0.0,243000000,1264000000,28000000.0,93000000.0,423000000.0,0.26537013801756587,330000000,0.20702634880803011,0.0,303000000.0,0.19008782936010038,113000000.0,190000000.0,0.1191969887076537,0.6,0.56,318941000,342383000,https://www.sec.gov/Archives/edgar/data/1158463/000115846316000102/0001158463-16-000102-index.html,https://www.sec.gov/Archives/edgar/data/1158463/000115846316000102/a201510-k.htm,1620593878,16:57:58,20210509
22,2015-09-30,JBLU,USD,2015-10-30 00:00:00,2015-10-30 13:35:07,Q3,1687000000,1068000000,619000000,0.3669235328986366,0.0,0.0,69000000.0,0.0,268000000,1336000000,30000000.0,84000000.0,435000000.0,0.25785417901600477,351000000,0.2080616478956728,0.0,322000000.0,0.1908713692946058,124000000.0,198000000.0,0.11736810906935388,0.63,0.58,313782000,343519000,https://www.sec.gov/Archives/edgar/data/1158463/000115846315000080/0001158463-15-000080-index.html,https://www.sec.gov/Archives/edgar/data/1158463/000115846315000080/q3201510-qdocument.htm,1620593878,16:57:58,20210509
23,2015-06-30,JBLU,USD,2015-07-31 00:00:00,2015-07-31 11:58:34,Q2,1612000000,1074000000,538000000,0.3337468982630273,0.0,0.0,70000000.0,0.0,256000000,1330000000,32000000.0,81000000.0,363000000.0,0.22518610421836227,282000000,0.17493796526054592,0.0,250000000.0,0.15508684863523572,98000000.0,152000000.0,0.09429280397022333,0.48,0.44,316945000,347681000,https://www.sec.gov/Archives/edgar/data/1158463/000115846315000058/0001158463-15-000058-index.html,https://www.sec.gov/Archives/edgar/data/1158463/000115846315000058/q2201510-qdocument.htm,1620593878,16:57:58,20210509
24,2015-03-31,JBLU,USD,2015-04-30 00:00:00,2015-04-30 13:27:40,Q1,1523000000,1024000000,499000000,0.32764281024294156,0.0,0.0,60000000.0,0.0,246000000,1270000000,32000000.0,87000000.0,340000000.0,0.2232435981615233,253000000,0.16611950098489822,0.0,222000000.0,0.14576493762311227,85000000.0,137000000.0,0.08995403808273145,0.44,0.4,310159000,346245000,https://www.sec.gov/Archives/edgar/data/1158463/000115846315000032/0001158463-15-000032-index.html,https://www.sec.gov/Archives/edgar/data/1158463/000115846315000032/q1201510-qdocument.htm,1620593878,16:57:58,20210509
25,2014-12-31,JBLU,USD,2015-02-12,2015-02-12 15:29:28,Q4,1446000000,1070000000,376000000,0.2600276625172891,0.0,0.0,49000000.0,0.0,207000000,1277000000,30000000.0,85000000.0,254000000.0,0.17565698478561548,169000000,0.11687413554633472,0.0,140000000.0,0.09681881051175657,52000000.0,88000000.0,0.06085753803596127,0.29,0.26,300035000,342691000,https://www.sec.gov/Archives/edgar/data/1158463/000115846315000013/a201410-k.htm,https://www.sec.gov/Archives/edgar/data/1158463/000115846315000013/a201410-k.htm,1620593878,16:57:58,20210509
26,2014-09-30,JBLU,USD,2014-10-31 00:00:00,2014-10-31 11:27:14,Q3,1529000000,1140000000,389000000,0.2544146500981033,0.0,0.0,59000000.0,0.0,225000000,1365000000,33000000.0,79000000.0,243000000.0,0.15892740353172008,164000000,0.10725964682799215,0.0,132000000.0,0.08633093525179857,53000000.0,79000000.0,0.051667756703727925,0.27,0.24,290547000,341108000,https://www.sec.gov/Archives/edgar/data/1158463/000115846314000077/0001158463-14-000077-index.html,https://www.sec.gov/Archives/edgar/data/1158463/000115846314000077/jblu2014093010qdocument.htm,1620593878,16:57:58,20210509
27,2014-06-30,JBLU,USD,2014-08-01 00:00:00,2014-08-01 13:44:35,Q2,1493000000,1106000000,387000000,0.2592096450100469,0.0,0.0,69000000.0,0.0,246000000,1352000000,38000000.0,79000000.0,220000000.0,0.14735432016075017,141000000,0.09444072337575352,242000000.0,345000000.0,0.23107836570663096,115000000.0,230000000.0,0.15405224380442062,0.79,0.68,293511000,343866000,https://www.sec.gov/Archives/edgar/data/1158463/000115846314000056/0001158463-14-000056-index.html,https://www.sec.gov/Archives/edgar/data/1158463/000115846314000056/jblu2014063010qdocument.htm,1620593878,16:57:58,20210509
28,2014-03-31,JBLU,USD,2014-05-02 00:00:00,2014-05-02 13:03:50,Q1,1349000000,1073000000,276000000,0.20459599703484063,0.0,0.0,54000000.0,0.0,235000000,1308000000,35000000.0,82000000.0,123000000.0,0.09117865085248332,41000000,0.03039288361749444,0.0,6000000.0,0.004447739065974796,2000000.0,4000000.0,0.0029651593773165306,0.013567324455780698,0.013458361511777749,294826000,297213000,https://www.sec.gov/Archives/edgar/data/1158463/000115846314000029/0001158463-14-000029-index.html,https://www.sec.gov/Archives/edgar/data/1158463/000115846314000029/jblu2014033110-q.htm,1620593878,16:57:58,20210509
29,2013-12-31,JBLU,USD,2014-02-19,2014-02-18 21:25:46,Q4,1365000000,1040000000,325000000,0.23809523809523808,0.0,0.0,60000000.0,0.0,210000000,1250000000,37000000.0,83000000.0,198000000.0,0.14505494505494507,115000000,0.08424908424908426,0.0,77000000.0,0.05641025641025641,30000000.0,47000000.0,0.034432234432234435,0.16,0.14,289607000,344925000,https://www.sec.gov/Archives/edgar/data/1158463/000115846314000008/a201310-k.htm,https://www.sec.gov/Archives/edgar/data/1158463/000115846314000008/a201310-k.htm,1620593878,16:57:58,20210509
30,2013-09-30,JBLU,USD,2013-10-31 00:00:00,2013-10-31 16:38:19,Q3,1442000000,1079000000,363000000,0.25173370319001387,0.0,0.0,60000000.0,0.0,211000000,1290000000,36000000.0,77000000.0,229000000.0,0.15880721220527047,152000000,0.10540915395284327,0.0,119000000.0,0.0825242718446602,48000000.0,71000000.0,0.049237170596393896,0.25,0.21,280935000,343745000,https://www.sec.gov/Archives/edgar/data/1158463/000115846313000068/0001158463-13-000068-index.html,https://www.sec.gov/Archives/edgar/data/1158463/000115846313000068/jblu2013093010-q.htm,1620593878,16:57:58,20210509
31,2013-06-30,JBLU,USD,2013-08-07 00:00:00,2013-08-06 21:59:24,Q2,1335000000,1039000000,296000000,0.22172284644194756,0.0,0.0,53000000.0,0.0,194000000,1233000000,42000000.0,74000000.0,176000000.0,0.13183520599250936,102000000,0.07640449438202247,0.0,60000000.0,0.0449438202247191,24000000.0,36000000.0,0.02696629213483146,0.13,0.11,280621000,342993000,https://www.sec.gov/Archives/edgar/data/1158463/000115846313000050/0001158463-13-000050-index.html,https://www.sec.gov/Archives/edgar/data/1158463/000115846313000050/jblu2013063010-q.htm,1620593878,16:57:58,20210509
32,2013-03-31,JBLU,USD,2013-05-09 00:00:00,2013-05-08 20:36:14,Q1,1299000000,1031000000,268000000,0.2063125481139338,0.0,0.0,50000000.0,0.0,209000000,1240000000,38000000.0,72000000.0,131000000.0,0.100846805234796,59000000,0.04541955350269438,0.0,23000000.0,0.01770592763664357,9000000.0,14000000.0,0.01077752117013087,0.05004146292642475,0.0453282738345777,279768000,308858000,https://www.sec.gov/Archives/edgar/data/1158463/000115846313000033/0001158463-13-000033-index.html,https://www.sec.gov/Archives/edgar/data/1158463/000115846313000033/jblu2013033110-q.htm,1620593878,16:57:58,20210509
33,2012-12-31,JBLU,USD,2013-02-21 00:00:00,2013-02-20 19:46:45,Q4,1194000000,1922000000,-728000000,-0.609715242881072,0.0,0.0,52000000.0,0.0,-772000000,1150000000,41000000.0,71000000.0,115000000.0,0.09631490787269682,44000000,0.03685092127303183,0.0,1000000.0,0.0008375209380234506,0.0,1000000.0,0.0008375209380234506,0.003538,0.003515,282677000,284521000,https://www.sec.gov/Archives/edgar/data/1158463/000115846313000010/0001158463-13-000010-index.html,https://www.sec.gov/Archives/edgar/data/1158463/000115846313000010/a201210-k.htm,1620593878,16:57:58,20210509
34,2012-09-30,JBLU,USD,2012-11-01 00:00:00,2012-11-01 06:19:47,Q3,1308000000,671000000,637000000,0.48700305810397554,0.0,262000000.0,51000000.0,0.0,524000000,1195000000,42000000.0,68000000.0,181000000.0,0.13837920489296637,113000000,0.0863914373088685,2000000.0,73000000.0,0.05581039755351682,28000000.0,45000000.0,0.034403669724770644,0.16,0.14,282880000,344792000,https://www.sec.gov/Archives/edgar/data/1158463/000115846312000040/0001158463-12-000040-index.html,https://www.sec.gov/Archives/edgar/data/1158463/000115846312000040/jblu2012093010-q.htm,1620593878,16:57:58,20210509
35,2012-06-30,JBLU,USD,2012-08-01 00:00:00,2012-08-01 10:22:07,Q2,1277000000,640000000,637000000,0.4988253719655442,0.0,265000000.0,54000000.0,0.0,507000000,1147000000,42000000.0,66000000.0,196000000.0,0.1534847298355521,130000000,0.10180109631949882,-2000000.0,86000000.0,0.06734534064212999,34000000.0,52000000.0,0.04072043852779953,0.19,0.16,282494000,343786000,https://www.sec.gov/Archives/edgar/data/1158463/000115846312000025/0001158463-12-000025-index.html,https://www.sec.gov/Archives/edgar/data/1158463/000115846312000025/jblu2012063010-q.htm,1620593878,16:57:58,20210509
36,2012-03-31,JBLU,USD,2012-05-02,2012-05-01 21:17:07,Q1,1203000000,620000000,583000000,0.484621778886118,0.0,255000000.0,47000000.0,0.0,494000000,1114000000,43000000.0,64000000.0,153000000.0,0.12718204488778054,89000000,0.0739817123857024,3000000.0,49000000.0,0.040731504571903575,19000000.0,30000000.0,0.02493765586034913,0.11,0.09,281206000,342825000,https://www.sec.gov/Archives/edgar/data/1158463/000119312512084229/d273260d10k.htm,https://www.sec.gov/Archives/edgar/data/1158463/000119312512084229/d273260d10k.htm,1620593878,16:57:58,20210509
37,2011-12-31,JBLU,USD,2012-02-28 00:00:00,2012-02-28 12:45:50,Q4,1146000000,346000000,800000000,0.6980802792321117,0.0,241000000.0,54000000.0,0.0,717000000,1063000000,44000000.0,66000000.0,149000000.0,0.1300174520069808,83000000,0.07242582897033159,1000000.0,40000000.0,0.034904013961605584,17000000.0,23000000.0,0.02006980802792321,0.0817905734586033,0.0817905734586033,281206000,281206000,https://www.sec.gov/Archives/edgar/data/1158463/000119312512084229/0001193125-12-084229-index.html,https://www.sec.gov/Archives/edgar/data/1158463/000119312512084229/d273260d10k.htm,1620593878,16:57:58,20210509
38,2011-09-30,JBLU,USD,2011-11-02 00:00:00,2011-11-02 16:29:11,Q3,1195000000,610000000,585000000,0.4895397489539749,0.0,236000000.0,49000000.0,0.0,477000000,1087000000,44000000.0,60000000.0,168000000.0,0.14058577405857742,108000000,0.09037656903765691,-8000000.0,56000000.0,0.04686192468619247,21000000.0,35000000.0,0.029288702928870293,0.12,0.11,279099000,346253000,https://www.sec.gov/Archives/edgar/data/1158463/000095012311094368/0000950123-11-094368-index.html,https://www.sec.gov/Archives/edgar/data/1158463/000095012311094368/y05127e10vq.htm,1620593878,16:57:58,20210509
39,2011-06-30,JBLU,USD,2011-08-03 00:00:00,2011-08-03 17:29:17,Q2,1151000000,592000000,559000000,0.48566463944396177,0.0,235000000.0,51000000.0,0.0,473000000,1065000000,43000000.0,62000000.0,148000000.0,0.12858384013900956,86000000,0.07471763683753258,0.0,43000000.0,0.03735881841876629,18000000.0,25000000.0,0.021720243266724587,0.09,0.08,278459000,348859000,https://www.sec.gov/Archives/edgar/data/1158463/000095012311072331/0000950123-11-072331-index.html,https://www.sec.gov/Archives/edgar/data/1158463/000095012311072331/y04994e10vq.htm,1620593878,16:57:58,20210509
40,2011-03-31,JBLU,USD,2011-05-10 00:00:00,2011-05-10 16:14:39,Q1,1012000000,496000000,516000000,0.5098814229249012,0.0,235000000.0,45000000.0,0.0,471000000,967000000,43000000.0,59000000.0,104000000.0,0.10276679841897234,45000000,0.044466403162055336,0.0,6000000.0,0.005928853754940711,3000000.0,3000000.0,0.0029644268774703555,0.010820129769423035,0.010739523594733338,277261000,279342000,https://www.sec.gov/Archives/edgar/data/1158463/000095012311048324/0000950123-11-048324-index.html,https://www.sec.gov/Archives/edgar/data/1158463/000095012311048324/y04767e10vq.htm,1620593878,16:57:58,20210509
41,2010-12-31,JBLU,USD,2011-02-25,2011-02-25 06:22:46,Q4,940000000,250000000,690000000,0.7340425531914894,0.0,227000000.0,49000000.0,0.0,457000000,707000000,44000000.0,57000000.0,290000000.0,0.30851063829787234,233000000,0.2478723404255319,0.0,15000000.0,0.015957446808510637,6000000.0,9000000.0,0.009574468085106383,0.032460389308269104,0.032460389308269104,277261000,277261000,https://www.sec.gov/Archives/edgar/data/1158463/000095012311018216/y04224e10vk.htm,https://www.sec.gov/Archives/edgar/data/1158463/000095012311018216/y04224e10vk.htm,1620593878,16:57:58,20210509
42,2010-09-30,JBLU,USD,2010-10-26 00:00:00,2010-10-26 14:08:41,Q3,1030000000,244000000,786000000,0.7631067961165049,0.0,227000000.0,47000000.0,0.0,462000000,706000000,44000000.0,57000000.0,381000000.0,0.3699029126213592,324000000,0.3145631067961165,0.0,97000000.0,0.0941747572815534,38000000.0,59000000.0,0.05728155339805825,0.21,0.18,275731000,346934000,https://www.sec.gov/Archives/edgar/data/1158463/000095012310096036/0000950123-10-096036-index.html,https://www.sec.gov/Archives/edgar/data/1158463/000095012310096036/y04086e10vq.htm,1620593878,16:57:58,20210509
43,2010-06-30,JBLU,USD,2010-07-27 00:00:00,2010-07-27 17:04:33,Q2,939000000,231000000,708000000,0.7539936102236422,0.0,218000000.0,43000000.0,0.0,436000000,667000000,44000000.0,57000000.0,329000000.0,0.3503727369542066,272000000,0.2896698615548456,0.0,51000000.0,0.054313099041533544,21000000.0,30000000.0,0.03194888178913738,0.11,0.1,275229000,346437000,https://www.sec.gov/Archives/edgar/data/1158463/000095012310068583/0000950123-10-068583-index.html,https://www.sec.gov/Archives/edgar/data/1158463/000095012310068583/y03246e10vq.htm,1620593878,16:57:58,20210509
44,2010-03-31,JBLU,USD,2010-05-03 00:00:00,2010-05-03 17:25:30,Q1,870000000,208000000,662000000,0.7609195402298851,0.0,219000000.0,40000000.0,0.0,450000000,658000000,47000000.0,59000000.0,271000000.0,0.3114942528735632,212000000,0.24367816091954023,1000000.0,-2000000.0,-0.0022988505747126436,-1000000.0,-1000000.0,-0.0011494252873563218,-0.01,-0.01,274053000,274053000,https://www.sec.gov/Archives/edgar/data/1158463/000095012310042839/0000950123-10-042839-index.html,https://www.sec.gov/Archives/edgar/data/1158463/000095012310042839/y03434e10vq.htm,1620593878,16:57:58,20210509
45,2009-12-31,JBLU,USD,2010-02-05 00:00:00,2010-02-05 17:30:06,Q4,832000000,212000000,620000000,0.7451923076923077,0.0,200000000.0,38000000.0,0.0,388000000,600000000,42000000.0,60000000.0,292000000.0,0.35096153846153844,232000000,0.27884615384615385,0.0,20000000.0,0.02403846153846154,9000000.0,11000000.0,0.013221153846153846,0.04013822143891875,0.04013822143891875,274053000,274053000,https://www.sec.gov/Archives/edgar/data/1158463/000095012310009322/0000950123-10-009322-index.html,https://www.sec.gov/Archives/edgar/data/1158463/000095012310009322/y02987e10vk.htm,1620593878,16:57:58,20210509
46,2009-09-30,JBLU,USD,2009-10-27 00:00:00,2009-10-27 16:42:40,Q3,854000000,199000000,655000000,0.7669789227166276,0.0,199000000.0,38000000.0,0.0,415000000,614000000,50000000.0,60000000.0,300000000.0,0.351288056206089,240000000,0.2810304449648712,2000000.0,23000000.0,0.026932084309133488,8000000.0,15000000.0,0.01756440281030445,0.055102895473480816,0.04358323962936813,272218000,344169000,https://www.sec.gov/Archives/edgar/data/1158463/000095012309053678/0000950123-09-053678-index.html,https://www.sec.gov/Archives/edgar/data/1158463/000095012309053678/y02454e10vq.htm,1620593878,16:57:58,20210509
47,2009-06-30,JBLU,USD,2009-07-28 00:00:00,2009-07-28 12:39:30,Q2,807000000,175000000,632000000,0.7831474597273854,0.0,192000000.0,38000000.0,0.0,384000000,559000000,47000000.0,58000000.0,306000000.0,0.379182156133829,248000000,0.3073110285006196,0.0,36000000.0,0.04460966542750929,16000000.0,20000000.0,0.024783147459727387,0.08,0.07,251770000,323262000,https://www.sec.gov/Archives/edgar/data/1158463/000095012309026151/0000950123-09-026151-index.html,https://www.sec.gov/Archives/edgar/data/1158463/000095012309026151/y01986e10vq.htm,1620593878,16:57:58,20210509
48,2009-03-31,JBLU,USD,2009-04-29 00:00:00,2009-04-29 08:16:49,Q1,793000000,169000000,624000000,0.7868852459016393,0.0,185000000.0,37000000.0,0.0,387000000,556000000,51000000.0,56000000.0,293000000.0,0.3694829760403531,237000000,0.2988650693568726,0.0,20000000.0,0.025220680958385876,8000000.0,12000000.0,0.015132408575031526,0.04910104176043602,0.04370724884722131,244394000,274554000,https://www.sec.gov/Archives/edgar/data/1158463/000095012309007443/0000950123-09-007443-index.html,https://www.sec.gov/Archives/edgar/data/1158463/000095012309007443/y01553e10vq.htm,1620593878,16:57:58,20210509
49,2008-12-31,JBLU,USD,2009-02-13 00:00:00,2009-02-13 17:23:05,Q4,811000000,231000000,580000000,0.7151664611590629,0.0,175000000.0,33000000.0,0.0,373000000,604000000,59000000.0,61000000.0,268000000.0,0.33045622688039455,207000000,0.25524044389642414,5000000.0,-49000000.0,-0.06041923551171394,8000000.0,-57000000.0,-0.07028360049321825,-0.2332299483620711,-0.2332299483620711,244394000,244394000,https://www.sec.gov/Archives/edgar/data/1158463/000095012309002805/0000950123-09-002805-index.html,https://www.sec.gov/Archives/edgar/data/1158463/000095012309002805/y01094e10vk.htm,1620593878,16:57:58,20210509
50,2008-09-30,JBLU,USD,2008-10-24 00:00:00,2008-10-24 17:27:47,Q3,902000000,341000000,561000000,0.6219512195121951,0.0,173000000.0,38000000.0,0.0,369000000,710000000,64000000.0,55000000.0,247000000.0,0.2738359201773836,192000000,0.21286031042128603,15000000.0,-4000000.0,-0.004434589800443459,0.0,-4000000.0,-0.004434589800443459,-0.02,-0.02,225927000,225927000,https://www.sec.gov/Archives/edgar/data/1158463/000095012308013465/0000950123-08-013465-index.html,https://www.sec.gov/Archives/edgar/data/1158463/000095012308013465/y00353e10vq.htm,1620593878,16:57:58,20210509
51,2008-06-30,JBLU,USD,2008-07-25 00:00:00,2008-07-25 13:02:23,Q2,859000000,321000000,538000000,0.6263096623981373,0.0,168000000.0,42000000.0,0.0,355000000,676000000,53000000.0,48000000.0,231000000.0,0.2689173457508731,183000000,0.21303841676367868,14000000.0,-10000000.0,-0.011641443538998836,-3000000.0,-7000000.0,-0.008149010477299184,-0.03,-0.03,225283000,225283000,https://www.sec.gov/Archives/edgar/data/1158463/000095012308008311/0000950123-08-008311-index.html,https://www.sec.gov/Archives/edgar/data/1158463/000095012308008311/y63893e10vq.htm,1620593878,16:57:58,20210509
52,2008-03-31,JBLU,USD,2008-04-25 00:00:00,2008-04-25 16:45:27,Q1,816000000,620000000,196000000,0.24019607843137256,0.0,134000000.0,39000000.0,0.0,882000000,1502000000,0.0,45000000.0,-641000000.0,-0.7855392156862745,-686000000,-0.8406862745098039,14000000.0,-13000000.0,-0.015931372549019607,-5000000.0,-8000000.0,-0.00980392156862745,-0.04,-0.04,200000000,200000000,https://www.sec.gov/Archives/edgar/data/1158463/000095013608002104/0000950136-08-002104-index.html,https://www.sec.gov/Archives/edgar/data/1158463/000095013608002104/file1.htm,1620593878,16:57:58,20210509
53,2007-12-31,JBLU,USD,2008-02-21,2008-02-21 15:58:01,Q4,739000000,542000000,197000000,0.2665764546684709,0.0,120000000.0,29000000.0,0.0,785000000,1327000000,0.0,47000000.0,-541000000.0,-0.7320703653585927,-588000000,-0.7956698240866035,13000000.0,-3000000.0,-0.0040595399188092015,1000000.0,-4000000.0,-0.005412719891745603,-0.02,-0.02,200000000,200000000,https://www.sec.gov/Archives/edgar/data/1158463/000095013608000821/file1.htm,https://www.sec.gov/Archives/edgar/data/1158463/000095013608000821/file1.htm,1620593878,16:57:58,20210509
54,2007-09-30,JBLU,USD,2007-10-25 00:00:00,2007-10-25 16:52:08,Q3,765000000,527000000,238000000,0.3111111111111111,0.0,120000000.0,32000000.0,0.0,762000000,1289000000,0.0,44000000.0,-480000000.0,-0.6274509803921569,-524000000,-0.6849673202614379,11000000.0,46000000.0,0.06013071895424837,23000000.0,23000000.0,0.030065359477124184,0.13,0.12,176923077,191666667,https://www.sec.gov/Archives/edgar/data/1158463/000095013607007232/0000950136-07-007232-index.html,https://www.sec.gov/Archives/edgar/data/1158463/000095013607007232/file1.htm,1620593878,16:57:58,20210509
55,2007-06-30,JBLU,USD,2007-07-26 00:00:00,2007-07-26 13:28:36,Q2,730000000,502000000,228000000,0.31232876712328766,0.0,124000000.0,31000000.0,0.0,734000000,1236000000,0.0,43000000.0,-463000000.0,-0.6342465753424658,-506000000,-0.6931506849315069,11000000.0,43000000.0,0.0589041095890411,22000000.0,21000000.0,0.028767123287671233,0.12,0.11,175000000,190909091,https://www.sec.gov/Archives/edgar/data/1158463/000095013607005140/0000950136-07-005140-index.html,https://www.sec.gov/Archives/edgar/data/1158463/000095013607005140/file1.htm,1620593878,16:57:58,20210509
56,2007-03-31,JBLU,USD,2007-04-24 00:00:00,2007-04-24 16:18:13,Q1,608000000,461000000,147000000,0.24177631578947367,0.0,120000000.0,29000000.0,0.0,696000000,1157000000,0.0,42000000.0,-507000000.0,-0.8338815789473685,-549000000,-0.9029605263157895,8000000.0,-45000000.0,-0.07401315789473684,-23000000.0,-22000000.0,-0.03618421052631579,-0.12,-0.12,183333333,183333333,https://www.sec.gov/Archives/edgar/data/1158463/000095013607002720/0000950136-07-002720-index.html,https://www.sec.gov/Archives/edgar/data/1158463/000095013607002720/file1.htm,1620593878,16:57:58,20210509
57,2006-12-31,JBLU,USD,2007-02-14,2007-02-14 15:53:24,Q4,633000000,417000000,216000000,0.3412322274881517,0.0,111000000.0,27000000.0,0.0,639000000,1056000000,0.0,48000000.0,-375000000.0,-0.5924170616113744,-423000000,-0.6682464454976303,8000000.0,30000000.0,0.04739336492890995,13000000.0,17000000.0,0.026856240126382307,0.09272727289586777,0.09272727289586777,183333333,183333333,https://www.sec.gov/Archives/edgar/data/1158463/000095013607000901/file1.htm,https://www.sec.gov/Archives/edgar/data/1158463/000095013607000901/file1.htm,1620593878,16:57:58,20210509
58,2006-09-30,JBLU,USD,2006-10-24,2006-10-24 16:07:06,Q3,628000000,457000000,171000000,0.27229299363057324,0.0,111000000.0,27000000.0,0.0,656000000,1113000000,0.0,32000000.0,-453000000.0,-0.7213375796178344,-485000000,-0.7722929936305732,3000000.0,1000000.0,0.0015923566878980893,1000000.0,0.0,0.0,0.0,0.0,180000000,180000000,https://www.sec.gov/Archives/edgar/data/1158463/000095013606008796/file1.htm,https://www.sec.gov/Archives/edgar/data/1158463/000095013606008796/file1.htm,1620593878,16:57:58,20210509
59,2006-06-30,JBLU,USD,2006-07-25,2006-07-25 16:48:40,Q2,612000000,426000000,186000000,0.30392156862745096,0.0,99000000.0,30000000.0,0.0,627000000,1053000000,0.0,37000000.0,-404000000.0,-0.6601307189542484,-441000000,-0.7205882352941176,7000000.0,25000000.0,0.04084967320261438,11000000.0,14000000.0,0.02287581699346405,0.08,0.08,175000000,175000000,https://www.sec.gov/Archives/edgar/data/1158463/000095013606005960/file1.htm,https://www.sec.gov/Archives/edgar/data/1158463/000095013606005960/file1.htm,1620593878,16:57:58,20210509
60,2006-03-31,JBLU,USD,2006-04-25,2006-04-25 16:53:01,Q1,490000000,389000000,101000000,0.20612244897959184,0.0,98000000.0,20000000.0,0.0,575000000,964000000,0.0,34000000.0,-440000000.0,-0.8979591836734694,-474000000,-0.9673469387755103,5000000.0,-47000000.0,-0.09591836734693877,-15000000.0,-32000000.0,-0.0653061224489796,-0.18,-0.18,177777778,177777778,https://www.sec.gov/Archives/edgar/data/1158463/000095013606001033/file001.htm,https://www.sec.gov/Archives/edgar/data/1158463/000095013606001033/file001.htm,1620593878,16:57:58,20210509
61,2005-12-31,JBLU,USD,2006-02-14,2006-02-14 17:17:29,Q4,445710000,358566000,87144000,0.19551726458908258,0.0,83634000.0,19256000.0,0.0,528577000,887143000,0.0,34494000.0,-406939000.0,-0.9130129456372978,-441433000,-0.9904040743981513,4476000.0,-55326000.0,-0.12413003971192031,-13160000.0,-42166000.0,-0.09460411478315496,-0.23718374970352032,-0.23718374970352032,177777778,177777778,https://www.sec.gov/Archives/edgar/data/1158463/000095013606001033/file001.htm,https://www.sec.gov/Archives/edgar/data/1158463/000095013606001033/file001.htm,1620593878,16:57:58,20210509
62,2005-09-30,JBLU,USD,2005-10-25,2005-10-25 16:44:29,Q3,452915000,325254000,127661000,0.28186525065409623,0.0,72633000.0,21996000.0,0.0,484518000,809772000,0.0,29511000.0,-327346000.0,-0.7227537175849773,-356857000,-0.7879116390492698,3855000.0,-3697000.0,-0.008162679531479417,-6383000.0,2686000.0,0.005930472605234978,0.02,0.013333,134300000,201450000,https://www.sec.gov/Archives/edgar/data/1158463/000095013605006675/file001.htm,https://www.sec.gov/Archives/edgar/data/1158463/000095013605006675/file001.htm,1620593878,16:57:58,20210509
63,2005-06-30,JBLU,USD,2005-07-27,2005-07-27 15:06:31,Q2,430052000,283928000,146124000,0.3397821658776148,0.0,74708000.0,20291000.0,0.0,437374000,721302000,0.0,27726000.0,-263524000.0,-0.6127724089179913,-291250000,-0.6772436821593668,3871000.0,22668000.0,0.05270990484871597,10485000.0,12183000.0,0.028329132290978765,0.08,0.073333,152287500,166131818,https://www.sec.gov/Archives/edgar/data/1158463/000095013605004352/file001.htm,https://www.sec.gov/Archives/edgar/data/1158463/000095013605004352/file001.htm,1620593878,16:57:58,20210509
64,2005-03-31,JBLU,USD,2005-04-25,2005-04-25 17:01:16,Q1,374222000,250234000,123988000,0.33132204947865174,0.0,70007000.0,19457000.0,0.0,392470000,642704000,0.0,24323000.0,-244159000.0,-0.6524442710476669,-268482000,-0.7174404497864904,3798000.0,11806000.0,0.03154811849650742,4839000.0,6967000.0,0.018617291340434286,0.046667,0.04,149292857,174175000,https://www.sec.gov/Archives/edgar/data/1158463/000104746905003748/a2151224z10-k.htm,https://www.sec.gov/Archives/edgar/data/1158463/000104746905003748/a2151224z10-k.htm,1620593878,16:57:58,20210509
65,2004-12-31,JBLU,USD,2005-02-14,2005-02-14 16:57:35,Q4,334036000,233210000,100826000,0.30184171765917445,0.0,63862000.0,16775000.0,0.0,362595000,595805000,0.0,23233000.0,-238536000.0,-0.714102671568334,-261769000,-0.783655055143757,3011000.0,734000.0,0.0021973679483648467,-1659000.0,2393000.0,0.007163898501957873,0.016028898154182954,0.016028898154182954,149292857,149292857,https://www.sec.gov/Archives/edgar/data/1158463/000104746905003748/a2151224z10-k.htm,https://www.sec.gov/Archives/edgar/data/1158463/000104746905003748/a2151224z10-k.htm,1620593878,16:57:58,20210509
66,2004-09-30,JBLU,USD,2004-11-01 00:00:00,2004-11-01 17:00:47,Q3,323215000,222020000,101195000,0.3130888108534567,0.0,66951000.0,14657000.0,0.0,342482000,564502000,0.0,19550000.0,-221737000.0,-0.6860356109710255,-241287000,-0.7465216651454913,2477000.0,13810000.0,0.042726977398944974,5387000.0,8423000.0,0.02606005290596043,0.053333,0.053333,157931250,157931250,https://www.sec.gov/Archives/edgar/data/1158463/000110465904032878/0001104659-04-032878-index.html,https://www.sec.gov/Archives/edgar/data/1158463/000110465904032878/a04-11378_310q.htm,1620593878,16:57:58,20210509
67,2004-06-30,JBLU,USD,2004-07-27 00:00:00,2004-07-27 11:32:27,Q2,319718000,194553000,125165000,0.39148562170412676,0.0,61476000.0,18342000.0,0.0,314238000,508791000,0.0,17441000.0,-171632000.0,-0.5368230753351391,-189073000,-0.5913742735785912,1810000.0,36514000.0,0.11420689482606547,15056000.0,21458000.0,0.06711539544223347,0.14,0.126667,153271429,169405263,https://www.sec.gov/Archives/edgar/data/1158463/000110465904020971/0001104659-04-020971-index.html,https://www.sec.gov/Archives/edgar/data/1158463/000110465904020971/a04-8159_110q.htm,1620593878,16:57:58,20210509
68,2004-03-31,JBLU,USD,2004-04-26,2004-04-26 16:47:57,Q1,289003000,187787000,101216000,0.35022473815150706,0.0,60289000.0,13424000.0,0.0,295111000,482898000,0.0,16316000.0,-177579000.0,-0.6144538291990048,-193895000,-0.6709099905537312,1576000.0,25764000.0,0.08914786351698771,10571000.0,15193000.0,0.05257038854267949,0.1,0.093333,151930000,162782143,https://www.sec.gov/Archives/edgar/data/1158463/000104746904004064/a2128367z10-k.htm,https://www.sec.gov/Archives/edgar/data/1158463/000104746904004064/a2128367z10-k.htm,1620593878,16:57:58,20210509
69,2003-12-31,JBLU,USD,2004-02-11,2004-02-11 17:17:35,Q4,262944000,161304000,101640000,0.3865461847389558,0.0,50790000.0,12552000.0,0.0,238730000,400034000,0.0,14904000.0,-122186000.0,-0.4646844955579895,-137090000,-0.5213657660946818,-21205000.0,30519000.0,0.11606653888280394,10979000.0,19540000.0,0.07431240111963004,0.12861186072533404,0.12861186072533404,151930000,151930000,https://www.sec.gov/Archives/edgar/data/1158463/000104746904004064/a2128367z10-k.htm,https://www.sec.gov/Archives/edgar/data/1158463/000104746904004064/a2128367z10-k.htm,1620593878,16:57:58,20210509
70,2003-09-30,JBLU,USD,2003-10-27 00:00:00,2003-10-27 17:06:32,Q3,273576000,155623000,117953000,0.4311525864841945,0.0,53377000.0,15067000.0,0.0,254265000,409888000,0.0,13700000.0,-122612000.0,-0.44818258911600434,-136312000,-0.4982600812936807,1405000.0,49417000.0,0.1806335351054186,20374000.0,29043000.0,0.10616062812527415,0.195556,0.173333,148515341,167555769,https://www.sec.gov/Archives/edgar/data/1158463/000104746903034461/0001047469-03-034461-index.html,https://www.sec.gov/Archives/edgar/data/1158463/000104746903034461/a2120967z10-q.htm,1620593878,16:57:58,20210509
71,2003-06-30,JBLU,USD,2003-07-28 00:00:00,2003-07-28 12:23:23,Q2,244701000,136534000,108167000,0.4420374252659368,0.0,47525000.0,14541000.0,0.0,253134000,389668000,0.0,11471000.0,-133496000.0,-0.5455474231817606,-144967000,-0.5924250411726965,46743000.0,65451000.0,0.2674733654541665,27494000.0,37957000.0,0.1551158352438282,0.266667,0.244444,142338750,155278636,https://www.sec.gov/Archives/edgar/data/1158463/000104746903025226/0001047469-03-025226-index.html,https://www.sec.gov/Archives/edgar/data/1158463/000104746903025226/a2115153z10-q.htm,1620593878,16:57:58,20210509
72,2003-03-31,JBLU,USD,2003-04-30 00:00:00,2003-04-30 13:49:57,Q1,217130000,133394000,83736000,0.38564915027863494,0.0,45655000.0,11427000.0,0.0,212044000,345438000,0.0,10322000.0,-117986000.0,-0.5433887532814443,-128308000,-0.5909270943674296,1021000.0,30052000.0,0.13840556348731176,12694000.0,17358000.0,0.0799428913554092,0.124444,0.111111,139483929,156222000,https://www.sec.gov/Archives/edgar/data/1158463/000104746903015505/0001047469-03-015505-index.html,https://www.sec.gov/Archives/edgar/data/1158463/000104746903015505/a2109681z10-q.htm,1620593878,16:57:58,20210509
73,2002-12-31,JBLU,USD,2003-02-18 00:00:00,2003-02-18 16:41:10,Q4,187258000,139293000,47965000,0.2561439297653505,0.0,21292000.0,10915000.0,0.0,209058000,348351000,0.0,9589000.0,-151504000.0,-0.8090655672921852,-161093000,-0.8602729923421162,1178000.0,27212000.0,0.14531822405451303,12049000.0,15163000.0,0.08097384357410631,0.1087078641152989,0.1087078641152989,139483929,139483929,https://www.sec.gov/Archives/edgar/data/1158463/000104746903005952/0001047469-03-005952-index.html,https://www.sec.gov/Archives/edgar/data/1158463/000104746903005952/a2102273z10-k.htm,1620593878,16:57:58,20210509
74,2002-09-30,JBLU,USD,2002-11-12 00:00:00,2002-11-12 08:03:34,Q3,165261000,94197000,71064000,0.4300107103309311,0.0,23730000.0,11795000.0,0.0,154665000,248862000,0.0,6926000.0,-76675000.0,-0.4639630644858739,-83601000,-0.505872528908817,1822000.0,20488000.0,0.1239735932857722,8333000.0,12155000.0,0.07355032342778998,0.088889,0.08,136743750,151937500,https://www.sec.gov/Archives/edgar/data/1158463/000091205702041729/0000912057-02-041729-index.html,https://www.sec.gov/Archives/edgar/data/1158463/000091205702041729/a2092137z10-q.htm,1620593878,16:57:58,20210509
75,2002-06-30,JBLU,USD,2002-07-30 00:00:00,2002-07-30 17:17:24,Q2,149303000,86473000,62830000,0.4208220866292037,0.0,29660000.0,11785000.0,0.0,141575000,228048000,0.0,5695000.0,-73050000.0,-0.4892734908206801,-78745000,-0.5274173995164196,1435000.0,25034000.0,0.167672451323818,10448000.0,14586000.0,0.09769395122670006,0.118519,0.097778,115104375,139520455,https://www.sec.gov/Archives/edgar/data/1158463/000091205702029173/0000912057-02-029173-index.html,https://www.sec.gov/Archives/edgar/data/1158463/000091205702029173/a2085338z10-q.htm,1620593878,16:57:58,20210509
