,date,symbol,reportedCurrency,fillingDate,acceptedDate,period,revenue,costOfRevenue,grossProfit,grossProfitRatio,researchAndDevelopmentExpenses,generalAndAdministrativeExpenses,sellingAndMarketingExpenses,otherExpenses,operatingExpenses,costAndExpenses,interestExpense,depreciationAndAmortization,ebitda,ebitdaratio,operatingIncome,operatingIncomeRatio,totalOtherIncomeExpensesNet,incomeBeforeTax,incomeBeforeTaxRatio,incomeTaxExpense,netIncome,netIncomeRatio,eps,epsdiluted,weightedAverageShsOut,weightedAverageShsOutDil,link,finalLink,timestamp,est_time,est_date
0,2020-09-30,WHC.AX,AUD,2020-09-30,2020-09-30,Q3,430402250,0.0,430402250.0,1.0,0.0,9017250.0,85521000.0,-30303500.0,229069750.0,0.0,7055250.0,56145750.0,106794250.0,0.2481266071448279,50648500.0,0.11767712645554246,-30303500.0,10582500.0,0.02458746440103415,3073500.0,7509000.0,0.01744647013346236,0.007603696435406553,0.007603696435406553,987546000,987546000,,,1620599810,18:36:50,20210509
1,2020-06-30,WHC.AX,AUD,2020-06-30,2020-06-30,Q2,430402250,0.0,430402250.0,1.0,0.0,9017250.0,85521000.0,-30303500.0,229069750.0,0.0,7055250.0,56145750.0,106794250.0,0.2481266071448279,50648500.0,0.11767712645554246,-30303500.0,10582500.0,0.02458746440103415,3073500.0,7509000.0,0.01744647013346236,0.007603696435406553,0.007603696435406553,987546000,987546000,,,1620599810,18:36:50,20210509
2,2020-03-31,WHC.AX,AUD,2020-03-31,2020-03-31,Q1,430402250,0.0,430402250.0,1.0,0.0,9017250.0,85521000.0,-30303500.0,229069750.0,0.0,7055250.0,56145750.0,106794250.0,0.2481266071448279,50648500.0,0.11767712645554246,-30303500.0,10582500.0,0.02458746440103415,3073500.0,7509000.0,0.01744647013346236,0.007603696435406553,0.007603696435406553,987546000,987546000,,,1620599810,18:36:50,20210509
3,2020-01-31,WHC.AX,AUD,2020-01-31,2020-01-31,Q1,430402250,0.0,430402250.0,1.0,0.0,9017250.0,85521000.0,-30303500.0,229069750.0,0.0,7055250.0,56145750.0,106794250.0,0.2481266071448279,50648500.0,0.11767712645554246,-30303500.0,10582500.0,0.02458746440103415,3073500.0,7509000.0,0.01744647013346236,0.007603696435406553,0.007603696435406553,987546000,987546000,,,1620599810,18:36:50,20210509
4,2019-06-30,WHC.AX,AUD,2019-06-30,2019-06-30,Q2,621986000,0.0,621986000.0,1.0,0.0,8467250.0,81032750.0,-45795000.0,236384000.0,0.0,7523000.0,56114750.0,296102000.0,0.47605894666439436,239987250.0,0.3858402761476946,-45795000.0,183967000.0,0.2957735383111517,51992500.0,131974500.0,0.21218242854340774,0.13375,0.131,987546000,1007438931,,,1620599810,18:36:50,20210509
5,2019-03-31,WHC.AX,AUD,2019-03-31,2019-03-31,Q1,621986000,0.0,621986000.0,1.0,0.0,8467250.0,81032750.0,-45795000.0,236384000.0,0.0,7523000.0,56114750.0,296102000.0,0.47605894666439436,239987250.0,0.3858402761476946,-45795000.0,183967000.0,0.2957735383111517,51992500.0,131974500.0,0.21218242854340774,0.13375,0.131,987546000,1007438931,,,1620599810,18:36:50,20210509
6,2019-01-31,WHC.AX,AUD,2019-01-31,2019-01-31,Q1,621986000,0.0,621986000.0,1.0,0.0,8467250.0,81032750.0,-45795000.0,236384000.0,0.0,7523000.0,56114750.0,296102000.0,0.47605894666439436,239987250.0,0.3858402761476946,-45795000.0,183967000.0,0.2957735383111517,51992500.0,131974500.0,0.21218242854340774,0.13375,0.131,987546000,1007438931,,,1620599810,18:36:50,20210509
7,2018-06-30,WHC.AX,AUD,2018-06-30,2018-06-30,Q2,564361500,0.0,564361500.0,1.0,2425250.0,7990000.0,71823500.0,-39758250.0,209782750.0,0.0,7137000.0,35256000.0,272340000.0,0.4825630380527375,237084000.0,0.42009244074941327,-39758250.0,190103000.0,0.33684615268759477,58709000.0,131394000.0,0.23281885812550998,0.133,0.133,988359000,988359000,,,1620599810,18:36:50,20210509
8,2018-03-31,WHC.AX,AUD,2018-03-31,2018-03-31,Q1,564361500,0.0,564361500.0,1.0,2425250.0,7990000.0,71823500.0,-39758250.0,209782750.0,0.0,7137000.0,35256000.0,272340000.0,0.4825630380527375,237084000.0,0.42009244074941327,-39758250.0,190103000.0,0.33684615268759477,58709000.0,131394000.0,0.23281885812550998,0.133,0.133,988359000,988359000,,,1620599810,18:36:50,20210509
9,2018-01-31,WHC.AX,AUD,2018-01-31,2018-01-31,Q1,564361500,0.0,564361500.0,1.0,2425250.0,7990000.0,71823500.0,-39758250.0,209782750.0,0.0,7137000.0,35256000.0,272340000.0,0.4825630380527375,237084000.0,0.42009244074941327,-39758250.0,190103000.0,0.33684615268759477,58709000.0,131394000.0,0.23281885812550998,0.133,0.133,988359000,988359000,,,1620599810,18:36:50,20210509
10,2017-06-30,WHC.AX,AUD,2017-06-30,2017-06-30,Q2,443310500,33351750.0,443310500.0,1.0,0.0,6105750.0,77986750.0,-31427250.0,162975500.0,0.0,12040000.0,33470500.0,196242500.0,0.4426750550686257,162772000.0,0.36717379804899725,-31427250.0,118856500.0,0.26811117715461286,17514750.0,101341750.0,0.22860218740589272,0.103,0.103,986067000,986067000,,,1620599810,18:36:50,20210509
11,2017-03-31,WHC.AX,AUD,2017-03-31,2017-03-31,Q1,443310500,33351750.0,443310500.0,1.0,0.0,6105750.0,77986750.0,-31427250.0,162975500.0,0.0,12040000.0,33470500.0,196242500.0,0.4426750550686257,162772000.0,0.36717379804899725,-31427250.0,118856500.0,0.26811117715461286,17514750.0,101341750.0,0.22860218740589272,0.103,0.103,986067000,986067000,,,1620599810,18:36:50,20210509
12,2017-01-31,WHC.AX,AUD,2017-01-31,2017-01-31,Q1,443310500,33351750.0,443310500.0,1.0,0.0,6105750.0,77986750.0,-31427250.0,162975500.0,0.0,12040000.0,33470500.0,196242500.0,0.4426750550686257,162772000.0,0.36717379804899725,-31427250.0,118856500.0,0.26811117715461286,17514750.0,101341750.0,0.22860218740589272,0.103,0.103,986067000,986067000,,,1620599810,18:36:50,20210509
13,2016-06-30,WHC.AX,AUD,2016-06-30,2016-06-30,Q2,291109250,22038750.0,291109250.0,1.0,0.0,7509000.0,78562000.0,-19949750.0,129055250.0,0.0,15090500.0,32596250.0,75983000.0,0.2610119740269332,43386750.0,0.1490394070267434,-19949750.0,6918500.0,0.02376599163372514,1796500.0,5122000.0,0.01759476897419096,0.00525,0.00525,990472000,990472000,,,1620599810,18:36:50,20210509
14,2016-03-31,WHC.AX,AUD,2016-03-31,2016-03-31,Q1,291109250,22038750.0,291109250.0,1.0,0.0,7509000.0,78562000.0,-19949750.0,129055250.0,0.0,15090500.0,32596250.0,75983000.0,0.2610119740269332,43386750.0,0.1490394070267434,-19949750.0,6918500.0,0.02376599163372514,1796500.0,5122000.0,0.01759476897419096,0.00525,0.00525,990472000,990472000,,,1620599810,18:36:50,20210509
15,2016-01-31,WHC.AX,AUD,2016-01-31,2016-01-31,Q1,291109250,22038750.0,291109250.0,1.0,0.0,7509000.0,78562000.0,-19949750.0,129055250.0,0.0,15090500.0,32596250.0,75983000.0,0.2610119740269332,43386750.0,0.1490394070267434,-19949750.0,6918500.0,0.02376599163372514,1796500.0,5122000.0,0.01759476897419096,0.00525,0.00525,990472000,990472000,,,1620599810,18:36:50,20210509
16,2015-09-30,WHC.AX,AUD,2015-09-30,2015-09-30,Q3,190822500,14530000.0,190822500.0,1.0,0.0,6795250.0,50556500.0,-11939000.0,178185250.0,0.0,16289500.0,24396000.0,-44714500.0,-0.23432509269085144,-69110500.0,-0.3621716516658151,-34616750.0,-120829250.0,-0.6332023215291698,-35148000.0,-82656250.0,-0.4331577775157542,-0.08325,-0.08325,991869000,991869000,,,1620599810,18:36:50,20210509
17,2015-06-30,WHC.AX,AUD,2015-06-30,2015-06-30,Q2,190822500,14530000.0,190822500.0,1.0,0.0,6795250.0,50556500.0,-11939000.0,178185250.0,0.0,16289500.0,24396000.0,-44714500.0,-0.23432509269085144,-69110500.0,-0.3621716516658151,-34616750.0,-120829250.0,-0.6332023215291698,-35148000.0,-82656250.0,-0.4331577775157542,-0.08325,-0.08325,991869000,991869000,,,1620599810,18:36:50,20210509
18,2015-03-31,WHC.AX,AUD,2015-03-31,2015-03-31,Q1,190822500,14530000.0,190822500.0,1.0,0.0,6795250.0,50556500.0,-11939000.0,178185250.0,0.0,16289500.0,24396000.0,-44714500.0,-0.23432509269085144,-69110500.0,-0.3621716516658151,-34616750.0,-120829250.0,-0.6332023215291698,-35148000.0,-82656250.0,-0.4331577775157542,-0.08325,-0.08325,991869000,991869000,,,1620599810,18:36:50,20210509
19,2015-01-31,WHC.AX,AUD,2015-01-31,2015-01-31,Q1,190822500,14530000.0,190822500.0,1.0,0.0,6795250.0,50556500.0,-11939000.0,178185250.0,0.0,16289500.0,24396000.0,-44714500.0,-0.23432509269085144,-69110500.0,-0.3621716516658151,-34616750.0,-120829250.0,-0.6332023215291698,-35148000.0,-82656250.0,-0.4331577775157542,-0.08325,-0.08325,991869000,991869000,,,1620599810,18:36:50,20210509
20,2014-09-30,WHC.AX,AUD,2014-09-30,2014-09-30,Q3,188851500,103295750.0,85555750.0,0.4530318795455689,0.0,6469250.0,47413500.0,-11240500.0,1215250.0,0.0,12399000.0,19872750.0,30457750.0,0.161278835487142,10585000.0,0.0560493297643916,-11240500.0,-14083500.0,-0.07457446724013313,-4487250.0,-9596250.0,-0.05081373460099602,-0.00975,-0.00975,991678000,991678000,,,1620599810,18:36:50,20210509
21,2014-06-30,WHC.AX,AUD,2014-06-30,2014-06-30,Q2,188851500,103295750.0,85555750.0,0.4530318795455689,0.0,6469250.0,47413500.0,-11240500.0,1215250.0,0.0,12399000.0,19872750.0,30457750.0,0.161278835487142,10585000.0,0.0560493297643916,-11240500.0,-14083500.0,-0.07457446724013313,-4487250.0,-9596250.0,-0.05081373460099602,-0.00975,-0.00975,991678000,991678000,,,1620599810,18:36:50,20210509
22,2014-03-31,WHC.AX,AUD,2014-03-31,2014-03-31,Q1,188851500,103295750.0,85555750.0,0.4530318795455689,0.0,6469250.0,47413500.0,-11240500.0,1215250.0,0.0,12399000.0,19872750.0,30457750.0,0.161278835487142,10585000.0,0.0560493297643916,-11240500.0,-14083500.0,-0.07457446724013313,-4487250.0,-9596250.0,-0.05081373460099602,-0.00975,-0.00975,991678000,991678000,,,1620599810,18:36:50,20210509
23,2014-01-31,WHC.AX,AUD,2014-01-31,2014-01-31,Q1,188851500,103295750.0,85555750.0,0.4530318795455689,0.0,6469250.0,47413500.0,-11240500.0,1215250.0,0.0,12399000.0,19872750.0,30457750.0,0.161278835487142,10585000.0,0.0560493297643916,-11240500.0,-14083500.0,-0.07457446724013313,-4487250.0,-9596250.0,-0.05081373460099602,-0.00975,-0.00975,991678000,991678000,,,1620599810,18:36:50,20210509
24,2013-09-30,WHC.AX,AUD,2013-09-30,2013-09-30,Q3,155539750,0.0,155539750.0,1.0,0.0,9406500.0,24302750.0,4648750.0,128302250.0,0.0,11459250.0,14634500.0,-6471750.0,-0.04160833484687998,-21106250.0,-0.13569682348081438,4648750.0,-28780750.0,-0.1850379083160414,-8239750.0,-20541000.0,-0.13206270422834035,-0.021,-0.021,983393000,983393000,,,1620599810,18:36:50,20210509
25,2013-06-30,WHC.AX,AUD,2013-06-30,2013-06-30,Q2,155539750,0.0,155539750.0,1.0,0.0,9406500.0,24302750.0,4648750.0,128302250.0,0.0,11459250.0,14634500.0,-6471750.0,-0.04160833484687998,-21106250.0,-0.13569682348081438,4648750.0,-28780750.0,-0.1850379083160414,-8239750.0,-20541000.0,-0.13206270422834035,-0.021,-0.021,983393000,983393000,,,1620599810,18:36:50,20210509
26,2013-03-31,WHC.AX,AUD,2013-03-31,2013-03-31,Q1,155539750,0.0,155539750.0,1.0,0.0,9406500.0,24302750.0,4648750.0,128302250.0,0.0,11459250.0,14634500.0,-6471750.0,-0.04160833484687998,-21106250.0,-0.13569682348081438,4648750.0,-28780750.0,-0.1850379083160414,-8239750.0,-20541000.0,-0.13206270422834035,-0.021,-0.021,983393000,983393000,,,1620599810,18:36:50,20210509
27,2013-01-31,WHC.AX,AUD,2013-01-31,2013-01-31,Q1,155539750,0.0,155539750.0,1.0,0.0,9406500.0,24302750.0,4648750.0,128302250.0,0.0,11459250.0,14634500.0,-6471750.0,-0.04160833484687998,-21106250.0,-0.13569682348081438,4648750.0,-28780750.0,-0.1850379083160414,-8239750.0,-20541000.0,-0.13206270422834035,-0.021,-0.021,983393000,983393000,,,1620599810,18:36:50,20210509
28,2012-09-30,WHC.AX,AUD,2012-09-30,2012-09-30,Q3,154521750,99172500.0,55349250.0,0.3581971470035772,0.0,15843250.0,17832500.0,33231250.0,1253500.0,0.0,9798250.0,9918500.0,20420000.0,0.13214968119374781,10501500.0,0.06796130641802853,3283500.0,3475500.0,0.022491979284469662,-12159250.0,15634750.0,0.10118154887580551,0.02725,0.02725,573754000,573754000,,,1620599810,18:36:50,20210509
29,2012-06-30,WHC.AX,AUD,2012-06-30,2012-06-30,Q2,154521750,99172500.0,55349250.0,0.3581971470035772,0.0,15843250.0,17832500.0,33231250.0,1253500.0,0.0,9798250.0,9918500.0,20420000.0,0.13214968119374781,10501500.0,0.06796130641802853,3283500.0,3475500.0,0.022491979284469662,-12159250.0,15634750.0,0.10118154887580551,0.02725,0.02725,573754000,573754000,,,1620599810,18:36:50,20210509
30,2012-03-31,WHC.AX,AUD,2012-03-31,2012-03-31,Q1,154521750,99172500.0,55349250.0,0.3581971470035772,0.0,15843250.0,17832500.0,33231250.0,1253500.0,0.0,9798250.0,9918500.0,20420000.0,0.13214968119374781,10501500.0,0.06796130641802853,3283500.0,3475500.0,0.022491979284469662,-12159250.0,15634750.0,0.10118154887580551,0.02725,0.02725,573754000,573754000,,,1620599810,18:36:50,20210509
31,2012-01-31,WHC.AX,AUD,2012-01-31,2012-01-31,Q1,154521750,99172500.0,55349250.0,0.3581971470035772,0.0,15843250.0,17832500.0,33231250.0,1253500.0,0.0,9798250.0,9918500.0,20420000.0,0.13214968119374781,10501500.0,0.06796130641802853,3283500.0,3475500.0,0.022491979284469662,-12159250.0,15634750.0,0.10118154887580551,0.02725,0.02725,573754000,573754000,,,1620599810,18:36:50,20210509
32,2011-09-30,WHC.AX,AUD,2011-09-30,2011-09-30,Q3,155546500,117762750.0,37783750.0,0.24290967652759785,0.0,6315500.0,16593250.0,4973500.0,0.0,0.0,8810750.0,10234500.0,14875000.0,0.09563056706515415,4640500.0,0.02983352245148557,4973500.0,2206250.0,0.014183861417646814,-280250.0,2486500.0,0.015985573445882743,0.005,0.005,493705000,493705000,,,1620599810,18:36:50,20210509
33,2011-06-30,WHC.AX,AUD,2011-06-30,2011-06-30,Q2,155546500,117762750.0,37783750.0,0.24290967652759785,0.0,6315500.0,16593250.0,4973500.0,0.0,0.0,8810750.0,10234500.0,14875000.0,0.09563056706515415,4640500.0,0.02983352245148557,4973500.0,2206250.0,0.014183861417646814,-280250.0,2486500.0,0.015985573445882743,0.005,0.005,493705000,493705000,,,1620599810,18:36:50,20210509
34,2011-03-31,WHC.AX,AUD,2011-03-31,2011-03-31,Q1,155546500,117762750.0,37783750.0,0.24290967652759785,0.0,6315500.0,16593250.0,4973500.0,0.0,0.0,8810750.0,10234500.0,14875000.0,0.09563056706515415,4640500.0,0.02983352245148557,4973500.0,2206250.0,0.014183861417646814,-280250.0,2486500.0,0.015985573445882743,0.005,0.005,493705000,493705000,,,1620599810,18:36:50,20210509
35,2011-01-31,WHC.AX,AUD,2011-01-31,2011-01-31,Q1,155546500,117762750.0,37783750.0,0.24290967652759785,0.0,6315500.0,16593250.0,4973500.0,0.0,0.0,8810750.0,10234500.0,14875000.0,0.09563056706515415,4640500.0,0.02983352245148557,4973500.0,2206250.0,0.014183861417646814,-280250.0,2486500.0,0.015985573445882743,0.005,0.005,493705000,493705000,,,1620599810,18:36:50,20210509
36,2010-09-30,WHC.AX,AUD,2010-09-30,2010-09-30,Q3,102829500,0.0,102829500.0,1.0,0.0,8103750.0,12797250.0,31689250.0,60136250.0,0.0,3289250.0,8006250.0,21792250.0,0.21192605234879097,13786000.0,0.13406658595052975,31689250.0,42811750.0,0.41633723785489574,14090750.0,28721000.0,0.279307008202899,0.0605,0.06,475432000,478683333,,,1620599810,18:36:50,20210509
37,2010-06-30,WHC.AX,AUD,2010-06-30,2010-06-30,Q2,102829500,0.0,102829500.0,1.0,0.0,8103750.0,12797250.0,31689250.0,60136250.0,0.0,3289250.0,8006250.0,21792250.0,0.21192605234879097,13786000.0,0.13406658595052975,31689250.0,42811750.0,0.41633723785489574,14090750.0,28721000.0,0.279307008202899,0.0605,0.06,475432000,478683333,,,1620599810,18:36:50,20210509
38,2010-03-31,WHC.AX,AUD,2010-03-31,2010-03-31,Q1,102829500,0.0,102829500.0,1.0,0.0,8103750.0,12797250.0,31689250.0,60136250.0,0.0,3289250.0,8006250.0,21792250.0,0.21192605234879097,13786000.0,0.13406658595052975,31689250.0,42811750.0,0.41633723785489574,14090750.0,28721000.0,0.279307008202899,0.0605,0.06,475432000,478683333,,,1620599810,18:36:50,20210509
39,2010-01-31,WHC.AX,AUD,2010-01-31,2010-01-31,Q1,102829500,0.0,102829500.0,1.0,0.0,8103750.0,12797250.0,31689250.0,60136250.0,0.0,3289250.0,8006250.0,21792250.0,0.21192605234879097,13786000.0,0.13406658595052975,31689250.0,42811750.0,0.41633723785489574,14090750.0,28721000.0,0.279307008202899,0.0605,0.06,475432000,478683333,,,1620599810,18:36:50,20210509
40,2009-09-30,WHC.AX,AUD,2009-09-30,2009-09-30,Q3,123803000,74062750.0,49740250.0,0.40176934323077795,0.0,2715750.0,11108250.0,64407250.0,76705250.0,0.0,5712750.0,6572500.0,35916250.0,0.29010807492548646,29343750.0,0.2370197006534575,63796250.0,87462750.0,0.7064671292295017,26409750.0,61053000.0,0.4931463696356308,0.15125,0.15075,403785000,404995025,,,1620599810,18:36:50,20210509
41,2009-06-30,WHC.AX,AUD,2009-06-30,2009-06-30,Q2,123803000,74062750.0,49740250.0,0.40176934323077795,0.0,2715750.0,11108250.0,64407250.0,76705250.0,0.0,5712750.0,6572500.0,35916250.0,0.29010807492548646,29343750.0,0.2370197006534575,63796250.0,87462750.0,0.7064671292295017,26409750.0,61053000.0,0.4931463696356308,0.15125,0.15075,403785000,404995025,,,1620599810,18:36:50,20210509
42,2009-03-31,WHC.AX,AUD,2009-03-31,2009-03-31,Q1,123803000,74062750.0,49740250.0,0.40176934323077795,0.0,2715750.0,11108250.0,64407250.0,76705250.0,0.0,5712750.0,6572500.0,35916250.0,0.29010807492548646,29343750.0,0.2370197006534575,63796250.0,87462750.0,0.7064671292295017,26409750.0,61053000.0,0.4931463696356308,0.15125,0.15075,403785000,404995025,,,1620599810,18:36:50,20210509
43,2009-01-31,WHC.AX,AUD,2009-01-31,2009-01-31,Q1,123803000,74062750.0,49740250.0,0.40176934323077795,0.0,2715750.0,11108250.0,64407250.0,76705250.0,0.0,5712750.0,6572500.0,35916250.0,0.29010807492548646,29343750.0,0.2370197006534575,63796250.0,87462750.0,0.7064671292295017,26409750.0,61053000.0,0.4931463696356308,0.15125,0.15075,403785000,404995025,,,1620599810,18:36:50,20210509
44,2008-09-30,WHC.AX,AUD,2008-09-30,2008-09-30,Q3,64112500,49009750.0,15102750.0,0.23556638720998246,0.0,2437000.0,6157750.0,15501250.0,2467500.0,0.0,1271500.0,0.0,19799750.0,3.238045934923421,4040500.0,0.0630220315851043,15480250.0,18507250.0,0.28866835640475724,5543750.0,12963500.0,0.2021992591148372,0.03625,0.036,357041000,360097222,,,1620599810,18:36:50,20210509
45,2008-06-30,WHC.AX,AUD,2008-06-30,2008-06-30,Q2,64112500,49009750.0,15102750.0,0.23556638720998246,0.0,2437000.0,6157750.0,15501250.0,2467500.0,0.0,1271500.0,0.0,19799750.0,3.238045934923421,4040500.0,0.0630220315851043,15480250.0,18507250.0,0.28866835640475724,5543750.0,12963500.0,0.2021992591148372,0.03625,0.036,357041000,360097222,,,1620599810,18:36:50,20210509
46,2008-03-31,WHC.AX,AUD,2008-03-31,2008-03-31,Q1,64112500,49009750.0,15102750.0,0.23556638720998246,0.0,2437000.0,6157750.0,15501250.0,2467500.0,0.0,1271500.0,0.0,19799750.0,3.238045934923421,4040500.0,0.0630220315851043,15480250.0,18507250.0,0.28866835640475724,5543750.0,12963500.0,0.2021992591148372,0.03625,0.036,357041000,360097222,,,1620599810,18:36:50,20210509
47,2008-01-31,WHC.AX,AUD,2008-01-31,2008-01-31,Q1,64112500,49009750.0,15102750.0,0.23556638720998246,0.0,2437000.0,6157750.0,15501250.0,2467500.0,0.0,1271500.0,0.0,19799750.0,3.238045934923421,4040500.0,0.0630220315851043,15480250.0,18507250.0,0.28866835640475724,5543750.0,12963500.0,0.2021992591148372,0.03625,0.036,357041000,360097222,,,1620599810,18:36:50,20210509
48,2007-09-30,WHC.AX,AUD,2007-09-30,2007-09-30,Q3,26755000,16801500.0,9953500.0,0.3720239207624743,0.0,5496750.0,7057750.0,5006750.0,3790750.0,0.0,839500.0,0.0,2188000.0,12.228062157221206,-2601000.0,-0.09721547374322556,5006750.0,1348500.0,0.050401794057185575,-4675250.0,6023750.0,0.22514483274154365,0.01875,0.01875,300930000,300930000,,,1620599810,18:36:50,20210509
49,2007-06-30,WHC.AX,AUD,2007-06-30,2007-06-30,Q2,26755000,16801500.0,9953500.0,0.3720239207624743,0.0,5496750.0,7057750.0,5006750.0,3790750.0,0.0,839500.0,0.0,2188000.0,12.228062157221206,-2601000.0,-0.09721547374322556,5006750.0,1348500.0,0.050401794057185575,-4675250.0,6023750.0,0.22514483274154365,0.01875,0.01875,300930000,300930000,,,1620599810,18:36:50,20210509
50,2007-03-31,WHC.AX,AUD,2007-03-31,2007-03-31,Q1,26755000,16801500.0,9953500.0,0.3720239207624743,0.0,5496750.0,7057750.0,5006750.0,3790750.0,0.0,839500.0,0.0,2188000.0,12.228062157221206,-2601000.0,-0.09721547374322556,5006750.0,1348500.0,0.050401794057185575,-4675250.0,6023750.0,0.22514483274154365,0.01875,0.01875,300930000,300930000,,,1620599810,18:36:50,20210509
51,2007-01-31,WHC.AX,AUD,2007-01-31,2007-01-31,Q1,26755000,16801500.0,9953500.0,0.3720239207624743,0.0,5496750.0,7057750.0,5006750.0,3790750.0,0.0,839500.0,0.0,2188000.0,12.228062157221206,-2601000.0,-0.09721547374322556,5006750.0,1348500.0,0.050401794057185575,-4675250.0,6023750.0,0.22514483274154365,0.01875,0.01875,300930000,300930000,,,1620599810,18:36:50,20210509
