,date,symbol,reportedCurrency,fillingDate,acceptedDate,period,revenue,costOfRevenue,grossProfit,grossProfitRatio,researchAndDevelopmentExpenses,generalAndAdministrativeExpenses,sellingAndMarketingExpenses,otherExpenses,operatingExpenses,costAndExpenses,interestExpense,depreciationAndAmortization,ebitda,ebitdaratio,operatingIncome,operatingIncomeRatio,totalOtherIncomeExpensesNet,incomeBeforeTax,incomeBeforeTaxRatio,incomeTaxExpense,netIncome,netIncomeRatio,eps,epsdiluted,weightedAverageShsOut,weightedAverageShsOutDil,link,finalLink,timestamp,est_time,est_date
0,2020-12-31,CVU,USD,2021-04-15,2021-04-15 17:24:52,Q4,25408819.0,20774995.0,4633824.0,0.18237069578086254,0.0,6180274.0,0.0,-1421955.0,3087184.0,23862179.0,954.167,-249271.0,-246593.660831,-0.009705042207235212,2677.3391690000003,0.00010537046877306656,0.0,2032.489177,7.999148551532442e-05,-55607.614,2088.096791,8.218000179386535e-05,0.17613037826462935,0.17613037826462935,11855404.0,11855404.0,https://www.sec.gov/Archives/edgar/data/889348/000138713121004535/0001387131-21-004535-index.htm,https://www.sec.gov/Archives/edgar/data/889348/000138713121004535/cvu-10k_123120.htm,1620590878,16:07:58,20210509
1,2020-09-30,CVU,USD,2020-12-31,2020-12-31 06:07:13,Q3,25576718.0,21394243.0,4182475.0,0.16352664950991758,0.0,3050644.0,0.0,0.0,3050644.0,24444887.0,-309008.0,769.69,1901.521,7.434577806268967e-05,1131.831,4.425239391543512e-05,0.0,822.823,3.2170781255046095e-05,7.614,815.209,3.1873088642569384e-05,0.06876265034915723,0.06876265034915723,11855404.0,11855404.0,https://www.sec.gov/Archives/edgar/data/889348/000138713120012222/0001387131-20-012222-index.htm,https://www.sec.gov/Archives/edgar/data/889348/000138713120012222/cvu-10q_093020.htm,1620590878,16:07:58,20210509
2,2020-06-30,CVU,USD,2020-11-16,2020-11-16 16:34:49,Q2,19740767.0,17160698.0,2580069.0,0.13069750531982877,0.0,2815252.0,0.0,0.0,2815252.0,19975950.0,360126.0,256.283,-234926.717,-0.011900587094716229,-235183.0,-0.011913569518347489,0.0,-595309.0,-0.03015632573952167,1522.0,-596831.0,-0.030233425074111864,-0.05,-0.05,11855404.0,11855404.0,https://www.sec.gov/Archives/edgar/data/889348/000138713120010030/0001387131-20-010030-index.htm,https://www.sec.gov/Archives/edgar/data/889348/000138713120010030/cvu-10q_063020.htm,1620590878,16:07:58,20210509
3,2020-03-31,CVU,USD,2020-09-30,2020-09-30 16:47:38,Q1,16858386.0,16160567.0,697819.0,0.041392989815276504,0.0,0.0,0.0,0.0,3093090.0,19253657.0,416670.0,256284.0,-2138987.0,-0.12687970248160174,-2395271.0,-0.1420818695217917,0.0,-2811941.0,-0.16679775869410038,578.0,-2812519.0,-0.16683204430127535,-0.24,-0.24,11837014.0,11837014.0,https://www.sec.gov/Archives/edgar/data/889348/000138713120008662/0001387131-20-008662-index.htm,https://www.sec.gov/Archives/edgar/data/889348/000138713120008662/cvu-10q_033120.htm,1620590878,16:07:58,20210509
4,2019-12-31,CVU,USD,2020-08-25,2020-08-25,Q4,13065753.0,19269142.0,-6203389.0,-0.47478235659284235,0.0,0.0,0.0,0.0,3452045.0,22721187.0,640475.0,394744.0,-9260690.0,-0.7087758355756457,-9655434.0,-0.7389879481113718,0.0,-10206243.0,-0.7811446458539358,279877.0,-10486120.0,-0.8025653018237832,-0.8858754412219163,-0.8858754412219163,11837014.0,11837014.0,https://www.sec.gov/Archives/edgar/data/889348/000138713120007877/0001387131-20-007877-index.htm,https://www.sec.gov/Archives/edgar/data/889348/000138713120007877/cvu-10k_123119.htm,1620590878,16:07:58,20210509
5,2019-09-30,CVU,USD,2019-11-08,2019-11-08 11:46:46,Q3,25711153.0,20748065.0,4963088.0,0.19303249449762133,0.0,0.0,0.0,0.0,2594980.0,23343045.0,378195.0,245337.0,2613445.0,0.10164635557184075,2368108.0,0.09210430975226977,0.0,1989913.0,0.07739493440842579,323000.0,1666913.0,0.06483229281860678,0.14080010392890804,0.14057838670333983,11838862.0,11857534.0,https://www.sec.gov/Archives/edgar/data/889348/000138713119008449/0001387131-19-008449-index.htm,https://www.sec.gov/Archives/edgar/data/889348/000138713119008449/cvu-10q_093019.htm,1620590878,16:07:58,20210509
6,2019-06-30,CVU,USD,2019-08-08,2019-08-08 11:36:57,Q2,23158251.0,18202069.0,4956182.0,0.21401365759443577,0.0,0.0,0.0,0.0,2709313.0,20911382.0,575412.0,274721.0,2521590.0,0.10888516580980144,2246869.0,0.09702239603500282,0.0,1671457.0,0.07217544191916739,-1039000.0,2710457.0,0.11704066079947056,0.23351082045399427,0.23276178623739005,11607415.0,11644768.0,https://www.sec.gov/Archives/edgar/data/889348/000138713119005872/0001387131-19-005872-index.htm,https://www.sec.gov/Archives/edgar/data/889348/000138713119005872/cvu-10q_063019.htm,1620590878,16:07:58,20210509
7,2019-03-31,CVU,USD,2019-05-10,2019-04-01 16:28:19,Q1,25583531.0,20167721.0,5415810.0,0.2116912634147335,0.0,0.0,0.0,0.0,2806443.0,22974164.0,510769.0,209261.0,2818628.0,0.11017353312175712,2609367.0,0.10199401325798226,0.0,2098598.0,0.08202925546125747,440000.0,1658598.0,0.06483069127557099,0.14132199188756597,0.14064475513825447,11736305.0,11792818.0,https://www.sec.gov/Archives/edgar/data/889348/000138713119003504/0001387131-19-003504-index.htm,https://www.sec.gov/Archives/edgar/data/889348/000138713119002402/cvu-10k_123118.htm,1620590878,16:07:58,20210509
8,2018-12-31,CVU,USD,2019-04-01,2019-04-01 16:28:19,Q4,25531850.0,20800751.0,4731099.0,0.18530184847553155,0.0,0.0,0.0,0.0,2336724.0,23137475.0,550555.0,188942.0,2583317.0,0.10118017299960637,2394375.0,0.09377992585731156,0.0,1872529.0,0.07334090557480166,3503109.0,-1630580.0,-0.06386454565572021,-0.1389346987829645,-0.1389346987829645,11736305.0,11736305.0,https://www.sec.gov/Archives/edgar/data/889348/000138713119002402/0001387131-19-002402-index.htm,https://www.sec.gov/Archives/edgar/data/889348/000138713119002402/cvu-10k_123118.htm,1620590878,16:07:58,20210509
9,2018-09-30,CVU,USD,2018-11-13,2018-11-13 16:48:44,Q3,19944558.0,15146080.0,4798478.0,0.24059084187275548,0.0,0.0,0.0,0.0,2584560.0,17730640.0,574765.0,187979.0,2401897.0,0.12042869037258183,2213918.0,0.11100361311591864,0.0,1639153.0,0.08218547635901483,311000.0,1328153.0,0.06659225037727083,0.14834760586392529,0.14794941559472322,8952979.0,8977075.0,https://www.sec.gov/Archives/edgar/data/889348/000138713118006111/0001387131-18-006111-index.htm,https://www.sec.gov/Archives/edgar/data/889348/000138713118006111/cvu-10q_093018.htm,1620590878,16:07:58,20210509
10,2018-06-30,CVU,USD,2018-08-09,2018-08-09 12:25:53,Q2,20261239.0,15676421.0,4584818.0,0.22628517436668114,0.0,0.0,0.0,0.0,2557759.0,18234180.0,416834.0,179979.0,2207038.0,0.10892907388338886,2027059.0,0.10004615216275767,0.0,1610225.0,0.07947317535714375,353000.0,1257225.0,0.06205074625495509,0.14,0.14,8980179.0,8980179.0,https://www.sec.gov/Archives/edgar/data/889348/000138713118003802/0001387131-18-003802-index.htm,https://www.sec.gov/Archives/edgar/data/889348/000138713118003802/cvu-10q_063018.htm,1620590878,16:07:58,20210509
11,2018-03-31,CVU,USD,2018-05-15,2018-05-15 10:49:21,Q1,18191623.0,14141755.0,4049868.0,0.2226226873764919,0.0,0.0,0.0,0.0,2049840.0,16191595.0,447263.0,153297.0,2153325.0,0.11836904271817858,2000028.0,0.10994225199147982,0.0,1552765.0,0.08535604547213847,296000.0,1256765.0,0.06908481997455643,0.1413973548462514,0.14057168678977472,8888179.0,8940385.0,https://www.sec.gov/Archives/edgar/data/889348/000138713118002144/0001387131-18-002144-index.htm,https://www.sec.gov/Archives/edgar/data/889348/000138713118001191/cvu-10k_123117.htm,1620590878,16:07:58,20210509
12,2017-12-31,CVU,USD,2018-03-22,2018-03-22 11:32:17,Q4,23812036.0,18299818.0,5512218.0,0.23148873116099775,0.0,0.0,0.0,0.0,2239214.0,20539032.0,440057.0,157030.0,3430034.0,0.14404622939424416,3273004.0,0.13745166519990143,-19774.0,2813173.0,0.1181408007278336,756000.0,2057173.0,0.0863921505914068,0.2314504467113005,0.2314504467113005,8888179.0,8888179.0,https://www.sec.gov/Archives/edgar/data/889348/000138713118001191/0001387131-18-001191-index.htm,https://www.sec.gov/Archives/edgar/data/889348/000138713118001191/cvu-10k_123117.htm,1620590878,16:07:58,20210509
13,2017-09-30,CVU,USD,2017-11-09,2017-11-09 10:19:12,Q3,20706460.0,15794024.0,4912436.0,0.23724171104090222,0.0,0.0,0.0,0.0,2044304.0,17838328.0,402619.0,157229.0,3025361.0,0.1461071086028225,2868132.0,0.13851387441407173,0.0,2465513.0,0.11906974924733633,770000.0,1695513.0,0.08188328666512769,0.19165903559450073,0.19109087200109098,8846507.0,8872810.0,https://www.sec.gov/Archives/edgar/data/889348/000138713117005360/0001387131-17-005360-index.htm,https://www.sec.gov/Archives/edgar/data/889348/000138713117005360/cvu-10q_093017.htm,1620590878,16:07:58,20210509
14,2017-06-30,CVU,USD,2017-08-09,2017-08-09 11:02:38,Q2,16731951.0,13048203.0,3683748.0,0.22016249031568405,0.0,0.0,0.0,0.0,2002198.0,15050401.0,465903.0,152106.0,1833656.0,0.10959008904580225,1681550.0,0.10049933806284754,0.0,1215647.0,0.07265422902565277,450000.0,765647.0,0.04575957699135026,0.09,0.09,8507189.0,8507189.0,https://www.sec.gov/Archives/edgar/data/889348/000138713117004000/0001387131-17-004000-index.htm,https://www.sec.gov/Archives/edgar/data/889348/000138713117004000/cvu-10q_063017.htm,1620590878,16:07:58,20210509
15,2017-03-31,CVU,USD,2017-05-10,2017-05-10 11:43:10,Q1,20032701.0,15495187.0,4537514.0,0.22650535242351993,0.0,0.0,0.0,0.0,2163878.0,17659065.0,390335.0,149926.0,2523562.0,0.12597212927003704,2373636.0,0.11848806608754356,0.0,1983301.0,0.09900317485894689,734000.0,1249301.0,0.062363083240747214,0.1422684725664515,0.14146842362313558,8781292.0,8830953.0,https://www.sec.gov/Archives/edgar/data/889348/000138713117002570/0001387131-17-002570-index.htm,https://www.sec.gov/Archives/edgar/data/889348/000138713117001254/cvu-10k_123116.htm,1620590878,16:07:58,20210509
16,2016-12-31,CVU,USD,2017-03-08,2017-03-08 14:16:20,Q4,24268032.0,18368379.0,5899653.0,0.24310389074812494,0.0,0.0,0.0,0.0,2010869.0,20379248.0,441781.0,106613.0,3995397.0,0.1646362177204975,3888784.0,0.16024307203814467,0.0,3447003.0,0.1420388352875091,1312000.0,2135003.0,0.08797594300188824,0.244284,0.24,8739836.0,8895829.0,https://www.sec.gov/Archives/edgar/data/889348/000138713117001254/0001387131-17-001254-index.htm,https://www.sec.gov/Archives/edgar/data/889348/000138713117001254/cvu-10k_123116.htm,1620590878,16:07:58,20210509
17,2016-09-30,CVU,USD,2016-11-09,2016-11-09 12:23:59,Q3,22110829.0,17086461.0,5024368.0,0.22723562287058527,0.0,0.0,0.0,0.0,2014147.0,19100608.0,338156.0,166997.0,3177218.0,0.14369510975820943,3010221.0,0.13614238525385006,0.0,2672065.0,0.12084870268771922,986000.0,1686065.0,0.07625516890388868,0.19427827596314984,0.1939695734904664,8678608.0,8692420.0,https://www.sec.gov/Archives/edgar/data/889348/000138713116007794/0001387131-16-007794-index.htm,https://www.sec.gov/Archives/edgar/data/889348/000138713116007794/cvu-10q_093016.htm,1620590878,16:07:58,20210509
18,2016-06-30,CVU,USD,2016-08-08,2016-08-08 14:53:42,Q2,22280964.0,17246963.0,5034001.0,0.22593281870568976,0.0,0.0,0.0,0.0,1868787.0,19115750.0,323634.0,194244.0,3359458.0,0.1507770489643087,3165214.0,0.1420591137798167,0.0,2841580.0,0.12753397922998305,1051000.0,1790580.0,0.08036366828652476,0.20795421564928118,0.20730560714326648,8610453.0,8637393.0,https://www.sec.gov/Archives/edgar/data/889348/000138713116006370/0001387131-16-006370-index.htm,https://www.sec.gov/Archives/edgar/data/889348/000138713116006370/cvu-10q_063016.htm,1620590878,16:07:58,20210509
19,2016-03-31,CVU,USD,2016-05-10,2016-05-10 10:32:19,Q1,12670032.0,24309136.0,-11639104.0,-0.9186325654110423,0.0,0.0,0.0,0.0,2720383.0,27029519.0,275733.0,194067.0,-14165420.0,-1.1180255898327645,-14359487.0,-1.133342599292567,0.0,-14635220.0,-1.1551052120468204,-5415000.0,-9220220.0,-0.727718761878423,-1.07,-1.07,8596538.0,8596538.0,https://www.sec.gov/Archives/edgar/data/889348/000143774916031356/0001437749-16-031356-index.htm,https://www.sec.gov/Archives/edgar/data/889348/000143774916028440/cpi20151231_10k.htm,1620590878,16:07:58,20210509
20,2015-12-31,CVU,USD,2016-03-28,2016-03-28 06:11:29,Q4,31590791.0,28035960.0,3554831.0,0.11252744510259335,0.0,0.0,0.0,0.0,1668025.0,29703985.0,255126.0,230497.0,2117303.0,0.06702279154706826,1886806.0,0.05972645635875341,0.0,1631680.0,0.05165049523451312,980000.0,651680.0,0.020628796537573244,0.07580726101600435,0.07580726101600435,8596538.0,8596538.0,https://www.sec.gov/Archives/edgar/data/889348/000143774916028440/0001437749-16-028440-index.htm,https://www.sec.gov/Archives/edgar/data/889348/000143774916028440/cpi20151231_10k.htm,1620590878,16:07:58,20210509
21,2015-09-30,CVU,USD,2015-11-09,2015-11-09 11:35:47,Q3,26790881.0,21194449.0,5596432.0,0.20889316779093603,0.0,0.0,0.0,0.0,1898965.0,23093414.0,218382.0,211629.0,3909096.0,0.14591143904524828,3697467.0,0.13801214674500625,0.0,3479085.0,0.12986079106543752,1033000.0,2446085.0,0.0913028951903448,0.29,0.28,8564417.0,8625308.0,https://www.sec.gov/Archives/edgar/data/889348/000143774915020176/0001437749-15-020176-index.htm,https://www.sec.gov/Archives/edgar/data/889348/000143774915020176/cpi20150930_10q.htm,1620590878,16:07:58,20210509
22,2015-06-30,CVU,USD,2015-08-07,2015-08-07 14:33:11,Q2,21944320.0,18095951.0,3848369.0,0.17536970842568828,0.0,0.0,0.0,0.0,2049793.0,20145744.0,270468.0,207261.0,2005837.0,0.09140574873133457,1798576.0,0.08196089010732618,0.0,1528108.0,0.06963569616192254,538000.0,990108.0,0.045119101434904337,0.11578073660791026,0.1149992223880689,8551578.0,8609693.0,https://www.sec.gov/Archives/edgar/data/889348/000143774915015203/0001437749-15-015203-index.htm,https://www.sec.gov/Archives/edgar/data/889348/000143774915015203/cpi20150630_10q.htm,1620590878,16:07:58,20210509
23,2015-03-31,CVU,USD,2015-05-08,2015-05-08 11:13:27,Q1,19876566.0,16274495.0,3602071.0,0.18122199780384599,0.0,0.0,0.0,0.0,2019365.0,18293860.0,214586.0,204676.0,1787382.0,0.08992408447213669,1582706.0,0.0796267323037591,0.0,1368120.0,0.06883080306729039,440000.0,928120.0,0.046694182486049146,0.10897298840797076,0.10799025746645026,8516973.0,8594479.0,https://www.sec.gov/Archives/edgar/data/889348/000143774915009409/0001437749-15-009409-index.htm,https://www.sec.gov/Archives/edgar/data/889348/000143774915004350/cpi20141231_10k.htm,1620590878,16:07:58,20210509
24,2014-12-31,CVU,USD,2015-03-06,2015-03-06 16:37:52,Q4,20067439.0,15791419.0,4276020.0,0.21308249647600772,0.0,0.0,0.0,0.0,1883639.0,17675058.0,424194.0,207156.0,2599537.0,0.12954004743704467,2392381.0,0.11921705604785943,0.0,2113259.0,0.10530785717101221,396000.0,1717259.0,0.08557439741065115,0.20162785534250255,0.20162785534250255,8516973.0,8516973.0,https://www.sec.gov/Archives/edgar/data/889348/000143774915004350/0001437749-15-004350-index.htm,https://www.sec.gov/Archives/edgar/data/889348/000143774915004350/cpi20141231_10k.htm,1620590878,16:07:58,20210509
25,2014-09-30,CVU,USD,2014-11-10,2014-11-10 12:35:59,Q3,21487677.0,17016373.0,4471304.0,0.20808689557275084,0.0,0.0,0.0,0.0,1800878.0,18817251.0,67879.0,194967.0,2865393.0,0.13335052458206628,2670426.0,0.12427709146968283,0.0,2602547.0,0.12111811807297736,905000.0,1697547.0,0.0790009548263407,0.20010901660959052,0.19863901812906767,8483111.0,8545889.0,https://www.sec.gov/Archives/edgar/data/889348/000143774914020184/0001437749-14-020184-index.htm,https://www.sec.gov/Archives/edgar/data/889348/000143774914020184/cpi20140930_10q.htm,1620590878,16:07:58,20210509
26,2014-07-23,CVU,USD,2014-08-08,2014-08-08 09:20:29,Q2,-23751623000.0,19211531000.0,4540092000.0,-0.1911487059221174,0.0,1785044000.0,0.0,0.0,1785044000.0,20996575000.0,0.0,0.0,-44748198000.0,1.8840059056174814,-44748198000.0,1.8840059056174814,0.0,-44906951000.0,1.8906897857043286,-15215000000.0,-29691951000.0,1.2501019825045219,-3.60658,-3.60658,8232709523.0,8232709523.0,https://www.sec.gov/Archives/edgar/data/889348/000088934814000025/0000889348-14-000025-index.htm,https://www.sec.gov/Archives/edgar/data/889348/000088934814000025/form10_q.htm,1620590878,16:07:58,20210509
27,2014-06-30,CVU,USD,2014-08-08 00:00:00,2014-08-08 09:20:29,Q2,-23751623.0,19211531.0,-42963154.0,1.8088512940778827,0.0,0.0,0.0,0.0,1785044.0,20996575.0,158753.0,186570.0,-44561628.0,1.8761508634588886,-44748198.0,1.8840059056174814,0.0,-44906951.0,1.8906897857043286,-15215000.0,-29691951.0,1.2501019825045219,-3.5001248362629185,-3.4999998231844134,8483112.0,8483415.0,https://www.sec.gov/Archives/edgar/data/889348/000088934814000025/0000889348-14-000025-index.html,https://www.sec.gov/Archives/edgar/data/889348/000088934814000025/form10_q.htm,1620590878,16:07:58,20210509
28,2014-04-30,CVU,USD,2014-05-09,2014-05-09 09:31:25,Q1,21883517000.0,17392385000.0,4491132000.0,0.2052289858161282,0.0,1838660000.0,0.0,0.0,1838660000.0,19231045000.0,0.0,-704435000.0,1948037000.0,0.08901846078946085,2652472000.0,0.12120867043446444,0.0,2508869000.0,0.11464651682816798,780000000.0,1728869000.0,0.07900325162541286,0.20609,0.20609,8389048000.0,8389048000.0,https://www.sec.gov/Archives/edgar/data/889348/000088934814000015/0000889348-14-000015-index.htm,https://www.sec.gov/Archives/edgar/data/889348/000088934814000006/form10-k.htm,1620590878,16:07:58,20210509
29,2014-03-31,CVU,USD,2014-05-09 00:00:00,2014-05-09 09:31:25,Q1,21883517.0,17392385.0,4491132.0,0.2052289858161282,0.0,0.0,0.0,0.0,1838660.0,19231045.0,143603.0,175043.0,2827515.0,0.12920752180739503,2652472.0,0.12120867043446444,0.0,2508869.0,0.11464651682816798,780000.0,1728869.0,0.07900325162541286,0.21,0.2,8421142.0,8534856.0,https://www.sec.gov/Archives/edgar/data/889348/000088934814000015/0000889348-14-000015-index.html,https://www.sec.gov/Archives/edgar/data/889348/000088934814000015/form10-q.htm,1620590878,16:07:58,20210509
30,2013-12-31,CVU,USD,2014-03-11,2014-03-11 13:56:03,Q4,21285992.0,16005689.0,5280303.0,0.248064689679485,0.0,0.0,0.0,-82387.0,1821673.0,17827362.0,161343.0,186387.0,3645017.0,0.17124017522885474,3458630.0,0.1624838532308008,-82387.0,3376244.0,0.15861342050678212,1006000.0,2370244.0,0.1113522921553292,0.2823597075816975,0.2778899514317128,8394413.0,8529434.0,https://www.sec.gov/Archives/edgar/data/889348/000088934814000006/0000889348-14-000006-index.htm,https://www.sec.gov/Archives/edgar/data/889348/000088934814000006/form10-k.htm,1620590878,16:07:58,20210509
31,2013-10-21,CVU,USD,2013-11-08,2013-11-08 08:27:07,Q3,20664645000.0,16188518000.0,4476127000.0,0.21660797947412114,0.0,1508656000.0,0.0,0.0,1508656000.0,17697174000.0,-297071.0,-338733.0,2967132267.0,0.14358496199668563,2967471000.0,0.1436013539066362,0.0,2772100000.0,0.13414699357283902,861000000.0,1911100000.0,0.0924816274366194,0.22493,0.22493,8496552380.0,8496552380.0,https://www.sec.gov/Archives/edgar/data/889348/000088934813000045/0000889348-13-000045-index.htm,https://www.sec.gov/Archives/edgar/data/889348/000088934813000045/form10q.htm,1620590878,16:07:58,20210509
32,2013-09-30,CVU,USD,2013-11-08 00:00:00,2013-11-08 08:27:07,Q3,20664645.0,16188518.0,4476127.0,0.21660797947412114,0.0,0.0,0.0,0.0,1508656.0,17697174.0,195371.0,179315.0,3146786.0,0.15227873500851333,2967471.0,0.1436013539066362,0.0,2772100.0,0.13414699357283902,861000.0,1911100.0,0.0924816274366194,0.2277300376050679,0.22508126822359165,8391954.0,8490711.0,https://www.sec.gov/Archives/edgar/data/889348/000088934813000045/0000889348-13-000045-index.html,https://www.sec.gov/Archives/edgar/data/889348/000088934813000045/form10q.htm,1620590878,16:07:58,20210509
33,2013-06-30,CVU,USD,2013-08-09,2013-08-09 08:40:31,Q2,21110452.0,16874205.0,4236247.0,0.20067059672620938,0.0,0.0,0.0,0.0,1496272.0,18370477.0,155699.0,175226.0,2915201.0,0.13809277982299953,2739975.0,0.12979234172721646,0.0,2584276.0,0.12241689566855318,800000.0,1784276.0,0.08452097567593532,0.212617466682968,0.21100320287374075,8391954.0,8456156.0,https://www.sec.gov/Archives/edgar/data/889348/000088934813000026/0000889348-13-000026-index.htm,https://www.sec.gov/Archives/edgar/data/889348/000088934813000026/form10q.htm,1620590878,16:07:58,20210509
34,2013-05-01,CVU,USD,2013-05-10,2013-05-10 11:15:15,Q1,19927433000.0,15486863000.0,4440570000.0,0.22283703074048725,0.0,1877922000.0,0.0,0.0,1877922000.0,17364785000.0,0.0,0.0,2562648000.0,0.1285990021895946,2562648000.0,0.1285990021895946,0.0,2421276000.0,0.12150466143832976,750000000.0,1671276000.0,0.08386810283090652,0.21645,0.21645,7721304000.0,7721304000.0,https://www.sec.gov/Archives/edgar/data/889348/000088934813000018/0000889348-13-000018-index.htm,https://www.sec.gov/Archives/edgar/data/889348/000088934813000009/form10_k.htm,1620590878,16:07:58,20210509
35,2013-03-31,CVU,USD,2013-05-10 00:00:00,2013-05-10 11:15:15,Q1,19927433.0,15486863.0,4440570.0,0.22283703074048725,0.0,0.0,0.0,0.0,1877922.0,17364785.0,141372.0,163507.0,2726155.0,0.13680412324055988,2562648.0,0.1285990021895946,0.0,2421276.0,0.12150466143832976,750000.0,1671276.0,0.08386810283090652,0.19949212512237913,0.19783157476573673,8377654.0,8447974.0,https://www.sec.gov/Archives/edgar/data/889348/000088934813000018/0000889348-13-000018-index.html,https://www.sec.gov/Archives/edgar/data/889348/000088934813000018/form10-q.htm,1620590878,16:07:58,20210509
36,2013-02-22,CVU,USD,2013-03-13,2013-03-13 12:56:49,Q4,67931751000.0,49503562000.0,18428189000.0,0.2712750478049653,0.0,5706742000.0,0.0,-384853000.0,5706742000.0,55210304000.0,0.0,623795000.0,13345242000.0,0.19645072890878376,12721447000.0,0.18726805672946661,31520000.0,12499693000.0,0.1840036921762844,4446000000.0,8053693000.0,0.11855565153914552,0.95312,0.95312,8449820000.0,8449820000.0,https://www.sec.gov/Archives/edgar/data/889348/000088934813000009/0000889348-13-000009-index.htm,https://www.sec.gov/Archives/edgar/data/889348/000088934813000009/form10_k.htm,1620590878,16:07:58,20210509
37,2012-12-31,CVU,USD,2013-03-13 00:00:00,2013-03-13 12:56:49,Q4,27356030.0,19660870.0,7695160.0,0.28129666475727655,0.0,0.0,0.0,101826.0,2031631.0,21692501.0,-70306.0,165189.0,5828718.0,0.21306885538581438,5663529.0,0.20703036953827,101826.0,5765355.0,0.21075262017185972,2327000.0,3438355.0,0.12568910766657296,0.4114950856666334,0.4070882637962685,8355762.0,8446215.0,https://www.sec.gov/Archives/edgar/data/889348/000088934813000009/0000889348-13-000009-index.html,https://www.sec.gov/Archives/edgar/data/889348/000088934813000009/form10_k.htm,1620590878,16:07:58,20210509
38,2012-11-09,CVU,USD,2012-11-09,2012-11-09,Q3,0.0,0.0,0.0,0.0,0.0,0.0,0.0,0.0,0.0,0.0,0.0,0.0,0.0,0.0,0.0,0.0,0.0,0.0,0.0,0.0,0.0,0.0,0.0,0.0,8355762.0,8355762.0,updating...,,1620590878,16:07:58,20210509
39,2012-10-19,CVU,USD,2012-11-09,2012-11-09 10:39:22,Q3,486204000.0,450424000.0,35780000.0,0.07359050933353078,0.0,45657000.0,0.0,0.0,45657000.0,496081000.0,0.0,-300320000.0,-310197000.0,-0.6379976306241825,-9877000.0,-0.020314518185782098,0.0,2697437000.0,5.54795312255761,-260000000.0,2957437000.0,6.082708081381478,0.35,0.35,8449820.0,8449820.0,https://www.sec.gov/Archives/edgar/data/889348/000088934812000032/0000889348-12-000032-index.htm,https://www.sec.gov/Archives/edgar/data/889348/000088934812000032/form10-q.htm,1620590878,16:07:58,20210509
40,2012-09-30,CVU,USD,2012-11-09 00:00:00,2012-11-09 10:39:22,Q3,21340831.0,15536407.0,5804424.0,0.2719867843946658,0.0,0.0,0.0,0.0,1615888.0,17152295.0,163099.0,158286.0,4346822.0,0.2036856952758775,4188536.0,0.19626864577110423,0.0,4025437.0,0.1886260661545935,1068000.0,2957437.0,0.1385811545951514,0.3543077188853691,0.3488905045612728,8347086.0,8476691.0,https://www.sec.gov/Archives/edgar/data/889348/000088934812000032/0000889348-12-000032-index.html,https://www.sec.gov/Archives/edgar/data/889348/000088934812000032/form10-q.htm,1620590878,16:07:58,20210509
41,2012-07-25,CVU,USD,2012-08-09,2012-08-09 14:31:42,Q2,4845019000.0,2926479000.0,1918540000.0,0.39598193526176056,0.0,-230191000.0,0.0,0.0,-230191000.0,2696288000.0,0.0,155194000.0,2303925000.0,0.4755244509877051,2148731000.0,0.4434927912563398,0.0,-684050000.0,-0.14118623683415896,684000000.0,-1368050000.0,-0.2823621537913474,-0.2,-0.2,6840250000.0,6840250000.0,https://www.sec.gov/Archives/edgar/data/889348/000088934812000026/0000889348-12-000026-index.htm,https://www.sec.gov/Archives/edgar/data/889348/000088934812000026/form10_q.htm,1620590878,16:07:58,20210509
42,2012-06-30,CVU,USD,2012-08-09 00:00:00,2012-08-09 14:31:42,Q2,20854627.0,15085983.0,5768644.0,0.2766121877893093,0.0,0.0,0.0,0.0,1570231.0,16656214.0,174394.0,155194.0,4353607.0,0.20875976348078534,4198413.0,0.2013180576185803,0.0,4024019.0,0.19295569275825455,1328000.0,2696019.0,0.12927677872157578,0.37,0.36,7222554.0,7414273.0,https://www.sec.gov/Archives/edgar/data/889348/000088934812000026/0000889348-12-000026-index.html,https://www.sec.gov/Archives/edgar/data/889348/000088934812000026/form10_q.htm,1620590878,16:07:58,20210509
43,2012-04-26,CVU,USD,2012-05-09,2012-05-09 15:25:03,Q1,16009608000.0,12159504000.0,3850104000.0,0.24048708750395387,0.0,1800422000.0,0.0,0.0,1800422000.0,13959926000.0,0.0,145126000.0,2194808000.0,0.13709317554808337,2049682000.0,0.12802824403945431,0.0,2012050000.0,0.12567765556783153,644000000.0,1368050000.0,0.08545181118738197,0.2,0.2,6840250.0,6840250.0,https://www.sec.gov/Archives/edgar/data/889348/000088934812000013/0000889348-12-000013-index.htm,https://www.sec.gov/Archives/edgar/data/889348/000088934812000009/form10k_4q2011.htm,1620590878,16:07:58,20210509
44,2012-03-31,CVU,USD,2012-05-09 00:00:00,2012-05-09 15:25:03,Q1,19721095.0,14756709.0,4964386.0,0.2517297340740968,0.0,0.0,0.0,0.0,2104881.0,16861590.0,149185.0,145126.0,3004631.0,0.1523561952315528,2859505.0,0.14499727322443304,0.0,2710320.0,0.13743253100296915,791000.0,1919320.0,0.09732319630324787,0.28,0.27,6952910.0,7228061.0,https://www.sec.gov/Archives/edgar/data/889348/000088934812000013/0000889348-12-000013-index.html,https://www.sec.gov/Archives/edgar/data/889348/000088934812000013/form10_q.htm,1620590878,16:07:58,20210509
45,2012-02-29,CVU,USD,2012-03-14,2012-03-14 15:03:52,Q4,24092199000.0,17544770000.0,6547429000.0,0.2717655204491711,0.0,2523313000.0,0.0,-339426000.0,2523313000.0,20068083000.0,-216331.0,-380895.0,4023735105.0,0.16701402412457245,4024116000.0,0.16702983401390634,4065000.0,3901021000.0,0.16192050381121292,-1894000000.0,2673021000.0,0.11094964805827812,0.3900470635582023,0.3744733353404087,6853073000.0,7138081000.0,https://www.sec.gov/Archives/edgar/data/889348/000088934812000009/0000889348-12-000009-index.htm,https://www.sec.gov/Archives/edgar/data/889348/000088934812000009/form10k_4q2011.htm,1620590878,16:07:58,20210509
46,2011-12-31,CVU,USD,2012-03-14 00:00:00,2012-03-14 15:03:52,Q4,24092199.0,17544770.0,6547429.0,0.2717655204491711,0.0,0.0,0.0,0.0,2523313.0,20068083.0,127160.0,210478.0,4234594.0,0.17576618888130552,4024116.0,0.16702983401390634,0.0,3901021.0,0.16192050381121292,1228000.0,2673021.0,0.11094964805827812,0.0003900470635582023,0.0003900470635582023,6853073000.0,6853073000.0,https://www.sec.gov/Archives/edgar/data/889348/000088934812000009/0000889348-12-000009-index.html,https://www.sec.gov/Archives/edgar/data/889348/000088934812000009/form10k_4q2011.htm,1620590878,16:07:58,20210509
47,2011-09-30,CVU,USD,2011-11-09,2011-11-09 11:18:46,Q3,16607638.0,12440033.0,4167605.0,0.2509450771988166,0.0,0.0,0.0,0.0,1525386.0,13965419.0,111177.0,170319.0,2812538.0,0.16935207764042062,2642219.0,0.1590966156656353,0.0,2531042.0,0.1524022862251694,726000.0,1805042.0,0.10868746055278902,0.26,0.25,6915313.0,7158715.0,https://www.sec.gov/Archives/edgar/data/889348/000114036111052553/0001140361-11-052553-index.htm,https://www.sec.gov/Archives/edgar/data/889348/000114036111052553/form10q.htm,1620590878,16:07:58,20210509
48,2011-06-30,CVU,USD,2011-08-15,2011-08-15 09:17:42,Q2,17426223.0,13181422.0,4244801.0,0.24358697808469454,0.0,0.0,0.0,0.0,2082464.0,15263886.0,67521.0,112854.0,2275191.0,0.1305613385069157,2162337.0,0.1240852363704975,0.0,2094816.0,0.12021055853583419,524000.0,1570816.0,0.09014093300653848,0.23,0.22,6847357.0,7148591.0,https://www.sec.gov/Archives/edgar/data/889348/000114036111041704/0001140361-11-041704-index.htm,https://www.sec.gov/Archives/edgar/data/889348/000114036111041704/form10q.htm,1620590878,16:07:58,20210509
49,2011-05-02,CVU,USD,2011-05-06,2011-05-06 11:32:46,Q1,16009608000.0,12159504000.0,3850104000.0,0.24048708750395387,0.0,1800422000.0,0.0,0.0,1800422000.0,13959926000.0,-37632000.0,97722000.0,2147404000.0,0.13413220361173114,2049682000.0,0.12802824403945431,0.0,2012050000.0,0.12567765556783153,644000000.0,1368050000.0,0.08545181118738197,0.2,0.2,6840250000.0,6840250000.0,https://www.sec.gov/Archives/edgar/data/889348/000088934811000010/0000889348-11-000010-index.htm,https://www.sec.gov/Archives/edgar/data/889348/000088934811000006/form10k_q4.htm,1620590878,16:07:58,20210509
50,2011-03-31,CVU,USD,2011-05-06 00:00:00,2011-05-06 11:32:46,Q1,16009608.0,12159504.0,3850104.0,0.24048708750395387,0.0,0.0,0.0,0.0,1800422.0,13959926.0,37632.0,97722.0,2147404.0,0.13413220361173114,2049682.0,0.12802824403945431,0.0,2012050.0,0.12567765556783153,644000.0,1368050.0,0.08545181118738197,0.2,0.19,6795229.0,7193073.0,https://www.sec.gov/Archives/edgar/data/889348/000088934811000010/0000889348-11-000010-index.html,https://www.sec.gov/Archives/edgar/data/889348/000088934811000010/form10-q.htm,1620590878,16:07:58,20210509
51,2011-03-09,CVU,USD,2011-03-14,2011-05-06 11:32:46,Q4,31014700000.0,28284289000.0,2730411000.0,0.08803602807700864,0.0,4233923000.0,0.0,-154636000.0,4233923000.0,32518212000.0,188087000.0,114453000.0,-617378000.0,-0.01990598006751637,-731831000.0,-0.0235962624174988,3770000.0,-886467000.0,-0.028582156203348735,13000000.0,-899467000.0,-0.029001312280950646,-0.13859,-0.13859,6489942000.0,6489942000.0,https://www.sec.gov/Archives/edgar/data/889348/000088934811000006/0000889348-11-000006-index.htm,https://www.sec.gov/Archives/edgar/data/889348/000088934811000006/form10k_q4.htm,1620590878,16:07:58,20210509
52,2010-12-31,CVU,USD,2010-12-31,2010-12-31,Q4,7464546.0,10834546.0,-3370000.0,-0.45146751054920153,0.0,0.0,0.0,0.0,1363555.0,12198101.0,28750.0,114453.0,-4619102.0,-0.618805483950397,-4733555.0,-0.6341383655482865,0.0,-4758535.0,-0.6374848517244049,-1793000.0,-2965535.0,-0.3972827014529752,-0.000435692227948693,-0.000435692227948693,6806490476.0,6806490476.0,,,1620590878,16:07:58,20210509
53,2010-10-28,CVU,USD,2010-11-12,2010-11-12 10:08:19,Q4,431459000.0,400375000.0,31084000.0,0.07204392537877295,0.0,-303372000.0,0.0,0.0,-303372000.0,97003000.0,10653000.0,98035000.0,-339190000.0,-0.7861465399956891,-437225000.0,-1.0133639581049416,0.0,-396891000.0,-0.919881147455494,-621000000.0,224109000.0,0.5194213123379047,0.03293,0.03293,6806490476.0,6806490476.0,https://www.sec.gov/Archives/edgar/data/889348/000088934810000025/0000889348-10-000025-index.htm,https://www.sec.gov/Archives/edgar/data/889348/000088934810000025/form10_q.htm,1620590878,16:07:58,20210509
54,2010-09-30,CVU,USD,2010-11-12 00:00:00,2010-11-12 10:08:19,Q3,12976084.0,9593671.0,3382413.0,0.2606651590726447,0.0,0.0,0.0,0.0,1181369.0,10775040.0,29681.0,98035.0,2299079.0,0.17717818411163183,2201044.0,0.1696231312929232,0.0,2171363.0,0.1673357694046987,742000.0,1429363.0,0.11015364882039913,0.21491737179953677,0.20501018623220707,6650756.0,6972156.0,https://www.sec.gov/Archives/edgar/data/889348/000088934810000025/0000889348-10-000025-index.html,https://www.sec.gov/Archives/edgar/data/889348/000088934810000025/form10_q.htm,1620590878,16:07:58,20210509
55,2010-07-30,CVU,USD,2010-08-11,2010-08-11 09:24:10,Q3,1539096000.0,936849000.0,602247000.0,0.39129917821890253,0.0,39474000.0,0.0,0.0,39474000.0,976323000.0,-40334000.0,91956000.0,654729000.0,0.42539841569336806,562773000.0,0.36565165525737187,0.0,522439000.0,0.33944536273240916,178000000.0,344439000.0,0.2237930577429868,0.05144,0.05144,6695855555.0,6695855555.0,https://www.sec.gov/Archives/edgar/data/889348/000088934810000022/0000889348-10-000022-index.htm,https://www.sec.gov/Archives/edgar/data/889348/000088934810000022/form10_q.htm,1620590878,16:07:58,20210509
56,2010-06-30,CVU,USD,2010-08-11 00:00:00,2010-08-11 09:24:10,Q2,12544625.0,9193296.0,3351329.0,0.267152585270584,0.0,0.0,0.0,0.0,1484741.0,10678037.0,40334.0,91956.0,1958544.0,0.15612614964576463,1866588.0,0.14879583885528663,0.0,1826254.0,0.14558059726775413,621000.0,1205254.0,0.09607732395348606,0.18377492026916667,0.17748045880736768,6558316.0,6790911.0,https://www.sec.gov/Archives/edgar/data/889348/000088934810000022/0000889348-10-000022-index.html,https://www.sec.gov/Archives/edgar/data/889348/000088934810000022/form10_q.htm,1620590878,16:07:58,20210509
57,2010-05-04,CVU,USD,2010-05-11,2010-05-11 16:51:35,Q1,11005529000.0,8256447000.0,2749082000.0,0.2497909914189495,0.0,1445267000.0,0.0,0.0,1445267000.0,9701714000.0,0.0,81950000.0,1385765000.0,0.12591534673162916,1303815000.0,0.11846908949129115,0.0,1303815000.0,0.11846908949129115,443000000.0,860815000.0,0.07821659458623025,0.14,0.14,6148678571.0,6148678571.0,https://www.sec.gov/Archives/edgar/data/889348/000088934810000015/0000889348-10-000015-index.htm,https://www.sec.gov/Archives/edgar/data/889348/000088934810000008/form10-k.htm,1620590878,16:07:58,20210509
58,2010-03-31,CVU,USD,2010-05-11 00:00:00,2010-05-11 16:51:35,Q1,11005529.0,8256447.0,2749082.0,0.2497909914189495,0.0,0.0,0.0,0.0,1445267.0,9701714.0,0.0,81950.0,1385765.0,0.12591534673162916,1303815.0,0.11846908949129115,0.0,1303815.0,0.11846908949129115,443000.0,860815.0,0.07821659458623025,0.14258105305072255,0.1384609420841869,6037373.0,6217024.0,https://www.sec.gov/Archives/edgar/data/889348/000088934810000015/0000889348-10-000015-index.html,https://www.sec.gov/Archives/edgar/data/889348/000088934810000015/form10-q.htm,1620590878,16:07:58,20210509
59,2010-03-16,CVU,USD,2010-03-23,2010-03-23 10:57:15,Q4,33990468000.0,25240647000.0,8749821000.0,0.2574198448812179,0.0,5197663000.0,0.0,-250947000.0,5197663000.0,30438310000.0,252961000.0,93261000.0,4846553000.0,0.14258565077715318,4753292000.0,0.13984191097339407,-250947000.0,4502345000.0,0.13245904704813125,1501000000.0,3001345000.0,0.08829960799598287,0.5007,0.5007,5994326000.0,5994326000.0,https://www.sec.gov/Archives/edgar/data/889348/000088934810000008/0000889348-10-000008-index.htm,https://www.sec.gov/Archives/edgar/data/889348/000088934810000008/form10-k.htm,1620590878,16:07:58,20210509
60,2009-12-31,CVU,USD,2010-03-23 00:00:00,2010-03-23 10:57:15,Q4,12861542.0,9006872.0,3854670.0,0.29970512089452417,0.0,0.0,0.0,0.0,1317787.0,10324659.0,0.0,93261.0,2630144.0,0.2044967858441857,2536883.0,0.19724563353289987,-250947.0,2285936.0,0.17773420947503807,699000.0,1586936.0,0.12338613830285669,0.0002687837131164374,0.0002687837131164374,5904137500.0,5904137500.0,https://www.sec.gov/Archives/edgar/data/889348/000088934810000008/0000889348-10-000008-index.html,https://www.sec.gov/Archives/edgar/data/889348/000088934810000008/form10-k.htm,1620590878,16:07:58,20210509
61,2009-11-12,CVU,USD,2009-11-13,2009-11-13 16:14:07,Q3,9916357000.0,7356561000.0,2559796000.0,0.2581387499461748,0.0,0.0,0.0,0.0,0.0,7356561000.0,0.0,85405000.0,1444067000.0,0.1456247490888035,1358662000.0,0.13701221123846186,0.0,1358662000.0,0.13701221123846186,414000000.0,944662000.0,0.09526300838100121,0.16,0.16,5904137500.0,5904137500.0,https://www.sec.gov/Archives/edgar/data/889348/000088934809000030/0000889348-09-000030-index.htm,https://www.sec.gov/Archives/edgar/data/889348/000088934809000030/form10-q.htm,1620590878,16:07:58,20210509
62,2009-09-30,CVU,USD,2009-11-13 00:00:00,2009-11-13 16:14:07,Q3,9916357.0,7356561.0,2559796.0,0.2581387499461748,0.0,0.0,0.0,0.0,1201134.0,8557695.0,0.0,85405.0,1444067.0,0.1456247490888035,1358662.0,0.13701221123846186,0.0,1358662.0,0.13701221123846186,414000.0,944662.0,0.09526300838100121,0.16,0.15,5995465.0,6224962.0,https://www.sec.gov/Archives/edgar/data/889348/000088934809000030/0000889348-09-000030-index.html,https://www.sec.gov/Archives/edgar/data/889348/000088934809000030/form10-q.htm,1620590878,16:07:58,20210509
63,2009-06-30,CVU,USD,2009-08-14,2009-08-14 09:55:54,Q2,11437691.0,8605436.0,2832255.0,0.2476247172615522,0.0,0.0,0.0,0.0,1442766.0,10048202.0,0.0,81362.0,1470851.0,0.1285968470384451,1389489.0,0.12148334834364734,0.0,1389489.0,0.12148334834364734,486000.0,903489.0,0.07899225464300443,0.15,0.14,5995465.0,6250021.0,https://www.sec.gov/Archives/edgar/data/889348/000088934809000019/0000889348-09-000019-index.htm,https://www.sec.gov/Archives/edgar/data/889348/000088934809000019/form10-q.htm,1620590878,16:07:58,20210509
64,2009-05-13,CVU,USD,2009-05-14,2009-05-14 11:19:14,Q2,9691236000.0,7628339000.0,2062897000.0,0.2128621158333158,0.0,1235976000.0,0.0,0.0,1235976000.0,8864315000.0,0.0,-208445000.0,618476000.0,0.0638180723284419,826921000.0,0.08532668072472903,0.0,826921000.0,0.08532668072472903,281000000.0,545921000.0,0.05633141118429063,0.09,0.09,6065788888.0,6065788888.0,https://www.sec.gov/Archives/edgar/data/889348/000088934809000013/0000889348-09-000013-index.htm,https://www.sec.gov/Archives/edgar/data/889348/000088934809000005/form10-k.htm,1620590878,16:07:58,20210509
65,2009-03-31,CVU,USD,2009-05-14 00:00:00,2009-05-14 11:19:14,Q1,9691236.0,7628339.0,2062897.0,0.2128621158333158,0.0,0.0,0.0,0.0,1235976.0,8864315.0,0.0,78967.0,905888.0,0.0934749705816678,826921.0,0.08532668072472903,0.0,826921.0,0.08532668072472903,281000.0,545921.0,0.05633141118429063,0.0912170042407007,0.08873000055748707,5984860.0,6152609.0,https://www.sec.gov/Archives/edgar/data/889348/000088934809000013/0000889348-09-000013-index.html,https://www.sec.gov/Archives/edgar/data/889348/000088934809000013/form10_q.htm,1620590878,16:07:58,20210509
66,2008-12-31,CVU,USD,2009-03-26,2009-03-26 14:53:44,Q4,9235576.0,6723867.0,2511709.0,0.27196018959727036,0.0,0.0,0.0,0.0,1247099.0,7970966.0,0.0,87444.0,1352054.0,0.1463962832421064,1264610.0,0.13692811363362717,47105.0,1311715.0,0.14202849935943357,403000.0,908715.0,0.09839288854317262,0.15183563191118923,0.15183563191118923,5984860.0,5984860.0,https://www.sec.gov/Archives/edgar/data/889348/000088934809000005/0000889348-09-000005-index.htm,https://www.sec.gov/Archives/edgar/data/889348/000088934809000005/form10-k.htm,1620590878,16:07:58,20210509
67,2008-09-30,CVU,USD,2008-11-12,2008-11-12 10:50:30,Q3,9434095.0,7275902.0,2158193.0,0.22876523927308343,0.0,0.0,0.0,0.0,806071.0,8081973.0,0.0,77424.0,1429546.0,0.15152974397650226,1352122.0,0.14332291544657966,0.0,1352122.0,0.14332291544657966,460000.0,892122.0,0.09456360149012703,0.15,0.14,5979364.0,6252685.0,https://www.sec.gov/Archives/edgar/data/889348/000088934808000005/0000889348-08-000005-index.htm,https://www.sec.gov/Archives/edgar/data/889348/000088934808000005/form10-q.htm,1620590878,16:07:58,20210509
68,2008-06-30,CVU,USD,2008-08-12,2008-08-12 12:37:23,Q2,9128406.0,7127318.0,2001088.0,0.2192154906343999,0.0,0.0,0.0,0.0,1448276.0,8575594.0,0.0,64440.0,617252.0,0.06761881537696723,552812.0,0.06055953251860182,0.0,552812.0,0.06055953251860182,183000.0,369812.0,0.040512220863094826,0.06188899569703023,0.059198780589513,5975408.0,6246953.0,https://www.sec.gov/Archives/edgar/data/889348/000095012308009371/0000950123-08-009371-index.htm,https://www.sec.gov/Archives/edgar/data/889348/000095012308009371/y65258e10vq.htm,1620590878,16:07:58,20210509
69,2008-03-31,CVU,USD,2008-05-13,2008-05-13 12:06:00,Q1,7790754.0,5938155.0,1852599.0,0.23779457033298704,0.0,0.0,0.0,0.0,1215634.0,7153789.0,0.0,58104.0,695069.0,0.08921716691349772,636965.0,0.08175909546110685,0.0,636965.0,0.08175909546110685,217000.0,419965.0,0.053905565494687675,0.07147243095613236,0.06793624202329696,5875902.0,6181752.0,https://www.sec.gov/Archives/edgar/data/889348/000095013608002534/0000950136-08-002534-index.htm,https://www.sec.gov/Archives/edgar/data/889348/000095013608001495/file1.htm,1620590878,16:07:58,20210509
70,2007-12-31,CVU,USD,2008-03-25,2008-03-25 12:30:39,Q4,7766131.0,5917660.0,1848471.0,0.2380169739603929,0.0,0.0,0.0,0.0,1037880.0,6955540.0,0.0,63669.0,874260.0,0.11257342942064717,810591.0,0.10437513866299705,-17468.0,793123.0,0.10212588481960966,265000.0,528123.0,0.06800335971669806,0.08987947722749631,0.08987947722749631,5875902.0,5875902.0,https://www.sec.gov/Archives/edgar/data/889348/000095013608001495/0000950136-08-001495-index.htm,https://www.sec.gov/Archives/edgar/data/889348/000095013608001495/file1.htm,1620590878,16:07:58,20210509
71,2007-09-30,CVU,USD,2007-11-14,2007-11-14 08:16:28,Q3,7256709.0,5263089.0,1993620.0,0.2747278415050128,0.0,0.0,0.0,0.0,1131484.0,6394573.0,0.0,61052.0,923188.0,0.1272185504475927,862136.0,0.11880537031318192,0.0,862136.0,0.11880537031318192,327000.0,535136.0,0.0737436212475931,0.09309790941318165,0.08707160673811774,5748099.0,6145930.0,https://www.sec.gov/Archives/edgar/data/889348/000095013607007784/0000950136-07-007784-index.htm,https://www.sec.gov/Archives/edgar/data/889348/000095013607007784/file1.htm,1620590878,16:07:58,20210509
72,2007-06-30,CVU,USD,2007-08-14,2007-08-14 12:04:20,Q2,7490669.0,5302049.0,2188620.0,0.29217951026804145,0.0,0.0,0.0,0.0,1262172.0,6564221.0,0.0,54577.0,981025.0,0.13096627283891465,926448.0,0.1236802747524954,0.0,926448.0,0.1236802747524954,351000.0,575448.0,0.07682197678204711,0.10110103796489378,0.09548105645605674,5691811.0,6026829.0,https://www.sec.gov/Archives/edgar/data/889348/000095013607005646/0000950136-07-005646-index.htm,https://www.sec.gov/Archives/edgar/data/889348/000095013607005646/file1.htm,1620590878,16:07:58,20210509
73,2007-03-31,CVU,USD,2007-05-15,2007-04-02 17:32:16,Q1,5471968.0,4113287.0,1358681.0,0.24829841841180358,0.0,0.0,0.0,0.0,923492.0,5036779.0,0.0,55929.0,491118.0,0.08975162135451084,435189.0,0.07953061860010878,0.0,435189.0,0.07953061860010878,167000.0,268189.0,0.049011434277393434,0.04875224047728983,0.04530784411975682,5501060.0,5919262.0,https://www.sec.gov/Archives/edgar/data/889348/000095013607003515/0000950136-07-003515-index.htm,https://www.sec.gov/Archives/edgar/data/889348/000095013607002258/file1.htm,1620590878,16:07:58,20210509
74,2006-12-31,CVU,USD,2007-04-02,2007-04-02 17:32:16,Q4,6007848.0,5186458.0,821390.0,0.1367195042218112,0.0,0.0,0.0,0.0,795709.0,5982167.0,0.0,57340.0,83021.0,0.0138187583973496,25681.0,0.004274575521884042,-13670.0,12011.0,0.0019992183557240462,0.0,12011.0,0.0019992183557240462,0.002183397381595547,0.002183397381595547,5501060.0,5501060.0,https://www.sec.gov/Archives/edgar/data/889348/000095013607002258/0000950136-07-002258-index.htm,https://www.sec.gov/Archives/edgar/data/889348/000095013607002258/file1.htm,1620590878,16:07:58,20210509
75,2006-09-30,CVU,USD,2006-11-14,2006-11-14,Q3,4412931.0,3651385.0,761546.0,0.17257147233890582,0.0,0.0,0.0,0.0,774123.0,4425508.0,0.0,55384.0,42807.0,0.009700355613989886,-12577.0,-0.0028500332318814863,0.0,-12577.0,-0.0028500332318814863,0.0,-12577.0,-0.0028500332318814863,-0.0023089596151452474,-0.0023089596151452474,5447042.0,5447042.0,https://www.sec.gov/Archives/edgar/data/889348/000095013606009553/0000950136-06-009553-index.htm,https://www.sec.gov/Archives/edgar/data/889348/000095013606009553/file1.htm,1620590878,16:07:58,20210509
76,2006-06-30,CVU,USD,2006-08-14,2006-08-14 11:50:16,Q2,2457016.0,3361506.0,-904490.0,-0.3681254008927903,0.0,0.0,0.0,0.0,1133844.0,4495350.0,0.0,-46325.0,-2084659.0,-0.8484515363351317,-2038334.0,-0.8295973652593227,0.0,-2038334.0,-0.8295973652593227,-705000.0,-1333334.0,-0.542663946836325,-0.24,-0.24,5447042.0,5447042.0,https://www.sec.gov/Archives/edgar/data/889348/000095013606006757/0000950136-06-006757-index.htm,https://www.sec.gov/Archives/edgar/data/889348/000095013606006757/file1.htm,1620590878,16:07:58,20210509
77,2006-03-31,CVU,USD,2006-05-15,2006-05-15 16:18:16,Q1,5030193.0,4065002.0,965191.0,0.19187951635255346,0.0,0.0,0.0,0.0,848297.0,4913299.0,0.0,149574.0,266468.0,0.05297371293705828,116894.0,0.023238472162002533,0.0,116894.0,0.023238472162002533,48000.0,68894.0,0.013696094762169165,0.012651605231866826,0.011244388944807438,5445475.0,6126967.0,https://www.sec.gov/Archives/edgar/data/889348/000095013606003887/0000950136-06-003887-index.htm,https://www.sec.gov/Archives/edgar/data/889348/000095013606002598/file001.htm,1620590878,16:07:58,20210509
78,2005-12-31,CVU,USD,2006-03-31,2006-03-31 15:22:21,Q4,6515624.0,5750351.0,765273.0,0.11745198924922617,0.0,0.0,0.0,0.0,779259.0,6529610.0,7575.0,49943.0,35957.0,0.005518581182707903,-13986.0,-0.0021465327035445876,0.0,-19914.0,-0.0030563457928204575,97000.0,-116914.0,-0.017943638245546397,-0.02146993604781952,-0.02146993604781952,5445475.0,5445475.0,https://www.sec.gov/Archives/edgar/data/889348/000095013606002598/0000950136-06-002598-index.htm,https://www.sec.gov/Archives/edgar/data/889348/000095013605001758/file001.htm,1620590878,16:07:58,20210509
79,2005-09-30,CVU,USD,2005-11-14,2005-11-14,Q3,6452246.0,4769256.0,1682990.0,0.2608378539813888,0.0,0.0,0.0,0.0,803143.0,5572399.0,0.0,49481.0,929328.0,0.14403170616867367,879847.0,0.1363629037082591,0.0,879498.0,0.1363088140160806,331000.0,548498.0,0.08500884808173774,0.1,0.09,5412650.0,6115014.0,https://www.sec.gov/Archives/edgar/data/889348/000095013605007201/0000950136-05-007201-index.htm,https://www.sec.gov/Archives/edgar/data/889348/000095013605007201/file001.htm,1620590878,16:07:58,20210509
80,2005-06-30,CVU,USD,2005-06-30,2005-06-30,Q2,6313432.0,4570799.0,1742633.0,0.27601992070240083,0.0,0.0,0.0,0.0,874816.0,5445615.0,3768.0,47669.0,915486.0,0.1450060759346105,867817.0,0.13745566595157752,0.0,865193.0,0.13704004414714532,356000.0,509193.0,0.08065232982631317,0.09,0.08,5419235.0,6092287.0,,,1620590878,16:07:58,20210509
81,2005-03-31,CVU,USD,2005-03-31,2005-03-31,Q1,6245102.0,4422985.0,1822117.0,0.2917673722542882,0.0,0.0,0.0,0.0,885511.0,5308496.0,0.0,46535.0,983141.0,0.15742593155404028,936606.0,0.14997449200989832,-3950.0,932656.0,0.14934199633568834,354000.0,578656.0,0.09265757388750416,0.11,0.09,5417300.0,6167995.0,,,1620590878,16:07:58,20210509
82,2004-12-31,CVU,USD,2005-03-31,2005-03-31 11:36:04,Q4,8971574.0,5682358.0,3289216.0,0.3666264136036776,0.0,0.0,0.0,0.0,1019690.0,6702048.0,2918.0,64570.0,2334096.0,0.2601657189697148,2269526.0,0.25296854264368773,0.0,2268549.0,0.2528596431350842,133000.0,2135549.0,0.2380350426803591,0.3942091078581581,0.3942091078581581,5417300.0,5417300.0,https://www.sec.gov/Archives/edgar/data/889348/000095013605001758/0000950136-05-001758-index.htm,https://www.sec.gov/Archives/edgar/data/889348/000095013605001758/file001.htm,1620590878,16:07:58,20210509
83,2004-09-30,CVU,USD,2004-11-12,2004-11-12 06:13:23,Q3,7877023.0,5183011.0,2694012.0,0.3420089036175215,0.0,0.0,0.0,0.0,728613.0,5911624.0,0.0,63045.0,2028444.0,0.25751403798110023,1965399.0,0.24951037974625692,0.0,1965471.0,0.24951952025530458,640000.0,1325471.0,0.16827055094291332,0.25,0.22,5405184.0,6132425.0,https://www.sec.gov/Archives/edgar/data/889348/000095013604003874/0000950136-04-003874-index.htm,https://www.sec.gov/Archives/edgar/data/889348/000095013604003874/file001.htm,1620590878,16:07:58,20210509
84,2004-06-30,CVU,USD,2004-06-30,2004-06-30,Q2,7192324.0,4805847.0,2386477.0,0.3318088840269154,0.0,0.0,0.0,0.0,838573.0,5644420.0,298.0,29161.0,1577065.0,0.2192705723490766,1547904.0,0.21521611095384469,0.0,1549199.0,0.21539616402153183,586000.0,963199.0,0.13392041292911722,0.18,0.16,5365542.0,6119278.0,,,1620590878,16:07:58,20210509
85,2004-03-31,CVU,USD,2004-03-31,2004-03-31,Q1,6228108.0,4302014.0,1926094.0,0.309258285180668,0.0,0.0,0.0,0.0,838076.0,5140090.0,3417.0,27579.0,1115597.0,0.17912293749562466,1088018.0,0.17469478692405463,0.0,1086812.0,0.17450114866344643,435000.0,651812.0,0.1046565024241712,0.12,0.11,5301770.0,5800120.0,,,1620590878,16:07:58,20210509
86,2003-12-31,CVU,USD,2003-12-31,2003-12-31,Q4,6535304.0,4233828.0,2301476.0,0.35216051158446493,0.0,0.0,0.0,0.0,814693.0,5048521.0,5847.0,39510.0,1526293.0,0.2335458304617505,1486783.0,0.227500205040194,0.0,1483801.0,0.227043914101012,0.0,1288801.0,0.19720597542210738,0.2430888175081152,0.2430888175081152,5301770.0,5301770.0,,,1620590878,16:07:58,20210509
87,2003-09-30,CVU,USD,2003-09-30,2003-09-30,Q3,7851067.0,5329091.0,2521976.0,0.3212271656833396,0.0,0.0,0.0,0.0,723160.0,6052251.0,825.0,35985.0,1834801.0,0.23370084601239552,1798816.0,0.22911739257861383,41236.0,1844804.0,0.2349749403488723,0.0,1844804.0,0.2349749403488723,0.35,0.3,5217733.0,6053689.0,,,1620590878,16:07:58,20210509
88,2003-06-30,CVU,USD,2003-06-30,2003-06-30,Q2,6894217.0,4878787.0,2015430.0,0.29233631607476235,0.0,0.0,0.0,0.0,916401.0,5795188.0,0.0,28648.0,1127677.0,0.16356853867524043,1099029.0,0.1594131719381621,0.0,1269138.0,0.184087330004263,0.0,1269138.0,0.184087330004263,0.25,0.22,5110852.0,5763975.0,,,1620590878,16:07:58,20210509
89,2003-03-31,CVU,USD,2003-03-31,2003-03-31,Q1,6007447.0,3841546.0,2165901.0,0.3605360147164012,0.0,0.0,0.0,0.0,722919.0,4564465.0,0.0,27061.0,1470043.0,0.2447034489026703,1442982.0,0.2401988731652564,2431233.0,3990535.0,0.6642647034588903,0.0,3990535.0,0.6642647034588903,1.04,0.93,3848779.0,4311529.0,,,1620590878,16:07:58,20210509
90,2002-12-31,CVU,USD,2003-03-31,2003-03-31,Q4,6010509.0,3748013.0,2262496.0,0.3764233611496131,0.0,0.0,0.0,0.0,890991.0,4639004.0,191364.0,20489.0,1391994.0,0.23159336422256419,1371505.0,0.22818450151226793,61979.0,1245732.0,0.2072589858862203,-405000.0,1650732.0,0.27464096634744245,0.42889758024557917,0.42889758024557917,3848779.0,3848779.0,https://www.sec.gov/Archives/edgar/data/889348/000109489103000062/0001094891-03-000062-index.htm,https://www.sec.gov/Archives/edgar/data/889348/000109489103000062/cpi10k12312002.txt,1620590878,16:07:58,20210509
91,2002-09-30,CVU,USD,2002-09-30,2002-09-30,Q3,7088614.0,4878932.0,2209682.0,0.3117227147648327,0.0,775867.0,0.0,0.0,775867.0,5654799.0,186615.0,11149.0,1444964.0,0.2038429515276188,1433815.0,0.20227014759161663,0.0,1247200.0,0.17594412673619977,-1000.0,1248200.0,0.17608519803730321,0.46,0.38,2734898.0,3299098.0,,,1620590878,16:07:58,20210509
92,2002-06-30,CVU,USD,2002-06-30,2002-06-30,Q2,6208350.0,4381557.0,1826793.0,0.2942477469859141,0.0,604903.0,0.0,0.0,604903.0,4986460.0,91592.0,10257.0,1232147.0,0.19846609807758905,1221890.0,0.1968139682846489,13961.0,1144259.0,0.18430967970555784,157000.0,987259.0,0.15902115699018257,0.36,0.31,2709556.0,3214339.0,,,1620590878,16:07:58,20210509
93,2002-03-31,CVU,USD,2002-03-31,2002-03-31,Q1,4691784.0,3289403.0,1402381.0,0.2989014413280748,0.0,419871.0,0.0,0.0,419872.0,3709275.0,41376.0,9525.0,992034.0,0.21144068013361228,982509.0,0.2094105355233745,-9701.0,931433.0,0.19852427136458115,373000.0,558433.0,0.11902359528912669,0.21017061804726,0.20635341772975138,2657046.0,2706197.0,,,1620590878,16:07:58,20210509
94,2001-12-31,CVU,USD,2001-12-31,2001-12-31,Q4,-2423419.0,-3090117.0,666698.0,-0.27510636831682844,0.0,-1282931.0,0.0,0.0,-1282931.0,-4373048.0,-644827.0,-1328729.0,620900.0,-0.25620827434298404,1949629.0,-0.804495219357445,6063.0,2602950.0,-1.0740817002755199,0.0,-11467066.0,4.731771930483338,-4.315719788065393,-4.315719788065393,2657046.0,2657046.0,,,1620590878,16:07:58,20210509
95,2001-09-30,CVU,USD,2001-09-30,2001-09-30,Q3,7149818.0,5417850.0,1731968.0,0.2422394528084491,0.0,889842.0,0.0,0.0,871842.0,6289692.0,258796.0,430333.0,1290459.0,0.18048837047320646,860126.0,0.1203004048494661,-31196.0,552134.0,0.07722350415073502,0.0,552134.0,0.07722350415073502,0.2077999402343806,0.20522528416060185,2657046.0,2690380.0,,,1620590878,16:07:58,20210509
96,2001-06-30,CVU,USD,2001-06-30,2001-06-30,Q2,4682740.0,3570763.0,1111977.0,0.23746289565510792,0.0,847941.0,0.0,0.0,847941.0,4418704.0,261086.0,495422.0,759458.0,0.162182397485233,264036.0,0.05638493702405002,-720.0,19308.0,0.004123226999577171,0.0,19308.0,0.004123226999577171,0.00728240203098604,0.0072819900485503715,2651323.0,2651473.0,,,1620590878,16:07:58,20210509
97,2001-03-31,CVU,USD,2001-03-31,2001-03-31,Q1,5614888.0,5056768.0,558120.0,0.09940002365140677,0.0,1024569.0,0.0,0.0,1024569.0,6081337.0,280050.0,438627.0,-27822.0,-0.0049550409554028505,-466449.0,-0.08307360716723111,0.0,-742495.0,-0.13223683179432966,0.0,-742495.0,-0.13223683179432966,-0.28,-0.28,2648509.0,2648509.0,,,1620590878,16:07:58,20210509
98,2000-12-31,CVU,USD,2000-12-31,2000-12-31,Q4,6346598.0,4282710.0,2063888.0,0.32519595537640794,0.0,1578056.0,0.0,0.0,1909884.0,6192594.0,324931.0,331828.0,485832.0,0.07654998788327226,154004.0,0.024265598671918406,66149.0,-104356.0,-0.01644282495913559,-1039000.0,934644.0,0.1472669294636276,0.3528944020956697,0.3528944020956697,2648509.0,2648509.0,,,1620590878,16:07:58,20210509
99,2000-09-30,CVU,USD,2000-09-30,2000-09-30,Q3,7976254.0,5478379.0,2497875.0,0.3131639238168694,0.0,1120468.0,0.0,0.0,1533514.0,7011893.0,285466.0,413046.0,1377407.0,0.17268845751401599,964361.0,0.120903998292933,0.0,718744.0,0.09011047040377601,287000.0,431744.0,0.05412866741706069,0.16301398258416339,0.15613351979207463,2648509.0,2765223.0,,,1620590878,16:07:58,20210509
100,2000-06-30,CVU,USD,2000-06-30,2000-06-30,Q2,7351536.0,5265511.0,2086025.0,0.2837536264530297,0.0,896136.0,0.0,0.0,1335983.0,6601494.0,0.0,439847.0,1189889.0,0.1618558352975487,750042.0,0.10202520942562207,0.0,509695.0,0.06933176957849353,204000.0,305695.0,0.04158246657569248,0.12,0.11,2648509.0,2692187.0,,,1620590878,16:07:58,20210509
101,2000-03-31,CVU,USD,2000-03-31,2000-03-31,Q1,6947293.0,4654424.0,2292869.0,0.3300377571523182,0.0,1050087.0,0.0,0.0,1429450.0,6083874.0,273115.0,379363.0,1242782.0,0.1788872298893972,863419.0,0.124281356781699,0.0,429123.0,0.06176837510667824,172000.0,257123.0,0.03701053057644179,0.1,0.09,2648509.0,2741624.0,,,1620590878,16:07:58,20210509
102,1999-12-31,CVU,USD,1999-12-31,1999-12-31,Q4,6500000.0,4800000.0,1700000.0,0.26153846153846155,0.0,1000000.0,0.0,0.0,1100000.0,5900000.0,0.0,100000.0,700000.0,0.1076923076923077,600000.0,0.09230769230769231,0.0,400000.0,0.06153846153846154,0.0,400000.0,0.06153846153846154,0.151028371057074,0.151028371057074,2648509.0,2648509.0,,,1620590878,16:07:58,20210509
103,1999-09-30,CVU,USD,1999-09-30,1999-09-30,Q3,5700000.0,3100000.0,2600000.0,0.45614035087719296,0.0,1100000.0,0.0,0.0,2000000.0,5100000.0,300000.0,900000.0,1500000.0,0.2631578947368421,600000.0,0.10526315789473684,200000.0,500000.0,0.08771929824561403,200000.0,300000.0,0.05263157894736842,0.1,0.1,3000000.0,3000000.0,,,1620590878,16:07:58,20210509
104,1999-06-30,CVU,USD,1999-06-30,1999-06-30,Q2,5200000.0,3300000.0,1900000.0,0.36538461538461536,0.0,1200000.0,0.0,0.0,1600000.0,4900000.0,0.0,400000.0,700000.0,0.1346153846153846,300000.0,0.057692307692307696,0.0,200000.0,0.038461538461538464,100000.0,100000.0,0.019230769230769232,0.04,0.04,2500000.0,2500000.0,,,1620590878,16:07:58,20210509
105,1999-03-31,CVU,USD,1999-03-31,1999-03-31,Q1,4200000.0,2400000.0,1800000.0,0.42857142857142855,0.0,1200000.0,0.0,0.0,1500000.0,3900000.0,300000.0,300000.0,600000.0,0.14285714285714285,300000.0,0.07142857142857142,0.0,0.0,0.0,0.0,100000.0,0.023809523809523808,0.090009,0.090009,2253555.0,2253555.0,,,1620590878,16:07:58,20210509
106,1998-12-31,CVU,USD,1998-12-31,1998-12-31,Q4,4300000.0,15200000.0,-10900000.0,-2.5348837209302326,0.0,1300000.0,0.0,0.0,1400000.0,16600000.0,300000.0,100000.0,-12200000.0,-2.8372093023255816,-12300000.0,-2.86046511627907,0.0,-12500000.0,-2.9069767441860463,-2700000.0,-9800000.0,-2.2790697674418605,-4.348684633834098,-4.348684633834098,2253555.0,2253555.0,,,1620590878,16:07:58,20210509
107,1998-09-30,CVU,USD,1998-09-30,1998-09-30,Q3,5100000.0,2500000.0,2600000.0,0.5098039215686274,0.0,1100000.0,0.0,0.0,1500000.0,4000000.0,300000.0,400000.0,1500000.0,0.29411764705882354,1100000.0,0.21568627450980393,0.0,800000.0,0.1568627450980392,300000.0,500000.0,0.09803921568627451,0.540054,0.540054,925833.0,925833.0,,,1620590878,16:07:58,20210509
108,1998-06-30,CVU,USD,1998-06-30,1998-06-30,Q2,5300000.0,2800000.0,2500000.0,0.4716981132075472,0.0,1000000.0,0.0,0.0,1600000.0,4400000.0,0.0,600000.0,1500000.0,0.2830188679245283,900000.0,0.16981132075471697,0.0,700000.0,0.1320754716981132,300000.0,400000.0,0.07547169811320754,0.450045,0.450045,888800.0,888800.0,,,1620590878,16:07:58,20210509
109,1998-03-31,CVU,USD,1998-03-31,1998-03-31,Q1,5100000.0,2800000.0,2300000.0,0.45098039215686275,0.0,1100000.0,0.0,0.0,1400000.0,4200000.0,0.0,300000.0,1200000.0,0.23529411764705882,900000.0,0.17647058823529413,0.0,600000.0,0.11764705882352941,200000.0,400000.0,0.0784313725490196,0.450045,0.360036,2253555.0,2253555.0,,,1620590878,16:07:58,20210509
110,1997-12-31,CVU,USD,1997-12-31,1997-12-31,Q4,5700000.0,4000000.0,1700000.0,0.2982456140350877,0.0,900000.0,0.0,0.0,1200000.0,5200000.0,0.0,300000.0,800000.0,0.14035087719298245,500000.0,0.08771929824561403,0.0,0.0,0.0,0.0,0.0,0.0,0.0,0.0,2253555.0,2253555.0,,,1620590878,16:07:58,20210509
111,1997-09-30,CVU,USD,1997-09-30,1997-09-30,Q3,2200000.0,1300000.0,900000.0,0.4090909090909091,0.0,400000.0,0.0,0.0,500000.0,1800000.0,0.0,0.0,500000.0,0.22727272727272727,400000.0,0.18181818181818182,0.0,500000.0,0.22727272727272727,200000.0,300000.0,0.13636363636363635,0.360036,0.360036,833250.0,833250.0,,,1620590878,16:07:58,20210509
112,1997-06-30,CVU,USD,1997-06-30,1997-06-30,Q2,3000000.0,1900000.0,1100000.0,0.36666666666666664,0.0,400000.0,0.0,0.0,400000.0,2300000.0,0.0,0.0,700000.0,0.23333333333333334,700000.0,0.23333333333333334,-100000.0,600000.0,0.2,200000.0,400000.0,0.13333333333333333,0.450045,0.450045,888800.0,888800.0,,,1620590878,16:07:58,20210509
113,1997-03-31,CVU,USD,1997-03-31,1997-03-31,Q1,2200000.0,1500000.0,700000.0,0.3181818181818182,0.0,300000.0,0.0,0.0,300000.0,1800000.0,0.0,0.0,400000.0,0.18181818181818182,400000.0,0.18181818181818182,-100000.0,300000.0,0.13636363636363635,100000.0,200000.0,0.09090909090909091,0.270027,0.270027,740667.0,740667.0,,,1620590878,16:07:58,20210509
114,1996-12-31,CVU,USD,1996-12-31,1996-12-31,Q4,2000000.0,1100000.0,900000.0,0.45,0.0,700000.0,0.0,0.0,700000.0,1800000.0,0.0,0.0,200000.0,0.1,200000.0,0.1,0.0,200000.0,0.1,100000.0,100000.0,0.05,0.13501344058801054,0.13501344058801054,740667.0,740667.0,,,1620590878,16:07:58,20210509
115,1996-09-30,CVU,USD,1996-09-30,1996-09-30,Q3,1600000.0,1000000.0,600000.0,0.375,0.0,400000.0,0.0,0.0,400000.0,1400000.0,0.0,0.0,200000.0,0.125,200000.0,0.125,100000.0,300000.0,0.1875,100000.0,200000.0,0.125,0.180018,0.180018,1111000.0,1111000.0,,,1620590878,16:07:58,20210509
116,1996-06-30,CVU,USD,1996-06-30,1996-06-30,Q2,1600000.0,1000000.0,600000.0,0.375,0.0,300000.0,0.0,0.0,300000.0,1300000.0,100000.0,0.0,300000.0,0.1875,300000.0,0.1875,100000.0,200000.0,0.125,100000.0,200000.0,0.125,0.360036,0.360036,555500.0,555500.0,,,1620590878,16:07:58,20210509
117,1996-03-31,CVU,USD,1996-03-31,1996-03-31,Q4,1600000.0,1000000.0,600000.0,0.375,0.0,300000.0,0.0,0.0,300000.0,1300000.0,100000.0,0.0,300000.0,0.1875,300000.0,0.1875,0.0,200000.0,0.125,100000.0,100000.0,0.0625,0.360036,0.360036,277750.0,277750.0,,,1620590878,16:07:58,20210509
118,1995-09-30,CVU,USD,1995-09-30,1995-09-30,Q3,1100000.0,600000.0,500000.0,0.45454545454545453,0.0,300000.0,0.0,0.0,300000.0,900000.0,100000.0,0.0,400000.0,0.36363636363636365,200000.0,0.18181818181818182,-200000.0,0.0,0.0,0.0,-100000.0,-0.09090909090909091,-0.180018,-0.180018,555500.0,555500.0,,,1620590878,16:07:58,20210509
119,1995-06-30,CVU,USD,1995-06-30,1995-06-30,Q2,1100000.0,500000.0,600000.0,0.5454545454545454,0.0,300000.0,0.0,0.0,400000.0,900000.0,100000.0,0.0,300000.0,0.2727272727272727,200000.0,0.18181818181818182,0.0,0.0,0.0,0.0,100000.0,0.09090909090909091,0.180018,0.180018,555500.0,555500.0,,,1620590878,16:07:58,20210509
120,1995-03-31,CVU,USD,1995-03-31,1995-03-31,Q4,1300000.0,700000.0,600000.0,0.46153846153846156,0.0,300000.0,0.0,0.0,300000.0,1000000.0,100000.0,0.0,300000.0,0.23076923076923078,300000.0,0.23076923076923078,0.0,200000.0,0.15384615384615385,100000.0,100000.0,0.07692307692307693,0.180018,0.180018,555500.0,555500.0,,,1620590878,16:07:58,20210509
121,1994-09-30,CVU,USD,1994-09-30,1994-09-30,Q3,1300000.0,700000.0,600000.0,0.46153846153846156,0.0,300000.0,0.0,0.0,400000.0,1100000.0,100000.0,100000.0,300000.0,0.23076923076923078,200000.0,0.15384615384615385,100000.0,200000.0,0.15384615384615385,100000.0,100000.0,0.07692307692307693,0.270027,0.270027,370333.0,370333.0,,,1620590878,16:07:58,20210509
122,1994-06-30,CVU,USD,1994-06-30,1994-06-30,Q2,1100000.0,400000.0,700000.0,0.6363636363636364,0.0,300000.0,0.0,0.0,400000.0,800000.0,100000.0,0.0,400000.0,0.36363636363636365,300000.0,0.2727272727272727,0.0,200000.0,0.18181818181818182,100000.0,100000.0,0.09090909090909091,0.360036,0.360036,277750.0,277750.0,,,1620590878,16:07:58,20210509
123,1994-03-31,CVU,USD,1994-03-31,1994-03-31,Q4,1500000.0,600000.0,900000.0,0.6,0.0,300000.0,0.0,0.0,400000.0,1000000.0,100000.0,100000.0,600000.0,0.4,500000.0,0.3333333333333333,-100000.0,300000.0,0.2,100000.0,200000.0,0.13333333333333333,0.630063,0.630063,317429.0,317429.0,,,1620590878,16:07:58,20210509
124,1993-09-30,CVU,USD,1993-09-30,1993-09-30,Q3,1200000.0,0.0,0.0,0.0,0.0,0.0,0.0,0.0,0.0,0.0,0.0,0.0,1200000.0,1.0,1200000.0,1.0,0.0,0.0,0.0,0.0,200000.0,0.16666666666666666,0.630063,0.630063,317429.0,317429.0,,,1620590878,16:07:58,20210509
125,1993-06-30,CVU,USD,1993-06-30,1993-06-30,Q2,1500000.0,1000000.0,500000.0,0.3333333333333333,0.0,400000.0,0.0,0.0,400000.0,1400000.0,100000.0,0.0,100000.0,0.06666666666666667,100000.0,0.06666666666666667,200000.0,200000.0,0.13333333333333333,100000.0,100000.0,0.06666666666666667,0.180018,0.180018,555500.0,555500.0,,,1620590878,16:07:58,20210509
126,1993-03-31,CVU,USD,1993-03-31,1993-03-31,Q4,1700000.0,0.0,0.0,0.0,0.0,0.0,0.0,0.0,0.0,0.0,0.0,0.0,1700000.0,1.0,1700000.0,1.0,0.0,0.0,0.0,0.0,100000.0,0.058823529411764705,0.270027,0.270027,370333.0,370333.0,,,1620590878,16:07:58,20210509
127,1992-09-30,CVU,USD,1992-09-30,1992-09-30,Q3,2300000.0,1400000.0,900000.0,0.391304347826087,0.0,300000.0,0.0,0.0,400000.0,1800000.0,100000.0,0.0,800000.0,0.34782608695652173,500000.0,0.21739130434782608,-200000.0,300000.0,0.13043478260869565,100000.0,200000.0,0.08695652173913043,0.990099,0.990099,202000.0,202000.0,,,1620590878,16:07:58,20210509
