,date,symbol,reportedCurrency,fillingDate,acceptedDate,period,revenue,costOfRevenue,grossProfit,grossProfitRatio,researchAndDevelopmentExpenses,generalAndAdministrativeExpenses,sellingAndMarketingExpenses,otherExpenses,operatingExpenses,costAndExpenses,interestExpense,depreciationAndAmortization,ebitda,ebitdaratio,operatingIncome,operatingIncomeRatio,totalOtherIncomeExpensesNet,incomeBeforeTax,incomeBeforeTaxRatio,incomeTaxExpense,netIncome,netIncomeRatio,eps,epsdiluted,weightedAverageShsOut,weightedAverageShsOutDil,link,finalLink,timestamp,est_time,est_date
0,2019-06-30,SJH.L,GBP,2019-06-30,2019-06-30,Q2,234500.0,63000.0,171500.0,0.7313432835820896,20000.0,348000.0,49750.0,0.0,0.0,815250.0,750.0,124500.0,-456250.0,-1.9456289978678039,-580750.0,-2.476545842217484,0.0,-688750.0,-2.9371002132196162,0.0,101750.0,0.43390191897654584,0.325,0.325,313076.0,313076.0,https://find-and-update.company-information.service.gov.uk/search/companies?q=St+James+House+PLC,https://find-and-update.company-information.service.gov.uk/search/companies?q=St+James+House+PLC,1620597964,18:06:04,20210509
1,2019-03-31,SJH.L,GBP,2019-03-31,2019-03-31,Q1,234500.0,63000.0,171500.0,0.7313432835820896,20000.0,348000.0,49750.0,0.0,0.0,815250.0,750.0,124500.0,-456250.0,-1.9456289978678039,-580750.0,-2.476545842217484,0.0,-688750.0,-2.9371002132196162,0.0,101750.0,0.43390191897654584,0.325,0.325,313076.0,313076.0,https://find-and-update.company-information.service.gov.uk/search/companies?q=St+James+House+PLC,https://find-and-update.company-information.service.gov.uk/search/companies?q=St+James+House+PLC,1620597964,18:06:04,20210509
2,2019-01-31,SJH.L,GBP,2019-01-31,2019-01-31,Q1,234500.0,63000.0,171500.0,0.7313432835820896,20000.0,348000.0,49750.0,0.0,0.0,815250.0,750.0,124500.0,-456250.0,-1.9456289978678039,-580750.0,-2.476545842217484,0.0,-688750.0,-2.9371002132196162,0.0,101750.0,0.43390191897654584,0.325,0.325,313076.0,313076.0,https://find-and-update.company-information.service.gov.uk/search/companies?q=St+James+House+PLC,https://find-and-update.company-information.service.gov.uk/search/companies?q=St+James+House+PLC,1620597964,18:06:04,20210509
3,2018-06-30,SJH.L,GBP,2018-06-30,2018-06-30,Q2,341750.0,113250.0,228500.0,0.6686174103877103,0.0,666250.0,0.0,0.0,0.0,779500.0,0.0,30500.0,-407250.0,-1.1916605705925385,-437750.0,-1.2809070958302853,0.0,-437750.0,-1.2809070958302853,0.0,-437750.0,-1.2809070958302853,-0.2,-0.2,2272496.0,2272496.0,https://find-and-update.company-information.service.gov.uk/search/companies?q=St+James+House+PLC,https://find-and-update.company-information.service.gov.uk/search/companies?q=St+James+House+PLC,1620597964,18:06:04,20210509
4,2018-03-31,SJH.L,GBP,2018-03-31,2018-03-31,Q1,341750.0,113250.0,228500.0,0.6686174103877103,0.0,666250.0,0.0,0.0,0.0,779500.0,0.0,30500.0,-407250.0,-1.1916605705925385,-437750.0,-1.2809070958302853,0.0,-437750.0,-1.2809070958302853,0.0,-437750.0,-1.2809070958302853,-0.2,-0.2,2272496.0,2272496.0,https://find-and-update.company-information.service.gov.uk/search/companies?q=St+James+House+PLC,https://find-and-update.company-information.service.gov.uk/search/companies?q=St+James+House+PLC,1620597964,18:06:04,20210509
5,2018-01-31,SJH.L,GBP,2018-01-31,2018-01-31,Q1,341750.0,113250.0,228500.0,0.6686174103877103,0.0,666250.0,0.0,0.0,0.0,779500.0,0.0,30500.0,-407250.0,-1.1916605705925385,-437750.0,-1.2809070958302853,0.0,-437750.0,-1.2809070958302853,0.0,-437750.0,-1.2809070958302853,-0.2,-0.2,2272496.0,2272496.0,https://find-and-update.company-information.service.gov.uk/search/companies?q=St+James+House+PLC,https://find-and-update.company-information.service.gov.uk/search/companies?q=St+James+House+PLC,1620597964,18:06:04,20210509
6,2017-06-30,SJH.L,GBP,2017-06-30,2017-06-30,Q2,431750.0,140500.0,291250.0,0.6745801968731905,0.0,288250.0,0.0,0.0,0.0,428750.0,2500.0,6500.0,9500.0,0.022003474232773594,3000.0,0.006948465547191662,0.0,500.0,0.0011580775911986102,0.0,500.0,0.0011580775911986102,0.25,0.25,1722496.0,1722496.0,https://find-and-update.company-information.service.gov.uk/search/companies?q=St+James+House+PLC,https://find-and-update.company-information.service.gov.uk/search/companies?q=St+James+House+PLC,1620597964,18:06:04,20210509
7,2017-03-31,SJH.L,GBP,2017-03-31,2017-03-31,Q1,431750.0,140500.0,291250.0,0.6745801968731905,0.0,288250.0,0.0,0.0,0.0,428750.0,2500.0,6500.0,9500.0,0.022003474232773594,3000.0,0.006948465547191662,0.0,500.0,0.0011580775911986102,0.0,500.0,0.0011580775911986102,0.25,0.25,1722496.0,1722496.0,https://find-and-update.company-information.service.gov.uk/search/companies?q=St+James+House+PLC,https://find-and-update.company-information.service.gov.uk/search/companies?q=St+James+House+PLC,1620597964,18:06:04,20210509
8,2017-01-31,SJH.L,GBP,2017-01-31,2017-01-31,Q1,431750.0,140500.0,291250.0,0.6745801968731905,0.0,288250.0,0.0,0.0,0.0,428750.0,2500.0,6500.0,9500.0,0.022003474232773594,3000.0,0.006948465547191662,0.0,500.0,0.0011580775911986102,0.0,500.0,0.0011580775911986102,0.25,0.25,1722496.0,1722496.0,https://find-and-update.company-information.service.gov.uk/search/companies?q=St+James+House+PLC,https://find-and-update.company-information.service.gov.uk/search/companies?q=St+James+House+PLC,1620597964,18:06:04,20210509
9,2015-09-30,SJH.L,GBP,2015-09-30,2015-09-30,Q3,516000.0,125250.0,390750.0,0.7572674418604651,0.0,230750.0,3500.0,0.0,0.0,359500.0,0.0,7250.0,163750.0,0.3173449612403101,156500.0,0.30329457364341084,0.0,158500.0,0.3071705426356589,32500.0,126000.0,0.2441860465116279,0.08675582778830476,0.08627466017369965,1452352.0,1460452.0,https://find-and-update.company-information.service.gov.uk/search/companies?q=St+James+House+PLC,https://find-and-update.company-information.service.gov.uk/search/companies?q=St+James+House+PLC,1620597964,18:06:04,20210509
10,2015-06-30,SJH.L,GBP,2015-06-30,2015-06-30,Q2,516000.0,125250.0,390750.0,0.7572674418604651,0.0,230750.0,3500.0,0.0,0.0,359500.0,0.0,7250.0,163750.0,0.3173449612403101,156500.0,0.30329457364341084,0.0,158500.0,0.3071705426356589,32500.0,126000.0,0.2441860465116279,0.08675582778830476,0.08627466017369965,1452352.0,1460452.0,https://find-and-update.company-information.service.gov.uk/search/companies?q=St+James+House+PLC,https://find-and-update.company-information.service.gov.uk/search/companies?q=St+James+House+PLC,1620597964,18:06:04,20210509
11,2015-03-31,SJH.L,GBP,2015-03-31,2015-03-31,Q1,516000.0,125250.0,390750.0,0.7572674418604651,0.0,230750.0,3500.0,0.0,0.0,359500.0,0.0,7250.0,163750.0,0.3173449612403101,156500.0,0.30329457364341084,0.0,158500.0,0.3071705426356589,32500.0,126000.0,0.2441860465116279,0.08675582778830476,0.08627466017369965,1452352.0,1460452.0,https://find-and-update.company-information.service.gov.uk/search/companies?q=St+James+House+PLC,https://find-and-update.company-information.service.gov.uk/search/companies?q=St+James+House+PLC,1620597964,18:06:04,20210509
12,2015-01-31,SJH.L,GBP,2015-01-31,2015-01-31,Q1,516000.0,125250.0,390750.0,0.7572674418604651,0.0,230750.0,3500.0,0.0,0.0,359500.0,0.0,7250.0,163750.0,0.3173449612403101,156500.0,0.30329457364341084,0.0,158500.0,0.3071705426356589,32500.0,126000.0,0.2441860465116279,0.08675582778830476,0.08627466017369965,1452352.0,1460452.0,https://find-and-update.company-information.service.gov.uk/search/companies?q=St+James+House+PLC,https://find-and-update.company-information.service.gov.uk/search/companies?q=St+James+House+PLC,1620597964,18:06:04,20210509
13,2014-09-30,SJH.L,GBP,2014-09-30,2014-09-30,Q3,352500.0,118250.0,234250.0,0.6645390070921986,0.0,243250.0,18500.0,5500.0,196250.0,380000.0,19250.0,7250.0,-20250.0,-0.0574468085106383,-27500.0,-0.07801418439716312,0.0,-46750.0,-0.1326241134751773,0.0,-170750.0,-0.48439716312056735,-0.3364260227252577,-0.3251507690315553,507541.0,525141.0,https://find-and-update.company-information.service.gov.uk/search/companies?q=St+James+House+PLC,https://find-and-update.company-information.service.gov.uk/search/companies?q=St+James+House+PLC,1620597964,18:06:04,20210509
14,2014-06-30,SJH.L,GBP,2014-06-30,2014-06-30,Q2,352500.0,118250.0,234250.0,0.6645390070921986,0.0,243250.0,18500.0,5500.0,196250.0,380000.0,19250.0,7250.0,-20250.0,-0.0574468085106383,-27500.0,-0.07801418439716312,0.0,-46750.0,-0.1326241134751773,0.0,-170750.0,-0.48439716312056735,-0.3364260227252577,-0.3251507690315553,507541.0,525141.0,https://find-and-update.company-information.service.gov.uk/search/companies?q=St+James+House+PLC,https://find-and-update.company-information.service.gov.uk/search/companies?q=St+James+House+PLC,1620597964,18:06:04,20210509
15,2014-03-31,SJH.L,GBP,2014-03-31,2014-03-31,Q1,352500.0,118250.0,234250.0,0.6645390070921986,0.0,243250.0,18500.0,5500.0,196250.0,380000.0,19250.0,7250.0,-20250.0,-0.0574468085106383,-27500.0,-0.07801418439716312,0.0,-46750.0,-0.1326241134751773,0.0,-170750.0,-0.48439716312056735,-0.3364260227252577,-0.3251507690315553,507541.0,525141.0,https://find-and-update.company-information.service.gov.uk/search/companies?q=St+James+House+PLC,https://find-and-update.company-information.service.gov.uk/search/companies?q=St+James+House+PLC,1620597964,18:06:04,20210509
16,2014-01-31,SJH.L,GBP,2014-01-31,2014-01-31,Q1,352500.0,118250.0,234250.0,0.6645390070921986,0.0,243250.0,18500.0,5500.0,196250.0,380000.0,19250.0,7250.0,-20250.0,-0.0574468085106383,-27500.0,-0.07801418439716312,0.0,-46750.0,-0.1326241134751773,0.0,-170750.0,-0.48439716312056735,-0.3364260227252577,-0.3251507690315553,507541.0,525141.0,https://find-and-update.company-information.service.gov.uk/search/companies?q=St+James+House+PLC,https://find-and-update.company-information.service.gov.uk/search/companies?q=St+James+House+PLC,1620597964,18:06:04,20210509
17,2013-09-30,SJH.L,GBP,2013-09-30,2013-09-30,Q3,317750.0,209000.0,108750.0,0.3422501966955153,0.0,91250.0,10500.0,0.0,0.0,323250.0,5500.0,8750.0,3250.0,0.010228166797797011,-5500.0,-0.01730920535011802,0.0,-109500.0,-0.34461054287962234,0.0,-109500.0,-0.34461054287962234,-0.2339273735617205,-0.22994829838259198,468094.0,476194.0,https://find-and-update.company-information.service.gov.uk/search/companies?q=St+James+House+PLC,https://find-and-update.company-information.service.gov.uk/search/companies?q=St+James+House+PLC,1620597964,18:06:04,20210509
18,2013-06-30,SJH.L,GBP,2013-06-30,2013-06-30,Q2,317750.0,209000.0,108750.0,0.3422501966955153,0.0,91250.0,10500.0,0.0,0.0,323250.0,5500.0,8750.0,3250.0,0.010228166797797011,-5500.0,-0.01730920535011802,0.0,-109500.0,-0.34461054287962234,0.0,-109500.0,-0.34461054287962234,-0.2339273735617205,-0.22994829838259198,468094.0,476194.0,https://find-and-update.company-information.service.gov.uk/search/companies?q=St+James+House+PLC,https://find-and-update.company-information.service.gov.uk/search/companies?q=St+James+House+PLC,1620597964,18:06:04,20210509
19,2013-03-31,SJH.L,GBP,2013-03-31,2013-03-31,Q1,317750.0,209000.0,108750.0,0.3422501966955153,0.0,91250.0,10500.0,0.0,0.0,323250.0,5500.0,8750.0,3250.0,0.010228166797797011,-5500.0,-0.01730920535011802,0.0,-109500.0,-0.34461054287962234,0.0,-109500.0,-0.34461054287962234,-0.2339273735617205,-0.22994829838259198,468094.0,476194.0,https://find-and-update.company-information.service.gov.uk/search/companies?q=St+James+House+PLC,https://find-and-update.company-information.service.gov.uk/search/companies?q=St+James+House+PLC,1620597964,18:06:04,20210509
20,2013-01-31,SJH.L,GBP,2013-01-31,2013-01-31,Q1,317750.0,209000.0,108750.0,0.3422501966955153,0.0,91250.0,10500.0,0.0,0.0,323250.0,5500.0,8750.0,3250.0,0.010228166797797011,-5500.0,-0.01730920535011802,0.0,-109500.0,-0.34461054287962234,0.0,-109500.0,-0.34461054287962234,-0.2339273735617205,-0.22994829838259198,468094.0,476194.0,https://find-and-update.company-information.service.gov.uk/search/companies?q=St+James+House+PLC,https://find-and-update.company-information.service.gov.uk/search/companies?q=St+James+House+PLC,1620597964,18:06:04,20210509
21,2012-09-30,SJH.L,GBP,2012-09-30,2012-09-30,Q3,285500.0,180750.0,104750.0,0.36690017513134854,0.0,0.0,0.0,0.0,0.0,357000.0,1250.0,18000.0,-53500.0,-0.18739054290718038,-71500.0,-0.2504378283712785,0.0,-72750.0,-0.2548161120840631,0.0,-72750.0,-0.2548161120840631,-0.1799352974930252,-0.15,404312.0,485000.0,https://find-and-update.company-information.service.gov.uk/search/companies?q=St+James+House+PLC,https://find-and-update.company-information.service.gov.uk/search/companies?q=St+James+House+PLC,1620597964,18:06:04,20210509
22,2012-06-30,SJH.L,GBP,2012-06-30,2012-06-30,Q2,285500.0,180750.0,104750.0,0.36690017513134854,0.0,0.0,0.0,0.0,0.0,357000.0,1250.0,18000.0,-53500.0,-0.18739054290718038,-71500.0,-0.2504378283712785,0.0,-72750.0,-0.2548161120840631,0.0,-72750.0,-0.2548161120840631,-0.1799352974930252,-0.15,404312.0,485000.0,https://find-and-update.company-information.service.gov.uk/search/companies?q=St+James+House+PLC,https://find-and-update.company-information.service.gov.uk/search/companies?q=St+James+House+PLC,1620597964,18:06:04,20210509
23,2012-03-31,SJH.L,GBP,2012-03-31,2012-03-31,Q1,285500.0,180750.0,104750.0,0.36690017513134854,0.0,0.0,0.0,0.0,0.0,357000.0,1250.0,18000.0,-53500.0,-0.18739054290718038,-71500.0,-0.2504378283712785,0.0,-72750.0,-0.2548161120840631,0.0,-72750.0,-0.2548161120840631,-0.1799352974930252,-0.15,404312.0,485000.0,https://find-and-update.company-information.service.gov.uk/search/companies?q=St+James+House+PLC,https://find-and-update.company-information.service.gov.uk/search/companies?q=St+James+House+PLC,1620597964,18:06:04,20210509
24,2012-01-31,SJH.L,GBP,2012-01-31,2012-01-31,Q1,285500.0,180750.0,104750.0,0.36690017513134854,0.0,0.0,0.0,0.0,0.0,357000.0,1250.0,18000.0,-53500.0,-0.18739054290718038,-71500.0,-0.2504378283712785,0.0,-72750.0,-0.2548161120840631,0.0,-72750.0,-0.2548161120840631,-0.1799352974930252,-0.15,404312.0,485000.0,https://find-and-update.company-information.service.gov.uk/search/companies?q=St+James+House+PLC,https://find-and-update.company-information.service.gov.uk/search/companies?q=St+James+House+PLC,1620597964,18:06:04,20210509
25,2011-09-30,SJH.L,GBP,2011-09-30,2011-09-30,Q3,335750.0,143250.0,192500.0,0.573343261355175,0.0,373500.0,0.0,0.0,377000.0,536250.0,3500.0,6750.0,-193750.0,-0.577066269545793,-200500.0,-0.5971705137751303,0.0,-197250.0,-0.5874906924795235,0.0,-197250.0,-0.5874906924795235,-0.740208421676755,-0.6750005133083752,266479.0,292222.0,https://find-and-update.company-information.service.gov.uk/search/companies?q=St+James+House+PLC,https://find-and-update.company-information.service.gov.uk/search/companies?q=St+James+House+PLC,1620597964,18:06:04,20210509
26,2011-06-30,SJH.L,GBP,2011-06-30,2011-06-30,Q2,335750.0,143250.0,192500.0,0.573343261355175,0.0,373500.0,0.0,0.0,377000.0,536250.0,3500.0,6750.0,-193750.0,-0.577066269545793,-200500.0,-0.5971705137751303,0.0,-197250.0,-0.5874906924795235,0.0,-197250.0,-0.5874906924795235,-0.740208421676755,-0.6750005133083752,266479.0,292222.0,https://find-and-update.company-information.service.gov.uk/search/companies?q=St+James+House+PLC,https://find-and-update.company-information.service.gov.uk/search/companies?q=St+James+House+PLC,1620597964,18:06:04,20210509
27,2011-03-31,SJH.L,GBP,2011-03-31,2011-03-31,Q1,335750.0,143250.0,192500.0,0.573343261355175,0.0,373500.0,0.0,0.0,377000.0,536250.0,3500.0,6750.0,-193750.0,-0.577066269545793,-200500.0,-0.5971705137751303,0.0,-197250.0,-0.5874906924795235,0.0,-197250.0,-0.5874906924795235,-0.740208421676755,-0.6750005133083752,266479.0,292222.0,https://find-and-update.company-information.service.gov.uk/search/companies?q=St+James+House+PLC,https://find-and-update.company-information.service.gov.uk/search/companies?q=St+James+House+PLC,1620597964,18:06:04,20210509
28,2011-01-31,SJH.L,GBP,2011-01-31,2011-01-31,Q1,335750.0,143250.0,192500.0,0.573343261355175,0.0,373500.0,0.0,0.0,377000.0,536250.0,3500.0,6750.0,-193750.0,-0.577066269545793,-200500.0,-0.5971705137751303,0.0,-197250.0,-0.5874906924795235,0.0,-197250.0,-0.5874906924795235,-0.740208421676755,-0.6750005133083752,266479.0,292222.0,https://find-and-update.company-information.service.gov.uk/search/companies?q=St+James+House+PLC,https://find-and-update.company-information.service.gov.uk/search/companies?q=St+James+House+PLC,1620597964,18:06:04,20210509
29,2010-09-30,SJH.L,GBP,2010-09-30,2010-09-30,Q3,307750.0,79250.0,228500.0,0.7424857839155159,0.0,232250.0,0.0,0.0,234250.0,327000.0,2000.0,500.0,-18750.0,-0.060926076360682375,-19250.0,-0.06255077173030058,0.0,-19250.0,-0.06255077173030058,0.0,-19250.0,-0.06255077173030058,-0.18883286574718958,-0.175,101942.0,110000.0,https://find-and-update.company-information.service.gov.uk/search/companies?q=St+James+House+PLC,https://find-and-update.company-information.service.gov.uk/search/companies?q=St+James+House+PLC,1620597964,18:06:04,20210509
30,2010-06-30,SJH.L,GBP,2010-06-30,2010-06-30,Q2,307750.0,79250.0,228500.0,0.7424857839155159,0.0,232250.0,0.0,0.0,234250.0,327000.0,2000.0,500.0,-18750.0,-0.060926076360682375,-19250.0,-0.06255077173030058,0.0,-19250.0,-0.06255077173030058,0.0,-19250.0,-0.06255077173030058,-0.18883286574718958,-0.175,101942.0,110000.0,https://find-and-update.company-information.service.gov.uk/search/companies?q=St+James+House+PLC,https://find-and-update.company-information.service.gov.uk/search/companies?q=St+James+House+PLC,1620597964,18:06:04,20210509
31,2010-03-31,SJH.L,GBP,2010-03-31,2010-03-31,Q1,307750.0,79250.0,228500.0,0.7424857839155159,0.0,232250.0,0.0,0.0,234250.0,327000.0,2000.0,500.0,-18750.0,-0.060926076360682375,-19250.0,-0.06255077173030058,0.0,-19250.0,-0.06255077173030058,0.0,-19250.0,-0.06255077173030058,-0.18883286574718958,-0.175,101942.0,110000.0,https://find-and-update.company-information.service.gov.uk/search/companies?q=St+James+House+PLC,https://find-and-update.company-information.service.gov.uk/search/companies?q=St+James+House+PLC,1620597964,18:06:04,20210509
32,2010-01-31,SJH.L,GBP,2010-01-31,2010-01-31,Q1,307750.0,79250.0,228500.0,0.7424857839155159,0.0,232250.0,0.0,0.0,234250.0,327000.0,2000.0,500.0,-18750.0,-0.060926076360682375,-19250.0,-0.06255077173030058,0.0,-19250.0,-0.06255077173030058,0.0,-19250.0,-0.06255077173030058,-0.18883286574718958,-0.175,101942.0,110000.0,https://find-and-update.company-information.service.gov.uk/search/companies?q=St+James+House+PLC,https://find-and-update.company-information.service.gov.uk/search/companies?q=St+James+House+PLC,1620597964,18:06:04,20210509
33,2009-09-30,SJH.L,GBP,2009-09-30,2009-09-30,Q3,336250.0,90500.0,245750.0,0.7308550185873606,0.0,245500.0,0.0,0.0,245250.0,348250.0,0.0,6750.0,-5250.0,-0.015613382899628252,-12000.0,-0.035687732342007436,0.0,-12000.0,-0.035687732342007436,0.0,-12000.0,-0.035687732342007436,-0.15,-0.15,83304.0,83304.0,https://find-and-update.company-information.service.gov.uk/search/companies?q=St+James+House+PLC,https://find-and-update.company-information.service.gov.uk/search/companies?q=St+James+House+PLC,1620597964,18:06:04,20210509
34,2009-06-30,SJH.L,GBP,2009-06-30,2009-06-30,Q2,336250.0,90500.0,245750.0,0.7308550185873606,0.0,245500.0,0.0,0.0,245250.0,348250.0,0.0,6750.0,-5250.0,-0.015613382899628252,-12000.0,-0.035687732342007436,0.0,-12000.0,-0.035687732342007436,0.0,-12000.0,-0.035687732342007436,-0.15,-0.15,83304.0,83304.0,https://find-and-update.company-information.service.gov.uk/search/companies?q=St+James+House+PLC,https://find-and-update.company-information.service.gov.uk/search/companies?q=St+James+House+PLC,1620597964,18:06:04,20210509
35,2009-03-31,SJH.L,GBP,2009-03-31,2009-03-31,Q1,336250.0,90500.0,245750.0,0.7308550185873606,0.0,245500.0,0.0,0.0,245250.0,348250.0,0.0,6750.0,-5250.0,-0.015613382899628252,-12000.0,-0.035687732342007436,0.0,-12000.0,-0.035687732342007436,0.0,-12000.0,-0.035687732342007436,-0.15,-0.15,83304.0,83304.0,https://find-and-update.company-information.service.gov.uk/search/companies?q=St+James+House+PLC,https://find-and-update.company-information.service.gov.uk/search/companies?q=St+James+House+PLC,1620597964,18:06:04,20210509
36,2009-01-31,SJH.L,GBP,2009-01-31,2009-01-31,Q1,336250.0,90500.0,245750.0,0.7308550185873606,0.0,245500.0,0.0,0.0,245250.0,348250.0,0.0,6750.0,-5250.0,-0.015613382899628252,-12000.0,-0.035687732342007436,0.0,-12000.0,-0.035687732342007436,0.0,-12000.0,-0.035687732342007436,-0.15,-0.15,83304.0,83304.0,https://find-and-update.company-information.service.gov.uk/search/companies?q=St+James+House+PLC,https://find-and-update.company-information.service.gov.uk/search/companies?q=St+James+House+PLC,1620597964,18:06:04,20210509
37,2008-09-30,SJH.L,GBP,2008-09-30,2008-09-30,Q3,362000.0,96750.0,265250.0,0.7327348066298343,0.0,258750.0,0.0,0.0,257500.0,367250.0,0.0,3750.0,-1500.0,-0.004143646408839779,-5250.0,-0.014502762430939226,0.0,-5250.0,-0.014502762430939226,0.0,-5250.0,-0.014502762430939226,-0.075,-0.075,83304.0,83304.0,https://find-and-update.company-information.service.gov.uk/search/companies?q=St+James+House+PLC,https://find-and-update.company-information.service.gov.uk/search/companies?q=St+James+House+PLC,1620597964,18:06:04,20210509
38,2008-06-30,SJH.L,GBP,2008-06-30,2008-06-30,Q2,362000.0,96750.0,265250.0,0.7327348066298343,0.0,258750.0,0.0,0.0,257500.0,367250.0,0.0,3750.0,-1500.0,-0.004143646408839779,-5250.0,-0.014502762430939226,0.0,-5250.0,-0.014502762430939226,0.0,-5250.0,-0.014502762430939226,-0.075,-0.075,83304.0,83304.0,https://find-and-update.company-information.service.gov.uk/search/companies?q=St+James+House+PLC,https://find-and-update.company-information.service.gov.uk/search/companies?q=St+James+House+PLC,1620597964,18:06:04,20210509
39,2008-03-31,SJH.L,GBP,2008-03-31,2008-03-31,Q1,362000.0,96750.0,265250.0,0.7327348066298343,0.0,258750.0,0.0,0.0,257500.0,367250.0,0.0,3750.0,-1500.0,-0.004143646408839779,-5250.0,-0.014502762430939226,0.0,-5250.0,-0.014502762430939226,0.0,-5250.0,-0.014502762430939226,-0.075,-0.075,83304.0,83304.0,https://find-and-update.company-information.service.gov.uk/search/companies?q=St+James+House+PLC,https://find-and-update.company-information.service.gov.uk/search/companies?q=St+James+House+PLC,1620597964,18:06:04,20210509
40,2008-01-31,SJH.L,GBP,2008-01-31,2008-01-31,Q1,362000.0,96750.0,265250.0,0.7327348066298343,0.0,258750.0,0.0,0.0,257500.0,367250.0,0.0,3750.0,-1500.0,-0.004143646408839779,-5250.0,-0.014502762430939226,0.0,-5250.0,-0.014502762430939226,0.0,-5250.0,-0.014502762430939226,-0.075,-0.075,83304.0,83304.0,https://find-and-update.company-information.service.gov.uk/search/companies?q=St+James+House+PLC,https://find-and-update.company-information.service.gov.uk/search/companies?q=St+James+House+PLC,1620597964,18:06:04,20210509
41,2007-09-30,SJH.L,GBP,2007-09-30,2007-09-30,Q3,375000.0,132500.0,242500.0,0.6466666666666666,0.0,283250.0,0.0,0.0,273250.0,415500.0,0.0,3500.0,-37000.0,-0.09866666666666667,-40500.0,-0.108,0.0,-40500.0,-0.108,0.0,-40500.0,-0.108,-0.525,-0.525,77254.0,77254.0,https://find-and-update.company-information.service.gov.uk/search/companies?q=St+James+House+PLC,https://find-and-update.company-information.service.gov.uk/search/companies?q=St+James+House+PLC,1620597964,18:06:04,20210509
42,2007-06-30,SJH.L,GBP,2007-06-30,2007-06-30,Q2,375000.0,132500.0,242500.0,0.6466666666666666,0.0,283250.0,0.0,0.0,273250.0,415500.0,0.0,3500.0,-37000.0,-0.09866666666666667,-40500.0,-0.108,0.0,-40500.0,-0.108,0.0,-40500.0,-0.108,-0.525,-0.525,77254.0,77254.0,https://find-and-update.company-information.service.gov.uk/search/companies?q=St+James+House+PLC,https://find-and-update.company-information.service.gov.uk/search/companies?q=St+James+House+PLC,1620597964,18:06:04,20210509
43,2007-03-31,SJH.L,GBP,2007-03-31,2007-03-31,Q1,375000.0,132500.0,242500.0,0.6466666666666666,0.0,283250.0,0.0,0.0,273250.0,415500.0,0.0,3500.0,-37000.0,-0.09866666666666667,-40500.0,-0.108,0.0,-40500.0,-0.108,0.0,-40500.0,-0.108,-0.525,-0.525,77254.0,77254.0,https://find-and-update.company-information.service.gov.uk/search/companies?q=St+James+House+PLC,https://find-and-update.company-information.service.gov.uk/search/companies?q=St+James+House+PLC,1620597964,18:06:04,20210509
44,2007-01-31,SJH.L,GBP,2007-01-31,2007-01-31,Q1,375000.0,132500.0,242500.0,0.6466666666666666,0.0,283250.0,0.0,0.0,273250.0,415500.0,0.0,3500.0,-37000.0,-0.09866666666666667,-40500.0,-0.108,0.0,-40500.0,-0.108,0.0,-40500.0,-0.108,-0.525,-0.525,77254.0,77254.0,https://find-and-update.company-information.service.gov.uk/search/companies?q=St+James+House+PLC,https://find-and-update.company-information.service.gov.uk/search/companies?q=St+James+House+PLC,1620597964,18:06:04,20210509
45,2006-09-30,SJH.L,GBP,2006-09-30,2006-09-30,Q3,360000.0,121000.0,239000.0,0.6638888888888889,0.0,244000.0,0.0,0.0,244000.0,378500.0,0.0,4500.0,-14000.0,-0.03888888888888889,-18500.0,-0.05138888888888889,0.0,-20500.0,-0.05694444444444444,0.0,-20500.0,-0.05694444444444444,-1.275,-1.275,16042.0,16042.0,https://find-and-update.company-information.service.gov.uk/search/companies?q=St+James+House+PLC,https://find-and-update.company-information.service.gov.uk/search/companies?q=St+James+House+PLC,1620597964,18:06:04,20210509
46,2006-06-30,SJH.L,GBP,2006-06-30,2006-06-30,Q2,360000.0,121000.0,239000.0,0.6638888888888889,0.0,244000.0,0.0,0.0,244000.0,378500.0,0.0,4500.0,-14000.0,-0.03888888888888889,-18500.0,-0.05138888888888889,0.0,-20500.0,-0.05694444444444444,0.0,-20500.0,-0.05694444444444444,-1.275,-1.275,16042.0,16042.0,https://find-and-update.company-information.service.gov.uk/search/companies?q=St+James+House+PLC,https://find-and-update.company-information.service.gov.uk/search/companies?q=St+James+House+PLC,1620597964,18:06:04,20210509
47,2006-03-31,SJH.L,GBP,2006-03-31,2006-03-31,Q1,360000.0,121000.0,239000.0,0.6638888888888889,0.0,244000.0,0.0,0.0,244000.0,378500.0,0.0,4500.0,-14000.0,-0.03888888888888889,-18500.0,-0.05138888888888889,0.0,-20500.0,-0.05694444444444444,0.0,-20500.0,-0.05694444444444444,-1.275,-1.275,16042.0,16042.0,https://find-and-update.company-information.service.gov.uk/search/companies?q=St+James+House+PLC,https://find-and-update.company-information.service.gov.uk/search/companies?q=St+James+House+PLC,1620597964,18:06:04,20210509
48,2006-01-31,SJH.L,GBP,2006-01-31,2006-01-31,Q1,360000.0,121000.0,239000.0,0.6638888888888889,0.0,244000.0,0.0,0.0,244000.0,378500.0,0.0,4500.0,-14000.0,-0.03888888888888889,-18500.0,-0.05138888888888889,0.0,-20500.0,-0.05694444444444444,0.0,-20500.0,-0.05694444444444444,-1.275,-1.275,16042.0,16042.0,https://find-and-update.company-information.service.gov.uk/search/companies?q=St+James+House+PLC,https://find-and-update.company-information.service.gov.uk/search/companies?q=St+James+House+PLC,1620597964,18:06:04,20210509
49,2005-09-30,SJH.L,GBP,2005-09-30,2005-09-30,Q3,376500.0,130250.0,246250.0,0.6540504648074369,0.0,0.0,0.0,0.0,0.0,499750.0,500.0,0.0,-11250.0,-33.46666666666667,-123250.0,-0.32735723771580344,0.0,100250.0,0.26626826029216466,0.0,100250.0,0.26626826029216466,1.25,1.25,77055.0,77055.0,https://find-and-update.company-information.service.gov.uk/search/companies?q=St+James+House+PLC,https://find-and-update.company-information.service.gov.uk/search/companies?q=St+James+House+PLC,1620597964,18:06:04,20210509
50,2005-06-30,SJH.L,GBP,2005-06-30,2005-06-30,Q2,376500.0,130250.0,246250.0,0.6540504648074369,0.0,0.0,0.0,0.0,0.0,499750.0,500.0,0.0,-11250.0,-33.46666666666667,-123250.0,-0.32735723771580344,0.0,100250.0,0.26626826029216466,0.0,100250.0,0.26626826029216466,1.25,1.25,77055.0,77055.0,https://find-and-update.company-information.service.gov.uk/search/companies?q=St+James+House+PLC,https://find-and-update.company-information.service.gov.uk/search/companies?q=St+James+House+PLC,1620597964,18:06:04,20210509
51,2005-03-31,SJH.L,GBP,2005-03-31,2005-03-31,Q1,376500.0,130250.0,246250.0,0.6540504648074369,0.0,0.0,0.0,0.0,0.0,499750.0,500.0,0.0,-11250.0,-33.46666666666667,-123250.0,-0.32735723771580344,0.0,100250.0,0.26626826029216466,0.0,100250.0,0.26626826029216466,1.25,1.25,77055.0,77055.0,https://find-and-update.company-information.service.gov.uk/search/companies?q=St+James+House+PLC,https://find-and-update.company-information.service.gov.uk/search/companies?q=St+James+House+PLC,1620597964,18:06:04,20210509
52,2005-01-31,SJH.L,GBP,2005-01-31,2005-01-31,Q1,376500.0,130250.0,246250.0,0.6540504648074369,0.0,0.0,0.0,0.0,0.0,499750.0,500.0,0.0,-11250.0,-33.46666666666667,-123250.0,-0.32735723771580344,0.0,100250.0,0.26626826029216466,0.0,100250.0,0.26626826029216466,1.25,1.25,77055.0,77055.0,https://find-and-update.company-information.service.gov.uk/search/companies?q=St+James+House+PLC,https://find-and-update.company-information.service.gov.uk/search/companies?q=St+James+House+PLC,1620597964,18:06:04,20210509
