,date,symbol,reportedCurrency,fillingDate,acceptedDate,period,revenue,costOfRevenue,grossProfit,grossProfitRatio,researchAndDevelopmentExpenses,generalAndAdministrativeExpenses,sellingAndMarketingExpenses,otherExpenses,operatingExpenses,costAndExpenses,interestExpense,depreciationAndAmortization,ebitda,ebitdaratio,operatingIncome,operatingIncomeRatio,totalOtherIncomeExpensesNet,incomeBeforeTax,incomeBeforeTaxRatio,incomeTaxExpense,netIncome,netIncomeRatio,eps,epsdiluted,weightedAverageShsOut,weightedAverageShsOutDil,link,finalLink,timestamp,est_time,est_date
0,2020-12-31,SILINV.NS,INR,2020-12-31,2020-12-31,Q4,128300000.0,2300000.0,126000000.0,0.9820732657833203,0.0,0.0,0.0,0.0,-42600000.0,-40300000.0,100000.0,3100000.0,171700000.0,1.338269680436477,168600000.0,1.3141075604053,0.0,168500000.0,1.313328137178488,26600000.0,141600000.0,1.1036632891660172,13.36,13.36,10598802,10598802,https://www.nseindia.com/companies-listing/corporate-filings-annual-reports,https://www.nseindia.com/companies-listing/corporate-filings-annual-reports,1620597929,18:05:29,20210509
1,2020-09-30,SILINV.NS,INR,2020-09-30,2020-09-30,Q3,52600000.0,2300000.0,50300000.0,0.9562737642585551,0.0,0.0,0.0,2500000.0,-600000.0,1700000.0,0.0,300000.0,51200000.0,0.973384030418251,50900000.0,0.967680608365019,0.0,53400000.0,1.015209125475285,16000000.0,35300000.0,0.6711026615969582,3.33,3.33,10600601,10600601,https://www.nseindia.com/companies-listing/corporate-filings-annual-reports,https://www.nseindia.com/companies-listing/corporate-filings-annual-reports,1620597929,18:05:29,20210509
2,2020-06-30,SILINV.NS,INR,2020-06-30,2020-06-30,Q2,23100000.0,2300000.0,20800000.0,0.9004329004329005,0.0,0.0,0.0,2500000.0,-22400000.0,-20100000.0,0.0,300000.0,43500000.0,1.8831168831168832,43200000.0,1.87012987012987,0.0,45700000.0,1.9783549783549783,-100000.0,45200000.0,1.9567099567099566,4.27,4.27,10585480,10585480,https://www.nseindia.com/companies-listing/corporate-filings-annual-reports,https://www.nseindia.com/companies-listing/corporate-filings-annual-reports,1620597929,18:05:29,20210509
3,2020-03-31,SILINV.NS,INR,2020-03-31,2020-03-31,Q1,276252000.0,2370000.0,273882000.0,0.9914208765909387,0.0,0.0,0.0,-64329000.0,52909000.0,55279000.0,336000.0,3875000.0,224848000.0,0.813923519105744,220973000.0,0.7998964713377641,0.0,158098000.0,0.5722963091669925,5908000.0,151678000.0,0.5490566584133327,14.308434021806876,14.308434021806876,10600601,10600601,https://www.nseindia.com/companies-listing/corporate-filings-annual-reports,https://www.nseindia.com/companies-listing/corporate-filings-annual-reports,1620597929,18:05:29,20210509
4,2019-12-31,SILINV.NS,INR,2019-12-31,2019-12-31,Q4,18000000.0,2300000.0,15700000.0,0.8722222222222222,0.0,0.0,0.0,2500000.0,-6700000.0,-4400000.0,0.0,300000.0,22700000.0,1.261111111111111,22400000.0,1.2444444444444445,0.0,24900000.0,1.3833333333333333,7300000.0,16800000.0,0.9333333333333333,1.59,1.59,10566038,10566038,https://www.nseindia.com/companies-listing/corporate-filings-annual-reports,https://www.nseindia.com/companies-listing/corporate-filings-annual-reports,1620597929,18:05:29,20210509
5,2019-09-30,SILINV.NS,INR,2019-09-30,2019-09-30,Q3,109500000.0,2100000.0,107400000.0,0.9808219178082191,0.0,0.0,0.0,3500000.0,-20400000.0,-18300000.0,0.0,100000.0,127900000.0,1.1680365296803652,127800000.0,1.167123287671233,0.0,131300000.0,1.1990867579908675,19700000.0,109900000.0,1.0036529680365296,10.52,10.52,10446768,10446768,https://www.nseindia.com/companies-listing/corporate-filings-annual-reports,https://www.nseindia.com/companies-listing/corporate-filings-annual-reports,1620597929,18:05:29,20210509
6,2019-06-30,SILINV.NS,INR,2019-06-30,2019-06-30,Q2,37000000.0,2200000.0,34800000.0,0.9405405405405406,0.0,0.0,0.0,59300000.0,7300000.0,9500000.0,0.0,600000.0,28100000.0,0.7594594594594595,27500000.0,0.7432432432432432,0.0,86800000.0,2.345945945945946,12800000.0,73600000.0,1.9891891891891893,6.94,6.94,10605187,10605187,https://www.nseindia.com/companies-listing/corporate-filings-annual-reports,https://www.nseindia.com/companies-listing/corporate-filings-annual-reports,1620597929,18:05:29,20210509
7,2019-03-31,SILINV.NS,INR,2019-03-31,2019-03-31,Q1,118861000.0,2024000.0,116837000.0,0.9829717064470264,0.0,0.0,0.0,-374000.0,74725000.0,76749000.0,-789000.0,3628000.0,45740000.0,0.38481924264476997,42112000.0,0.354296194714835,0.0,62501000.0,0.5258326953332043,6348000.0,56368000.0,0.4742346101749102,5.317434360561255,5.317434360561255,10600601,10600601,https://www.nseindia.com/companies-listing/corporate-filings-annual-reports,https://www.nseindia.com/companies-listing/corporate-filings-annual-reports,1620597929,18:05:29,20210509
8,2018-12-31,SILINV.NS,INR,2018-12-31,2018-12-31,Q4,19000000.0,2100000.0,16900000.0,0.8894736842105263,0.0,0.0,0.0,3300000.0,-19800000.0,-17700000.0,0.0,400000.0,37100000.0,1.9526315789473685,36700000.0,1.931578947368421,0.0,40000000.0,2.1052631578947367,8900000.0,30400000.0,1.6,2.87,2.87,10592334,10592334,https://www.nseindia.com/companies-listing/corporate-filings-annual-reports,https://www.nseindia.com/companies-listing/corporate-filings-annual-reports,1620597929,18:05:29,20210509
9,2018-09-30,SILINV.NS,INR,2018-09-30,2018-09-30,Q3,114200000.0,2300000.0,111900000.0,0.9798598949211909,0.0,0.0,0.0,4400000.0,-5500000.0,-3200000.0,1300000.0,300000.0,117700000.0,1.0306479859894921,117400000.0,1.0280210157618213,0.0,120500000.0,1.0551663747810858,9400000.0,109900000.0,0.9623467600700525,10.47,10.47,10496657,10496657,https://www.nseindia.com/companies-listing/corporate-filings-annual-reports,https://www.nseindia.com/companies-listing/corporate-filings-annual-reports,1620597929,18:05:29,20210509
10,2018-06-30,SILINV.NS,INR,2018-06-30,2018-06-30,Q2,42600000.0,2100000.0,40500000.0,0.9507042253521126,0.0,0.0,0.0,3600000.0,6200000.0,8300000.0,0.0,300000.0,34600000.0,0.812206572769953,34300000.0,0.8051643192488263,0.0,37900000.0,0.8896713615023474,13800000.0,23400000.0,0.5492957746478874,2.21,2.21,10588235,10588235,https://www.nseindia.com/companies-listing/corporate-filings-annual-reports,https://www.nseindia.com/companies-listing/corporate-filings-annual-reports,1620597929,18:05:29,20210509
11,2017-06-30,SILINV.NS,INR,2017-06-30,2017-06-30,Q2,0.0,0.0,0.0,0.0,0.0,0.0,0.0,0.0,0.0,0.0,0.0,990000.0,0.0,0.0,0.0,0.0,0.0,0.0,0.0,0.0,0.0,0.0,5.72,5.72,10611888,10611888,https://www.nseindia.com/companies-listing/corporate-filings-annual-reports,https://www.nseindia.com/companies-listing/corporate-filings-annual-reports,1620597929,18:05:29,20210509
12,2016-06-30,SILINV.NS,INR,2016-06-30,2016-06-30,Q2,0.0,0.0,0.0,0.0,0.0,0.0,0.0,0.0,0.0,0.0,0.0,917500.0,0.0,0.0,0.0,0.0,0.0,0.0,0.0,0.0,0.0,0.0,2.63,2.63,10595860,10595860,https://www.nseindia.com/companies-listing/corporate-filings-annual-reports,https://www.nseindia.com/companies-listing/corporate-filings-annual-reports,1620597929,18:05:29,20210509
13,2014-06-30,SILINV.NS,INR,2014-06-30,2014-06-30,Q2,45600000.0,0.0,45600000.0,1.0,0.0,0.0,0.0,0.0,3400000.0,3400000.0,0.0,200000.0,42400000.0,0.9298245614035088,42200000.0,0.9254385964912281,0.0,15000000.0,0.32894736842105265,4700000.0,10300000.0,0.22587719298245615,0.97,0.97,10618557,10618557,https://www.nseindia.com/companies-listing/corporate-filings-annual-reports,https://www.nseindia.com/companies-listing/corporate-filings-annual-reports,1620597929,18:05:29,20210509
14,2014-03-31,SILINV.NS,INR,2014-03-31,2014-03-31,Q1,52842000.0,0.0,52842000.0,1.0,0.0,0.0,0.0,0.0,12109000.0,12109000.0,0.0,3244000.0,43977000.0,0.8322357215851027,40733000.0,0.7708451610461375,0.0,21014000.0,0.39767609098822904,8480000.0,11013000.0,0.20841376178040194,1.03890336029061,1.03890336029061,10600601,10600601,https://www.nseindia.com/companies-listing/corporate-filings-annual-reports,https://www.nseindia.com/companies-listing/corporate-filings-annual-reports,1620597929,18:05:29,20210509
15,2013-12-31,SILINV.NS,INR,2013-12-31,2013-12-31,Q4,49100000.0,0.0,49100000.0,1.0,0.0,0.0,0.0,0.0,1600000.0,1600000.0,0.0,200000.0,47700000.0,0.9714867617107943,47500000.0,0.9674134419551935,0.0,16500000.0,0.3360488798370672,5600000.0,10900000.0,0.2219959266802444,1.03,1.03,10595860,10595860,https://www.nseindia.com/companies-listing/corporate-filings-annual-reports,https://www.nseindia.com/companies-listing/corporate-filings-annual-reports,1620597929,18:05:29,20210509
16,2013-06-30,SILINV.NS,INR,2013-06-30,2013-06-30,Q2,56000000.0,0.0,56000000.0,1.0,0.0,0.0,0.0,0.0,2400000.0,2400000.0,0.0,200000.0,53800000.0,0.9607142857142857,53600000.0,0.9571428571428572,0.0,15900000.0,0.2839285714285714,5000000.0,10900000.0,0.19464285714285715,1.03,1.03,10582524,10582524,https://www.nseindia.com/companies-listing/corporate-filings-annual-reports,https://www.nseindia.com/companies-listing/corporate-filings-annual-reports,1620597929,18:05:29,20210509
17,2013-03-31,SILINV.NS,INR,2013-03-31,2013-03-31,Q1,181643000.0,0.0,0.0,0.0,0.0,0.0,0.0,0.0,41329000.0,41329000.0,0.0,3149000.0,143463000.0,0.7898074795065045,140314000.0,0.7724712760744977,0.0,-8236000.0,-0.04534168671515005,9702000.0,-19437000.0,-0.10700660085992854,-1.833575285023934,-1.833575285023934,10600601,10600601,https://www.nseindia.com/companies-listing/corporate-filings-annual-reports,https://www.nseindia.com/companies-listing/corporate-filings-annual-reports,1620597929,18:05:29,20210509
18,2012-12-31,SILINV.NS,INR,2012-12-31,2012-12-31,Q4,18700000.0,0.0,0.0,0.0,0.0,2700000.0,0.0,0.0,2500000.0,2500000.0,0.0,200000.0,16400000.0,0.8770053475935828,16200000.0,0.8663101604278075,0.0,15200000.0,0.8128342245989305,4100000.0,11100000.0,0.5935828877005348,1.05,1.05,10595860,10595860,https://www.nseindia.com/companies-listing/corporate-filings-annual-reports,https://www.nseindia.com/companies-listing/corporate-filings-annual-reports,1620597929,18:05:29,20210509
19,2012-09-30,SILINV.NS,INR,2012-09-30,2012-09-30,Q3,91900000.0,0.0,0.0,0.0,0.0,1600000.0,0.0,0.0,1000000.0,1000000.0,0.0,100000.0,91000000.0,0.9902067464635473,90900000.0,0.9891186071817193,0.0,89500000.0,0.9738846572361263,4500000.0,85000000.0,0.9249183895538629,8.01,8.01,10595860,10595860,https://www.nseindia.com/companies-listing/corporate-filings-annual-reports,https://www.nseindia.com/companies-listing/corporate-filings-annual-reports,1620597929,18:05:29,20210509
20,2012-06-30,SILINV.NS,INR,2012-06-30,2012-06-30,Q2,20200000.0,0.0,0.0,0.0,0.0,4400000.0,0.0,0.0,1800000.0,1800000.0,0.0,200000.0,18600000.0,0.9207920792079208,18400000.0,0.9108910891089109,0.0,15000000.0,0.7425742574257426,4600000.0,10400000.0,0.5148514851485149,0.99,0.99,10595860,10595860,https://www.nseindia.com/companies-listing/corporate-filings-annual-reports,https://www.nseindia.com/companies-listing/corporate-filings-annual-reports,1620597929,18:05:29,20210509
