,date,symbol,reportedCurrency,fillingDate,acceptedDate,period,revenue,costOfRevenue,grossProfit,grossProfitRatio,researchAndDevelopmentExpenses,generalAndAdministrativeExpenses,sellingAndMarketingExpenses,otherExpenses,operatingExpenses,costAndExpenses,interestExpense,depreciationAndAmortization,ebitda,ebitdaratio,operatingIncome,operatingIncomeRatio,totalOtherIncomeExpensesNet,incomeBeforeTax,incomeBeforeTaxRatio,incomeTaxExpense,netIncome,netIncomeRatio,eps,epsdiluted,weightedAverageShsOut,weightedAverageShsOutDil,link,finalLink,timestamp,est_time,est_date
0,2021-03-31,EQT,USD,2021-05-06,Not found...,Q1,1138736000,870130000,268606000.0,0.23588083629568224,0.0,0.0,0.0,0.0,55398000.0,925528000,75099000.0,377116000.0,590324000,0.5184028607157409,213208000.0,-0.04876108246336289,-193635000.0,-55526000.0,-0.04876108246336289,-14494000.0,-40518000.0,-0.03558155709488415,-0.15,-0.15,278852000,278852000,https://www.sec.gov/Archives/edgar/data/33213/000003321321000012/0000033213-21-000012-index.htm,https://www.sec.gov/Archives/edgar/data/33213/000003321321000012/eqt-20210331.htm,1620591727,16:22:07,20210509
1,2020-12-31,EQT,USD,2021-02-17,2021-02-17 16:16:35,Q4,1253000000,475000000,778000000.0,0.6209098164405427,0.0,174769000.0,8013000.0,3752534.325,52035000.0,902021000,74286000.0,375389000.0,314419000,0.3738405875505766,-60970000.0,-0.04865921787709497,196014000.0,60758000.0,0.04849002394253791,-2920000.0,63688000.0,0.050828411811652034,0.2340575662246788,0.23256951925359237,272104000,273845000,https://www.sec.gov/Archives/edgar/data/33213/000003321321000006/0000033213-21-000006-index.htm,https://www.sec.gov/Archives/edgar/data/33213/000003321321000006/eqt-20201231.htm,1620591727,16:22:07,20210509
2,2020-09-30,EQT,USD,2020-10-22,2020-10-22 16:16:39,Q3,172000000,471000000,-209079000.0,-1.2155755813953488,0.0,0.0,317000.0,875675.0,66968000.0,875356000,69154000.0,361127000.0,85080000,0.14196349462464272,-276047000.0,-1.6049244186046512,-481196000.0,-826397000.0,-4.804633720930233,-225757000.0,-600640000.0,-3.492093023255814,-2.35,-2.35,255589000,255589000,https://www.sec.gov/Archives/edgar/data/33213/000003321320000032/0000033213-20-000032-index.htm,https://www.sec.gov/Archives/edgar/data/33213/000003321320000032/eqt-20200930.htm,1620591727,16:22:07,20210509
3,2020-06-30,EQT,USD,2020-07-27,2020-07-27 16:16:24,Q2,527000000,445000000,-266413000.0,-0.505527514231499,0.0,0.0,0.0,0.0,51694000.0,818755000,65386000.0,339884000.0,21777000,0.0434976270753104,-318107000.0,-0.603618595825427,17415000.0,-366078000.0,-0.6946451612903226,-103003000.0,-263075000.0,-0.4991935483870968,-1.03,-1.03,255524000,255524000,https://www.sec.gov/Archives/edgar/data/33213/000003321320000025/0000033213-20-000025-index.htm,https://www.sec.gov/Archives/edgar/data/33213/000003321320000025/eqt-20200630.htm,1620591727,16:22:07,20210509
4,2020-03-31,EQT,USD,2020-05-07,2020-05-07 16:17:24,Q1,1107000000,481000000,-120119000.0,-0.10850858175248419,0.0,0.0,0.0,0.0,43339000.0,881079000,62374000.0,368307000.0,204849000,0.2854556931862362,-163458000.0,-0.14765853658536585,91515000.0,-134317000.0,-0.12133423667570009,32822000.0,-167139000.0,-0.15098373983739838,-0.65,-0.65,255435000,255435000,https://www.sec.gov/Archives/edgar/data/33213/000003321320000016/0000033213-20-000016-index.htm,https://www.sec.gov/Archives/edgar/data/33213/000003321320000008/a1231201910k.htm,1620591727,16:22:07,20210509
5,2019-12-31,EQT,USD,2020-02-27,2020-02-27 16:18:27,Q4,1011000000,476000000,-8245000.0,-0.008155291790306628,0.0,0.0,0.0,0.0,46788000.0,905834000,45066000.0,395614000.0,340581000,0.4003062995929718,-55033000.0,-0.05443422354104847,-1443357000.0,-1543456000.0,-1.5266627101879326,-366532000.0,-1176924000.0,-1.1641186943620179,-4.61,-4.61,255384000,255384000,https://www.sec.gov/Archives/edgar/data/33213/000003321320000008/0000033213-20-000008-index.htm,https://www.sec.gov/Archives/edgar/data/33213/000003321320000008/a1231201910k.htm,1620591727,16:22:07,20210509
6,2019-09-30,EQT,USD,2019-10-31,2019-10-31 16:16:49,Q3,952000000,479000000,-95493000.0,-0.1003077731092437,0.0,0.0,0.0,0.0,90623000.0,957379000,47709000.0,405725000.0,219609000,0.28473944685535285,-186116000.0,-0.1955,-213546000.0,-447371000.0,-0.46992752100840335,-86343000.0,-361028000.0,-0.3792310924369748,-1.41,-1.41,255235000,255235000,https://www.sec.gov/Archives/edgar/data/33213/000003321319000031/0000033213-19-000031-index.htm,https://www.sec.gov/Archives/edgar/data/33213/000003321319000031/eqt930201910q.htm,1620591727,16:22:07,20210509
7,2019-06-30,EQT,USD,2019-07-25,2019-07-25 16:16:45,Q2,1310000000,475000000,56904000.0,0.0434381679389313,0.0,0.0,0.0,0.0,98407000.0,944120000,50503000.0,395163000.0,353660000,0.391816240997012,-41503000.0,-0.031681679389312975,256437000.0,164431000.0,0.12551984732824428,38865000.0,125566000.0,0.09585190839694656,0.4922245873170808,0.4919854401836825,255099000,255223000,https://www.sec.gov/Archives/edgar/data/33213/000003321319000023/0000033213-19-000023-index.htm,https://www.sec.gov/Archives/edgar/data/33213/000003321319000023/eqt630201910q.htm,1620591727,16:22:07,20210509
8,2019-03-31,EQT,USD,2019-04-25,2019-04-25 16:16:47,Q1,1143000000,484000000,401402000.0,0.35118285214348205,0.0,0.0,0.0,0.0,60327000.0,934094000,56573000.0,401455000.0,742530000,0.5822992873885736,341075000.0,0.2984033245844269,-55577000.0,228925000.0,0.2002843394575678,38234000.0,190691000.0,0.16683377077865266,0.7476729687977854,0.7466746545438883,255046000,255387000,https://www.sec.gov/Archives/edgar/data/33213/000003321319000014/0000033213-19-000014-index.htm,https://www.sec.gov/Archives/edgar/data/33213/000003321319000006/eqt1231201810k.htm,1620591727,16:22:07,20210509
9,2018-12-31,EQT,USD,2019-02-14,2019-02-14 16:18:01,Q4,1245000000,478000000,-349915000.0,-0.2810562248995984,0.0,0.0,0.0,-108441000.0,-49937000.0,1394933000,-11101000.0,454052000.0,154074000,0.14071263202597367,-299978000.0,-0.24094618473895582,-1039864000.0,-1328741000.0,-1.0672618473895583,-193006000.0,-636687000.0,-0.5113951807228916,-2.5,-2.5,254642000,254642000,https://www.sec.gov/Archives/edgar/data/33213/000003321319000006/0000033213-19-000006-index.htm,https://www.sec.gov/Archives/edgar/data/33213/000003321319000006/eqt1231201810k.htm,1620591727,16:22:07,20210509
10,2018-09-30,EQT,USD,2018-10-25,2018-10-25 16:38:19,Q3,1050000000,467000000,497476000.0,0.4737866666666667,0.0,0.0,0.0,21755000.0,131792000.0,796261000,93042000.0,456039000.0,821723000,0.7071961237407967,365684000.0,0.3482704761904762,-272105000.0,537000.0,0.0005114285714285714,-62911000.0,-39693000.0,-0.037802857142857145,-0.15,-0.15,259560000,259560000,https://www.sec.gov/Archives/edgar/data/33213/000003321318000014/0000033213-18-000014-index.htm,https://www.sec.gov/Archives/edgar/data/33213/000003321318000014/eqt930201810q.htm,1620591727,16:22:07,20210509
11,2018-06-30,EQT,USD,2018-07-26,2018-07-26 16:22:50,Q2,951000000,478000000,442965000.0,0.46578864353312305,0.0,0.0,0.0,11752000.0,145026000.0,810629000,77004000.0,438401000.0,736340000,0.6642262811122096,297939000.0,0.31329022082018926,-186218000.0,34717000.0,0.03650578338590957,-101629000.0,17806000.0,0.018723449001051523,0.06718484699845301,0.06715342781930501,265030000,265154000,https://www.sec.gov/Archives/edgar/data/33213/000003321318000011/0000033213-18-000011-index.htm,https://www.sec.gov/Archives/edgar/data/33213/000003321318000011/eqt630201810q.htm,1620591727,16:22:07,20210509
12,2018-03-31,EQT,USD,2018-04-26,2018-04-26 16:19:47,Q1,1312000000,477000000,682835000.0,0.520453506097561,0.0,0.0,0.0,9585000.0,104187000.0,792343000,70013000.0,458621000.0,1037269000,0.7565833765502472,578648000.0,0.44104268292682924,-2292579000.0,-1783944000.0,-1.3597134146341463,-338965000.0,-1585994000.0,-1.2088368902439024,-5.99,-5.99,264877000,264877000,https://www.sec.gov/Archives/edgar/data/33213/000003321318000006/0000033213-18-000006-index.htm,https://www.sec.gov/Archives/edgar/data/33213/000003321318000003/eqt-12312017x10k.htm,1620591727,16:22:07,20210509
13,2017-12-31,EQT,USD,2018-02-15,2018-02-15 16:22:51,Q4,849000000,824000000,395673000.0,0.4660459363957597,0.0,0.0,0.0,8077000.0,110840000.0,677125000,65662000.0,369204000.0,654037000,0.6799018252356132,284833000.0,0.33549234393404004,-74548000.0,144623000.0,0.17034511189634866,-1234712000.0,1280071000.0,1.5077396937573615,5.85,5.83,218937000,219712000,https://www.sec.gov/Archives/edgar/data/33213/000003321318000003/0000033213-18-000003-index.htm,https://www.sec.gov/Archives/edgar/data/33213/000003321318000003/eqt-12312017x10k.htm,1620591727,16:22:07,20210509
14,2017-09-30,EQT,USD,2017-10-26,2017-10-26 16:18:03,Q3,659000000,178000000,202279000.0,0.306948406676783,0.0,0.0,0.0,6859000.0,100210000.0,522619000,50377000.0,246560000.0,348629000,0.5580849960300182,102069000.0,0.1548846737481032,42484000.0,94176000.0,0.14290743550834598,-11281000.0,23340000.0,0.035417298937784523,0.134543,0.134389,173476000,173675000,https://www.sec.gov/Archives/edgar/data/33213/000003321317000012/0000033213-17-000012-index.htm,https://www.sec.gov/Archives/edgar/data/33213/000003321317000012/eqt930201710q.htm,1620591727,16:22:07,20210509
15,2017-06-30,EQT,USD,2017-07-27,2017-07-27 17:01:15,Q2,689000000,183000000,224539000.0,0.3258911465892598,0.0,0.0,0.0,6638000.0,81071000.0,501099000,44078000.0,240817000.0,384285000,0.5961909312763453,143468000.0,0.20822641509433962,52964000.0,152354000.0,0.2211233671988389,29709000.0,41126000.0,0.059689404934687953,0.237089,0.236925,173462000,173582000,https://www.sec.gov/Archives/edgar/data/33213/000003321317000009/0000033213-17-000009-index.htm,https://www.sec.gov/Archives/edgar/data/33213/000003321317000009/eqt630201710q.htm,1620591727,16:22:07,20210509
16,2017-03-31,EQT,USD,2017-04-27,2017-04-27 16:19:44,Q1,894000000,179000000,345368000.0,0.38631767337807604,0.0,0.0,0.0,3381000.0,95466000.0,506879000,42655000.0,231918000.0,481820000,0.6366703180973096,249902000.0,0.2795324384787472,144123000.0,351370000.0,0.39303131991051454,100665000.0,163992000.0,0.18343624161073827,0.946765,0.945139,173213000,173511000,https://www.sec.gov/Archives/edgar/data/33213/000003321317000006/0000033213-17-000006-index.htm,https://www.sec.gov/Archives/edgar/data/33213/000003321317000003/eqt-12312016x10k.htm,1620591727,16:22:07,20210509
17,2016-12-31,EQT,USD,2017-02-09,2017-02-09 16:19:42,Q4,158000000,672000000,147337000.0,0.9325126582278481,0.0,0.0,0.0,8494000.0,61492000.0,509826000,39451000.0,244972000.0,330817000,0.5553686514871464,85845000.0,0.5433227848101266,-266817000.0,-220423000.0,-1.3950822784810126,-111638000.0,-191958000.0,-1.2149240506329113,-1.11,-1.11,172906000,172906000,https://www.sec.gov/Archives/edgar/data/33213/000003321317000003/0000033213-17-000003-index.htm,https://www.sec.gov/Archives/edgar/data/33213/000003321317000003/eqt-12312016x10k.htm,1620591727,16:22:07,20210509
18,2016-09-30,EQT,USD,2016-10-27,2016-10-27 16:17:33,Q3,557000000,132000000,110341000.0,0.19809874326750448,0.0,0.0,0.0,10715000.0,95240000.0,448269000,35984000.0,237088000.0,252189000,0.544249735632432,15101000.0,0.027111310592459605,104071000.0,83188000.0,0.14935008976660683,13084000.0,-8016000.0,-0.014391382405745062,-0.05,-0.05,172867000,172867000,https://www.sec.gov/Archives/edgar/data/33213/000003321316000029/0000033213-16-000029-index.htm,https://www.sec.gov/Archives/edgar/data/33213/000003321316000029/eqt930201610q.htm,1620591727,16:22:07,20210509
19,2016-06-30,EQT,USD,2016-07-28,2016-07-28 16:19:12,Q2,128000000,134000000,20344000.0,0.1589375,0.0,0.0,0.0,7644000.0,110143000.0,452023000,36305000.0,224629000.0,134830000,0.37222823446265296,-89799000.0,-0.7015546875,-227049000.0,-353153000.0,-2.7590078125,-172346000.0,-258645000.0,-2.0206640625,-1.55062,-1.55062,166801000,166801000,https://www.sec.gov/Archives/edgar/data/33213/000003321316000026/0000033213-16-000026-index.htm,https://www.sec.gov/Archives/edgar/data/33213/000003321316000026/eqt630201610q.htm,1620591727,16:22:07,20210509
20,2016-03-31,EQT,USD,2016-04-28,2016-04-28 16:16:45,Q1,545000000,122000000,110754000.0,0.2032183486238532,0.0,0.0,0.0,4840000.0,92548000.0,417868000,36180000.0,221231000.0,239437000,0.5490742396932631,18206000.0,0.033405504587155965,113835000.0,95861000.0,0.17589174311926606,7436000.0,5636000.0,0.010341284403669725,0.03596222562531904,0.03585355768313241,156720000,157195000,https://www.sec.gov/Archives/edgar/data/33213/000003321316000022/0000033213-16-000022-index.htm,https://www.sec.gov/Archives/edgar/data/33213/000003321316000018/eqt-12312015x10k.htm,1620591727,16:22:07,20210509
21,2015-12-31,EQT,USD,2016-02-11,2016-02-11 16:33:15,Q4,601000000,181000000,108776000.0,0.18099168053244594,0.0,0.0,0.0,3664000.0,117664000.0,453040000,35935000.0,219425000.0,210537000,0.4740201552621625,-8888000.0,-0.014788685524126455,57843000.0,13020000.0,0.021663893510815307,76282000.0,-134579000.0,-0.22392512479201332,-0.8817162736760726,-0.8771876079545825,152633000,153421000,https://www.sec.gov/Archives/edgar/data/33213/000003321316000018/0000033213-16-000018-index.htm,https://www.sec.gov/Archives/edgar/data/33213/000003321316000018/eqt-12312015x10k.htm,1620591727,16:22:07,20210509
22,2015-09-30,EQT,USD,2015-10-22,2015-10-22 16:23:10,Q3,584000000,113000000,109987000.0,0.18833390410958903,0.0,0.0,0.0,2661000.0,101195000.0,406960000,36547000.0,208227000.0,217019000,0.5219914756874291,8792000.0,0.015054794520547945,163924000.0,136169000.0,0.23316609589041096,35936000.0,40787000.0,0.06984075342465754,0.2673663233934881,0.26683632747589203,152551000,152854000,https://www.sec.gov/Archives/edgar/data/33213/000003321315000014/0000033213-15-000014-index.htm,https://www.sec.gov/Archives/edgar/data/33213/000003321315000014/eqt930201510q.htm,1620591727,16:22:07,20210509
23,2015-06-30,EQT,USD,2015-07-23,2015-07-23 16:07:53,Q2,440000000,112000000,137662000.0,0.3128681818181818,0.0,0.0,0.0,2689000.0,108887000.0,400140000,36833000.0,196819000.0,225594000,0.5259643519112178,28775000.0,0.06539772727272727,6948000.0,-1110000.0,-0.002522727272727273,-64857000.0,5536000.0,0.012581818181818182,0.03631259265089798,0.036212118238845604,152454000,152877000,https://www.sec.gov/Archives/edgar/data/33213/000003321315000011/0000033213-15-000011-index.htm,https://www.sec.gov/Archives/edgar/data/33213/000003321315000011/eqt630201510q.htm,1620591727,16:22:07,20210509
24,2015-03-31,EQT,USD,2015-04-23,2015-04-23 16:03:54,Q1,715000000,110000000,379346000.0,0.5305538461538462,0.0,0.0,0.0,939000.0,108179000.0,394014000,37216000.0,194745000.0,465912000,0.7004289058166123,271167000.0,0.37925454545454546,44531000.0,278482000.0,0.38948531468531467,57314000.0,173427000.0,0.24255524475524476,1.140696940198374,1.1353203802141978,152036000,152756000,https://www.sec.gov/Archives/edgar/data/33213/000003321315000008/0000033213-15-000008-index.htm,https://www.sec.gov/Archives/edgar/data/33213/000003321315000004/eqt-12312014x10k.htm,1620591727,16:22:07,20210509
25,2014-12-31,EQT,USD,2015-02-12,2015-02-12 16:02:14,Q4,703000000,156000000,416794000.0,0.5928790896159317,0.0,0.0,0.0,719000.0,105522000.0,391922000,36979000.0,194390000.0,505662000,0.7190931663239447,311272000.0,0.44277667140825033,-270223000.0,4070000.0,0.005789473684210527,-25828000.0,-14704000.0,-0.020916073968705547,-0.09698888559084463,-0.09633565480597249,151605000,152633000,https://www.sec.gov/Archives/edgar/data/33213/000003321315000004/0000033213-15-000004-index.htm,https://www.sec.gov/Archives/edgar/data/33213/000003321315000004/eqt-12312014x10k.htm,1620591727,16:22:07,20210509
26,2014-09-30,EQT,USD,2014-10-23,2014-10-23 16:09:15,Q3,579000000,87000000,320184000.0,0.5529948186528497,0.0,0.0,0.0,1004000.0,88681000.0,347220000,35717000.0,175578000.0,407081000,0.7034125134131528,231503000.0,0.39983246977547493,1004000.0,196790000.0,0.3398791018998273,64496000.0,98555000.0,0.17021588946459412,0.650283391727205,0.6469835226153745,151557000,152330000,https://www.sec.gov/Archives/edgar/data/33213/000003321314000004/0000033213-14-000004-index.htm,https://www.sec.gov/Archives/edgar/data/33213/000003321314000004/eqt9302014-10q.htm,1620591727,16:22:07,20210509
27,2014-06-30,EQT,USD,2014-07-24,2014-07-24 16:03:39,Q2,526000000,91000000,285344000.0,0.5424790874524715,0.0,0.0,0.0,2579000.0,98322000.0,339146000,31873000.0,157219000.0,344241000,0.6542416110443813,187022000.0,0.35555513307984793,40328000.0,195477000.0,0.3716292775665399,59089000.0,110921000.0,0.2108764258555133,0.7309745360607338,0.72701710690175,151744000,152570000,https://www.sec.gov/Archives/edgar/data/33213/000110465914053274/0001104659-14-053274-index.htm,https://www.sec.gov/Archives/edgar/data/33213/000110465914053274/a14-13884_110q.htm,1620591727,16:22:07,20210509
28,2014-03-31,EQT,USD,2014-04-24,2014-04-24 16:03:23,Q1,662000000,77000000,432399000.0,0.6531706948640483,0.0,0.0,0.0,2551000.0,75608000.0,304834000,31968000.0,152111000.0,508902000,0.7691698469676932,356791000.0,0.5389592145015105,2551000.0,327374000.0,0.4945226586102719,116335000.0,192193000.0,0.29032175226586104,1.27,1.26,151371000,152759000,https://www.sec.gov/Archives/edgar/data/33213/000110465914029892/0001104659-14-029892-index.htm,https://www.sec.gov/Archives/edgar/data/33213/000110465914011816/a13-25494_110k.htm,1620591727,16:22:07,20210509
29,2013-12-31,EQT,USD,2014-02-20,2014-02-20 16:04:10,Q4,493000000,75000000,128982000.0,0.26162677484787017,0.0,0.0,0.0,2396000.0,34474000.0,182153000,31998000.0,183229000.0,277737000,1.0038892362855625,94508000.0,0.1916997971602434,22014000.0,84524000.0,0.17144827586206896,44561000.0,115205000.0,0.2336815415821501,0.76,0.75,150772000,153017000,https://www.sec.gov/Archives/edgar/data/33213/000110465914011816/0001104659-14-011816-index.htm,https://www.sec.gov/Archives/edgar/data/33213/000110465914011816/a13-25494_110k.htm,1620591727,16:22:07,20210509
30,2013-09-30,EQT,USD,2013-10-24,2013-10-24 16:02:50,Q3,480000000,69000000,265609000.0,0.5533520833333333,0.0,0.0,0.0,2405000.0,95061000.0,336050000,35554000.0,175648000.0,346196000,0.6833741941342051,170548000.0,0.35530833333333334,2405000.0,137399000.0,0.28624791666666666,34789000.0,88256000.0,0.18386666666666668,0.59,0.58,150679000,151663000,https://www.sec.gov/Archives/edgar/data/33213/000110465913077631/0001104659-13-077631-index.htm,https://www.sec.gov/Archives/edgar/data/33213/000110465913077631/a13-19527_110q.htm,1620591727,16:22:07,20210509
31,2013-06-30,EQT,USD,2013-07-25,2013-07-25 16:03:38,Q2,473000000,70000000,273403000.0,0.5780190274841438,0.0,0.0,0.0,2111000.0,102108000.0,348797000,37384000.0,168577000.0,339872000,0.6534843835321443,171295000.0,0.3621458773784355,2111000.0,136022000.0,0.28757293868921774,41904000.0,86856000.0,0.1836279069767442,0.58,0.57,150525000,151393000,https://www.sec.gov/Archives/edgar/data/33213/000110465913056665/0001104659-13-056665-index.htm,https://www.sec.gov/Archives/edgar/data/33213/000110465913056665/a13-13602_110q.htm,1620591727,16:22:07,20210509
32,2013-03-31,EQT,USD,2013-04-25,2013-04-25 16:01:35,Q1,416000000,62000000,284086000.0,0.6828990384615384,0.0,0.0,0.0,2330000.0,85451000.0,360025000,37752000.0,149116000.0,347751000,0.622473418537214,198635000.0,0.47748798076923077,2330000.0,163213000.0,0.3923389423076923,53932000.0,100255000.0,0.24099759615384617,0.67,0.66,150327000,150949000,https://www.sec.gov/Archives/edgar/data/33213/000110465913032980/0001104659-13-032980-index.htm,https://www.sec.gov/Archives/edgar/data/33213/000110465913012699/a12-27781_110k.htm,1620591727,16:22:07,20210509
33,2012-12-31,EQT,USD,2013-02-21,2013-02-21 16:04:04,Q4,490000000,94000000,7374000.0,0.015048979591836735,0.0,0.0,0.0,2124000.0,-143616000.0,338797000,62445000.0,0.0,310333000,0.6336080786137648,150990000.0,0.30814285714285716,3047000.0,90669000.0,0.1850387755102041,34443000.0,48041000.0,0.09804285714285714,0.3207458989577978,0.31852146527432457,149779000,150825000,https://www.sec.gov/Archives/edgar/data/33213/000110465913012699/0001104659-13-012699-index.htm,https://www.sec.gov/Archives/edgar/data/33213/000110465913012699/a12-27781_110k.htm,1620591727,16:22:07,20210509
34,2012-09-30,EQT,USD,2012-10-25,2012-10-25 16:04:27,Q3,364000000,58000000,269040000.0,0.7391208791208791,0.0,0.0,0.0,0.0,183092000.0,278109000,40460000.0,0.0,217372000,0.5970823250205325,85948000.0,0.23612087912087912,2988000.0,48289000.0,0.13266208791208792,11585000.0,31873000.0,0.08756318681318681,0.21304911633378787,0.2119384525361066,149604000,150388000,https://www.sec.gov/Archives/edgar/data/33213/000110465912071186/0001104659-12-071186-index.htm,https://www.sec.gov/Archives/edgar/data/33213/000110465912071186/a12-19851_110q.htm,1620591727,16:22:07,20210509
35,2012-06-30,EQT,USD,2012-07-26,2012-07-26 16:03:32,Q2,338000000,62000000,238863000.0,0.7066952662721894,0.0,0.0,0.0,0.0,157459000.0,256400000,40629000.0,0.0,197085000,0.5834300363524411,81404000.0,0.24084023668639054,5249000.0,46024000.0,0.13616568047337277,14578000.0,31446000.0,0.09303550295857989,0.21022582931101336,0.20943196424884614,149582000,150149000,https://www.sec.gov/Archives/edgar/data/33213/000110465912051449/0001104659-12-051449-index.htm,https://www.sec.gov/Archives/edgar/data/33213/000110465912051449/a12-12799_110q.htm,1620591727,16:22:07,20210509
36,2012-03-31,EQT,USD,2012-04-26,2012-04-26 16:08:08,Q1,450000000,111000000,302653000.0,0.6725622222222222,0.0,0.0,0.0,0.0,150467000.0,297774000,41252000.0,0.0,263033000,0.5845697395324029,152186000.0,0.3381911111111111,4681000.0,116725000.0,0.2593888888888889,44690000.0,72035000.0,0.1600777777777778,0.48185880369780726,0.47954279171326625,149494000,150216000,https://www.sec.gov/Archives/edgar/data/33213/000110465912029053/0001104659-12-029053-index.htm,https://www.sec.gov/Archives/edgar/data/33213/000110465912010579/a11-30993_110k.htm,1620591727,16:22:07,20210509
37,2011-12-31,EQT,USD,2012-02-16,2012-02-16 16:05:57,Q4,437000000,87000000,317077000.0,0.7255766590389016,0.0,0.0,0.0,0.0,144324000.0,325790000,37686000.0,0.0,467351000,0.9374336817486154,172753000.0,0.39531578947368423,6190000.0,141257000.0,0.3232425629290618,50411000.0,90846000.0,0.20788558352402747,0.6079054610180606,0.6079054610180606,149441000,149441000,https://www.sec.gov/Archives/edgar/data/33213/000110465912010579/0001104659-12-010579-index.htm,https://www.sec.gov/Archives/edgar/data/33213/000110465912010579/a11-30993_110k.htm,1620591727,16:22:07,20210509
38,2011-09-30,EQT,USD,2011-10-27,2011-10-27 16:17:21,Q3,363000000,59000000,266929000.0,0.7353415977961433,0.0,0.0,0.0,0.0,132088000.0,201879000,32503000.0,0.0,222184000,0.659847944880019,134841000.0,0.37146280991735536,183241000.0,285579000.0,0.7867190082644628,106665000.0,178914000.0,0.4928760330578512,1.2,1.19,149441000,150301000,https://www.sec.gov/Archives/edgar/data/33213/000110465911058465/0001104659-11-058465-index.htm,https://www.sec.gov/Archives/edgar/data/33213/000110465911058465/a11-24704_110q.htm,1620591727,16:22:07,20210509
39,2011-06-30,EQT,USD,2011-07-28,2011-07-28 16:02:29,Q2,368000000,60000000,275992000.0,0.7499782608695652,0.0,0.0,0.0,0.0,122822000.0,195830000,33287000.0,0.0,235056000,0.673512893982808,153170000.0,0.41622282608695654,18046000.0,137929000.0,0.3748070652173913,50175000.0,87754000.0,0.23846195652173913,0.59,0.58,149444000,150111000,https://www.sec.gov/Archives/edgar/data/33213/000110465911041495/0001104659-11-041495-index.htm,https://www.sec.gov/Archives/edgar/data/33213/000110465911041495/a11-13903_110q.htm,1620591727,16:22:07,20210509
40,2011-03-31,EQT,USD,2011-04-28,2011-04-28 16:49:38,Q1,473000000,131000000,314916000.0,0.665784355179704,0.0,0.0,0.0,0.0,117289000.0,258044000,32852000.0,0.0,278383000,0.6109298155906344,197627000.0,0.41781606765327695,29589000.0,194364000.0,0.41091754756871035,72109000.0,122255000.0,0.2584672304439746,0.8190137401102693,0.8150224663671151,149271000,150002000,https://www.sec.gov/Archives/edgar/data/33213/000110465911023731/0001104659-11-023731-index.htm,https://www.sec.gov/Archives/edgar/data/33213/000110465911009751/a10-24368_110k.htm,1620591727,16:22:07,20210509
41,2010-12-31,EQT,USD,2011-02-24,2011-02-24 16:10:00,Q4,371000000,83000000,246886000.0,0.6654609164420485,0.0,0.0,0.0,0.0,112231000.0,236563000,26082000.0,0.0,213454000,0.5750098324973466,134655000.0,0.36295148247978437,4347000.0,112920000.0,0.304366576819407,39807000.0,73113000.0,0.1970700808625337,0.4902536661905816,0.4902536661905816,149133000,149133000,https://www.sec.gov/Archives/edgar/data/33213/000110465911009751/0001104659-11-009751-index.htm,https://www.sec.gov/Archives/edgar/data/33213/000110465911009751/a10-24368_110k.htm,1620591727,16:22:07,20210509
42,2010-09-30,EQT,USD,2010-10-28,2010-10-28 16:05:38,Q3,257000000,25000000,191063000.0,0.7434357976653696,0.0,0.0,0.0,0.0,102881000.0,169153000,33861000.0,0.0,159376000,0.6193327763421221,88182000.0,0.3431206225680934,2924000.0,57245000.0,0.2227431906614786,20723000.0,36522000.0,0.14210894941634242,0.24489549596668744,0.24384576865297947,149133000,149775000,https://www.sec.gov/Archives/edgar/data/33213/000110465910054336/0001104659-10-054336-index.htm,https://www.sec.gov/Archives/edgar/data/33213/000110465910054336/a10-17272_110q.htm,1620591727,16:22:07,20210509
43,2010-06-30,EQT,USD,2010-07-29,2010-07-29 16:36:00,Q2,258000000,33000000,188162000.0,0.7293100775193798,0.0,0.0,0.0,0.0,109633000.0,178986000,34080000.0,0.0,146166000,0.5676018872687028,78529000.0,0.30437596899224806,2573000.0,47022000.0,0.18225581395348836,17022000.0,30000000.0,0.11627906976744186,0.2032864645095714,0.20230765599606174,147575000,148289000,https://www.sec.gov/Archives/edgar/data/33213/000110465910040530/0001104659-10-040530-index.htm,https://www.sec.gov/Archives/edgar/data/33213/000110465910040530/a10-12608_110q.htm,1620591727,16:22:07,20210509
44,2010-03-31,EQT,USD,2010-04-28,2010-04-28 16:11:02,Q1,437000000,131000000,270204000.0,0.6183157894736843,0.0,0.0,0.0,0.0,101091000.0,267527000,34134000.0,0.0,233519000,0.5348089959692195,169113000.0,0.38698627002288327,3054000.0,138033000.0,0.3158649885583524,49968000.0,88065000.0,0.20152173913043478,0.66,0.65,134084000,135009000,https://www.sec.gov/Archives/edgar/data/33213/000110465910022535/0001104659-10-022535-index.htm,https://www.sec.gov/Archives/edgar/data/33213/000110465910007860/a09-35780_110k.htm,1620591727,16:22:07,20210509
45,2009-12-31,EQT,USD,2010-02-18,2010-02-18 16:12:29,Q4,344000000,85000000,220270000.0,0.6403197674418605,0.0,0.0,0.0,0.0,107061000.0,230818000,33683000.0,0.0,170631000,0.4959814200629602,113209000.0,0.3290959302325581,2104000.0,81630000.0,0.23729651162790696,26248000.0,55382000.0,0.16099418604651164,0.42324799388612916,0.42324799388612916,130850000,130850000,https://www.sec.gov/Archives/edgar/data/33213/000110465910007860/0001104659-10-007860-index.htm,https://www.sec.gov/Archives/edgar/data/33213/000110465910007860/a09-35780_110k.htm,1620591727,16:22:07,20210509
46,2009-09-30,EQT,USD,2009-10-29,2009-10-29 16:33:26,Q3,218000000,29000000,149544000.0,0.6859816513761468,0.0,0.0,0.0,0.0,109612000.0,178425000,32393000.0,0.0,91588000,0.4194415567167528,39932000.0,0.1831743119266055,2461000.0,10000000.0,0.045871559633027525,7091000.0,2909000.0,0.013344036697247706,0.02223156285823462,0.022120831907532033,130850000,131505000,https://www.sec.gov/Archives/edgar/data/33213/000110465909061197/0001104659-09-061197-index.htm,https://www.sec.gov/Archives/edgar/data/33213/000110465909061197/a09-30755_110q.htm,1620591727,16:22:07,20210509
47,2009-06-30,EQT,USD,2009-07-29,2009-07-29 16:17:22,Q2,238000000,49000000,149283000.0,0.6272394957983193,0.0,0.0,0.0,0.0,81769000.0,170526000,26460000.0,0.0,115312000,0.484422786086372,67514000.0,0.28367226890756303,2308000.0,43362000.0,0.18219327731092436,16717000.0,26645000.0,0.11195378151260504,0.2036612397768096,0.20271144146131784,130830000,131443000,https://www.sec.gov/Archives/edgar/data/33213/000110465909045570/0001104659-09-045570-index.htm,https://www.sec.gov/Archives/edgar/data/33213/000110465909045570/a09-14232_110q.htm,1620591727,16:22:07,20210509
48,2009-03-31,EQT,USD,2009-04-30,2009-04-30 16:09:05,Q1,469000000,224000000,260396000.0,0.5552153518123667,0.0,0.0,0.0,0.0,74339000.0,333267000,19243000.0,0.0,181847000,0.38740059181556147,136136000.0,0.2902686567164179,1712000.0,118605000.0,0.25288912579957357,46612000.0,71993000.0,0.15350319829424308,0.5506451588230346,0.5478919330289194,130743000,131400000,https://www.sec.gov/Archives/edgar/data/33213/000110465909027712/0001104659-09-027712-index.htm,https://www.sec.gov/Archives/edgar/data/33213/000110465909010903/a09-1278_110k.htm,1620591727,16:22:07,20210509
49,2008-12-31,EQT,USD,2009-02-20,2009-02-20 08:15:49,Q4,409000000,198000000,384789000.0,0.9408044009779951,0.0,0.0,0.0,0.0,84631000.0,327354000,0.0,0.0,132678000,0.3244928805169268,81524000.0,0.19932518337408314,-6145000.0,57977000.0,0.14175305623471882,24482000.0,33495000.0,0.08189486552567238,0.25658801899800826,0.25658801899800826,130540000,130540000,https://www.sec.gov/Archives/edgar/data/33213/000110465909010903/0001104659-09-010903-index.htm,https://www.sec.gov/Archives/edgar/data/33213/000110465909010903/a09-1278_110k.htm,1620591727,16:22:07,20210509
50,2008-09-30,EQT,USD,2008-10-24,2008-10-24 07:37:23,Q3,298000000,105000000,158796000.0,0.5328724832214765,0.0,0.0,0.0,0.0,-3930000.0,135101000,0.0,34269000.0,196995000,0.6614410379179859,162726000.0,0.5460604026845638,2168000.0,151882000.0,0.5096711409395973,55684000.0,96198000.0,0.32281208053691274,0.74,0.73,130540000,131558000,https://www.sec.gov/Archives/edgar/data/33213/000110465908065559/0001104659-08-065559-index.htm,https://www.sec.gov/Archives/edgar/data/33213/000110465908065559/a08-25775_110q.htm,1620591727,16:22:07,20210509
51,2008-06-30,EQT,USD,2008-08-01,2008-08-01 16:24:30,Q2,334000000,139000000,165838000.0,0.49652095808383234,0.0,0.0,0.0,0.0,64705000.0,232876000,0.0,32051000.0,133184000,0.3987437464259945,101133000.0,0.3027934131736527,3271000.0,90077000.0,0.2696916167664671,34686000.0,55391000.0,0.16584131736526947,0.43876492161941655,0.4350499917531279,126243000,127321000,https://www.sec.gov/Archives/edgar/data/33213/000110465908049282/0001104659-08-049282-index.htm,https://www.sec.gov/Archives/edgar/data/33213/000110465908049282/a08-19145_110q.htm,1620591727,16:22:07,20210509
52,2008-03-31,EQT,USD,2008-05-01,2008-05-01 17:13:44,Q1,536000000,288000000,221929000.0,0.4140466417910448,0.0,0.0,0.0,0.0,102506000.0,416351000,0.0,30765000.0,150188000,0.2803196870322188,119423000.0,0.22280410447761195,4818000.0,110588000.0,0.20632089552238805,40068000.0,70520000.0,0.13156716417910447,0.58,0.57,121891000,122927000,https://www.sec.gov/Archives/edgar/data/33213/000110465908029126/0001104659-08-029126-index.htm,https://www.sec.gov/Archives/edgar/data/33213/000110465908012255/a08-2449_110k.htm,1620591727,16:22:07,20210509
53,2007-12-31,EQT,USD,2008-02-22,2008-02-22 09:19:45,Q4,385000000,183000000,173195000.0,0.44985714285714284,0.0,0.0,0.0,0.0,79263000.0,290882000,0.0,27876000.0,121808000,0.3165373401175633,93932000.0,0.24397922077922077,10745000.0,92612000.0,0.24055064935064935,32015000.0,60597000.0,0.1573948051948052,0.49923381117152743,0.49923381117152743,121380000,121380000,https://www.sec.gov/Archives/edgar/data/33213/000110465908012255/0001104659-08-012255-index.htm,https://www.sec.gov/Archives/edgar/data/33213/000110465908012255/a08-2449_110k.htm,1620591727,16:22:07,20210509
54,2007-09-30,EQT,USD,2007-10-25,2007-10-25 16:30:13,Q3,227000000,85000000,116473000.0,0.5130969162995594,0.0,0.0,0.0,0.0,59105000.0,169438000,0.0,26907000.0,84275000,0.3715730624410289,57368000.0,0.25272246696035244,3627000.0,49438000.0,0.21778854625550662,16513000.0,32925000.0,0.14504405286343613,0.27125556104794857,0.26803594978752504,121380000,122838000,https://www.sec.gov/Archives/edgar/data/33213/000110465907077046/0001104659-07-077046-index.htm,https://www.sec.gov/Archives/edgar/data/33213/000110465907077046/a07-27196_310q.htm,1620591727,16:22:07,20210509
55,2007-06-30,EQT,USD,2007-07-26,2007-07-26 17:01:53,Q2,293000000,133000000,134594000.0,0.4593651877133106,0.0,0.0,0.0,0.0,73075000.0,231721000,0.0,27592000.0,89111000,0.3038841904242259,61519000.0,0.20996245733788396,120067000.0,172103000.0,0.587382252559727,64760000.0,107343000.0,0.366358361774744,0.88,0.87,121356000,122837000,https://www.sec.gov/Archives/edgar/data/33213/000110465907056576/0001104659-07-056576-index.htm,https://www.sec.gov/Archives/edgar/data/33213/000110465907056576/a07-17940_410q.htm,1620591727,16:22:07,20210509
56,2007-03-31,EQT,USD,2007-04-27,2007-04-27 08:22:08,Q1,457000000,236000000,192578000.0,0.4213960612691466,0.0,0.0,0.0,0.0,93724000.0,357692000,0.0,27427000.0,126281000,0.27660082445142437,98854000.0,0.21631072210065647,1151000.0,87725000.0,0.19195842450765865,31107000.0,56618000.0,0.12389059080962801,0.47,0.46,121217000,122757000,https://www.sec.gov/Archives/edgar/data/33213/000110465907032139/0001104659-07-032139-index.htm,https://www.sec.gov/Archives/edgar/data/33213/000110465907013316/a07-5127_110k.htm,1620591727,16:22:07,20210509
57,2006-12-31,EQT,USD,2007-02-23,2007-02-23 08:47:45,Q4,354000000,152000000,170863000.0,0.4826638418079096,0.0,0.0,0.0,0.0,61251000.0,244171000,0.0,25959000.0,135571000,0.3832038283354486,109612000.0,0.30963841807909603,140000.0,97942000.0,0.27667231638418077,29980000.0,72223000.0,0.20401977401129945,0.6009969044369736,0.6009969044369736,120172000,120172000,https://www.sec.gov/Archives/edgar/data/33213/000110465907013316/0001104659-07-013316-index.htm,https://www.sec.gov/Archives/edgar/data/33213/000110465907013316/a07-5127_110k.htm,1620591727,16:22:07,20210509
58,2006-09-30,EQT,USD,2006-10-26,2006-10-26 16:10:54,Q3,233000000,88000000,119188000.0,0.5115364806866953,0.0,0.0,0.0,0.0,58053000.0,171666000,0.0,25149000.0,86284000,0.37063414676053796,61135000.0,0.26238197424892706,70000.0,48915000.0,0.20993562231759658,17120000.0,31795000.0,0.13645922746781117,0.2645791032852911,0.26039491249191254,120172000,122103000,https://www.sec.gov/Archives/edgar/data/33213/000110465906068896/0001104659-06-068896-index.htm,https://www.sec.gov/Archives/edgar/data/33213/000110465906068896/a06-21869_110q.htm,1620591727,16:22:07,20210509
59,2006-06-30,EQT,USD,2006-07-27,2006-07-27 17:27:54,Q2,251000000,102000000,124058000.0,0.49425498007968127,0.0,0.0,0.0,0.0,52847000.0,179996000,0.0,24797000.0,96008000,0.3821868021193677,71211000.0,0.28370916334661356,5692000.0,64000000.0,0.2549800796812749,20091000.0,43909000.0,0.17493625498007967,0.37,0.36,120128000,122044000,https://www.sec.gov/Archives/edgar/data/33213/000110465906049365/0001104659-06-049365-index.htm,https://www.sec.gov/Archives/edgar/data/33213/000110465906049365/a06-15553_110q.htm,1620591727,16:22:07,20210509
60,2006-03-31,EQT,USD,2006-04-27,2006-04-27 16:55:21,Q1,430000000,225000000,181579000.0,0.4222767441860465,0.0,0.0,0.0,0.0,53922000.0,302462000,0.0,24217000.0,151874000,0.35309763112068987,127657000.0,0.29687674418604654,174000.0,114874000.0,0.2671488372093023,42515000.0,72359000.0,0.16827674418604652,0.61,0.59,119579000,121789000,https://www.sec.gov/Archives/edgar/data/33213/000110465906028419/0001104659-06-028419-index.htm,https://www.sec.gov/Archives/edgar/data/33213/000110465906011976/a06-1876_110k.htm,1620591727,16:22:07,20210509
61,2005-12-31,EQT,USD,2006-02-24,2006-02-24 17:38:14,Q4,393000000,197000000,142969000.0,0.3637888040712468,0.0,0.0,0.0,0.0,44382000.0,181811000,0.0,23207000.0,121794000,0.43436115806817455,98587000.0,0.25085750636132315,20989000.0,113393000.0,0.2885318066157761,42035000.0,72839000.0,0.1853409669211196,0.6010760762825855,0.6010760762825855,121181000,121181000,https://www.sec.gov/Archives/edgar/data/33213/000110465906011976/0001104659-06-011976-index.htm,https://www.sec.gov/Archives/edgar/data/33213/000110465906011976/a06-1876_110k.htm,1620591727,16:22:07,20210509
62,2005-09-30,EQT,USD,2005-10-27,2005-10-27 17:19:13,Q3,229000000,81000000,134496000.0,0.5873187772925764,0.0,0.0,0.0,0.0,76522000.0,206554000,0.0,23505000.0,81479000,0.3080165426722313,57974000.0,0.25316157205240175,21163000.0,67062000.0,0.29284716157205243,20571000.0,46491000.0,0.2030174672489083,0.383649251945437,0.376213827927753,121181000,123576000,https://www.sec.gov/Archives/edgar/data/33213/000110465905050689/0001104659-05-050689-index.htm,https://www.sec.gov/Archives/edgar/data/33213/000110465905050689/a05-18463_110q.htm,1620591727,16:22:07,20210509
63,2005-06-30,EQT,USD,2005-07-28,2005-07-28 15:59:30,Q2,230000000,91000000,123777000.0,0.5381608695652174,0.0,0.0,0.0,0.0,60111000.0,205365000,0.0,23376000.0,87042000,0.32353892302374077,63666000.0,0.2768086956521739,53048000.0,112255000.0,0.4880652173913044,47936000.0,64319000.0,0.27964782608695654,0.53,0.52,121472000,123990000,https://www.sec.gov/Archives/edgar/data/33213/000110465905034752/0001104659-05-034752-index.htm,https://www.sec.gov/Archives/edgar/data/33213/000110465905034752/a05-13597_210q.htm,1620591727,16:22:07,20210509
64,2005-03-31,EQT,USD,2005-04-28,2005-04-28 15:48:35,Q1,401000000,203000000,184461000.0,0.46000249376558605,0.0,0.0,0.0,0.0,53560000.0,308866000,0.0,23439000.0,154340000,0.35095857579127127,130901000.0,0.3264364089775561,2405000.0,118902000.0,0.2965137157107232,42496000.0,76406000.0,0.19053865336658354,0.63,0.615,121424000,124350000,https://www.sec.gov/Archives/edgar/data/33213/000110465905018829/0001104659-05-018829-index.htm,https://www.sec.gov/Archives/edgar/data/33213/000110465905008241/a05-4033_110k.htm,1620591727,16:22:07,20210509
65,2004-12-31,EQT,USD,2005-02-25,2005-02-25 08:50:05,Q4,344695000,203445000,141250000.0,0.4097825613948563,0.0,0.0,0.0,0.0,67810000.0,271255000,0.0,19552000.0,92992000,0.2697805306140211,73440000.0,0.21305792077053626,42707000.0,62460000.0,0.1812036728121963,19186000.0,43274000.0,0.12554287123398947,0.35228512349598656,0.35228512349598656,122838000,122838000,https://www.sec.gov/Archives/edgar/data/33213/000110465905008241/0001104659-05-008241-index.htm,https://www.sec.gov/Archives/edgar/data/33213/000110465905008241/a05-4033_110k.htm,1620591727,16:22:07,20210509
66,2004-09-30,EQT,USD,2004-11-09,2004-11-09 12:52:56,Q3,205847000,95334000,110513000.0,0.5368696167541912,0.0,0.0,0.0,0.0,45986000.0,141320000,0.0,21809000.0,86336000,0.4194183058290867,64527000.0,0.3134706845375449,1834000.0,54065000.0,0.2626465287325052,18382000.0,35683000.0,0.17334719476115756,0.29,0.285,122838000,125660000,https://www.sec.gov/Archives/edgar/data/33213/000110465904034585/0001104659-04-034585-index.htm,https://www.sec.gov/Archives/edgar/data/33213/000110465904034585/a04-12767_110q.htm,1620591727,16:22:07,20210509
67,2004-06-30,EQT,USD,2004-08-06,2004-08-06 13:44:13,Q2,240640000,125242000,115398000.0,0.479546210106383,0.0,0.0,0.0,0.0,68241000.0,193483000,0.0,21610000.0,68767000,0.2857671210106383,47157000.0,0.19596492686170214,104452000.0,198224000.0,0.8237367021276596,67397000.0,130827000.0,0.543662732712766,1.055,1.03,124038000,126760000,https://www.sec.gov/Archives/edgar/data/33213/000110465904022934/0001104659-04-022934-index.htm,https://www.sec.gov/Archives/edgar/data/33213/000110465904022934/a04-8798_110q.htm,1620591727,16:22:07,20210509
68,2004-03-31,EQT,USD,2004-05-06,2004-05-06 14:52:56,Q1,400427000,226381000,174046000.0,0.4346510100467751,0.0,0.0,0.0,0.0,54519000.0,280900000,0.0,21767000.0,141294000,0.3528583237394082,119527000.0,0.298498852474983,901000.0,107799000.0,0.26921011819882273,37729000.0,70070000.0,0.1749882000963971,0.565,0.55,124512000,127062000,https://www.sec.gov/Archives/edgar/data/33213/000110465904012929/0001104659-04-012929-index.htm,https://www.sec.gov/Archives/edgar/data/33213/000110465904006053/a04-2703_110k.htm,1620591727,16:22:07,20210509
69,2003-12-31,EQT,USD,2004-03-01,2004-03-01 15:11:13,Q4,300944000,160707000,140237000.0,0.46599035036418734,0.0,0.0,0.0,0.0,58334000.0,219041000,0.0,22184000.0,104087000,0.34586833430804403,81903000.0,0.272153623265458,-8037000.0,73352000.0,0.24373969908022755,23881000.0,49471000.0,0.164386065181562,0.3986189225339629,0.3986189225339629,124106000,124106000,https://www.sec.gov/Archives/edgar/data/33213/000110465904006053/0001104659-04-006053-index.htm,https://www.sec.gov/Archives/edgar/data/33213/000110465904006053/a04-2703_110k.htm,1620591727,16:22:07,20210509
70,2003-09-30,EQT,USD,2003-11-06,2003-11-06 08:35:41,Q3,185515000,84367000,101148000.0,0.5452281486672237,0.0,0.0,0.0,0.0,46971000.0,131338000,0.0,19656000.0,73833000,0.39798938091259467,54177000.0,0.2920356844460017,203000.0,42748000.0,0.23042880629598686,14536000.0,28212000.0,0.15207395628385845,0.22732180555331732,0.22271693823417962,124106000,126672000,https://www.sec.gov/Archives/edgar/data/33213/000110465903024874/0001104659-03-024874-index.htm,https://www.sec.gov/Archives/edgar/data/33213/000110465903024874/a03-4773_110q.htm,1620591727,16:22:07,20210509
71,2003-06-30,EQT,USD,2003-08-14,2003-08-13 21:38:09,Q2,218496000,113651000,104845000.0,0.4798486013473931,0.0,0.0,0.0,0.0,48028000.0,161679000,0.0,19225000.0,76042000,0.3480246777973052,56817000.0,0.2600367970123023,1519000.0,47554000.0,0.2176424282366725,16159000.0,31395000.0,0.1436868409490334,0.255,0.25,124116000,126840000,https://www.sec.gov/Archives/edgar/data/33213/000110465903018318/0001104659-03-018318-index.htm,https://www.sec.gov/Archives/edgar/data/33213/000110465903018318/a03-1155_110q.htm,1620591727,16:22:07,20210509
72,2003-03-31,EQT,USD,2003-05-08,2003-05-08 09:29:28,Q1,342322000,181987000,160335000.0,0.4683748050081502,0.0,0.0,0.0,0.0,51015000.0,233002000,0.0,18753000.0,128073000,0.37413020489480664,109320000.0,0.3193484497052483,-4433000.0,91695000.0,0.26786183768498667,27216000.0,60923000.0,0.17796986463037726,0.49,0.48,124126000,126666000,https://www.sec.gov/Archives/edgar/data/33213/000110465903008533/0001104659-03-008533-index.htm,https://www.sec.gov/Archives/edgar/data/33213/000104746903007529/a2104348z10-k.htm,1620591727,16:22:07,20210509
73,2002-12-31,EQT,USD,2003-03-05,2003-03-05,Q4,483362000,350043000,133319000.0,0.27581605504776957,0.0,0.0,0.0,0.0,54874000.0,404917000,0.0,18297000.0,96742000,0.20014399145981687,78445000.0,0.1622903745019261,-3630000.0,64210000.0,0.13284039705231276,21831000.0,42379000.0,0.0876754895916518,0.6724370467924409,0.6724370467924409,63023000,63023000,https://www.sec.gov/Archives/edgar/data/33213/000104746903007695/0001047469-03-007695-index.htm,https://www.sec.gov/Archives/edgar/data/33213/000104746903007695/a2104974z10-ka.htm,1620591727,16:22:07,20210509
74,2002-10-31,EQT,USD,2003-03-03,2002-11-06 16:54:45,Q4,159444000,323918000,-164474000.0,-1.0315471262637665,0.0,36577000.0,0.0,44422000.0,80999000.0,404917000,-38787000.0,18297000.0,96742000,0.6067459421489677,78445000.0,0.4919909184415845,0.0,64210000.0,0.40271192393567645,0.0,42379000.0,0.2657923785153408,0.67244,0.67244,63023000,63023000,https://www.sec.gov/Archives/edgar/data/33213/000104746903007529/0001047469-03-007529-index.htm,https://www.sec.gov/Archives/edgar/data/33213/000104746903007529/a2104348z10-k.htm,1620591727,16:22:07,20210509
75,2002-09-30,EQT,USD,2002-11-06,2002-11-06 16:54:45,Q3,162571000,69783000,92788000.0,0.57075370145967,0.0,24300000.0,0.0,0.0,41913000.0,111696000,0.0,17613000.0,68488000,0.4212805481912518,50875000.0,0.3129401922852169,-727000.0,40804000.0,0.2509918743195281,14118000.0,26686000.0,0.16414981761814837,0.215,0.21,124652000,127336000,https://www.sec.gov/Archives/edgar/data/33213/000110465902005276/0001104659-02-005276-index.htm,https://www.sec.gov/Archives/edgar/data/33213/000110465902005276/j5352_10q.htm,1620591727,16:22:07,20210509
76,2002-06-30,EQT,USD,2002-08-08,2002-08-08 12:01:13,Q2,268638000,169423000,99215000.0,0.3693260074896329,0.0,23091000.0,0.0,0.0,39862000.0,209285000,0.0,16771000.0,76124000,0.2833701859007289,59353000.0,0.22094044774008145,-12782000.0,42632000.0,0.15869683365718923,13443000.0,38189000.0,0.14215784810786264,0.3,0.295,126560000,129998000,https://www.sec.gov/Archives/edgar/data/33213/000110465902003258/0001104659-02-003258-index.htm,https://www.sec.gov/Archives/edgar/data/33213/000110465902003258/j4612_10q.htm,1620591727,16:22:07,20210509
77,2002-03-31,EQT,USD,2002-05-08 00:00:00,2002-05-08 15:21:00,Q1,344057000,207215000,136842000.0,0.39773060859101833,0.0,25857000.0,0.0,0.0,42624000.0,249839000,0.0,16767000.0,110985000,0.32257736363451406,94218000.0,0.27384415954333147,-4067000.0,80572000.0,0.2341821267987572,28200000.0,52372000.0,0.1522189637182211,0.41,0.4,127132000,130126000,https://www.sec.gov/Archives/edgar/data/33213/000091205702019088/0000912057-02-019088-index.html,https://www.sec.gov/Archives/edgar/data/33213/000091205702019088/a2079143z10-q.txt,1620591727,16:22:07,20210509
78,2001-12-31,EQT,USD,2002-03-19 00:00:00,2002-03-19 00:00:00,Q4,324022000,210918000,113104000.0,0.34906271796359506,0.0,38926000.0,0.0,0.0,59519000.0,270437000,0.0,22404000.0,75989000,0.23451802655375253,53585000.0,0.16537457333144046,-268000.0,43219000.0,0.13338291844380937,18914000.0,24305000.0,0.07501033880415528,0.1901442608586807,0.1901442608586807,127824000,127824000,https://www.sec.gov/Archives/edgar/data/33213/000091205702010471/0000912057-02-010471-index.html,https://www.sec.gov/Archives/edgar/data/33213/000091205702010471/a2073488z10-k.htm,1620591727,16:22:07,20210509
79,2001-09-30,EQT,USD,2001-11-09 00:00:00,2001-11-09 00:00:00,Q3,243768000,158217000,85551000.0,0.3509525450428276,0.0,25554000.0,0.0,0.0,43654000.0,201871000,0.0,18100000.0,59997000,0.24612336319779463,41897000.0,0.17187243608677102,6599000.0,38308000.0,0.1571494207607233,13508000.0,24800000.0,0.1017360769256014,0.195,0.19,127824000,131124000,https://www.sec.gov/Archives/edgar/data/33213/000095012801500662/0000950128-01-500662-index.html,https://www.sec.gov/Archives/edgar/data/33213/000095012801500662/j9125501e10-q.txt,1620591727,16:22:07,20210509
80,2001-06-30,EQT,USD,2001-08-10 00:00:00,2001-08-10 00:00:00,Q2,345544000,246962000,98582000.0,0.28529507096057233,0.0,30405000.0,0.0,0.0,47809000.0,294771000,0.0,17404000.0,68177000,0.1973033824925335,50773000.0,0.1469364248836617,6839000.0,48267000.0,0.13968409232977566,16830000.0,31437000.0,0.09097828351816266,0.245,0.235,129272000,133354000,https://www.sec.gov/Archives/edgar/data/33213/000095012801500413/0000950128-01-500413-index.html,https://www.sec.gov/Archives/edgar/data/33213/000095012801500413/j8981801e10-q.txt,1620591727,16:22:07,20210509
81,2001-03-31,EQT,USD,2001-05-09 00:00:00,2001-05-09 00:00:00,Q1,851157000,695893000,155264000.0,0.1824152300926856,0.0,29858000.0,0.0,0.0,46991000.0,742884000,0.0,17133000.0,125406000,0.1473359204001142,108273000.0,0.1272068490302024,12931000.0,109737000.0,0.12892686073192136,38471000.0,71266000.0,0.08372838383517964,0.55,0.5375,129660000,132876000,https://www.sec.gov/Archives/edgar/data/33213/000095012801500051/0000950128-01-500051-index.html,https://www.sec.gov/Archives/edgar/data/33213/000095012801500051/j8824001e10-q.txt,1620591727,16:22:07,20210509
82,2000-12-31,EQT,USD,2001-03-15 00:00:00,2001-03-15 00:00:00,Q4,590522000,483581000,106941000.0,0.18109570854261145,0.0,41727000.0,0.0,0.0,61752000.0,545333000,0.0,20025000.0,65214000,0.11043449693660863,45189000.0,0.07652382129708969,23587000.0,49325000.0,0.08352779405339683,17621000.0,31704000.0,0.05368809290763087,0.244109766238566,0.244109766238566,129876000,129876000,https://www.sec.gov/Archives/edgar/data/33213/000095012801000488/0000950128-01-000488-index.html,https://www.sec.gov/Archives/edgar/data/33213/000095012801000488/j8699301e10-k.txt,1620591727,16:22:07,20210509
83,2000-09-30,EQT,USD,2000-11-13 00:00:00,2000-11-13 00:00:00,Q3,344161000,256212000,87949000.0,0.25554609615848395,0.0,24290000.0,0.0,0.0,45323000.0,301535000,0.0,21033000.0,63659000,0.18496866292229508,42626000.0,0.12385482375981009,5711000.0,27161000.0,0.07891945920659227,8020000.0,19141000.0,0.05561641208620384,0.1475,0.145,129876000,132600000,https://www.sec.gov/Archives/edgar/data/33213/000095012800001324/0000950128-00-001324-index.html,https://www.sec.gov/Archives/edgar/data/33213/000095012800001324/j8472901e10-q.txt,1620591727,16:22:07,20210509
84,2000-06-30,EQT,USD,2000-08-11 00:00:00,2000-08-11 00:00:00,Q2,338436000,237315000,101121000.0,0.2987891359075276,0.0,23515000.0,0.0,0.0,50450000.0,287765000,0.0,26935000.0,77606000,0.22930775685801746,50671000.0,0.1497210698625442,-5961000.0,25471000.0,0.07526090605018379,9246000.0,16225000.0,0.04794111737522013,0.125,0.1225,130548000,132608000,https://www.sec.gov/Archives/edgar/data/33213/000095012800001071/0000950128-00-001071-index.html,https://www.sec.gov/Archives/edgar/data/33213/000095012800001071/e10-q.txt,1620591727,16:22:07,20210509
85,2000-03-31,EQT,USD,2000-05-12 00:00:00,2000-05-12 00:00:00,Q1,379099000,247049000,132050000.0,0.34832589903956485,0.0,26518000.0,0.0,0.0,56302000.0,303351000,0.0,29784000.0,105532000,0.2783758332256218,75748000.0,0.19981060356265778,1434000.0,61387000.0,0.1619286782608237,22284000.0,39103000.0,0.10314719901661572,0.3,0.295,130640000,132440000,https://www.sec.gov/Archives/edgar/data/33213/000095012800000795/0000950128-00-000795-index.html,https://www.sec.gov/Archives/edgar/data/33213/0000950128-00-000795.txt,1620591727,16:22:07,20210509
86,1999-12-31,EQT,USD,1999-12-31,1999-12-31,Q4,261400000,143600000,117800000.0,0.4506503442999235,0.0,22500000.0,0.0,0.0,68900000.0,212500000,0.0,46400000.0,95300000,0.36457536342769703,48900000.0,0.18706962509563888,600000.0,39100000.0,0.14957918898240244,12700000.0,26400000.0,0.1009946442234124,0.19684210534949215,0.19684210534949215,134117647,134117647,,,1620591727,16:22:07,20210509
87,1999-09-30,EQT,USD,1999-11-12 00:00:00,1999-11-12 00:00:00,Q3,191600000,125400000,66200000.0,0.3455114822546973,0.0,24800000.0,0.0,0.0,48900000.0,174300000,0.0,24100000.0,41400000,0.2160751565762004,17300000.0,0.09029227557411273,1100000.0,9800000.0,0.0511482254697286,4100000.0,5700000.0,0.029749478079331943,0.0425,0.0425,134117647,134117647,https://www.sec.gov/Archives/edgar/data/33213/000003321399000016/0000033213-99-000016-index.html,https://www.sec.gov/Archives/edgar/data/33213/0000033213-99-000016.txt,1620591727,16:22:07,20210509
88,1999-06-30,EQT,USD,1999-08-16 00:00:00,1999-08-16 00:00:00,Q2,189600000,113400000,76200000.0,0.40189873417721517,0.0,24300000.0,0.0,0.0,55800000.0,169200000,0.0,31500000.0,51900000,0.2737341772151899,20400000.0,0.10759493670886076,600000.0,11900000.0,0.06276371308016877,4700000.0,7200000.0,0.0379746835443038,0.0525,0.0525,137142857,137142857,https://www.sec.gov/Archives/edgar/data/33213/000003321399000014/0000033213-99-000014-index.html,https://www.sec.gov/Archives/edgar/data/33213/0000033213-99-000014.txt,1620591727,16:22:07,20210509
89,1999-03-31,EQT,USD,1999-05-14 00:00:00,1999-05-14 00:00:00,Q1,420100000,321400000,98700000.0,0.23494406093787193,0.0,20500000.0,0.0,0.0,42300000.0,363700000,0.0,21800000.0,78200000,0.1861461556772197,56400000.0,0.13425374910735538,700000.0,47600000.0,0.113306355629612,17900000.0,29700000.0,0.07069745298738396,0.21,0.21,141428571,141428571,https://www.sec.gov/Archives/edgar/data/33213/000003321399000005/0000033213-99-000005-index.html,https://www.sec.gov/Archives/edgar/data/33213/0000033213-99-000005.txt,1620591727,16:22:07,20210509
90,1998-12-31,EQT,USD,1998-12-31,1998-12-31,Q4,254900000,141900000,113000000.0,0.44331110239309535,0.0,0.0,0.0,0.0,116900000.0,258800000,0.0,28400000.0,24500000,0.09611612397018439,-3900000.0,-0.015300117693213025,-160900000.0,-95500000.0,-0.3746567281286779,-39400000.0,-68600000.0,-0.2691251471165163,-0.51450000128625,-0.51450000128625,133333333,133333333,,,1620591727,16:22:07,20210509
91,1998-09-30,EQT,USD,1998-11-13 00:00:00,1998-11-13 00:00:00,Q3,159300000,119500000,39800000.0,0.24984306340238543,0.0,0.0,0.0,0.0,26300000.0,145800000,0.0,21700000.0,35200000,0.22096672944130571,13500000.0,0.0847457627118644,600000.0,4300000.0,0.02699309478970496,2300000.0,2000000.0,0.012554927809165096,0.015,0.015,133333333,133333333,https://www.sec.gov/Archives/edgar/data/33213/000003321398000026/0000033213-98-000026-index.html,https://www.sec.gov/Archives/edgar/data/33213/0000033213-98-000026.txt,1620591727,16:22:07,20210509
92,1998-06-30,EQT,USD,1998-08-14 00:00:00,1998-08-14 00:00:00,Q2,182100000,144400000,37700000.0,0.2070291048874245,0.0,0.0,0.0,0.0,24300000.0,168700000,0.0,19700000.0,33100000,0.18176825919824272,13400000.0,0.07358594179022515,400000.0,3500000.0,0.019220208676551345,1200000.0,2300000.0,0.012630422844590884,0.015,0.015,153333333,153333333,https://www.sec.gov/Archives/edgar/data/33213/000003321398000020/0000033213-98-000020-index.html,https://www.sec.gov/Archives/edgar/data/33213/0000033213-98-000020.txt,1620591727,16:22:07,20210509
93,1998-03-31,EQT,USD,1998-05-15 00:00:00,1998-05-15 00:00:00,Q1,299400000,219200000,80200000.0,0.2678690714762859,0.0,0.0,0.0,0.0,31400000.0,250600000,0.0,19700000.0,68500000,0.22879091516366065,48800000.0,0.1629926519706079,-100000.0,38200000.0,0.12758851035404142,13500000.0,20100000.0,0.06713426853707415,0.135,0.135,148888889,148888889,https://www.sec.gov/Archives/edgar/data/33213/000003321398000010/0000033213-98-000010-index.html,https://www.sec.gov/Archives/edgar/data/33213/0000033213-98-000010.txt,1620591727,16:22:07,20210509
94,1997-12-31,EQT,USD,1998-03-23 00:00:00,1998-03-23 00:00:00,Q4,689600000,595200000,94400000.0,0.1368909512761021,0.0,0.0,0.0,0.0,39300000.0,634500000,0.0,31200000.0,86300000,0.12514501160092809,55100000.0,0.07990139211136892,26600000.0,69900000.0,0.10136310904872389,27300000.0,42600000.0,0.06177494199535963,0.29444117660048874,0.29444117660048874,144680851,144680851,https://www.sec.gov/Archives/edgar/data/33213/000003321398000006/0000033213-98-000006-index.html,https://www.sec.gov/Archives/edgar/data/33213/0000033213-98-000006.txt,1620591727,16:22:07,20210509
95,1997-09-30,EQT,USD,1997-11-14 00:00:00,1997-11-14 00:00:00,Q3,508100000,456900000,51200000.0,0.10076756543987404,0.0,0.0,0.0,0.0,30400000.0,487300000,0.0,23600000.0,44400000,0.08738437315489077,20800000.0,0.040936823459948826,6000000.0,25900000.0,0.05097421767368628,8900000.0,17000000.0,0.033457980712458174,0.1175,0.1175,144680851,144680851,https://www.sec.gov/Archives/edgar/data/33213/000003321397000028/0000033213-97-000028-index.html,https://www.sec.gov/Archives/edgar/data/33213/0000033213-97-000028.txt,1620591727,16:22:07,20210509
96,1997-06-30,EQT,USD,1997-08-14 00:00:00,1997-08-14 00:00:00,Q2,400800000,364000000,36800000.0,0.09181636726546906,0.0,0.0,0.0,0.0,29700000.0,393700000,0.0,20300000.0,27400000,0.06836327345309381,7100000.0,0.017714570858283433,-24300000.0,-15400000.0,-0.03842315369261477,-6100000.0,-9300000.0,-0.023203592814371257,-0.065,-0.065,143076923,143076923,https://www.sec.gov/Archives/edgar/data/33213/000003321397000025/0000033213-97-000025-index.html,https://www.sec.gov/Archives/edgar/data/33213/0000033213-97-000025.txt,1620591727,16:22:07,20210509
97,1997-03-31,EQT,USD,1997-05-12 00:00:00,1997-05-12 00:00:00,Q1,552600000,465200000,87400000.0,0.15816141874773795,0.0,0.0,0.0,0.0,34000000.0,499200000,0.0,20000000.0,73400000,0.1328266377126312,53400000.0,0.09663409337676439,1700000.0,43800000.0,0.07926167209554831,16000000.0,27800000.0,0.05030763662685487,0.195,0.195,142564103,142564103,https://www.sec.gov/Archives/edgar/data/33213/000003321397000012/0000033213-97-000012-index.html,https://www.sec.gov/Archives/edgar/data/33213/0000033213-97-000012.txt,1620591727,16:22:07,20210509
98,1996-12-31,EQT,USD,1997-03-24 00:00:00,1997-03-24 00:00:00,Q4,472700000,395700000,77000000.0,0.16289401311614132,0.0,0.0,0.0,0.0,30600000.0,426300000,0.0,19900000.0,66300000,0.1402580918129892,46400000.0,0.09815950920245399,-1100000.0,34300000.0,0.0725618785699175,10900000.0,23400000.0,0.04950285593399619,0.1581081081081081,0.1581081081081081,148000000,148000000,https://www.sec.gov/Archives/edgar/data/33213/000003321397000004/0000033213-97-000004-index.html,https://www.sec.gov/Archives/edgar/data/33213/0000033213-97-000004.txt,1620591727,16:22:07,20210509
99,1996-09-30,EQT,USD,1996-11-14 00:00:00,1996-11-14 00:00:00,Q3,357000000,325100000,31900000.0,0.08935574229691877,0.0,0.0,0.0,0.0,28000000.0,353100000,0.0,20800000.0,24700000,0.06918767507002802,3900000.0,0.010924369747899159,-800000.0,-7200000.0,-0.020168067226890758,-3500000.0,-3700000.0,-0.010364145658263305,-0.025,-0.025,148000000,148000000,https://www.sec.gov/Archives/edgar/data/33213/000003321396000013/0000033213-96-000013-index.html,https://www.sec.gov/Archives/edgar/data/33213/0000033213-96-000013.txt,1620591727,16:22:07,20210509
100,1996-06-30,EQT,USD,1996-08-14 00:00:00,1996-08-14 00:00:00,Q2,391800000,353700000,38100000.0,0.09724349157733538,0.0,0.0,0.0,0.0,29200000.0,382900000,0.0,20100000.0,29000000,0.07401735579377233,8900000.0,0.02271567126084737,2700000.0,1700000.0,0.004338948443083206,800000.0,900000.0,0.002297090352220521,0.0075,0.0075,120000000,120000000,https://www.sec.gov/Archives/edgar/data/33213/000003321396000012/0000033213-96-000012-index.html,https://www.sec.gov/Archives/edgar/data/33213/0000033213-96-000012.txt,1620591727,16:22:07,20210509
101,1996-03-31,EQT,USD,1996-05-14 00:00:00,1996-05-14 00:00:00,Q1,640300000,534100000,106200000.0,0.16585975324066843,0.0,0.0,0.0,0.0,36900000.0,571000000,0.0,21600000.0,90900000,0.1419647040449789,69300000.0,0.10823051694518195,2200000.0,61100000.0,0.0954240199906294,22400000.0,38700000.0,0.0604404185538029,0.2775,0.275,139459459,140727273,https://www.sec.gov/Archives/edgar/data/33213/000003321396000008/0000033213-96-000008-index.html,https://www.sec.gov/Archives/edgar/data/33213/0000033213-96-000008.txt,1620591727,16:22:07,20210509
102,1995-12-31,EQT,USD,1996-03-26 00:00:00,1996-03-26 00:00:00,Q4,433800000,324700000,109100000.0,0.25149838635315813,0.0,0.0,0.0,0.0,33800000.0,358500000,0.0,20400000.0,95700000,0.2206085753803596,75300000.0,0.173582295988935,-240200000.0,-55800000.0,-0.12863070539419086,-29000000.0,-26800000.0,-0.06177962194559705,-0.19705882352941176,-0.19705882352941176,136000000,136000000,https://www.sec.gov/Archives/edgar/data/33213/000003321396000004/0000033213-96-000004-index.html,https://www.sec.gov/Archives/edgar/data/33213/0000033213-96-000004.txt,1620591727,16:22:07,20210509
103,1995-09-30,EQT,USD,1995-11-14 00:00:00,1995-11-14 00:00:00,Q3,271000000,223400000,47600000.0,0.17564575645756458,0.0,0.0,0.0,0.0,33100000.0,256500000,0.0,26800000.0,41300000,0.15239852398523984,14500000.0,0.05350553505535055,-1400000.0,400000.0,0.0014760147601476014,-1300000.0,1700000.0,0.006273062730627306,0.0125,0.0125,136000000,136000000,https://www.sec.gov/Archives/edgar/data/33213/000003321395000012/0000033213-95-000012-index.html,https://www.sec.gov/Archives/edgar/data/33213/0000033213-95-000012.txt,1620591727,16:22:07,20210509
104,1995-06-30,EQT,USD,1995-08-11 00:00:00,1995-08-11 00:00:00,Q2,316500000,274500000,42000000.0,0.13270142180094788,0.0,0.0,0.0,0.0,36900000.0,311400000,0.0,28800000.0,33900000,0.10710900473933649,5100000.0,0.016113744075829384,400000.0,-7200000.0,-0.022748815165876776,-6000000.0,-1200000.0,-0.0037914691943127963,-0.0075,-0.0075,160000000,160000000,https://www.sec.gov/Archives/edgar/data/33213/000003321395000004/0000033213-95-000004-index.html,https://www.sec.gov/Archives/edgar/data/33213/0000033213-95-000004.txt,1620591727,16:22:07,20210509
105,1995-03-31,EQT,USD,1995-05-12 00:00:00,1995-05-12 00:00:00,Q1,404700000,313900000,90800000.0,0.22436372621695083,0.0,0.0,0.0,0.0,42500000.0,356400000,0.0,28600000.0,76900000,0.19001729676303436,48300000.0,0.11934766493699037,-600000.0,34900000.0,0.08623671855695576,7100000.0,27800000.0,0.06869285890783296,0.2,0.2,139000000,139000000,https://www.sec.gov/Archives/edgar/data/33213/000003321395000003/0000033213-95-000003-index.html,https://www.sec.gov/Archives/edgar/data/33213/0000033213-95-000003.txt,1620591727,16:22:07,20210509
106,1994-12-31,EQT,USD,1995-03-22 00:00:00,1995-03-22 00:00:00,Q4,343900000,282000000,61900000.0,0.1799941843559174,0.0,0.0,0.0,0.0,35400000.0,317400000,0.0,24700000.0,51200000,0.14888048851410293,26500000.0,0.07705728409421343,1900000.0,16600000.0,0.04826984588543181,700000.0,15900000.0,0.04623437045652806,0.11593750012076823,0.11593750012076823,137142857,137142857,https://www.sec.gov/Archives/edgar/data/33213/000003321395000002/0000033213-95-000002-index.html,https://www.sec.gov/Archives/edgar/data/33213/0000033213-95-000002.txt,1620591727,16:22:07,20210509
107,1994-09-30,EQT,USD,1994-11-10 00:00:00,1994-11-10 00:00:00,Q3,297700000,255400000,42300000.0,0.1420893516963386,0.0,0.0,0.0,0.0,29500000.0,284900000,0.0,23300000.0,36100000,0.121263016459523,12800000.0,0.04299630500503863,800000.0,2300000.0,0.007725898555592879,-100000.0,2400000.0,0.008061807188444743,0.0175,0.0175,137142857,137142857,https://www.sec.gov/Archives/edgar/data/33213/000003321394000014/0000033213-94-000014-index.html,https://www.sec.gov/Archives/edgar/data/33213/0000033213-94-000014.txt,1620591727,16:22:07,20210509
108,1994-06-30,EQT,USD,1994-08-12 00:00:00,1994-08-12 00:00:00,Q2,316100000,274300000,41800000.0,0.1322366339765897,0.0,0.0,0.0,0.0,31700000.0,306000000,0.0,22400000.0,32500000,0.10281556469471687,10100000.0,0.03195191395128124,200000.0,-700000.0,-0.002214489085732363,-6800000.0,6100000.0,0.019297690604239165,0.045,0.045,135555556,135555556,https://www.sec.gov/Archives/edgar/data/33213/000003321394000010/0000033213-94-000010-index.html,https://www.sec.gov/Archives/edgar/data/33213/0000033213-94-000010.txt,1620591727,16:22:07,20210509
109,1994-03-31,EQT,USD,1994-05-13 00:00:00,1994-05-13 00:00:00,Q1,439500000,339600000,99900000.0,0.2273037542662116,0.0,0.0,0.0,0.0,38900000.0,378500000,0.0,22900000.0,83900000,0.19089874857792946,61000000.0,0.13879408418657566,300000.0,51400000.0,0.11695108077360637,15000000.0,36400000.0,0.08282138794084186,0.2625,0.2625,138666667,138666667,https://www.sec.gov/Archives/edgar/data/33213/000003321394000008/0000033213-94-000008-index.html,https://www.sec.gov/Archives/edgar/data/33213/0000033213-94-000008.txt,1620591727,16:22:07,20210509
