,date,symbol,reportedCurrency,fillingDate,acceptedDate,period,revenue,costOfRevenue,grossProfit,grossProfitRatio,researchAndDevelopmentExpenses,generalAndAdministrativeExpenses,sellingAndMarketingExpenses,otherExpenses,operatingExpenses,costAndExpenses,interestExpense,depreciationAndAmortization,ebitda,ebitdaratio,operatingIncome,operatingIncomeRatio,totalOtherIncomeExpensesNet,incomeBeforeTax,incomeBeforeTaxRatio,incomeTaxExpense,netIncome,netIncomeRatio,eps,epsdiluted,weightedAverageShsOut,weightedAverageShsOutDil,link,finalLink,timestamp,est_time,est_date
0,2020-10-31,SRCO,USD,2020-12-21,2020-12-21 16:43:52,Q2,64947.0,25586.0,39361.0,0.6060480083760604,0.0,220033.0,0.0,661730.475,220033.0,661756.061,0.0,0.0,-180672.0,-2.7818374982678185,-180.672,-0.002781837498267818,-0.75,-165.227,-0.0025440282076154403,0.0,-165.227,-0.0025440282076154403,-0.00026348089564732184,-0.00026348089564732184,627092904.0,627092904.0,https://www.sec.gov/Archives/edgar/data/318299/000149315220024039/0001493152-20-024039-index.htm,https://www.sec.gov/Archives/edgar/data/318299/000149315220024039/form10-q.htm,1620598265,18:11:05,20210509
1,2020-07-31,SRCO,USD,2020-09-21,2020-09-21,Q1,76607.0,20148.0,56459.0,0.7369953137441748,0.0,713676.0,0.0,1557678.0,713676.0,733824.0,310424.0,0.0,-657217.0,-8.579072408526637,-657217.0,-8.579072408526637,-1247254.0,-2214895.0,-28.912436200347226,0.0,-2216867.0,-28.93817797329226,-0.003535,-0.003535,627092904.0,627092904.0,https://www.sec.gov/Archives/edgar/data/318299/000149315220018069/0001493152-20-018069-index.htm,https://www.sec.gov/Archives/edgar/data/318299/000149315220018069/form10-q.htm,1620598265,18:11:05,20210509
2,2020-04-30,SRCO,USD,2020-08-13,2020-08-13,Q4,68549.0,9079.0,59470.0,0.8675545959824359,0.0,248095.0,0.0,-2393.0,248095.0,257174.0,229683.0,0.0,-191018.0,-2.7865906140133334,-188625.0,-2.7516812790850342,595301.0,176993.0,2.581992443361683,0.0,174505.0,2.54569723847175,0.0002782761515668498,0.0002782761515668498,627092904.0,627092904.0,https://www.sec.gov/Archives/edgar/data/318299/000149315220015545/0001493152-20-015545-index.htm,https://www.sec.gov/Archives/edgar/data/318299/000149315220015545/form10-k.htm,1620598265,18:11:05,20210509
3,2020-01-31,SRCO,USD,2020-07-09,2020-07-09,Q3,72281.0,19591.0,52690.0,0.7289605843859382,0.0,300368.0,0.0,5671.0,300368.0,319959.0,509434.0,0.0,-242007.0,-3.3481412819413126,-247678.0,-3.42659896791688,673985.0,-83127.0,-1.1500532643433268,0.0,-86036.0,-1.1902989720673482,-0.000138,-0.000138,627092904.0,627092904.0,https://www.sec.gov/Archives/edgar/data/318299/000149315220012996/0001493152-20-012996-index.htm,https://www.sec.gov/Archives/edgar/data/318299/000149315220012996/form10-q.htm,1620598265,18:11:05,20210509
4,2019-10-31,SRCO,USD,2020-07-09,2020-07-09,Q2,94788.0,16884.0,77904.0,0.8218761868590961,0.0,279006.0,0.0,1093.0,279006.0,295890.0,312601.0,0.0,-200009.0,-2.1100666751065535,-201102.0,-2.121597670591214,1391391.0,877688.0,9.259484322910073,0.0,873207.0,9.212210406380555,0.001392,0.001392,627092904.0,627092904.0,https://www.sec.gov/Archives/edgar/data/318299/000149315220012990/0001493152-20-012990-index.htm,https://www.sec.gov/Archives/edgar/data/318299/000149315220012990/form10-q.htm,1620598265,18:11:05,20210509
5,2019-07-31,SRCO,USD,2020-07-09,2020-07-09,Q1,85229.0,14787.0,70442.0,0.8265027162116181,0.0,224709.0,0.0,1200.0,225066.0,239853.0,219457.0,357.0,-154267.0,-1.810029450069812,-154624.0,-1.814218165178519,-1370668.0,-1744749.0,-20.47130671485058,0.0,-1748132.0,-20.510999777071184,-0.002788,-0.002788,627092904.0,627092904.0,https://www.sec.gov/Archives/edgar/data/318299/000149315220012987/0001493152-20-012987-index.htm,https://www.sec.gov/Archives/edgar/data/318299/000149315220012987/form10-q.htm,1620598265,18:11:05,20210509
6,2019-04-30,SRCO,USD,2020-07-09,2020-07-09,Q4,83522.0,5726.0,77796.0,0.9314432125667489,0.0,275657.0,0.0,3499.0,249826.0,255552.0,411348.0,1.0,-172029.0,-2.059684873446517,-172030.0,-2.0596968463398864,256571.0,-326807.0,-3.912825363377314,0.0,-330388.0,-3.9557002945331767,-0.000526856543731517,-0.000526856543731517,627092904.0,627092904.0,https://www.sec.gov/Archives/edgar/data/318299/000149315220012984/0001493152-20-012984-index.htm,https://www.sec.gov/Archives/edgar/data/318299/000149315220012984/form10-k.htm,1620598265,18:11:05,20210509
7,2019-01-31,SRCO,USD,2020-07-09,2020-07-09,Q3,91151.0,6178.0,84973.0,0.9322223563098595,0.0,331364.0,0.0,1625.0,331721.0,337899.0,461350.0,357.0,-246391.0,-2.7031080295334116,-246748.0,-2.707024607519391,454307.0,-253791.0,-2.784291998990686,0.0,-256442.0,-2.81337560750842,-0.000409,-0.000409,627092904.0,627092904.0,https://www.sec.gov/Archives/edgar/data/318299/000149315220012942/0001493152-20-012942-index.htm,https://www.sec.gov/Archives/edgar/data/318299/000149315220012942/form10-q.htm,1620598265,18:11:05,20210509
8,2018-10-31,SRCO,USD,2020-07-09,2020-07-09,Q2,106325.0,5938.0,100387.0,0.9441523630378557,0.0,304915.0,0.0,5767.0,305534.0,311472.0,851918.0,619.0,-204528.0,-1.9236115683047261,-205147.0,-1.9294333411709381,-477889.0,-1534954.0,-14.436435457324242,0.0,-1541153.0,-14.494737832118505,-0.002458,-0.002458,627092904.0,627092904.0,https://www.sec.gov/Archives/edgar/data/318299/000149315220012940/0001493152-20-012940-index.htm,https://www.sec.gov/Archives/edgar/data/318299/000149315220012940/form10-q.htm,1620598265,18:11:05,20210509
9,2018-07-31,SRCO,USD,2020-07-09,2020-07-09,Q1,103667.0,11761.0,91906.0,0.8865502040186366,0.0,314366.0,0.0,1850.0,314984.0,326745.0,532048.0,618.0,-222460.0,-2.145909498683284,-223078.0,-2.151870894305806,1200556.0,445430.0,4.2967385956958335,0.0,439788.0,4.242314333394426,0.000705,0.000705,623566356.0,623566356.0,https://www.sec.gov/Archives/edgar/data/318299/000149315220012938/0001493152-20-012938-index.htm,https://www.sec.gov/Archives/edgar/data/318299/000149315220012938/form10-q.htm,1620598265,18:11:05,20210509
10,2018-04-30,SRCO,USD,2020-07-09,2020-07-09,Q4,110767.0,8494.0,102273.0,0.9233165112352957,0.0,219753.0,0.0,4269.0,208270.0,216764.0,526875.0,620.0,-105377.0,-0.951339297805303,-105997.0,-0.9569366327516318,-541206.0,-1174078.0,-10.599528740509358,0.0,-1189419.0,-10.738026668592632,-0.0019074457570639042,-0.0019074457570639042,623566356.0,623566356.0,https://www.sec.gov/Archives/edgar/data/318299/000149315220012936/0001493152-20-012936-index.htm,https://www.sec.gov/Archives/edgar/data/318299/000149315220012936/form10-k.htm,1620598265,18:11:05,20210509
11,2018-01-31,SRCO,USD,2020-07-09,2020-07-09,Q3,104478.0,10770.0,93708.0,0.896916097168782,0.0,349049.0,0.0,9050.0,349667.0,360437.0,567281.0,618.0,-255341.0,-2.4439690652577575,-255959.0,-2.4498841861444514,143162.0,-680078.0,-6.509293822622944,0.0,-699735.0,-6.697438695227704,-0.001159,-0.001159,604086776.0,604086776.0,https://www.sec.gov/Archives/edgar/data/318299/000149315220012934/0001493152-20-012934-index.htm,https://www.sec.gov/Archives/edgar/data/318299/000149315220012934/form10-q.htm,1620598265,18:11:05,20210509
12,2017-10-31,SRCO,USD,2020-07-09,2020-07-09,Q2,112707.0,11429.0,101278.0,0.8985954732181675,0.0,311923.0,0.0,2510.0,312542.0,323971.0,317949.0,619.0,-210645.0,-1.8689611115547393,-211264.0,-1.874453228282183,164828.0,-364385.0,-3.233029004409664,0.0,-380255.0,-3.373836585127809,-0.001,-0.001,507271132.0,507271132.0,https://www.sec.gov/Archives/edgar/data/318299/000149315220012932/0001493152-20-012932-index.htm,https://www.sec.gov/Archives/edgar/data/318299/000149315220012932/form10-q.htm,1620598265,18:11:05,20210509
13,2017-07-31,SRCO,USD,2020-07-09,2020-07-09,Q1,118207.0,12569.0,105638.0,0.8936695796357238,0.0,374224.0,0.0,2100.0,374842.0,387411.0,261737.0,618.0,-268586.0,-2.2721666229580313,-269204.0,-2.2773947397362253,151422.0,-379519.0,-3.2106305041156613,0.0,-366698.0,-3.10216823030785,-0.000629,-0.000629,583273965.0,583273965.0,https://www.sec.gov/Archives/edgar/data/318299/000149315220012930/0001493152-20-012930-index.htm,https://www.sec.gov/Archives/edgar/data/318299/000149315220012930/form10-q.htm,1620598265,18:11:05,20210509
14,2017-04-30,SRCO,USD,2017-04-30,2017-04-30,Q4,139262.0,13901.0,125361.0,0.900180953885482,0.0,309945.0,0.0,2850.0,300972.0,314873.0,283339.0,620.0,-174991.0,-1.256559578348724,-175611.0,-1.2610116183883615,1190597.0,731647.0,5.253744740130115,0.0,718226.0,5.157372434691445,0.001231369893219904,0.001231369893219904,583273965.0,583273965.0,,,1620598265,18:11:05,20210509
15,2017-01-31,SRCO,USD,2017-01-31,2017-01-31,Q3,113755.0,8776.0,104989.0,0.9229396510043515,0.0,348639.0,0.0,3121.0,349258.0,358034.0,337800.0,619.0,-243650.0,-2.1418838732363414,-244269.0,-2.147325392290449,-1553477.0,-2135546.0,-18.77320557338139,0.0,-2146795.0,-18.87209353435014,-0.004232,-0.004232,507271123.0,507271123.0,,,1620598265,18:11:05,20210509
16,2016-10-31,SRCO,USD,2016-10-31,2016-10-31,Q2,133242.0,12402.0,120840.0,0.9069212410501193,0.0,323665.0,0.0,4599.0,324283.0,336685.0,598977.0,618.0,-202825.0,-1.5222302277059785,-203443.0,-1.5268684048573273,812048.0,9628.0,0.07225949775596284,0.0,-4883.0,-0.0366476036084718,-1e-05,-1e-05,507271132.0,507271132.0,,,1620598265,18:11:05,20210509
17,2016-07-31,SRCO,USD,2016-08-26 00:00:00,2016-08-26 17:19:01,Q2,161447.0,14486.0,146961.0,0.9102739598753771,0.0,0.0,0.0,0.0,508233.0,522719.0,356790.0,618.0,-360654.0,-2.233884804301102,-361272.0,-2.23771268589692,-458438.0,-1176500.0,-7.287221193332797,0.0,-1193828.0,-7.39455053361165,-0.002605,-0.002605,458404528.0,458404528.0,https://www.sec.gov/Archives/edgar/data/318299/000118518516005356/0001185185-16-005356-index.html,https://www.sec.gov/Archives/edgar/data/318299/000118518516005356/spartacommercial10k043016.htm,1620598265,18:11:05,20210509
18,2016-04-30,SRCO,USD,2016-04-30,2016-04-30,Q1,148136.0,11953.0,136183.0,0.9193106334719447,0.0,620716.0,0.0,0.0,621386.0,633339.0,732954.0,670.0,-484533.0,-3.270865961008803,-485203.0,-3.2753888318842144,-213392.0,-1431549.0,-9.663748177350543,0.0,-1435100.0,-9.687719392990225,-0.0031306409783107554,-0.0031306409783107554,458404528.0,458404528.0,,,1620598265,18:11:05,20210509
19,2016-01-31,SRCO,USD,2016-03-21 00:00:00,2016-03-21 17:19:00,Q4,153202.0,17431.0,135771.0,0.8862221119828723,0.0,669276.0,0.0,0.0,669943.0,687374.0,218847.0,667.0,-533505.0,-3.482363154528009,-534172.0,-3.486716883591598,-691172.0,-1444191.0,-9.42671113954126,0.0,-1443702.0,-9.423519275205285,-0.01,-0.01,193147912.0,193147912.0,https://www.sec.gov/Archives/edgar/data/318299/000118518516003950/0001185185-16-003950-index.html,https://www.sec.gov/Archives/edgar/data/318299/000118518516003950/spartacommercial10q013116.htm,1620598265,18:11:05,20210509
20,2015-10-31,SRCO,USD,2015-12-21 00:00:00,2015-12-21 16:57:56,Q3,167348.0,37656.0,129693.0,0.7749898415278342,0.0,720202.0,0.0,0.0,720954.0,758610.0,200294.0,753.0,-590509.0,-3.5286289647919307,-591262.0,-3.5331285704041875,-342358.0,-1133914.0,-6.77578459258551,0.0,-1164302.0,-6.957370270334871,-0.02,-0.02,67509145.0,67509145.0,https://www.sec.gov/Archives/edgar/data/318299/000118518515003346/0001185185-15-003346-index.html,https://www.sec.gov/Archives/edgar/data/318299/000118518515003346/spartacommercial10q103115.htm,1620598265,18:11:05,20210509
21,2015-07-31,SRCO,USD,2015-08-13 00:00:00,2015-08-13 17:01:06,Q2,167223.0,44146.0,123077.0,0.7360052145936863,0.0,763050.0,0.0,0.0,764107.0,808253.0,0.0,1057.0,-639973.0,-3.827063262828678,-641030.0,-3.833384163661697,-780789.0,-1611297.0,-9.635618306094257,0.0,-1628109.0,-9.736154715559463,-0.03,-0.03,57229920.0,57229920.0,https://www.sec.gov/Archives/edgar/data/318299/000118518515002168/0001185185-15-002168-index.html,https://www.sec.gov/Archives/edgar/data/318299/000118518515002168/spartacommercial10k043015.htm,1620598265,18:11:05,20210509
22,2015-04-30,SRCO,USD,2015-04-30,2015-04-30,Q1,169542.0,56604.0,112938.0,0.666135824751389,0.0,935131.0,0.0,0.0,936289.0,992893.0,0.0,1158.0,-822193.0,-4.849494520531786,-823351.0,-4.856324686508358,-724956.0,-1823361.0,-10.75462717202817,0.0,-1851770.0,-10.922190371707305,-0.03235667636788589,-0.03235667636788589,57229920.0,57229920.0,,,1620598265,18:11:05,20210509
23,2015-01-31,SRCO,USD,2015-01-31,2015-01-31,Q4,164419.0,49461.0,114958.0,0.6991771024030069,0.0,949993.0,0.0,0.0,950890.0,1000351.0,159908.0,897.0,-835035.0,-5.078701366630377,-835932.0,-5.084156940499577,-295585.0,-1291425.0,-7.85447545599961,0.0,-1398758.0,-8.507277139503342,-0.06,-0.06,22669672.0,22669672.0,,,1620598265,18:11:05,20210509
24,2014-10-31,SRCO,USD,2014-12-22 00:00:00,2014-12-22 16:19:45,Q3,138074.0,48470.0,89604.0,0.6489563567362429,0.0,685680.0,0.0,0.0,686578.0,735048.0,0.0,897.0,-596077.0,-4.3170835928560045,-596974.0,-4.323580109216797,-388138.0,-1144922.0,-8.292089748975187,0.0,-1154115.0,-8.35866998855686,-0.05,-0.05,21906215.0,21906215.0,https://www.sec.gov/Archives/edgar/data/318299/000118518514003420/0001185185-14-003420-index.html,https://www.sec.gov/Archives/edgar/data/318299/000118518514003420/spartacommercial10q103114.htm,1620598265,18:11:05,20210509
25,2014-07-31,SRCO,USD,2014-08-13 00:00:00,2014-08-13 16:01:02,Q2,132807.0,43250.0,89557.0,0.674339454998607,0.0,564809.0,0.0,0.0,565705.0,608955.0,86842.0,896.0,-475252.0,-3.578516192670567,-476148.0,-3.5852628250016942,86806.0,-476184.0,-3.5855338950507125,0.0,-558757.0,-4.2072857605397305,-0.03,-0.03,21449770.0,21449770.0,https://www.sec.gov/Archives/edgar/data/318299/000118518514002117/0001185185-14-002117-index.html,https://www.sec.gov/Archives/edgar/data/318299/000118518514002117/spartacommercial10k043014.htm,1620598265,18:11:05,20210509
26,2014-04-30,SRCO,USD,2014-04-30,2014-04-30,Q1,122835.0,41279.0,81556.0,0.6639475719461065,0.0,998697.0,0.0,0.0,999594.0,1040873.0,0.0,897.0,-917141.0,-7.466446859608418,-918038.0,-7.473749338543575,-166508.0,-1349373.0,-10.985248504090853,0.0,-1242500.0,-10.115195180526722,-0.057926029043668066,-0.057926029043668066,21449770.0,21449770.0,,,1620598265,18:11:05,20210509
27,2014-01-31,SRCO,USD,2014-01-31,2014-01-31,Q4,99023.0,37390.0,61633.0,0.6224109550306495,0.0,432317.0,0.0,0.0,433214.0,470604.0,0.0,897.0,-370684.0,-3.743413146440726,-371581.0,-3.7524716480009697,-165933.0,-615400.0,-6.214717792836008,0.0,-692137.0,-6.989658968118518,-0.05,-0.05,15823610.0,15823610.0,,,1620598265,18:11:05,20210509
28,2013-10-31,SRCO,USD,2013-12-23 00:00:00,2013-12-23 16:02:02,Q3,118047.0,38715.0,79332.0,0.6720374088286869,0.0,363382.0,0.0,0.0,363739.0,402454.0,88088.0,357.0,-284050.0,-2.4062449702237245,-284407.0,-2.4092691893906664,45096.0,-447850.0,-3.793827882114751,0.0,-697538.0,-5.908985404118699,-0.05,-0.05,15823610.0,15823610.0,https://www.sec.gov/Archives/edgar/data/318299/000118518513002693/0001185185-13-002693-index.html,https://www.sec.gov/Archives/edgar/data/318299/000118518513002693/spartacommercial10q103113.htm,1620598265,18:11:05,20210509
29,2013-07-31,SRCO,USD,2013-08-13 00:00:00,2013-08-13 16:03:59,Q2,136116.0,37577.0,98539.0,0.7239339974727438,0.0,470986.0,0.0,0.0,473407.0,510984.0,103611.0,2421.0,-372447.0,-2.7362470245966675,-374868.0,-2.7540333245173234,-115234.0,-593713.0,-4.3618163919010255,0.0,-594669.0,-4.368839813100591,-0.04,-0.04,15241713.0,15241713.0,https://www.sec.gov/Archives/edgar/data/318299/000118518513001701/0001185185-13-001701-index.html,https://www.sec.gov/Archives/edgar/data/318299/000118518513001701/spartacommercial10k043013.htm,1620598265,18:11:05,20210509
30,2013-04-30,SRCO,USD,2013-04-30,2013-04-30,Q1,-96215.0,145863.0,-242078.0,2.5160110169931924,0.0,-438861.0,0.0,0.0,-480249.0,-334386.0,0.0,-41388.0,196783.0,-2.04524242581718,238171.0,-2.4754040430286337,-181222.0,-38190.0,0.39692355661799095,0.0,-905920.0,9.415579691316323,-0.059436888753908436,-0.059436888753908436,15241713.0,15241713.0,,,1620598265,18:11:05,20210509
31,2013-01-31,SRCO,USD,2013-03-25 00:00:00,2013-03-25 16:03:08,Q4,130068.0,0.0,130068.0,1.0,0.0,561095.0,0.0,0.0,575698.0,575698.0,63688.0,14603.0,-431027.0,-3.3138589045729927,-445630.0,-3.4261309468893195,-311811.0,-813906.0,-6.257542208690839,0.0,-801195.0,-6.159816403727281,-0.07,-0.07,11578580.0,11578580.0,https://www.sec.gov/Archives/edgar/data/318299/000118518513000596/0001185185-13-000596-index.html,https://www.sec.gov/Archives/edgar/data/318299/000118518513000596/spartacommercial10q013113.htm,1620598265,18:11:05,20210509
32,2012-10-31,SRCO,USD,2012-12-26 00:00:00,2012-12-26 13:55:39,Q3,212678.0,0.0,212678.0,1.0,0.0,733201.0,0.0,0.0,748670.0,748670.0,105088.0,15469.0,-520523.0,-2.4474698840500664,-535992.0,-2.5202042524379578,-212495.0,0.0,0.0,0.0,-839434.0,-3.946971478009009,-0.09,-0.09,10144853.0,10144853.0,https://www.sec.gov/Archives/edgar/data/318299/000118518512002866/0001185185-12-002866-index.html,https://www.sec.gov/Archives/edgar/data/318299/000118518512002866/spartacomm10q103112.htm,1620598265,18:11:05,20210509
33,2012-07-31,SRCO,USD,2012-08-14 00:00:00,2012-08-14 16:29:32,Q2,167070.0,0.0,167070.0,1.0,0.0,836833.0,0.0,0.0,855102.0,855102.0,98588.0,18269.0,-669763.0,-4.008876518824445,-688032.0,-4.1182258933381215,-247539.0,0.0,0.0,0.0,-1022217.0,-6.118495241515532,-0.11,-0.11,9093687.0,9093687.0,https://www.sec.gov/Archives/edgar/data/318299/000118518512001798/0001185185-12-001798-index.html,https://www.sec.gov/Archives/edgar/data/318299/000118518512001798/spartacommercial10k043012.htm,1620598265,18:11:05,20210509
34,2012-04-30,SRCO,USD,2012-04-30,2012-04-30,Q1,144542.0,0.0,144542.0,1.0,0.0,293158.0,0.0,0.0,312155.0,312155.0,131317.0,5049.0,-162564.0,-1.1246834830014805,-167613.0,-1.1596145065102186,-154708.0,-435561.0,-3.013387112396397,0.0,-418416.0,-2.8947710700004152,-0.04601170020476843,-0.04601170020476843,9093687.0,9093687.0,,,1620598265,18:11:05,20210509
35,2012-01-31,SRCO,USD,2012-03-21 00:00:00,2012-03-21 16:48:10,Q4,118671.0,0.0,118671.0,1.0,0.0,552785.0,0.0,0.0,573579.0,573579.0,185179.0,34743.0,-420165.0,-3.540587001036479,-454908.0,-3.833354399979776,2970.0,-615911.0,-5.1900717108644905,0.0,-613675.0,-5.171229702286152,-0.0783975586284199,-0.0783975586284199,7827731.0,7827731.0,https://www.sec.gov/Archives/edgar/data/318299/000118518512000450/0001185185-12-000450-index.html,https://www.sec.gov/Archives/edgar/data/318299/000118518512000450/spartacommercial10q013112.htm,1620598265,18:11:05,20210509
36,2011-10-31,SRCO,USD,2011-12-20 00:00:00,2011-12-20 17:09:09,Q3,118307.0,0.0,118307.0,1.0,0.0,795062.0,0.0,0.0,814758.0,814758.0,136923.0,17445.0,-679006.0,-5.739356082057697,-696451.0,-5.886811431276256,-157705.0,0.0,0.0,0.0,-634345.0,-5.361855173404786,-0.08723382369483777,-0.08723382369483777,7271778.0,7271778.0,https://www.sec.gov/Archives/edgar/data/318299/000118518511002273/0001185185-11-002273-index.html,https://www.sec.gov/Archives/edgar/data/318299/000118518511002273/sparta10q10311.htm,1620598265,18:11:05,20210509
37,2011-07-31,SRCO,USD,2011-08-15 00:00:00,2011-08-15 16:48:14,Q2,114958.0,0.0,114958.0,1.0,0.0,575431.0,0.0,0.0,592454.0,592454.0,148970.0,17023.0,-460473.0,-4.0055759494772,-477496.0,-4.153656117886532,257302.0,-334122.0,-2.9064701891125453,0.0,-325707.0,-2.8332695419196576,-0.04815343599241921,-0.04815343599241921,6763941.0,6763941.0,https://www.sec.gov/Archives/edgar/data/318299/000118518511001343/0001185185-11-001343-index.html,https://www.sec.gov/Archives/edgar/data/318299/000118518511001343/spartacomm10k043011.htm,1620598265,18:11:05,20210509
38,2011-04-30,SRCO,USD,2011-04-30,2011-04-30,Q1,57495.0,0.0,57495.0,1.0,0.0,746854.0,0.0,0.0,784919.0,784919.0,117090.0,38065.0,-689359.0,-11.98989477345856,-727424.0,-12.651952343682058,-389637.0,-1184025.0,-20.593529872162797,0.0,-1168673.0,-20.326515349160797,-0.17277989266908153,-0.17277989266908153,6763941.0,6763941.0,,,1620598265,18:11:05,20210509
39,2011-01-31,SRCO,USD,2011-01-31,2011-01-31,Q4,57855.0,0.0,57855.0,1.0,0.0,684528.0,0.0,0.0,701633.0,701633.0,123108.0,-105248.0,-749026.0,-12.94660789905799,-643778.0,-11.127439287874859,-18129.0,-733705.0,-12.681790683605566,0.0,-721453.0,-12.470019877279405,-0.134068,-0.134068,6026322.0,6026322.0,,,1620598265,18:11:05,20210509
40,2010-10-31,SRCO,USD,2010-12-20 00:00:00,2010-12-20 17:11:23,Q3,164835.0,0.0,164835.0,1.0,0.0,655087.0,0.0,0.0,672750.0,672750.0,94435.0,144929.0,-362986.0,-2.2021172687839354,-507915.0,-3.0813540813540814,-90129.0,0.0,0.0,0.0,-388503.0,-2.356920556920557,-0.06895624480502573,-0.06895624480502573,5634051.0,5634051.0,https://www.sec.gov/Archives/edgar/data/318299/000114420410067409/0001144204-10-067409-index.html,https://www.sec.gov/Archives/edgar/data/318299/000114420410067409/v206007_10q.htm,1620598265,18:11:05,20210509
41,2010-07-31,SRCO,USD,2010-08-13 00:00:00,2010-08-13 17:18:37,Q2,132147.0,0.0,132147.0,1.0,0.0,718668.0,0.0,0.0,738229.0,738229.0,80823.0,14648.0,-591434.0,-4.475576441387243,-606082.0,-4.586422695937101,-624890.0,0.0,0.0,0.0,-1303026.0,-9.860428159549592,-0.750019,-0.750019,4005861.0,4005861.0,https://www.sec.gov/Archives/edgar/data/318299/000114420410043777/0001144204-10-043777-index.html,https://www.sec.gov/Archives/edgar/data/318299/000114420410043777/v193488_10k.htm,1620598265,18:11:05,20210509
42,2010-04-30,SRCO,USD,2010-04-30,2010-04-30,Q1,146927.0,0.0,146927.0,1.0,0.0,405440.0,0.0,0.0,756922.0,756922.0,676021.0,595031.0,-14964.0,-0.10184649519829575,-609995.0,-4.1516875727402045,0.0,0.0,0.0,0.0,-1286015.0,-8.75274796327428,-0.32103335587530374,-0.32103335587530374,4005861.0,4005861.0,,,1620598265,18:11:05,20210509
43,2010-01-31,SRCO,USD,2010-03-22 00:00:00,2010-03-22 17:08:26,Q4,161086.0,0.0,161086.0,1.0,0.0,681129.0,0.0,0.0,793536.0,793536.0,224856.0,-126444.0,-758894.0,-4.711110835206039,-632450.0,-3.9261636641297195,0.0,0.0,0.0,0.0,-857306.0,-5.322039159206883,-0.18560335932584862,-0.18560335932584862,4619022.0,4619022.0,https://www.sec.gov/Archives/edgar/data/318299/000114420410014970/0001144204-10-014970-index.html,https://www.sec.gov/Archives/edgar/data/318299/000114420410014970/v178105_10q.htm,1620598265,18:11:05,20210509
44,2009-10-31,SRCO,USD,2009-12-18 00:00:00,2009-12-18 16:41:48,Q3,188546.0,0.0,188546.0,1.0,0.0,840826.0,0.0,0.0,956633.0,956633.0,235314.0,203487.0,-564600.0,-2.9944947121657313,-768087.0,-4.073737973757067,0.0,0.0,0.0,0.0,-1003401.0,-5.321783543538447,-0.23908892769652082,-0.23908892769652082,4196769.0,4196769.0,https://www.sec.gov/Archives/edgar/data/318299/000114420409065482/0001144204-09-065482-index.html,https://www.sec.gov/Archives/edgar/data/318299/000114420409065482/v169273_10q.htm,1620598265,18:11:05,20210509
45,2009-07-31,SRCO,USD,2009-08-13 00:00:00,2009-08-13 17:17:25,Q2,216804.0,0.0,216804.0,1.0,0.0,592197.0,0.0,0.0,714889.0,714889.0,496371.0,30313.0,-467772.0,-2.1575801184479992,-498085.0,-2.297397649489862,0.0,0.0,0.0,0.0,-994456.0,-4.58688954078338,-0.750019,-0.750019,2382637.0,2382637.0,https://www.sec.gov/Archives/edgar/data/318299/000114420409042902/0001144204-09-042902-index.html,https://www.sec.gov/Archives/edgar/data/318299/000114420409042902/v157546_10k.htm,1620598265,18:11:05,20210509
46,2009-04-30,SRCO,USD,2009-04-30,2009-04-30,Q1,170407.0,0.0,170407.0,1.0,0.0,631721.0,0.0,0.0,788790.0,788790.0,627830.0,37723.0,-580660.0,-3.4074891289677067,-618383.0,-3.628859143110318,0.0,0.0,0.0,0.0,-1246214.0,-7.3131620179922185,-0.5230398084139548,-0.5230398084139548,2382637.0,2382637.0,,,1620598265,18:11:05,20210509
47,2009-01-31,SRCO,USD,2009-03-23 00:00:00,2009-03-23 16:11:18,Q4,278268.0,0.0,278268.0,1.0,0.0,886927.0,0.0,0.0,931289.0,931289.0,315597.0,51229.0,-601792.0,-2.1626345824888236,-653021.0,-2.3467340836891055,0.0,0.0,0.0,0.0,-968617.0,-3.4808781462475022,-0.750019,-0.750019,2173913.0,2173913.0,https://www.sec.gov/Archives/edgar/data/318299/000114420409015619/0001144204-09-015619-index.html,https://www.sec.gov/Archives/edgar/data/318299/000114420409015619/v143369_10q.htm,1620598265,18:11:05,20210509
48,2008-10-31,SRCO,USD,2008-12-22 00:00:00,2008-12-22 16:07:26,Q3,301049.0,0.0,301049.0,1.0,0.0,0.0,0.0,0.0,1025515.0,1025515.0,0.0,-273111.0,-997577.0,-3.3136698676959564,-724466.0,-2.406472036113722,0.0,0.0,0.0,0.0,-997973.0,-3.3149852681789342,-0.750019,-0.750019,2115148.0,2115148.0,https://www.sec.gov/Archives/edgar/data/318299/000114420408070587/0001144204-08-070587-index.html,https://www.sec.gov/Archives/edgar/data/318299/000114420408070587/v135387_10q.htm,1620598265,18:11:05,20210509
49,2008-07-31,SRCO,USD,2008-09-22 00:00:00,2008-09-22 16:11:02,Q2,394919.0,0.0,394919.0,1.0,0.0,0.0,0.0,0.0,1425235.0,1425235.0,0.0,375415.0,-654901.0,-1.6583172751880766,-1030316.0,-2.608929932467164,0.0,0.0,0.0,0.0,-1709042.0,-4.327576034579243,-0.750019,-0.750019,1958940.0,1958940.0,https://www.sec.gov/Archives/edgar/data/318299/000114420408053928/0001144204-08-053928-index.html,https://www.sec.gov/Archives/edgar/data/318299/000114420408053928/v126926_10q.htm,1620598265,18:11:05,20210509
