,date,symbol,reportedCurrency,fillingDate,acceptedDate,period,revenue,costOfRevenue,grossProfit,grossProfitRatio,researchAndDevelopmentExpenses,generalAndAdministrativeExpenses,sellingAndMarketingExpenses,otherExpenses,operatingExpenses,costAndExpenses,interestExpense,depreciationAndAmortization,ebitda,ebitdaratio,operatingIncome,operatingIncomeRatio,totalOtherIncomeExpensesNet,incomeBeforeTax,incomeBeforeTaxRatio,incomeTaxExpense,netIncome,netIncomeRatio,eps,epsdiluted,weightedAverageShsOut,weightedAverageShsOutDil,link,finalLink,timestamp,est_time,est_date
0,2020-09-30,TRMK.ME,RUB,2020-09-30,2020-09-30,Q3,51156000000.0,39944000000.0,11212000000.0,0.21917272656188913,37000000.0,1007000000.0,1606000000.0,-10000000.0,6891000000.0,46835000000.0,3255000000.0,369000000.0,4690000000.0,0.09168035030103995,4321000000.0,0.0844671201814059,0.0,6620000000.0,0.1294080850731097,1762000000.0,4836000000.0,0.09453436547032606,5.341,5.341,905448418,905448418,,,1620599025,18:23:45,20210509
1,2020-06-30,TRMK.ME,RUB,2020-06-30,2020-06-30,Q2,56671000000.0,44850000000.0,11821000000.0,0.20858993135819026,31000000.0,944000000.0,2765000000.0,-88000000.0,6874000000.0,52398000000.0,3193000000.0,360000000.0,4633000000.0,0.08175257186215172,4273000000.0,0.07540011646168235,0.0,3559000000.0,0.06280107991741808,833000000.0,542000000.0,0.00956397451959556,0.526,0.526,1030418251,1030418251,http://www.cbr.ru/eng/search/?text=TRMK&category=Any&time=Any&dateFrom=&dateTo=,http://www.cbr.ru/eng/search/?text=TRMK&category=Any&time=Any&dateFrom=&dateTo=,1620599025,18:23:45,20210509
2,2020-03-31,TRMK.ME,RUB,2020-03-31,2020-03-31,Q1,55319000000.0,42465000000.0,12854000000.0,0.2323613948191399,32000000.0,1139000000.0,2653000000.0,-64000000.0,9363000000.0,50241000000.0,3612000000.0,311000000.0,5389000000.0,0.09741680073754044,5078000000.0,0.09179486252462987,0.0,-3103000000.0,-0.05609284332688588,-117000000.0,19734000000.0,0.35673096042950886,19.135,19.135,1031303893,1031303893,http://www.cbr.ru/eng/search/?text=TRMK&category=Any&time=Any&dateFrom=&dateTo=,http://www.cbr.ru/eng/search/?text=TRMK&category=Any&time=Any&dateFrom=&dateTo=,1620599025,18:23:45,20210509
3,2019-12-31,TRMK.ME,USD,2019-12-31,2019-12-31,Q4,52504303994.22,37313374960.8,15190929033.42,0.2893273099114372,19292396.78,-6210162724.42,-1072693639.84,-22454859.3,4475484492.81,43176894166.53,3210165687.04,1921114885.52,11248524713.210001,0.21424005000520163,9327409827.69,0.1776503851706485,0.0,-565114804.73,-0.010763209141715531,-41643139.79,-2653188701.61,-0.05053278492944273,-2.5748657877858183,-2.5748657877858183,1030418251,1030418251,http://www.cbr.ru/eng/search/?text=TRMK&category=Any&time=Any&dateFrom=&dateTo=,http://www.cbr.ru/eng/search/?text=TRMK&category=Any&time=Any&dateFrom=&dateTo=,1620599025,18:23:45,20210509
4,2019-09-30,TRMK.ME,USD,2019-09-30,2019-09-30,Q3,59297021792.6,45490101354.85,13806920437.75,0.23284340461552558,36869338.5,4524320615.299999,3640556103.15,-47606724.8,8501681359.8,53991782714.65,3799482357.0,3252887938.48,8558127016.43,0.1443264224359075,5305239077.95,0.08946889603504622,0.0,1302975359.2,0.021973706601274966,586351848.25,-28266492.85,-0.0004766932974958876,-0.027359912147272288,-0.02736,1033135366,1033135366,http://www.cbr.ru/eng/search/?text=TRMK&category=Any&time=Any&dateFrom=&dateTo=,http://www.cbr.ru/eng/search/?text=TRMK&category=Any&time=Any&dateFrom=&dateTo=,1620599025,18:23:45,20210509
5,2019-06-30,TRMK.ME,USD,2019-06-30,2019-06-30,Q2,65164161300.96,51024035711.88,14140125589.08,0.21699236676697145,33943216.24,2935457289.9599996,3700504576.44,-189905354.8,6408517081.0,57432552792.88,3453816889.64,3254131434.82,10985739942.9,0.1685856109182849,7731608508.08,0.11864817030900845,0.0,4672996649.16,0.07171114544968689,1155331181.76,3647192275.84,0.05596929666593084,3.533123,3.533123,1032285714,1032285714,http://www.cbr.ru/eng/search/?text=TRMK&category=Any&time=Any&dateFrom=&dateTo=,http://www.cbr.ru/eng/search/?text=TRMK&category=Any&time=Any&dateFrom=&dateTo=,1620599025,18:23:45,20210509
6,2019-03-31,TRMK.ME,USD,2019-03-31,2019-03-31,Q1,62011303538.18,48821562249.64,13189741288.54,0.21269898447497002,34155846.82,3370195068.07,3724156134.64,-108571437.04,7770909697.04,56592471946.68,3597467813.07,4257792539.9,9676624131.4,0.156046133193155,5418831591.5,0.08738457800945366,0.0,3497792480.62,0.05640572413489791,867922145.62,2928701527.14,0.04722851093328195,2.857143,2.857143,1028552632,1028552632,http://www.cbr.ru/eng/search/?text=TRMK&category=Any&time=Any&dateFrom=&dateTo=,http://www.cbr.ru/eng/search/?text=TRMK&category=Any&time=Any&dateFrom=&dateTo=,1620599025,18:23:45,20210509
7,2018-12-31,TRMK.ME,USD,2018-12-31,2018-12-31,Q4,102855778395.01,84597774050.39,18258004344.62,0.17751073035976148,95752454.67,1841705385.3,3237632573.54,-584828142.54,9567251687.81,94575973853.0,4636610063.37,303081513.62,8582886055.63,0.08344583250022242,8279804542.01,0.0804991675840712,0.0,-4373150.7,-4.2517306934426564e-05,1301422439.39,-1302362566.48,-0.012662026254649234,-1.2639164389956055,-1.2639164389956055,1030418251,1030418251,http://www.cbr.ru/eng/search/?text=TRMK&category=Any&time=Any&dateFrom=&dateTo=,http://www.cbr.ru/eng/search/?text=TRMK&category=Any&time=Any&dateFrom=&dateTo=,1620599025,18:23:45,20210509
8,2018-09-30,TRMK.ME,USD,2018-09-30,2018-09-30,Q3,79122687931.17,64640130662.74,14482557268.43,0.18303924761793472,88918032.12,1592590151.99,2371081949.43,-2360655.72,7376655682.38,72317048637.95,3818885217.26,264983604.57,7070622897.79,0.0893627742265384,6805639293.22,0.08601375245416747,0.0,178557375.71,0.002256715240328156,696918027.56,-470360652.21,-0.005944700117103879,-0.655738,-0.655738,790500000,790500000,http://www.cbr.ru/eng/search/?text=TRMK&category=Any&time=Any&dateFrom=&dateTo=,http://www.cbr.ru/eng/search/?text=TRMK&category=Any&time=Any&dateFrom=&dateTo=,1620599025,18:23:45,20210509
9,2018-06-30,TRMK.ME,USD,2018-06-30,2018-06-30,Q2,85142990168.75,69813449298.6,15329540870.15,0.1800446618067731,95411688.9,1336077912.35,2448900015.1,-15210559.1,7404776725.5,77218226024.1,3812633489.45,193588934.0,8118353078.65,0.09534963550798191,7924764144.65,0.0930759435268063,0.0,1813010649.75,0.021293715973055273,599057185.05,1277435550.2,0.015003414229030175,1.257071,1.257071,1016200000,1016200000,http://www.cbr.ru/eng/search/?text=TRMK&category=Any&time=Any&dateFrom=&dateTo=,http://www.cbr.ru/eng/search/?text=TRMK&category=Any&time=Any&dateFrom=&dateTo=,1620599025,18:23:45,20210509
10,2018-03-31,TRMK.ME,USD,2018-03-31,2018-03-31,Q1,72949658122.77,60267813600.52,12681844522.25,0.17384378280302834,98339063.09,1267239435.02,2719358599.6,0.0,7623310608.31,68243014251.71,3800229187.04,198797255.67,4905441126.7300005,0.06724419624385944,4706643871.06,0.06451906687676308,0.0,915922129.84,0.01255553697453327,438373435.58,530526931.51,0.007272507440914311,0.572738,0.572738,926300000,926300000,http://www.cbr.ru/eng/search/?text=TRMK&category=Any&time=Any&dateFrom=&dateTo=,http://www.cbr.ru/eng/search/?text=TRMK&category=Any&time=Any&dateFrom=&dateTo=,1620599025,18:23:45,20210509
11,2017-12-31,TRMK.ME,USD,2017-12-31,2017-12-31,Q4,68508256174.99,56546282117.92,11961974057.07,0.17460631352979766,117278328.26,1432182331.0,2298708688.25,1060850.13,6892900267.89,63695305667.13,4017756686.89,208382037.72,5021332545.58,0.07329529061072665,4812950507.86,0.07025358367853249,0.0,-285489805.1,-0.004167232112444609,650397804.91,-796697841.81,-0.011629223779612811,-0.7731790862951242,-0.7731790862951242,1030418251,1030418251,http://www.cbr.ru/eng/search/?text=TRMK&category=Any&time=Any&dateFrom=&dateTo=,http://www.cbr.ru/eng/search/?text=TRMK&category=Any&time=Any&dateFrom=&dateTo=,1620599025,18:23:45,20210509
12,2017-09-30,TRMK.ME,USD,2017-09-30,2017-09-30,Q3,66074915855.79,52217441348.39,13857474507.4,0.20972367997629013,125318661.09,1521494849.23,2535631623.95,39918889.27,7503534496.73,59962459053.36,4008516969.41,169698732.47,6282155534.900001,0.0950762547864752,6112456802.43,0.09250797709331292,0.0,2264020952.11,0.03426445456323058,971784513.39,1402433430.58,0.021224899228639845,1.158749,1.158749,1210300000,1210300000,http://www.cbr.ru/eng/search/?text=TRMK&category=Any&time=Any&dateFrom=&dateTo=,http://www.cbr.ru/eng/search/?text=TRMK&category=Any&time=Any&dateFrom=&dateTo=,1620599025,18:23:45,20210509
13,2017-06-30,TRMK.ME,USD,2017-06-30,2017-06-30,Q2,65831172184.8,52625282780.4,13205889404.4,0.20060237371026418,118679358.0,1453123146.8,2799405127.2,-7555026.8,7723141018.4,60644854496.0,4319928631.2,326591316.0,5512909004.8,0.08374313903031026,5186317688.8,0.07878209542192366,0.0,-898334328.4,-0.013646032701319871,216359310.8,-1110588939.6,-0.016870259221305917,-1.189768,-1.189768,933450000,933450000,http://www.cbr.ru/eng/search/?text=TRMK&category=Any&time=Any&dateFrom=&dateTo=,http://www.cbr.ru/eng/search/?text=TRMK&category=Any&time=Any&dateFrom=&dateTo=,1620599025,18:23:45,20210509
14,2017-03-31,TRMK.ME,USD,2017-03-31,2017-03-31,Q1,52877031790.55,41625827100.61,11251204689.94,0.21278056481133226,110252102.88,1100168087.58,2229187716.31,0.0,6503865666.54,48376359438.38,3841680743.34,382352948.25,4883025300.42,0.09234681174544819,4500672352.17,0.08511582817275959,0.0,3254565886.54,0.06154970837681635,900504218.34,2442465031.18,0.046191417113857526,2.240896,2.240896,1089950000,1089950000,http://www.cbr.ru/eng/search/?text=TRMK&category=Any&time=Any&dateFrom=&dateTo=,http://www.cbr.ru/eng/search/?text=TRMK&category=Any&time=Any&dateFrom=&dateTo=,1620599025,18:23:45,20210509
15,2016-12-31,TRMK.ME,USD,2016-12-31,2016-12-31,Q4,50573439362.74,39629097808.21,10944341554.53,0.21640492899902017,72870544.22,1241445031.98,2090951802.03,2284629992.73,6221859558.12,46085646615.07,3788997941.2,423883525.8,4911676273.47,0.0971196805153157,4487792747.67,0.08873813614852509,0.0,5735415989.82,0.11340767134073088,735195019.73,4884795664.63,0.0965881641862166,4.740595054376613,4.740595054376613,1030418251,1030418251,http://www.cbr.ru/eng/search/?text=TRMK&category=Any&time=Any&dateFrom=&dateTo=,http://www.cbr.ru/eng/search/?text=TRMK&category=Any&time=Any&dateFrom=&dateTo=,1620599025,18:23:45,20210509
16,2016-09-30,TRMK.ME,USD,2016-09-30,2016-09-30,Q3,51923608535.7,41533646929.83,10389961605.87,0.20010091553491316,100883833.38,1213510040.82,2031186767.94,-483143915.43,6589141087.32,48360666793.23,4227714436.77,473737350.24,4036679092.71,0.07774265322747335,3562941742.47,0.06861891619147203,0.0,543749973.03,0.010472114484418885,-133775245.89,761552992.53,0.014666796357313945,0.631313,0.631313,1206300000,1206300000,http://www.cbr.ru/eng/search/?text=TRMK&category=Any&time=Any&dateFrom=&dateTo=,http://www.cbr.ru/eng/search/?text=TRMK&category=Any&time=Any&dateFrom=&dateTo=,1620599025,18:23:45,20210509
17,2016-06-30,TRMK.ME,USD,2016-06-30,2016-06-30,Q2,54412317110.61,42242310598.77,12170006511.84,0.22366271385026054,103382260.2,1270070211.42,2457370798.47,0.0,6640778628.81,49152521266.2,4755647785.41,538672628.61,5798468473.0199995,0.10656536572836632,5259795844.41,0.09666553684375956,0.0,3663433351.26,0.0673272807664656,57306956.58,3622335712.02,0.06657198047009233,3.828973,3.828973,946033333,946033333,http://www.cbr.ru/eng/search/?text=TRMK&category=Any&time=Any&dateFrom=&dateTo=,http://www.cbr.ru/eng/search/?text=TRMK&category=Any&time=Any&dateFrom=&dateTo=,1620599025,18:23:45,20210509
18,2016-03-31,TRMK.ME,USD,2016-03-31,2016-03-31,Q1,51932807314.7,41440584193.58,10492223121.12,0.20203458398733806,156207357.8,1321828025.96,2236425516.52,0.0,7460777187.5,49156886604.8,4349385828.84,590381957.1,3366302667.0,0.06482034846683786,2775920709.9,0.053452159693170555,0.0,491064091.18,0.009455758634503866,-476944037.44,1051295981.84,0.02024338825878227,1.364256,1.364256,770600000,770600000,http://www.cbr.ru/eng/search/?text=TRMK&category=Any&time=Any&dateFrom=&dateTo=,http://www.cbr.ru/eng/search/?text=TRMK&category=Any&time=Any&dateFrom=&dateTo=,1620599025,18:23:45,20210509
19,2015-12-31,TRMK.ME,USD,2015-12-31,2015-12-31,Q4,91673637072.66,73798956423.58,17874680649.08,0.19498168960955078,198151942.8,1766625922.9,3337565097.38,-495006000.0,10947840442.11,85165025101.6,6902768654.89,984794815.18,7493406786.240001,0.08174004027243699,6508611971.06,0.07099764096739515,0.0,-31445453698.88,-0.3430152299287145,-4195973965.85,-27103061376.08,-0.29564727921286976,-26.302971002092626,-26.302971002092626,1030418251,1030418251,http://www.cbr.ru/eng/search/?text=TRMK&category=Any&time=Any&dateFrom=&dateTo=,http://www.cbr.ru/eng/search/?text=TRMK&category=Any&time=Any&dateFrom=&dateTo=,1620599025,18:23:45,20210509
20,2015-09-30,TRMK.ME,USD,2015-09-30,2015-09-30,Q3,60352407730.87,48636804422.47,11715603308.4,0.19411989925312487,107241614.91,1365964559.71,2410862602.59,0.0,8059645148.54,56963467367.25,4187097109.58,666227834.8,4055168198.42,0.06719148996512692,3388940363.62,0.056152529634481696,0.0,-6964911683.63,-0.11540404012858425,-2096576863.13,-4805332840.47,-0.07962122840067062,-5.266623,-5.266623,912412500,912412500,http://www.cbr.ru/eng/search/?text=TRMK&category=Any&time=Any&dateFrom=&dateTo=,http://www.cbr.ru/eng/search/?text=TRMK&category=Any&time=Any&dateFrom=&dateTo=,1620599025,18:23:45,20210509
21,2015-06-30,TRMK.ME,USD,2015-06-30,2015-06-30,Q2,64757552923.38,51340226152.67,13417326770.71,0.20719323329874964,139331485.31,1624456929.29,2238997358.9,0.0,7706128630.75,59341396585.18,4235654869.3,589526500.42,6005682838.62,0.09274104050419908,5416156338.2,0.08363744603827605,0.0,2964679856.96,0.04578122123403516,326072444.43,2742507140.68,0.042350382571201946,2.785516,2.785516,984560000,984560000,http://www.cbr.ru/eng/search/?text=TRMK&category=Any&time=Any&dateFrom=&dateTo=,http://www.cbr.ru/eng/search/?text=TRMK&category=Any&time=Any&dateFrom=&dateTo=,1620599025,18:23:45,20210509
22,2015-03-31,TRMK.ME,USD,2015-03-31,2015-03-31,Q1,65325752662.95,50793839371.89,14531913291.06,0.22245305562781348,170161300.26,1131163660.53,2388364194.78,0.0,7120622535.66,58186005702.21,3827707596.81,591301877.85,7731048838.59,0.1183461119610601,7139746960.74,0.10929452275242382,0.0,2064919475.43,0.0316095780187028,349769605.68,1734101483.76,0.026545449735683013,1.728111,1.728111,1003466667,1003466667,http://www.cbr.ru/eng/search/?text=TRMK&category=Any&time=Any&dateFrom=&dateTo=,http://www.cbr.ru/eng/search/?text=TRMK&category=Any&time=Any&dateFrom=&dateTo=,1620599025,18:23:45,20210509
23,2014-12-31,TRMK.ME,USD,2014-12-31,2014-12-31,Q4,155942697033.66,124906068009.32,31036629024.34,0.19902585766899228,273089860.19,2873592606.23,5512985374.92,0.0,16203823284.52,141758091587.36,6169952408.97,1311010474.58,15495615920.88,0.09936737157710754,14184605446.3,0.09096037016236978,0.0,-13709326932.18,-0.08791259349080555,-197228030.74,-13483421213.6,-0.08646394778390695,-13.08538663840107,-13.08538663840107,1030418251,1030418251,http://www.cbr.ru/eng/search/?text=TRMK&category=Any&time=Any&dateFrom=&dateTo=,http://www.cbr.ru/eng/search/?text=TRMK&category=Any&time=Any&dateFrom=&dateTo=,1620599025,18:23:45,20210509
24,2014-09-30,TRMK.ME,USD,2014-09-30,2014-09-30,Q3,60286768170.67,48668877403.12,11617890767.55,0.19271045902908754,109123220.61,1004225888.69,2038388585.64,0.0,6298420097.72,55196286437.9,2271524442.05,513151648.71,5603633381.4800005,0.09294963972220713,5090481732.77,0.08443779434915141,0.0,73262241.85,0.001215229213193131,365442330.91,-305094780.75,-0.005060725429604818,-0.394945,-0.394945,772500000,772500000,http://www.cbr.ru/eng/search/?text=TRMK&category=Any&time=Any&dateFrom=&dateTo=,http://www.cbr.ru/eng/search/?text=TRMK&category=Any&time=Any&dateFrom=&dateTo=,1620599025,18:23:45,20210509
25,2014-06-30,TRMK.ME,USD,2014-06-30,2014-06-30,Q2,51173475666.6,41567062714.56,9606412952.04,0.18772250324810227,99831257.64,981471535.98,1873337937.06,0.0,5812318918.02,47605098823.62,1971650463.6,439217034.12,4007593877.1,0.07831388868737098,3568376842.98,0.06973098458717775,0.0,2567296801.02,0.05016850560915932,531454636.26,2071549220.4,0.04048091698708014,2.362471,1.687479,876857143,876857143,http://www.cbr.ru/eng/search/?text=TRMK&category=Any&time=Any&dateFrom=&dateTo=,http://www.cbr.ru/eng/search/?text=TRMK&category=Any&time=Any&dateFrom=&dateTo=,1620599025,18:23:45,20210509
26,2014-03-31,TRMK.ME,USD,2014-03-31,2014-03-31,Q1,52453781468.94,42388413424.08,10065368044.86,0.19189022722451593,97101980.52,953381162.46,2169624613.38,0.0,6234276308.64,48838289045.4,1979749812.12,466941027.18,4082433450.72,0.07782915428389797,3615492423.54,0.06892720262086116,0.0,-508980388.68,-0.009703406969455344,53452600.92,-559678069.74,-0.010669927964514969,-0.715564,-0.715564,865026466,865026466,http://www.cbr.ru/eng/search/?text=TRMK&category=Any&time=Any&dateFrom=&dateTo=,http://www.cbr.ru/eng/search/?text=TRMK&category=Any&time=Any&dateFrom=&dateTo=,1620599025,18:23:45,20210509
27,2013-12-31,TRMK.ME,USD,2013-12-31,2013-12-31,Q4,54358787120.93,42268701540.49,12090085580.44,0.22241271781034463,115487756.51,1141566486.31,2211537085.63,-5786000.0,6263895790.44,48745498861.91,2184491924.66,528624745.15,6141913004.17,0.11298841143210778,5613288259.02,0.1032636774351187,0.0,2948387963.19,0.054239399356553517,1057519591.07,1859234105.01,0.03420300936578717,1.804348965292153,1.804348965292153,1030418251,1030418251,http://www.cbr.ru/eng/search/?text=TRMK&category=Any&time=Any&dateFrom=&dateTo=,http://www.cbr.ru/eng/search/?text=TRMK&category=Any&time=Any&dateFrom=&dateTo=,1620599025,18:23:45,20210509
28,2013-09-30,TRMK.ME,USD,2013-09-30,2013-09-30,Q3,48070449166.33,38927448887.82,9143000278.51,0.19020001762151276,103653410.42,873553180.33,1698706748.87,0.0,5420303885.5,44546330205.26,1692305197.01,475945681.47,4000064642.54,0.0832125497454633,3524118961.07,0.07331154632810047,0.0,1738053661.06,0.036156384872671116,620530226.51,1156902677.81,0.024066816471944464,1.293243,1.293243,865026466,865026466,http://www.cbr.ru/eng/search/?text=TRMK&category=Any&time=Any&dateFrom=&dateTo=,http://www.cbr.ru/eng/search/?text=TRMK&category=Any&time=Any&dateFrom=&dateTo=,1620599025,18:23:45,20210509
29,2013-06-30,TRMK.ME,USD,2013-06-30,2013-06-30,Q2,54155989316.0,42509947508.16,11646041807.84,0.215046238743519,108571420.32,1074416995.52,1867618905.68,0.0,5869096434.08,48603740148.48,2128866833.28,490640356.8,6042889524.320001,0.1115830326551651,5552249167.52,0.10252327097419728,0.0,2003382442.16,0.03699281404444984,693234758.48,1348735529.68,0.024904642066644434,1.642036,1.642036,863165598,863165598,http://www.cbr.ru/eng/search/?text=TRMK&category=Any&time=Any&dateFrom=&dateTo=,http://www.cbr.ru/eng/search/?text=TRMK&category=Any&time=Any&dateFrom=&dateTo=,1620599025,18:23:45,20210509
30,2013-03-31,TRMK.ME,USD,2013-03-31,2013-03-31,Q1,53628735891.0,42141017255.15,11487718635.85,0.21420826810459792,82307220.91,846641862.84,1839210354.97,1862000.0,5531094996.4,47888592369.41,2233426806.31,465733870.34,6205877391.93,0.1157192555226996,5740143521.59,0.10703484663999537,0.0,3475435618.1,0.06480547341566649,824160517.65,2587966637.37,0.0482570881892503,3.109453,3.109453,865026466,865026466,http://www.cbr.ru/eng/search/?text=TRMK&category=Any&time=Any&dateFrom=&dateTo=,http://www.cbr.ru/eng/search/?text=TRMK&category=Any&time=Any&dateFrom=&dateTo=,1620599025,18:23:45,20210509
31,2012-12-31,TRMK.ME,USD,2012-12-31,2012-12-31,Q4,45340047407.51,36235624907.11,9104422500.4,0.20080310941386373,103883188.89,-3364285646.82,-1996607722.58,-7395000.0,3817110079.41,40836665709.21,2102936129.12,2320812946.41,6824194644.71,0.150511413968651,4503381698.3,0.09932459174169439,0.0,1331472384.05,0.02936636506095621,579831398.56,696039330.93,0.01535153513789026,0.6754920443756774,0.6754920443756774,1030418251,1030418251,http://www.cbr.ru/eng/search/?text=TRMK&category=Any&time=Any&dateFrom=&dateTo=,http://www.cbr.ru/eng/search/?text=TRMK&category=Any&time=Any&dateFrom=&dateTo=,1620599025,18:23:45,20210509
32,2012-09-30,TRMK.ME,USD,2012-09-30,2012-09-30,Q3,50467889931.09,39496509093.32,10971380837.77,0.21739329408759853,80617987.17,2226654448.5799994,3453277566.57,0.0,6377965806.5,45874474899.82,2270100146.66,2372073435.05,6965488466.320001,0.13801822259323376,4593415031.27,0.0910165857447568,0.0,2928527191.7,0.05802753385764052,787016323.84,2124656933.26,0.04209918298864991,2.496879,1.872659,863165598,937130094,http://www.cbr.ru/eng/search/?text=TRMK&category=Any&time=Any&dateFrom=&dateTo=,http://www.cbr.ru/eng/search/?text=TRMK&category=Any&time=Any&dateFrom=&dateTo=,1620599025,18:23:45,20210509
33,2012-06-30,TRMK.ME,USD,2012-06-30,2012-06-30,Q2,57683770749.18,45077291945.76,12606478803.42,0.2185446381138183,163718821.14,2272983482.9700003,3621056047.62,7105000.0,6551959842.69,51629251788.45,0.0,2852202206.46,8906721167.189999,0.15440601492433834,6054518960.73,0.10496052671480509,0.0,3439423394.25,0.05962549517099475,962617429.56,2441140269.78,0.042319360161015514,2.915452,2.915452,863165598,863165598,http://www.cbr.ru/eng/search/?text=TRMK&category=Any&time=Any&dateFrom=&dateTo=,http://www.cbr.ru/eng/search/?text=TRMK&category=Any&time=Any&dateFrom=&dateTo=,1620599025,18:23:45,20210509
34,2012-03-31,TRMK.ME,USD,2012-03-31,2012-03-31,Q1,48638763026.82,36574834723.02,12063928303.8,0.24803114949999455,126656877.69,709589365.47,2402580383.28,0.0,5648210528.04,42406036433.46,2267125852.59,508387041.36,6741113634.719999,0.1385954990467761,6232726593.36,0.12814319702010513,0.0,4434867551.79,0.09117969446189576,1344457331.46,3042873568.62,0.06256066929461432,3.519061,2.932551,863165598,935133146,http://www.cbr.ru/eng/search/?text=TRMK&category=Any&time=Any&dateFrom=&dateTo=,http://www.cbr.ru/eng/search/?text=TRMK&category=Any&time=Any&dateFrom=&dateTo=,1620599025,18:23:45,20210509
35,2011-12-31,TRMK.ME,USD,2011-12-31,2011-12-31,Q4,51876182000.65,41143628556.45,10732553444.2,0.20688788245953652,-216191552.43,0.0,269411020.13,0.0,13248475691.36,54392104247.81,2221147693.87,2553766042.38,37843795.22000027,0.0007295023218849469,-2515922247.16,-0.04849860090182573,0.0,4708392848.32,0.09076213142017668,1287283092.55,3335501562.33,0.06429736024690881,3.2370365714048286,3.2370365714048286,1030418251,1030418251,http://www.cbr.ru/eng/search/?text=TRMK&category=Any&time=Any&dateFrom=&dateTo=,http://www.cbr.ru/eng/search/?text=TRMK&category=Any&time=Any&dateFrom=&dateTo=,1620599025,18:23:45,20210509
36,2011-09-30,TRMK.ME,USD,2011-09-30,2011-09-30,Q3,51119564220.76,41535625852.84,9583938367.92,0.1874808307545763,145697889.96,2192670388.58,3185054026.21,0.0,5985818714.05,47521444566.89,2383205752.55,3419215273.87,7017334927.74,0.1372729802123433,3598119653.87,0.07038635224532644,0.0,1226322441.26,0.023989297638847676,552517501.34,678903728.72,0.013280702585572759,0.637349,0.637349,864752666,864752666,http://www.cbr.ru/eng/search/?text=TRMK&category=Any&time=Any&dateFrom=&dateTo=,http://www.cbr.ru/eng/search/?text=TRMK&category=Any&time=Any&dateFrom=&dateTo=,1620599025,18:23:45,20210509
37,2011-06-30,TRMK.ME,USD,2011-06-30,2011-06-30,Q2,52652726444.59,40795353603.98,11857372840.61,0.22519959822191377,122449569.79,2066564208.8500004,3093302029.79,32337000.0,5492853956.35,46288207560.33,0.0,0.0,5014939087.03,0.0952455727493534,6364518884.26,0.12087729001000189,0.0,5702271027.87,0.10829963447136746,1399383616.3,4278167676.95,0.08125253839328156,5.044844,3.643498,866010298,937516254,http://www.cbr.ru/eng/search/?text=TRMK&category=Any&time=Any&dateFrom=&dateTo=,http://www.cbr.ru/eng/search/?text=TRMK&category=Any&time=Any&dateFrom=&dateTo=,1620599025,18:23:45,20210509
