,date,symbol,reportedCurrency,fillingDate,acceptedDate,period,revenue,costOfRevenue,grossProfit,grossProfitRatio,researchAndDevelopmentExpenses,generalAndAdministrativeExpenses,sellingAndMarketingExpenses,otherExpenses,operatingExpenses,costAndExpenses,interestExpense,depreciationAndAmortization,ebitda,ebitdaratio,operatingIncome,operatingIncomeRatio,totalOtherIncomeExpensesNet,incomeBeforeTax,incomeBeforeTaxRatio,incomeTaxExpense,netIncome,netIncomeRatio,eps,epsdiluted,weightedAverageShsOut,weightedAverageShsOutDil,link,finalLink,timestamp,est_time,est_date
0,2020-06-30,RHE,USD,2020-08-11 00:00:00,2020-08-11 16:33:59,Q2,4539000.0,174000.0,4365000.0,0.9616655651024455,0.0,2353000.0,0.0,9000.0,3284000.0,3458000.0,684000.0,544000.0,1625000.0,0.3580083718880811,1081000.0,0.23815818462216348,9000.0,406000.0,0.08944701476096056,0.0,412000.0,0.09076889182639347,-1.09,-1.09,1688000.0,1688000.0,https://www.sec.gov/Archives/edgar/data/1004724/000156459020039335/0001564590-20-039335-index.htm,https://www.sec.gov/Archives/edgar/data/1004724/000156459020039335/rhe-10q_20200630.htm,1620597242,17:54:02,20210509
1,2020-03-31,RHE,USD,2020-06-11 00:00:00,2020-06-11 17:11:27,Q1,4548000.0,151000.0,4397000.0,0.9667985927880387,0.0,2517000.0,0.0,-144000.0,3515000.0,3666000.0,715000.0,550000.0,1432000.0,0.3148636763412489,882000.0,0.19393139841688653,-144000.0,23000.0,0.005057167985927881,0.0,-14000.0,-0.0030782761653474055,-1.34,-1.34,1688000.0,1688000.0,https://www.sec.gov/Archives/edgar/data/1004724/000156459020029032/0001564590-20-029032-index.html,https://www.sec.gov/Archives/edgar/data/1004724/000156459020029032/rhe-10q_20200331.htm,1620597242,17:54:02,20210509
2,2019-12-31,RHE,USD,2020-03-27 00:00:00,2020-03-27 16:12:37,Q4,4579000.0,194000.0,4385000.0,0.9576326708888404,0.0,2280000.0,0.0,0.0,3186000.0,3380000.0,730000.0,552000.0,1751000.0,0.3823979034723739,1199000.0,0.2618475649705176,20000.0,489000.0,0.10679187595544878,-44000.0,748000.0,0.1633544442017908,0.4431279620853081,0.4431279620853081,1688000.0,1688000.0,https://www.sec.gov/Archives/edgar/data/1004724/000156459020013602/0001564590-20-013602-index.html,https://www.sec.gov/Archives/edgar/data/1004724/000156459020013602/rhe-10k_20191231.htm,1620597242,17:54:02,20210509
3,2019-09-30,RHE,USD,2019-11-12 00:00:00,2019-11-12 16:12:27,Q3,4830000.0,148000.0,4682000.0,0.9693581780538302,0.0,2370000.0,0.0,48000.0,3390000.0,3538000.0,1157000.0,571000.0,1863000.0,0.38571428571428573,1292000.0,0.26749482401656316,5575000.0,5710000.0,1.1821946169772257,0.0,5811000.0,1.2031055900621117,2.11,2.11,1688000.0,1688000.0,https://www.sec.gov/Archives/edgar/data/1004724/000156459019042916/0001564590-19-042916-index.html,https://www.sec.gov/Archives/edgar/data/1004724/000156459019042916/rhe-10q_20190930.htm,1620597242,17:54:02,20210509
4,2019-06-30,RHE,USD,2019-08-14 00:00:00,2019-08-13 20:35:41,Q2,5301000.0,160000.0,5141000.0,0.9698170156574232,0.0,2535000.0,0.0,-47000.0,3524000.0,3684000.0,1724000.0,604000.0,2221000.0,0.4189775514053952,1617000.0,0.3050367855121675,-1268000.0,-1375000.0,-0.25938502169402,0.0,-1243000.0,-0.23448405961139407,-2.07,-2.07,1688000.0,1688000.0,https://www.sec.gov/Archives/edgar/data/1004724/000156459019031905/0001564590-19-031905-index.html,https://www.sec.gov/Archives/edgar/data/1004724/000156459019031905/rhe-10q_20190630.htm,1620597242,17:54:02,20210509
5,2019-03-31,RHE,USD,2019-05-17 00:00:00,2019-05-16 18:38:58,Q1,5424000.0,159000.0,5265000.0,0.9706858407079646,0.0,2652000.0,0.0,-7000.0,3911000.0,4070000.0,1654000.0,731000.0,2085000.0,0.3844026548672566,1354000.0,0.24963126843657818,350000.0,50000.0,0.009218289085545723,44000.0,184000.0,0.03392330383480826,-1.22,-1.22,1688000.0,1688000.0,https://www.sec.gov/Archives/edgar/data/1004724/000156459019019674/0001564590-19-019674-index.html,https://www.sec.gov/Archives/edgar/data/1004724/000156459019019674/rhe-10k_20181231.htm,1620597242,17:54:02,20210509
6,2018-12-31,RHE,USD,2019-05-17,2019-05-16 18:38:58,Q4,5489000.0,190000.0,5299000.0,0.9653853160867188,0.0,3112000.0,0.0,-42000.0,4673000.0,4863000.0,1334000.0,1127000.0,1753000.0,0.3193660047367462,626000.0,0.11404627436691565,-1321000.0,-2029000.0,-0.36964838768445984,-71000.0,-1642000.0,-0.29914374202951355,-2.309997,-2.309997,1687999.0,1687999.0,https://www.sec.gov/Archives/edgar/data/1004724/000156459019019674/rhe-10k_20181231.htm,https://www.sec.gov/Archives/edgar/data/1004724/000156459019019674/rhe-10k_20181231.htm,1620597242,17:54:02,20210509
7,2018-09-30,RHE,USD,2018-11-14 00:00:00,2018-11-13 18:03:50,Q3,5256000.0,137000.0,5119000.0,0.9739345509893456,0.0,3155000.0,0.0,0.0,4488000.0,4625000.0,1783000.0,1126000.0,1757000.0,0.3342846270928463,631000.0,0.12005327245053272,-3514000.0,-4666000.0,-0.8877473363774734,0.0,-4509000.0,-0.8578767123287672,-3.840015,-3.840015,1682243.0,1682243.0,https://www.sec.gov/Archives/edgar/data/1004724/000156459018029369/0001564590-18-029369-index.html,https://www.sec.gov/Archives/edgar/data/1004724/000156459018029369/rhe-10q_20180930.htm,1620597242,17:54:02,20210509
8,2018-06-30,RHE,USD,2018-08-14 00:00:00,2018-08-14 16:11:28,Q2,5314000.0,154000.0,5160000.0,0.9710199473089951,0.0,3058000.0,0.0,-1000.0,6487000.0,6641000.0,1537000.0,1160000.0,-167000.0,-0.0314264207753105,-1327000.0,-0.2497177267595032,-1000.0,-2865000.0,-0.5391418893488897,7000.0,-3216000.0,-0.6051938276251412,-3.000012,-3.000012,1671826.0,1671826.0,https://www.sec.gov/Archives/edgar/data/1004724/000156459018021710/0001564590-18-021710-index.html,https://www.sec.gov/Archives/edgar/data/1004724/000156459018021710/rhe-10q_20180630.htm,1620597242,17:54:02,20210509
9,2018-03-31,RHE,USD,2018-04-16 00:00:00,2018-04-16 09:08:16,Q1,5987000.0,157000.0,5830000.0,0.9737765157841991,0.0,3050000.0,0.0,-9000.0,6552000.0,6709000.0,1275000.0,1221000.0,499000.0,0.08334725238015701,-722000.0,-0.12059462168030734,-450000.0,-2447000.0,-0.4087188909303491,26000.0,-2528000.0,-0.42224820444295974,-2.760011,-2.760011,1641410.0,1641410.0,https://www.sec.gov/Archives/edgar/data/1004724/000156459018008206/0001564590-18-008206-index.html,https://www.sec.gov/Archives/edgar/data/1004724/000156459018008206/rhe-10k_20171231.htm,1620597242,17:54:02,20210509
10,2017-12-31,RHE,USD,2018-04-16,2018-04-16 09:08:16,Q4,6364000.0,0.0,0.0,0.0,0.0,3152000.0,0.0,-86000.0,5097000.0,5097000.0,1046000.0,1369000.0,2636000.0,0.4142049025769956,1267000.0,0.19908862350722817,-86000.0,135000.0,0.021213073538654936,-208000.0,713000.0,0.11203645505971087,0.4343826344423392,0.4343826344423392,1641410.0,1641410.0,https://www.sec.gov/Archives/edgar/data/1004724/000156459018008206/rhe-10k_20171231.htm,https://www.sec.gov/Archives/edgar/data/1004724/000156459018008206/rhe-10k_20171231.htm,1620597242,17:54:02,20210509
11,2017-09-30,RHE,USD,2017-11-14 00:00:00,2017-11-14 16:02:50,Q3,6345000.0,0.0,0.0,0.0,0.0,3234000.0,0.0,-105000.0,4944000.0,4944000.0,1011000.0,1193000.0,2594000.0,0.40882584712371944,1401000.0,0.22080378250591018,-105000.0,285000.0,0.04491725768321513,19000.0,-766000.0,-0.12072498029944838,-1.560006,-1.560006,1646826.0,1646826.0,https://www.sec.gov/Archives/edgar/data/1004724/000100472417000078/0001004724-17-000078-index.html,https://www.sec.gov/Archives/edgar/data/1004724/000100472417000078/a09302017-documentx10q.htm,1620597242,17:54:02,20210509
12,2017-06-30,RHE,USD,2017-08-14 00:00:00,2017-08-14 16:29:11,Q2,6304000.0,0.0,0.0,0.0,0.0,2992000.0,0.0,-188000.0,4486000.0,4486000.0,1006000.0,1171000.0,2989000.0,0.47414340101522845,1818000.0,0.28838832487309646,-188000.0,624000.0,0.09898477157360407,0.0,20000.0,0.0031725888324873096,-1.200005,-1.200005,1647160.0,1647160.0,https://www.sec.gov/Archives/edgar/data/1004724/000100472417000049/0001004724-17-000049-index.html,https://www.sec.gov/Archives/edgar/data/1004724/000100472417000049/a06302017-documentx10q.htm,1620597242,17:54:02,20210509
13,2017-03-31,RHE,USD,2017-04-17 00:00:00,2017-04-17 16:21:54,Q1,6135000.0,0.0,0.0,0.0,0.0,3793000.0,0.0,-95000.0,5483000.0,5483000.0,1032000.0,1135000.0,1787000.0,0.291279543602282,652000.0,0.10627546862265688,-158000.0,-538000.0,-0.08769356153219234,1000.0,-952000.0,-0.15517522412387938,-1.680007,-1.680007,1652076.0,1652076.0,https://www.sec.gov/Archives/edgar/data/1004724/000100472417000021/0001004724-17-000021-index.html,https://www.sec.gov/Archives/edgar/data/1004724/000100472417000021/a12312016-documentx10k.htm,1620597242,17:54:02,20210509
14,2016-12-31,RHE,USD,2017-04-17,2017-04-17 16:21:54,Q4,5926000.0,0.0,0.0,0.0,0.0,3610000.0,0.0,-21000.0,4695000.0,4695000.0,1508000.0,1120000.0,2351000.0,0.39672629092136347,1231000.0,0.2077286533918326,8484000.0,8207000.0,1.3849139385757678,-166000.0,1458000.0,0.24603442456969288,0.8825259854873505,0.8825259854873505,1652076.0,1652076.0,https://www.sec.gov/Archives/edgar/data/1004724/000100472417000021/a12312016-documentx10k.htm,https://www.sec.gov/Archives/edgar/data/1004724/000100472417000021/a12312016-documentx10k.htm,1620597242,17:54:02,20210509
15,2016-09-30,RHE,USD,2016-11-14 00:00:00,2016-11-14 16:44:53,Q3,7165000.0,0.0,0.0,0.0,0.0,3774000.0,0.0,0.0,5139000.0,5139000.0,1801000.0,1124000.0,3150000.0,0.4396371249127704,2026000.0,0.28276343335659454,0.0,225000.0,0.0314026517794836,3000.0,-1988000.0,-0.2774598743893929,-2.280009,-2.280009,1659743.0,1659743.0,https://www.sec.gov/Archives/edgar/data/1004724/000100472416000230/0001004724-16-000230-index.html,https://www.sec.gov/Archives/edgar/data/1004724/000100472416000230/a09302016-documentx10q.htm,1620597242,17:54:02,20210509
16,2016-06-30,RHE,USD,2016-08-15,2016-08-15 16:16:27,Q2,7164000.0,0.0,0.0,0.0,0.0,4303000.0,0.0,-9000.0,6611000.0,6611000.0,1751000.0,1339000.0,1892000.0,0.26409826912339474,553000.0,0.07719151312116136,-9000.0,-1207000.0,-0.1684812953657175,0.0,-4982000.0,-0.6954215522054717,-4.080016,-4.080016,1658910.0,1658910.0,https://www.sec.gov/Archives/edgar/data/1004724/000100472416000208/a06302016-documentx10q.htm,https://www.sec.gov/Archives/edgar/data/1004724/000100472416000208/a06302016-documentx10q.htm,1620597242,17:54:02,20210509
17,2016-03-31,RHE,USD,2016-05-16 00:00:00,2016-05-16 16:47:19,Q1,7082000.0,0.0,0.0,0.0,0.0,4721000.0,0.0,-42000.0,6637000.0,6637000.0,1825000.0,1713000.0,2158000.0,0.30471618186952837,445000.0,0.06283535724371646,-42000.0,-1422000.0,-0.20079073707992093,0.0,-1950000.0,-0.2753459474724654,-2.280009,-2.280009,1657076.0,1657076.0,https://www.sec.gov/Archives/edgar/data/1004724/000100472416000187/0001004724-16-000187-index.html,https://www.sec.gov/Archives/edgar/data/1004724/000100472416000187/a03312016-documentx10q.htm,1620597242,17:54:02,20210509
18,2015-12-31,RHE,USD,2016-03-30 00:00:00,2016-03-30 08:04:12,Q4,-6281000.0,0.0,6251000.0,-0.995223690495144,0.0,4929000.0,0.0,-169000.0,9283000.0,-3604000.0,1862000.0,1960000.0,-717000.0,0.11415379716605636,-2677000.0,0.4262060181499761,-169000.0,-4708000.0,0.7495621716287215,90000.0,-8595000.0,1.3684126731412196,-6.000024,-6.000024,1654660.0,1654660.0,https://www.sec.gov/Archives/edgar/data/1004724/000100472416000179/0001004724-16-000179-index.html,https://www.sec.gov/Archives/edgar/data/1004724/000100472416000179/a12312015-documentx10k.htm,1620597242,17:54:02,20210509
19,2015-09-30,RHE,USD,2015-11-16 00:00:00,2015-11-16 16:02:29,Q3,10420000.0,4354000.0,6066000.0,0.5821497120921305,0.0,3924000.0,0.0,-269000.0,5836000.0,10190000.0,1830000.0,1912000.0,2142000.0,0.2055662188099808,230000.0,0.022072936660268713,-269000.0,-1869000.0,-0.1793666026871401,0.0,-4812000.0,-0.46180422264875237,-3.840015,-3.840015,1653160.0,1653160.0,https://www.sec.gov/Archives/edgar/data/1004724/000100472415000136/0001004724-15-000136-index.html,https://www.sec.gov/Archives/edgar/data/1004724/000100472415000136/a09302015-documentx10q.htm,1620597242,17:54:02,20210509
20,2015-06-30,RHE,USD,2015-08-13 00:00:00,2015-08-13 06:47:05,Q2,23326000.0,16862000.0,6464000.0,0.2771156649232616,0.0,4406000.0,0.0,-194000.0,6203000.0,23065000.0,2279000.0,1767000.0,2028000.0,0.08694161022035497,261000.0,0.011189230901140358,-194000.0,-2212000.0,-0.09482980365257652,0.0,-5093000.0,-0.2183400497299151,-3.960016,-3.960016,1647910.0,1647910.0,https://www.sec.gov/Archives/edgar/data/1004724/000100472415000100/0001004724-15-000100-index.html,https://www.sec.gov/Archives/edgar/data/1004724/000100472415000100/a06302015-documentx10q.htm,1620597242,17:54:02,20210509
21,2015-03-31,RHE,USD,2015-05-14 00:00:00,2015-05-14 17:10:59,Q1,47703000.0,41221000.0,6482000.0,0.13588243925958535,0.0,5101000.0,0.0,-280000.0,6807000.0,48028000.0,2537000.0,1706000.0,1381000.0,0.02894996121837201,-325000.0,-0.006812988700920277,-960000.0,-3822000.0,-0.08012074712282247,20000.0,-5019000.0,-0.10521350858436576,-3.480014,-3.480014,1601493.0,1601493.0,https://www.sec.gov/Archives/edgar/data/1004724/000100472415000059/0001004724-15-000059-index.html,https://www.sec.gov/Archives/edgar/data/1004724/000100472415000059/a3312015-documentx10q.htm,1620597242,17:54:02,20210509
22,2014-12-31,RHE,USD,2015-03-31,2015-03-31 16:06:17,Q4,26890000.0,21691000.0,5199000.0,0.1933432502789141,0.0,5083000.0,0.0,-252000.0,6667000.0,28358000.0,2864000.0,1584000.0,116000.0,0.004313871327631089,-1468000.0,-0.05459278542209,-859000.0,-5191000.0,-0.19304574191149126,368000.0,-5280000.0,-0.1963555224990703,-3.960016,-3.960016,1511160.0,1511160.0,https://www.sec.gov/Archives/edgar/data/1004724/000100472415000028/a12312014-documentx10k.htm,https://www.sec.gov/Archives/edgar/data/1004724/000100472415000028/a12312014-documentx10k.htm,1620597242,17:54:02,20210509
23,2014-09-30,RHE,USD,2014-11-13 00:00:00,2014-11-12 18:07:30,Q3,57079000.0,47198000.0,9881000.0,0.17311095148828817,0.0,6762000.0,0.0,-444000.0,8668000.0,55866000.0,2644000.0,1906000.0,3119000.0,0.054643564182974474,1213000.0,0.02125124826994166,-1672000.0,-3103000.0,-0.05436325093291754,-244000.0,-3331000.0,-0.05835771474622891,-2.640011,-2.640011,1511160.0,1511160.0,https://www.sec.gov/Archives/edgar/data/1004724/000100472414000131/0001004724-14-000131-index.html,https://www.sec.gov/Archives/edgar/data/1004724/000100472414000131/a9302014-documentx10q.htm,1620597242,17:54:02,20210509
24,2014-06-30,RHE,USD,2014-08-11 00:00:00,2014-08-11 16:10:29,Q2,55729000.0,46364000.0,9365000.0,0.16804536237865383,0.0,7212000.0,0.0,-84000.0,9166000.0,55530000.0,2650000.0,1953000.0,2152000.0,0.03861544258823952,199000.0,0.0035708518006782822,-84000.0,-2535000.0,-0.04548798650612787,0.0,-2638000.0,-0.04733621633260959,-2.280009,-2.280009,1435077.0,1435077.0,https://www.sec.gov/Archives/edgar/data/1004724/000100472414000098/0001004724-14-000098-index.html,https://www.sec.gov/Archives/edgar/data/1004724/000100472414000098/a6302014-documentx10q.htm,1620597242,17:54:02,20210509
25,2014-03-31,RHE,USD,2014-05-08 00:00:00,2014-05-08 07:08:35,Q1,54932000.0,45450000.0,9482000.0,0.17261341294691618,0.0,6319000.0,0.0,-108000.0,8176000.0,53626000.0,2622000.0,1857000.0,3163000.0,0.05758028107478337,1306000.0,0.023774848904099612,-691000.0,-2007000.0,-0.03653608097283915,8000.0,-2350000.0,-0.042780164567101146,-2.160009,-2.160009,1409661.0,1409661.0,https://www.sec.gov/Archives/edgar/data/1004724/000100472414000044/0001004724-14-000044-index.html,https://www.sec.gov/Archives/edgar/data/1004724/000100472414000044/a3312014-documentx10q.htm,1620597242,17:54:02,20210509
26,2013-12-31,RHE,USD,2014-03-31,2014-03-31 08:53:26,Q4,54332000.0,44393000.0,9939000.0,0.18293086946918943,0.0,6889000.0,0.0,-321000.0,9271000.0,53664000.0,2635000.0,2382000.0,3050000.0,0.05613634690421851,668000.0,0.01229478024000589,-323000.0,-2290000.0,-0.0421482735772657,118000.0,-3087000.0,-0.05681734521092542,-2.880012,-2.880012,1312161.0,1312161.0,https://www.sec.gov/Archives/edgar/data/1004724/000100472414000038/adk-12312013xdocumentx10k.htm,https://www.sec.gov/Archives/edgar/data/1004724/000100472414000038/adk-12312013xdocumentx10k.htm,1620597242,17:54:02,20210509
27,2013-09-30,RHE,USD,2013-11-14 00:00:00,2013-11-14 16:17:53,Q3,55865000.0,46102000.0,9763000.0,0.17476058354962856,0.0,6651000.0,0.0,15000.0,8539000.0,54641000.0,3462000.0,1888000.0,3112000.0,0.05570571914436588,1224000.0,0.021909961514364987,1959000.0,-279000.0,-0.004994182404009666,-54000.0,-218000.0,-0.0039022643873623916,-0.360001,-0.360001,1246828.0,1246828.0,https://www.sec.gov/Archives/edgar/data/1004724/000100472413000031/0001004724-13-000031-index.html,https://www.sec.gov/Archives/edgar/data/1004724/000100472413000031/a9302013-documentx10q.htm,1620597242,17:54:02,20210509
28,2013-06-30,RHE,USD,2013-07-08 00:00:00,2013-07-08 09:23:16,Q2,56421000.0,47495000.0,8926000.0,0.1582035057868524,0.0,7260000.0,0.0,0.0,9127000.0,56622000.0,3355000.0,1841000.0,1640000.0,0.02906719129402173,-201000.0,-0.003562503323230712,-2453000.0,-6009000.0,-0.10650289785718084,0.0,-6704000.0,-0.11882100636287907,-5.640023,-5.640023,1227745.0,1227745.0,https://www.sec.gov/Archives/edgar/data/1004724/000104746913007401/0001047469-13-007401-index.html,https://www.sec.gov/Archives/edgar/data/1004724/000104746913007401/a2214266z10-k.htm,1620597242,17:54:02,20210509
29,2013-03-31,RHE,USD,2013-07-26,2013-07-26 09:04:23,Q1,57642000.0,49066000.0,8576000.0,0.1487804031782381,0.0,7954000.0,0.0,0.0,9783000.0,58849000.0,3436000.0,1829000.0,622000.0,0.01079074286110822,-1207000.0,-0.020939592658131223,2037000.0,-2606000.0,-0.045210089865028974,78000.0,-2558000.0,-0.04437736372783734,-2.40001,-2.40001,1223578.0,1223578.0,https://www.sec.gov/Archives/edgar/data/1004724/000110465913056878/a13-8346_110q.htm,https://www.sec.gov/Archives/edgar/data/1004724/000110465913056878/a13-8346_110q.htm,1620597242,17:54:02,20210509
30,2012-12-31,RHE,USD,2013-07-08,2013-07-08 09:23:16,Q4,34711000.0,36693000.0,-1982000.0,-0.057100054737691225,0.0,5315000.0,0.0,278000.0,6750000.0,43443000.0,4036000.0,1435000.0,-7297000.0,-0.21022154360289244,-8732000.0,-0.2515629051309383,-581000.0,-12709000.0,-0.36613753565152257,-120000.0,-5654000.0,-0.16288784535161765,0.59595,0.59595,1221578.0,1221578.0,https://www.sec.gov/Archives/edgar/data/1004724/000104746913007401/a2214266z10-k.htm,https://www.sec.gov/Archives/edgar/data/1004724/000104746913007401/a2214266z10-k.htm,1620597242,17:54:02,20210509
31,2012-09-30,RHE,USD,2012-11-13 00:00:00,2012-11-13 17:17:03,Q3,61770000.0,49164000.0,12606000.0,0.20407965031568723,0.0,6446000.0,0.0,0.0,8558000.0,57722000.0,0.0,2112000.0,6160000.0,0.09972478549457665,4048000.0,0.06553343046786465,-2718000.0,-2120000.0,-0.03432086773514651,118000.0,-1702000.0,-0.027553828719443094,-1.320005,-1.320005,1208995.0,1208995.0,https://www.sec.gov/Archives/edgar/data/1004724/000110465912077465/0001104659-12-077465-index.html,https://www.sec.gov/Archives/edgar/data/1004724/000110465912077465/a12-19147_110q.htm,1620597242,17:54:02,20210509
32,2012-06-30,RHE,USD,2012-08-07 00:00:00,2012-08-07 17:24:33,Q2,55005000.0,42227000.0,12778000.0,0.23230615398600127,0.0,6979000.0,0.0,0.0,8740000.0,50967000.0,3366000.0,1761000.0,5799000.0,0.1054267793836924,4038000.0,0.07341150804472321,-184000.0,488000.0,0.008871920734478685,45000.0,679000.0,0.012344332333424234,0.6050372244919782,0.585599765415116,1122245.0,1159495.0,https://www.sec.gov/Archives/edgar/data/1004724/000110465912055305/0001104659-12-055305-index.html,https://www.sec.gov/Archives/edgar/data/1004724/000110465912055305/a12-13289_110q.htm,1620597242,17:54:02,20210509
33,2012-03-31,RHE,USD,2012-05-10,2012-05-10 16:35:21,Q1,50171000.0,40123000.0,10048000.0,0.20027505929720357,0.0,5996000.0,0.0,0.0,7493000.0,47616000.0,0.0,1497000.0,4052000.0,0.08076378784556816,2555000.0,0.05092583364892069,101000.0,-298000.0,-0.005939686272946523,54000.0,-206000.0,-0.004105957624922764,-0.240001,-0.240001,1016995.0,1016995.0,https://www.sec.gov/Archives/edgar/data/1004724/000110465912035965/a12-8840_110q.htm,https://www.sec.gov/Archives/edgar/data/1004724/000110465912035965/a12-8840_110q.htm,1620597242,17:54:02,20210509
34,2011-12-31,RHE,USD,2012-03-19 00:00:00,2012-03-19 08:34:30,Q4,44161083.0,63036754.0,-18875671.0,-0.42742771956022907,0.0,16074352.0,0.0,0.0,-18736622.0,44300132.0,0.0,1736861.0,1597812.0,0.03618144962613349,-139049.0,-0.003148677309385732,-234200.0,-3047788.0,-0.06901524584440105,-182865.0,-4530078.0,-0.10258077230578788,-4.454375881887325,-4.454375881887325,1016995.0,1016995.0,https://www.sec.gov/Archives/edgar/data/1004724/000104746912002859/0001047469-12-002859-index.html,https://www.sec.gov/Archives/edgar/data/1004724/000104746912002859/a2208218z10-k.htm,1620597242,17:54:02,20210509
35,2011-09-30,RHE,USD,2011-11-09 00:00:00,2011-11-09 16:51:34,Q3,40872463.0,21963988.0,18908475.0,0.4626213742000329,0.0,1981332.0,0.0,0.0,17194213.0,39158201.0,0.0,840115.0,2554377.0,0.06249628264389156,1714262.0,0.04194173470779092,3510757.0,2994808.0,0.07327202180108403,214424.0,3527989.0,0.08631701495454287,3.771444,3.314299,939579.0,1110303.0,https://www.sec.gov/Archives/edgar/data/1004724/000110465911062753/0001104659-11-062753-index.html,https://www.sec.gov/Archives/edgar/data/1004724/000110465911062753/a11-25992_110q.htm,1620597242,17:54:02,20210509
36,2011-06-30,RHE,USD,2011-08-11 00:00:00,2011-08-11 17:06:30,Q2,34809320.0,19102771.0,15706549.0,0.4512167718300731,0.0,2568473.0,0.0,0.0,3278247.0,22381018.0,1854281.0,709774.0,13138076.0,0.37742983775609523,12428302.0,0.3570394940205669,-15001133.0,-4427112.0,-0.1271818007361247,135265.0,-4396870.0,-0.12631301042364515,-5.942881,-5.942881,737245.0,737245.0,https://www.sec.gov/Archives/edgar/data/1004724/000110465911046169/0001104659-11-046169-index.html,https://www.sec.gov/Archives/edgar/data/1004724/000110465911046169/a11-20131_110q.htm,1620597242,17:54:02,20210509
37,2011-05-16,RHE,USD,2011-08-11 00:00:00,2011-08-11 17:06:30,Q1,31509865000.0,0.0,31509865000.0,1.0,0.0,0.0,0.0,10482845000.0,10482845000.0,10482845000.0,1459349000.0,651193000.0,1008484000.0,0.0320053418191414,357291000.0,0.011339020335377509,608165000.0,-845261000.0,-0.026825281542780334,-96372000.0,-748889000.0,-0.02376681080671085,-0.0897,-0.0897,8349197000.0,8349197000.0,https://www.sec.gov/Archives/edgar/data/1004724/000110465911046169/0001104659-11-046169-index.html,https://www.sec.gov/Archives/edgar/data/1004724/000110465911046169/a11-20131_110q.htm,1620597242,17:54:02,20210509
38,2011-03-31,RHE,USD,2011-05-16 00:00:00,2011-05-16 16:18:13,Q1,31509865.0,18115812.0,13394053.0,0.4250749090800611,0.0,1902724.0,0.0,0.0,13036762.0,31152574.0,1459349.0,651193.0,1008484.0,0.0320053418191414,357291.0,0.011339020335377509,237638.0,-845261.0,-0.026825281542780334,96372.0,-765296.0,-0.024287504881407775,-1.028576,-1.028576,730551.0,730551.0,https://www.sec.gov/Archives/edgar/data/1004724/000100472411000053/0001004724-11-000053-index.html,https://www.sec.gov/Archives/edgar/data/1004724/000100472411000053/adk10q051611.htm,1620597242,17:54:02,20210509
39,2010-12-31,RHE,USD,2010-12-31,2010-12-31,Q4,27363298.0,16121263.0,11242035.0,0.4108435686370846,0.0,0.0,0.0,0.0,11750486.0,27871749.0,1352171.0,498775.0,-9676.0,-0.0003536123459971821,-508451.0,-0.018581495549257258,2508348.0,-1154496.0,-0.04219140543658151,10642.0,-1043317.0,-0.03812833526134167,-0.00016217877800989223,-0.00016217877800989223,6433129000.0,6433129000.0,,,1620597242,17:54:02,20210509
40,2010-11-15,RHE,USD,2010-11-15,2010-11-15 16:05:49,Q3,13274686000.0,0.0,13274686000.0,1.0,0.0,0.0,0.0,5488360000.0,5488360000.0,5488360000.0,428027000.0,303190000.0,-456739000.0,-0.034406764875643765,-759929000.0,-0.0572464764891614,0.0,-1633022000.0,-0.1230177497230443,-10641000.0,-1579813000.0,-0.1190094439898616,-0.24557,-0.24557,6433129000.0,6433129000.0,https://www.sec.gov/Archives/edgar/data/1004724/000100472410000074/0001004724-10-000074-index.htm,https://www.sec.gov/Archives/edgar/data/1004724/000100472410000074/adcare9301010q111510.htm,1620597242,17:54:02,20210509
41,2010-09-30,RHE,USD,2010-11-15 00:00:00,2010-11-15 16:05:49,Q3,13274686.0,8243065.0,5031621.0,0.3790387960965706,0.0,0.0,0.0,0.0,5791550.0,14034615.0,427308.0,303190.0,-456739.0,-0.034406764875643765,-759929.0,-0.0572464764891614,-452645.0,-1633022.0,-0.1230177497230443,10641.0,-1499764.0,-0.11297924485746781,-2.068035,-2.068035,728151.0,728151.0,https://www.sec.gov/Archives/edgar/data/1004724/000100472410000074/0001004724-10-000074-index.html,https://www.sec.gov/Archives/edgar/data/1004724/000100472410000074/adcare9301010q111510.htm,1620597242,17:54:02,20210509
42,2010-08-16,RHE,USD,2010-11-15 00:00:00,2010-11-15 16:05:49,Q2,6224213000.0,0.0,6224213000.0,1.0,0.0,0.0,0.0,2296288000.0,2296288000.0,2296288000.0,299550000.0,233410000.0,-37085000.0,-0.005958182986347029,-270495000.0,-0.04345850632039745,0.0,205459000.0,0.03300963511370835,-10642000.0,194817000.0,0.031299860721347425,34.24656,34.24656,5688659.0,5688659.0,https://www.sec.gov/Archives/edgar/data/1004724/000100472410000074/0001004724-10-000074-index.html,https://www.sec.gov/Archives/edgar/data/1004724/000100472410000074/adcare9301010q111510.htm,1620597242,17:54:02,20210509
43,2010-06-30,RHE,USD,2010-08-16 00:00:00,2010-08-16 16:40:03,Q2,6224213.0,3965010.0,2259203.0,0.3629700654524516,0.0,0.0,0.0,0.0,2529698.0,6494708.0,299875.0,233410.0,-37085.0,-0.005958182986347029,-270495.0,-0.04345850632039745,774194.0,205459.0,0.03300963511370835,10642.0,-610041.0,-0.09801094531951268,-1.14027,-1.14027,550901.0,550901.0,https://www.sec.gov/Archives/edgar/data/1004724/000100472410000055/0001004724-10-000055-index.html,https://www.sec.gov/Archives/edgar/data/1004724/000100472410000055/adcare6301010q81610.htm,1620597242,17:54:02,20210509
44,2010-03-31,RHE,USD,2010-05-17 00:00:00,2010-05-17 16:32:50,Q1,6374518.0,4060964.0,2313554.0,0.36293787232226815,0.0,0.0,0.0,0.0,2427440.0,6488404.0,292945.0,242564.0,128678.0,0.020186310557127614,-113886.0,-0.017865821384456047,825953.0,424847.0,0.06664770575594892,10642.0,409501.0,0.0642403080515264,0.829287,0.518305,520929.0,753023.0,https://www.sec.gov/Archives/edgar/data/1004724/000100472410000023/0001004724-10-000023-index.html,https://www.sec.gov/Archives/edgar/data/1004724/000100472410000023/adcare3311010q51410.htm,1620597242,17:54:02,20210509
45,2009-12-31,RHE,USD,2010-03-31 00:00:00,2010-03-31 17:21:57,Q4,6783585.0,3994413.0,2789172.0,0.4111648928995509,0.0,0.0,0.0,0.0,2444761.0,6439174.0,321898.0,235892.0,580303.0,0.08554518001911969,344411.0,0.05077123674281372,4201.0,29260.0,0.004313353484919847,10642.0,-2649.0,-0.00039050148262312627,-6.99659203371042e-07,-6.99659203371042e-07,3786129000.0,3786129000.0,https://www.sec.gov/Archives/edgar/data/1004724/000100472410000008/0001004724-10-000008-index.html,https://www.sec.gov/Archives/edgar/data/1004724/000100472410000008/f123109adcare10k33110.htm,1620597242,17:54:02,20210509
46,2009-11-16,RHE,USD,2009-11-16,2009-11-16 16:51:11,Q3,6909499000.0,0.0,6909499000.0,1.0,0.0,0.0,0.0,2250031000.0,2250031000.0,2250031000.0,292364000.0,231773000.0,730188000.0,0.1056788632576689,498415000.0,0.07213475246179209,0.0,204459000.0,0.02959100218409468,-10641000.0,193818000.0,0.02805094841174447,0.05119159965230979,0.048469174042441346,3786129000.0,3998789000.0,https://www.sec.gov/Archives/edgar/data/1004724/000100472409000029/0001004724-09-000029-index.htm,https://www.sec.gov/Archives/edgar/data/1004724/000100472409000029/adcare9300910q111609.htm,1620597242,17:54:02,20210509
47,2009-09-30,RHE,USD,2009-11-16 00:00:00,2009-11-16 16:51:11,Q3,6909499.0,3929280.0,2980219.0,0.43132201046703966,0.0,0.0,0.0,0.0,2481805.0,6411085.0,292853.0,231773.0,730187.0,0.10567871852937528,498414.0,0.07213460773349847,-1622.0,204459.0,0.02959100218409468,10641.0,200017.0,0.028948119103859773,0.547630194857642,0.5185065170729684,365241.0,385756.0,https://www.sec.gov/Archives/edgar/data/1004724/000100472409000029/0001004724-09-000029-index.html,https://www.sec.gov/Archives/edgar/data/1004724/000100472409000029/adcare9300910q111609.htm,1620597242,17:54:02,20210509
48,2009-06-30,RHE,USD,2009-08-13 00:00:00,2009-08-13 17:06:11,Q2,6613127.0,3709728.0,2903399.0,0.43903572394723406,0.0,0.0,0.0,0.0,2376039.0,6085767.0,300314.0,225878.0,753238.0,0.1139004286474462,527360.0,0.07974442347772846,-53524.0,174620.0,0.026405057698120724,10642.0,147101.0,0.022243788755304413,0.4027505126751925,0.39192757249012194,365241.0,375327.0,https://www.sec.gov/Archives/edgar/data/1004724/000100472409000016/0001004724-09-000016-index.html,https://www.sec.gov/Archives/edgar/data/1004724/000100472409000016/adcare6300910q73109.htm,1620597242,17:54:02,20210509
49,2009-03-31,RHE,USD,2009-05-15 00:00:00,2009-05-15 16:33:51,Q1,6384889.0,3737729.0,2647160.0,0.4145976539294575,0.0,0.0,0.0,0.0,2243234.0,5980963.0,294860.0,225308.0,629234.0,0.0985504994683541,403926.0,0.0632628069180216,4200.0,114574.0,0.017944556279678472,10642.0,95814.0,0.015006368943923692,0.262330899324008,0.2602898629467136,365241.0,368105.0,https://www.sec.gov/Archives/edgar/data/1004724/000100472409000012/0001004724-09-000012-index.html,https://www.sec.gov/Archives/edgar/data/1004724/000100472409000012/adcare3310910q51509.htm,1620597242,17:54:02,20210509
50,2008-12-31,RHE,USD,2009-03-31 00:00:00,2009-03-31 17:02:35,Q4,6598456.0,4202080.0,2396376.0,0.3631722330193609,0.0,0.0,0.0,0.0,1838281.0,6040361.0,286383.0,227381.0,785476.0,0.11903936314798493,558095.0,0.08457963499339846,-467673.0,-157501.0,-0.023869371865175733,138082.0,-295583.0,-0.04479578252851879,-0.8092820904553432,-0.8092820904553432,365241.0,365241.0,https://www.sec.gov/Archives/edgar/data/1004724/000100472409000006/0001004724-09-000006-index.html,https://www.sec.gov/Archives/edgar/data/1004724/000100472409000006/f12310810k33009.htm,1620597242,17:54:02,20210509
51,2008-09-30,RHE,USD,2008-11-14 00:00:00,2008-11-14 16:49:10,Q3,6185760.0,4162908.0,2022852.0,0.327017537052844,0.0,2086919.0,0.0,0.0,2309419.0,6472327.0,367529.0,222501.0,-64066.0,-0.010357013527844598,-286567.0,-0.04632688626781511,-6093.0,-653808.0,-0.10569566229533639,10641.0,-664449.0,-0.10741590362380694,-1.865897,-1.865897,365241.0,365241.0,https://www.sec.gov/Archives/edgar/data/1004724/000100472408000034/0001004724-08-000034-index.html,https://www.sec.gov/Archives/edgar/data/1004724/000100472408000034/f9300810q111408.htm,1620597242,17:54:02,20210509
52,2008-08-14,RHE,USD,2008-08-14,2008-08-14 16:06:08,Q2,5149633000.0,0.0,5149633000.0,1.0,0.0,0.0,0.0,2113129000.0,2113129000.0,2113129000.0,393358000.0,206324000.0,205930000.0,0.039989257486892756,-394000.0,-7.651030665680448e-05,0.0,12319000.0,0.0023922093088963817,-10642000.0,22961000.0,0.0044587643430124045,0.00606,0.00606,3786129000.0,3786129000.0,https://www.sec.gov/Archives/edgar/data/1004724/000100472408000028/0001004724-08-000028-index.htm,https://www.sec.gov/Archives/edgar/data/1004724/000100472408000028/f6300810qsb81408.htm,1620597242,17:54:02,20210509
53,2008-06-30,RHE,USD,2008-08-14 00:00:00,2008-08-14 16:06:08,Q2,6016536.0,3697477.0,2319059.0,0.3854475399133322,0.0,2113128.0,0.0,0.0,2733045.0,6430522.0,406932.0,206324.0,-207662.0,-0.03451520941618234,-413986.0,-0.06880803173121544,413593.0,33605.0,0.005585439861076207,10642.0,22963.0,0.0038166479848205015,0.06287081680315189,0.0424369212118076,365241.0,541109.0,https://www.sec.gov/Archives/edgar/data/1004724/000100472408000028/0001004724-08-000028-index.html,https://www.sec.gov/Archives/edgar/data/1004724/000100472408000028/f6300810qsb81408.htm,1620597242,17:54:02,20210509
54,2008-03-31,RHE,USD,2008-05-15,2008-05-15 16:25:26,Q1,5992542.0,3587397.0,2405145.0,0.40135638598778284,0.0,2023256.0,0.0,0.0,2249950.0,5837347.0,241224.0,226694.0,381889.0,0.06372737979975776,155195.0,0.025898024577883642,-51930.0,-128826.0,-0.021497721668033366,10642.0,-139468.0,-0.023273595746179168,-0.414644,-0.414644,365241.0,365241.0,https://www.sec.gov/Archives/edgar/data/1004724/000100472408000019/f3310810qsb.htm,https://www.sec.gov/Archives/edgar/data/1004724/000100472408000019/f3310810qsb.htm,1620597242,17:54:02,20210509
55,2007-12-31,RHE,USD,2008-03-31,2008-03-31 12:00:33,Q4,6064705.0,3673237.0,2391468.0,0.3943255277874192,0.0,2186897.0,0.0,0.0,2402211.0,6075448.0,242015.0,215314.0,204571.0,0.03373140160980625,-10743.0,-0.001771396959951061,0.0,0.0,0.0,0.0,-267053.0,-0.04403396372948066,-0.7311692827475558,-0.7311692827475558,365241.0,365241.0,https://www.sec.gov/Archives/edgar/data/1004724/000100472408000012/f12310710ksb32908.htm,https://www.sec.gov/Archives/edgar/data/1004724/000100472408000012/f12310710ksb32908.htm,1620597242,17:54:02,20210509
56,2007-09-30,RHE,USD,2007-11-14,2007-11-14 13:54:31,Q3,5906326.0,3746406.0,2159920.0,0.3656960350647763,0.0,1855225.0,0.0,0.0,2078068.0,5824474.0,266716.0,222843.0,304695.0,0.05158790760956981,81852.0,0.013858361356958624,-37014.0,0.0,0.0,0.0,395785.0,0.06701035466040987,1.036609,1.036609,365241.0,365241.0,https://www.sec.gov/Archives/edgar/data/1004724/000114420407061149/v093914_10qsb.htm,https://www.sec.gov/Archives/edgar/data/1004724/000114420407061149/v093914_10qsb.htm,1620597242,17:54:02,20210509
57,2007-06-30,RHE,USD,2007-08-14,2007-08-14 09:32:26,Q2,5872377.0,3653871.0,2218506.0,0.37778671226319427,0.0,1924627.0,0.0,0.0,2161720.0,5815591.0,239689.0,237093.0,293879.0,0.05004430062988122,56786.0,0.009670019482740976,0.0,0.0,0.0,0.0,-212880.0,-0.03625107856665197,-0.518305,-0.518305,365241.0,365241.0,https://www.sec.gov/Archives/edgar/data/1004724/000095015207006818/l27531ae10qsb.htm,https://www.sec.gov/Archives/edgar/data/1004724/000095015207006818/l27531ae10qsb.htm,1620597242,17:54:02,20210509
58,2007-03-31,RHE,USD,2007-05-15,2007-05-15 09:49:33,Q1,5824348.0,3688575.0,2135773.0,0.36669735393558217,0.0,1779752.0,0.0,0.0,1951942.0,5640517.0,0.0,172190.0,356021.0,0.06112632692964088,183831.0,0.03156250279001186,0.0,0.0,0.0,0.0,-134777.0,-0.023140272524924677,-0.414644,-0.414644,365241.0,365241.0,https://www.sec.gov/Archives/edgar/data/1004724/000095015207004452/l26183ae10qsb.htm,https://www.sec.gov/Archives/edgar/data/1004724/000095015207004452/l26183ae10qsb.htm,1620597242,17:54:02,20210509
59,2006-12-31,RHE,USD,2007-04-30,2007-04-30 17:22:16,Q4,5925959.0,3720183.0,2205776.0,0.372222622532488,0.0,1777416.0,0.0,0.0,1961777.0,5681960.0,318032.0,246087.0,490086.0,0.08270155092196892,243999.0,0.041174601444255686,0.0,0.0,0.0,0.0,-508710.0,-0.08584433338131432,-1.3928063935867003,-1.3928063935867003,365241.0,365241.0,https://www.sec.gov/Archives/edgar/data/1004724/000095015207003729/l25892ae10ksbza.htm,https://www.sec.gov/Archives/edgar/data/1004724/000095015207003729/l25892ae10ksbza.htm,1620597242,17:54:02,20210509
