,date,symbol,reportedCurrency,fillingDate,acceptedDate,period,revenue,costOfRevenue,grossProfit,grossProfitRatio,researchAndDevelopmentExpenses,generalAndAdministrativeExpenses,sellingAndMarketingExpenses,otherExpenses,operatingExpenses,costAndExpenses,interestExpense,depreciationAndAmortization,ebitda,ebitdaratio,operatingIncome,operatingIncomeRatio,totalOtherIncomeExpensesNet,incomeBeforeTax,incomeBeforeTaxRatio,incomeTaxExpense,netIncome,netIncomeRatio,eps,epsdiluted,weightedAverageShsOut,weightedAverageShsOutDil,link,finalLink,timestamp,est_time,est_date
0,2020-05-31,SRV,USD,2020-05-31,2020-05-31,Q1,-10660490.0,266400.0,-10926890.0,1.0249894704652414,0.0,786280.0,0.0,-92220.0,694059.9999999999,960459.9999999999,60390.0,0.0,-24375150.0,2.286494,-11620950.0,1.0900952958072283,0.0,-24435540.0,2.292159178424256,0.0,-24435540.0,2.292159178424256,-11.19156,-11.19156,2183390.0,2183390.0,,,1620598296,18:11:36,20210509
1,2019-11-30,SRV,USD,2019-11-30,2019-11-30,Q4,-1091280.0,495830.0,-1587110.0,1.4543563521735943,0.0,996690.0,0.0,-5760.0,990939.9999999999,1486770.0,138650.0,0.0,-1613540.0,1.478576,-2578050.0,2.362409280844513,0.0,-1752190.0,1.605628253060626,0.0,-1752190.0,1.605628253060626,-1.04075,-1.04075,1683580.0,1683580.0,,,1620598296,18:11:36,20210509
2,2019-05-31,SRV,USD,2019-05-31,2019-05-31,Q3,0.0,0.0,0.0,0.0,0.0,0.0,0.0,0.0,0.0,0.0,0.0,0.0,0.0,0.0,0.0,0.0,0.0,0.0,0.0,0.0,0.0,0.0,0.0,0.0,1683580.0,1683580.0,,,1620598296,18:11:36,20210509
3,2018-11-30,SRV,USD,2018-11-30,2018-11-30,Q2,-575080.0,608050.0,-1183130.0,2.0573311539264103,0.0,1104760.0,0.0,-161460.0,943310.0000000001,1551360.0,196050.0,0.0,-8205940.0,14.269215,-2126440.0,3.697642067190652,0.0,-8401990.0,14.610123808861376,0.0,-8401990.0,14.610123808861376,-4.99055,-4.99055,1683580.0,1683580.0,,,1620598296,18:11:36,20210509
4,2018-05-31,SRV,USD,2018-05-31,2018-05-31,Q1,0.0,0.0,0.0,0.0,0.0,0.0,0.0,0.0,0.0,0.0,0.0,0.0,0.0,0.0,0.0,0.0,0.0,0.0,0.0,0.0,0.0,0.0,0.0,0.0,1683580.0,1683580.0,,,1620598296,18:11:36,20210509
5,2017-11-30,SRV,USD,2017-11-30,2017-11-30,Q4,-3242660.0,434720.0,-3677380.0,1.1340627756224828,0.0,1041180.0,0.0,-156950.0,884230.0000000001,1318950.0,11770.0,0.0,-9098960.0,2.806017,-4561610.0,1.4067493970999119,0.0,-9110730.0,2.809647018188771,0.0,-9110730.0,2.809647018188771,-5.41152,-5.41152,1683580.0,1683580.0,,,1620598296,18:11:36,20210509
6,2017-05-31,SRV,USD,2017-05-31,2017-05-31,Q3,4770000.0,590000.0,4170000.0,0.8742138364779874,0.0,1310000.0,0.0,-270000.0,1049999.9999999998,1639999.9999999998,100000.0,0.0,-1490000.0,-0.312369,3130000.0,0.6561844863731656,-270000.0,-1590000.0,-0.3333333333333333,970000.0,-2560000.0,-0.5366876310272537,-0.38039,-0.38039,6730000.0,6730000.0,,,1620598296,18:11:36,20210509
7,2016-11-30,SRV,USD,2016-11-30,2016-11-30,Q2,3490000.0,530000.0,2960000.0,0.8481375358166189,0.0,1170000.0,0.0,-370000.0,800000.0,1330000.0,50000.0,0.0,12220000.0,3.501433,2160000.0,0.6189111747851003,-370000.0,12170000.0,3.487106017191977,140000.0,12030000.0,3.4469914040114613,1.78752,1.78752,6730000.0,6730000.0,,,1620598296,18:11:36,20210509
8,2016-05-31,SRV,USD,2016-05-31,2016-05-31,Q1,-39070000.0,380000.0,-39450000.0,1.0097261325825442,0.0,1180000.0,0.0,-300000.0,880000.0,1260000.0,650000.0,0.0,3210000.0,-0.08216,-40330000.0,1.032249808036857,-300000.0,2560000.0,-0.06552341950345533,0.0,2560000.0,-0.06552341950345533,0.38039,0.38039,6730000.0,6730000.0,,,1620598296,18:11:36,20210509
9,2015-11-30,SRV,USD,2015-11-30,2015-11-30,Q4,-70830000.0,480000.0,-71310000.0,1.0067767894959763,0.0,1540000.0,0.0,-210000.0,1330000.0,1810000.0,42920000.0,0.0,-29980000.0,0.423267,-72640000.0,1.0255541437244104,-480000.0,-72890000.0,1.0290837215868982,-6230000.0,-66670000.0,0.9412678243682056,-9.90639,-9.90639,6730000.0,6730000.0,,,1620598296,18:11:36,20210509
10,2015-05-31,SRV,USD,2015-05-31,2015-05-31,Q3,3680000.0,570000.0,3120000.0,0.8478260869565217,0.0,2130000.0,0.0,-140000.0,1990000.0000000002,2560000.0,-48980000.0,0.0,-76150000.0,-20.692935,1120000.0,0.30434782608695654,-400000.0,-27170000.0,-7.383152173913044,-1250000.0,-25920000.0,-7.043478260869565,-3.85141,-3.85141,6730000.0,6730000.0,,,1620598296,18:11:36,20210509
11,2014-11-30,SRV,USD,2014-11-30,2014-11-30,Q2,26470000.0,590000.0,25880000.0,0.977710615791462,0.0,2970000.0,0.0,290000.0,3270000.0,3860000.0,-4750000.0,0.0,-24240000.0,-0.915754,22620000.0,0.8545523233849641,0.0,-19490000.0,-0.7363052512278051,6400000.0,-25890000.0,-0.9780884019644881,-3.84125,-3.84125,6740000.0,6740000.0,,,1620598296,18:11:36,20210509
12,2014-05-31,SRV,USD,2014-05-31,2014-05-31,Q1,14700000.0,360000.0,14340000.0,0.9755102040816327,0.0,2500000.0,0.0,100000.0,2600000.0,2960000.0,-800000.0,0.0,21460000.0,1.459864,11730000.0,0.7979591836734694,0.0,22260000.0,1.5142857142857142,1170000.0,21090000.0,1.4346938775510205,3.14307,3.14307,6710000.0,6710000.0,,,1620598296,18:11:36,20210509
13,2013-11-30,SRV,USD,2013-11-30,2013-11-30,Q4,2820000.0,210000.0,2610000.0,0.925531914893617,0.0,2120000.0,0.0,-10000.0,2110000.0,2320000.0,10220000.0,0.0,23680000.0,8.397163,500000.0,0.1773049645390071,0.0,13460000.0,4.773049645390071,5900000.0,7560000.0,2.6808510638297873,1.125,1.125,6720000.0,6720000.0,,,1620598296,18:11:36,20210509
14,2013-05-31,SRV,USD,2013-05-31,2013-05-31,Q3,2180000.0,340000.0,1830000.0,0.8394495412844036,0.0,2430000.0,0.0,20000.0,2450000.0,2790000.0,20710000.0,0.0,54990000.0,25.224771,-610000.0,-0.2798165137614679,0.0,34270000.0,15.720183486238533,-150000.0,34430000.0,15.793577981651376,5.16192,5.16192,6670000.0,6670000.0,,,1620598296,18:11:36,20210509
15,2012-11-30,SRV,USD,2012-11-30,2012-11-30,Q2,1120000.0,360000.0,760000.0,0.6785714285714286,0.0,2900000.0,0.0,-70000.0,2820000.0000000005,3180000.0000000005,16350000.0,0.0,27380000.0,24.446429,-2070000.0,-1.8482142857142858,0.0,11030000.0,9.848214285714286,380000.0,10650000.0,9.508928571428571,1.5967,1.5967,6670000.0,6670000.0,,,1620598296,18:11:36,20210509
16,2012-05-31,SRV,USD,2012-05-31,2012-05-31,Q1,4000000.0,600000.0,3400000.0,0.85,0.0,5140000.0,0.0,810000.0,5950000.0,6550000.0,-10460000.0,0.0,-28490000.0,-7.1225,-2550000.0,-0.6375,0.0,-18030000.0,-4.5075,270000.0,-18300000.0,-4.575,-2.76018,-2.76018,6630000.0,6630000.0,,,1620598296,18:11:36,20210509
17,2011-11-30,SRV,USD,2011-11-30,2011-11-30,Q4,2700000.0,320000.0,2380000.0,0.8814814814814815,0.0,4430000.0,0.0,480000.0,4910000.0,5230000.0,29430000.0,0.0,8940000.0,3.311111,-2530000.0,-0.937037037037037,0.0,-20490000.0,-7.588888888888889,0.0,-20490000.0,-7.588888888888889,-3.08584,-3.08584,6640000.0,6640000.0,,,1620598296,18:11:36,20210509
18,2011-05-31,SRV,USD,2011-05-31,2011-05-31,Q3,6310000.0,360000.0,5950000.0,0.9429477020602218,0.0,3070000.0,0.0,90000.0,3160000.0,3520000.0,28150000.0,0.0,48550000.0,7.694136,2790000.0,0.4421553090332805,0.0,20400000.0,3.2329635499207607,0.0,20400000.0,3.2329635499207607,3.0956,3.0956,6590000.0,6590000.0,,,1620598296,18:11:36,20210509
19,2010-11-30,SRV,USD,2010-11-30,2010-11-30,Q2,4530000.0,310000.0,4220000.0,0.9315673289183223,0.0,1890000.0,0.0,170000.0,2070000.0,2380000.0,520000.0,0.0,46270000.0,10.214128,2150000.0,0.4746136865342163,-50000.0,45750000.0,10.099337748344372,0.0,45750000.0,10.099337748344372,8.3945,8.3945,5450000.0,5450000.0,,,1620598296,18:11:36,20210509
20,2010-05-31,SRV,USD,2010-05-31,2010-05-31,Q1,1900000.0,150000.0,1750000.0,0.9210526315789473,0.0,1570000.0,0.0,40000.0,1610000.0,1760000.0,1020000.0,0.0,5410000.0,2.847368,140000.0,0.07368421052631578,0.0,4390000.0,2.3105263157894735,0.0,4390000.0,2.3105263157894735,1.27988,1.27988,3430000.0,3430000.0,,,1620598296,18:11:36,20210509
21,2009-11-30,SRV,USD,2009-11-30,2009-11-30,Q4,2630000.0,110000.0,2520000.0,0.9581749049429658,0.0,970000.0,0.0,-100000.0,870000.0,980000.0,-1690000.0,0.0,11890000.0,4.520913,1650000.0,0.6273764258555133,-160000.0,13580000.0,5.163498098859316,0.0,13580000.0,5.163498098859316,5.56557,5.56557,2440000.0,2440000.0,,,1620598296,18:11:36,20210509
22,2009-05-31,SRV,USD,2009-05-31,2009-05-31,Q3,-320000.0,70000.0,-380000.0,1.1875,0.0,950000.0,0.0,-100000.0,850000.0000000001,920000.0000000001,-50520000.0,0.0,-36990000.0,115.59375,-1240000.0,3.875,-140000.0,13530000.0,-42.28125,0.0,13530000.0,-42.28125,6.56796,6.56796,2060000.0,2060000.0,,,1620598296,18:11:36,20210509
23,2008-11-30,SRV,USD,2008-11-30,2008-11-30,Q2,760000.0,580000.0,180000.0,0.23684210526315788,0.0,1690000.0,0.0,10000.0,1690000.0,2270000.0,-59640000.0,0.0,-180620000.0,-237.657895,-1510000.0,-1.986842105263158,-60000.0,-120980000.0,-159.18421052631578,0.0,-120980000.0,-159.18421052631578,-63.67368,-63.67368,1900000.0,1900000.0,,,1620598296,18:11:36,20210509
24,2008-05-31,SRV,USD,2008-05-31,2008-05-31,Q1,770000.0,350000.0,420000.0,0.5454545454545454,0.0,1570000.0,0.0,-550000.0,1020000.0,1370000.0,-7020000.0,0.0,-8200000.0,-10.649351,-610000.0,-0.7922077922077922,-590000.0,-1180000.0,-1.5324675324675325,0.0,-1180000.0,-1.5324675324675325,-0.62434,-0.62434,1890000.0,1890000.0,,,1620598296,18:11:36,20210509
