,date,symbol,reportedCurrency,fillingDate,acceptedDate,period,revenue,costOfRevenue,grossProfit,grossProfitRatio,researchAndDevelopmentExpenses,generalAndAdministrativeExpenses,sellingAndMarketingExpenses,otherExpenses,operatingExpenses,costAndExpenses,interestExpense,depreciationAndAmortization,ebitda,ebitdaratio,operatingIncome,operatingIncomeRatio,totalOtherIncomeExpensesNet,incomeBeforeTax,incomeBeforeTaxRatio,incomeTaxExpense,netIncome,netIncomeRatio,eps,epsdiluted,weightedAverageShsOut,weightedAverageShsOutDil,link,finalLink,timestamp,est_time,est_date
0,2019-06-30,EOS.AX,AUD,2019-06-30,2019-06-30,Q2,41346254.75,22524404.0,18821850.75,0.45522504671357206,0.0,12088806.0,0.0,160161.5,413962.5,0.0,0.0,1033100.25,6319082.25,0.1528332442251012,5285982.0,0.12784669450622974,160161.5,5492568.5,0.13284319301012384,977879.0,4608856.25,0.11146973958989599,0.0488,0.0487,92942896,95085205,,,1620591691,16:21:31,20210509
1,2019-03-31,EOS.AX,AUD,2019-03-31,2019-03-31,Q1,41346254.75,22524404.0,18821850.75,0.45522504671357206,0.0,12088806.0,0.0,160161.5,413962.5,0.0,0.0,1033100.25,6319082.25,0.1528332442251012,5285982.0,0.12784669450622974,160161.5,5492568.5,0.13284319301012384,977879.0,4608856.25,0.11146973958989599,0.0488,0.0487,92942896,95085205,,,1620591691,16:21:31,20210509
2,2019-01-31,EOS.AX,AUD,2019-01-31,2019-01-31,Q1,41346254.75,22524404.0,18821850.75,0.45522504671357206,0.0,12088806.0,0.0,160161.5,413962.5,0.0,0.0,1033100.25,6319082.25,0.1528332442251012,5285982.0,0.12784669450622974,160161.5,5492568.5,0.13284319301012384,977879.0,4608856.25,0.11146973958989599,0.0488,0.0487,92942896,95085205,,,1620591691,16:21:31,20210509
3,2018-06-30,EOS.AX,AUD,2018-06-30,2018-06-30,Q2,21584832.5,10799764.25,10785068.25,0.4996595757692352,0.0,8772735.75,0.0,1928157.5,200277.0,0.0,9225.75,158308.75,1812055.5,0.08395040823226217,1653746.75,0.07661614932615299,1928157.5,3770343.0,0.1746755736927771,0.0,3825553.5,0.1772334114707631,0.04305,0.04305,87582641,87582641,,,1620591691,16:21:31,20210509
4,2018-03-31,EOS.AX,AUD,2018-03-31,2018-03-31,Q1,21584832.5,10799764.25,10785068.25,0.4996595757692352,0.0,8772735.75,0.0,1928157.5,200277.0,0.0,9225.75,158308.75,1812055.5,0.08395040823226217,1653746.75,0.07661614932615299,1928157.5,3770343.0,0.1746755736927771,0.0,3825553.5,0.1772334114707631,0.04305,0.04305,87582641,87582641,,,1620591691,16:21:31,20210509
5,2018-01-31,EOS.AX,AUD,2018-01-31,2018-01-31,Q1,21584832.5,10799764.25,10785068.25,0.4996595757692352,0.0,8772735.75,0.0,1928157.5,200277.0,0.0,9225.75,158308.75,1812055.5,0.08395040823226217,1653746.75,0.07661614932615299,1928157.5,3770343.0,0.1746755736927771,0.0,3825553.5,0.1772334114707631,0.04305,0.04305,87582641,87582641,,,1620591691,16:21:31,20210509
6,2017-06-30,EOS.AX,AUD,2017-06-30,2017-06-30,Q2,5765954.5,2793327.0,2972627.5,0.5155482062857069,0.0,4753746.25,0.0,-466430.0,93576.5,0.0,8746.25,48331.25,-1874695.25,-0.32513181468913777,-1923026.5,-0.33351399148224287,-466931.75,-2349982.5,-0.40756174888303404,0.0,-2349982.5,-0.40756174888303404,-0.03775,-0.03775,62260622,62260622,,,1620591691,16:21:31,20210509
7,2017-03-31,EOS.AX,AUD,2017-03-31,2017-03-31,Q1,5765954.5,2793327.0,2972627.5,0.5155482062857069,0.0,4753746.25,0.0,-466430.0,93576.5,0.0,8746.25,48331.25,-1874695.25,-0.32513181468913777,-1923026.5,-0.33351399148224287,-466931.75,-2349982.5,-0.40756174888303404,0.0,-2349982.5,-0.40756174888303404,-0.03775,-0.03775,62260622,62260622,,,1620591691,16:21:31,20210509
8,2017-01-31,EOS.AX,AUD,2017-01-31,2017-01-31,Q1,5765954.5,2793327.0,2972627.5,0.5155482062857069,0.0,4753746.25,0.0,-466430.0,93576.5,0.0,8746.25,48331.25,-1874695.25,-0.32513181468913777,-1923026.5,-0.33351399148224287,-466931.75,-2349982.5,-0.40756174888303404,0.0,-2349982.5,-0.40756174888303404,-0.03775,-0.03775,62260622,62260622,,,1620591691,16:21:31,20210509
9,2016-06-30,EOS.AX,AUD,2016-06-30,2016-06-30,Q2,6378384.25,2698394.0,3679990.25,0.5769470928315428,0.0,4538285.0,0.0,183542.75,63194.0,0.0,6915.75,24714.75,-921488.75,-0.14447056086343496,-946203.5,-0.14834532742363396,183515.25,-729619.25,-0.11438935338522448,-507946.25,-221673.0,-0.034753785803983195,-0.004,-0.004,56845926,56845926,,,1620591691,16:21:31,20210509
10,2016-03-31,EOS.AX,AUD,2016-03-31,2016-03-31,Q1,6378384.25,2698394.0,3679990.25,0.5769470928315428,0.0,4538285.0,0.0,183542.75,63194.0,0.0,6915.75,24714.75,-921488.75,-0.14447056086343496,-946203.5,-0.14834532742363396,183515.25,-729619.25,-0.11438935338522448,-507946.25,-221673.0,-0.034753785803983195,-0.004,-0.004,56845926,56845926,,,1620591691,16:21:31,20210509
11,2016-01-31,EOS.AX,AUD,2016-01-31,2016-01-31,Q1,6378384.25,2698394.0,3679990.25,0.5769470928315428,0.0,4538285.0,0.0,183542.75,63194.0,0.0,6915.75,24714.75,-921488.75,-0.14447056086343496,-946203.5,-0.14834532742363396,183515.25,-729619.25,-0.11438935338522448,-507946.25,-221673.0,-0.034753785803983195,-0.004,-0.004,56845926,56845926,,,1620591691,16:21:31,20210509
12,2015-09-30,EOS.AX,AUD,2015-09-30,2015-09-30,Q3,7334516.25,3531705.0,3802811.25,0.5184815358477118,0.0,3641019.5,0.0,692905.0,67437.75,0.0,4275.0,33564.75,94354.0,0.01286437943334027,60789.25,0.008288106253769634,692905.0,758110.5,0.10336203154502521,0.0,758110.5,0.10336203154502521,0.01325,0.01325,56845926,56845926,,,1620591691,16:21:31,20210509
13,2015-06-30,EOS.AX,AUD,2015-06-30,2015-06-30,Q2,7334516.25,3531705.0,3802811.25,0.5184815358477118,0.0,3641019.5,0.0,692905.0,67437.75,0.0,4275.0,33564.75,94354.0,0.01286437943334027,60789.25,0.008288106253769634,692905.0,758110.5,0.10336203154502521,0.0,758110.5,0.10336203154502521,0.01325,0.01325,56845926,56845926,,,1620591691,16:21:31,20210509
14,2015-03-31,EOS.AX,AUD,2015-03-31,2015-03-31,Q1,7334516.25,3531705.0,3802811.25,0.5184815358477118,0.0,3641019.5,0.0,692905.0,67437.75,0.0,4275.0,33564.75,94354.0,0.01286437943334027,60789.25,0.008288106253769634,692905.0,758110.5,0.10336203154502521,0.0,758110.5,0.10336203154502521,0.01325,0.01325,56845926,56845926,,,1620591691,16:21:31,20210509
15,2015-01-31,EOS.AX,AUD,2015-01-31,2015-01-31,Q1,7334516.25,3531705.0,3802811.25,0.5184815358477118,0.0,3641019.5,0.0,692905.0,67437.75,0.0,4275.0,33564.75,94354.0,0.01286437943334027,60789.25,0.008288106253769634,692905.0,758110.5,0.10336203154502521,0.0,758110.5,0.10336203154502521,0.01325,0.01325,56845926,56845926,,,1620591691,16:21:31,20210509
16,2014-09-30,EOS.AX,AUD,2014-09-30,2014-09-30,Q3,5863930.75,3406474.75,2457456.0,0.41907998316658157,0.0,3243770.0,0.0,173866.75,66758.75,0.0,5863.5,73914.5,-853072.75,-0.14547797141021832,-926987.25,-0.15808291221720175,173699.75,-754386.5,-0.12864860315753218,0.0,-754386.5,-0.12864860315753218,-0.01325,-0.01325,56845926,56845926,,,1620591691,16:21:31,20210509
17,2014-06-30,EOS.AX,AUD,2014-06-30,2014-06-30,Q2,5863930.75,3406474.75,2457456.0,0.41907998316658157,0.0,3243770.0,0.0,173866.75,66758.75,0.0,5863.5,73914.5,-853072.75,-0.14547797141021832,-926987.25,-0.15808291221720175,173699.75,-754386.5,-0.12864860315753218,0.0,-754386.5,-0.12864860315753218,-0.01325,-0.01325,56845926,56845926,,,1620591691,16:21:31,20210509
18,2014-03-31,EOS.AX,AUD,2014-03-31,2014-03-31,Q1,5863930.75,3406474.75,2457456.0,0.41907998316658157,0.0,3243770.0,0.0,173866.75,66758.75,0.0,5863.5,73914.5,-853072.75,-0.14547797141021832,-926987.25,-0.15808291221720175,173699.75,-754386.5,-0.12864860315753218,0.0,-754386.5,-0.12864860315753218,-0.01325,-0.01325,56845926,56845926,,,1620591691,16:21:31,20210509
19,2014-01-31,EOS.AX,AUD,2014-01-31,2014-01-31,Q1,5863930.75,3406474.75,2457456.0,0.41907998316658157,0.0,3243770.0,0.0,173866.75,66758.75,0.0,5863.5,73914.5,-853072.75,-0.14547797141021832,-926987.25,-0.15808291221720175,173699.75,-754386.5,-0.12864860315753218,0.0,-754386.5,-0.12864860315753218,-0.01325,-0.01325,56845926,56845926,,,1620591691,16:21:31,20210509
20,2013-09-30,EOS.AX,AUD,2013-09-30,2013-09-30,Q3,7452028.25,3599386.25,3852642.0,0.516992404047851,0.0,3478289.25,0.0,137873.75,66542.25,0.0,20616.0,52951.75,307810.5,0.041305600257218564,254858.75,0.0341999173178121,137873.75,390686.5,0.05242686781279982,0.0,390686.5,0.05242686781279982,0.00675,0.00675,56845926,56845926,,,1620591691,16:21:31,20210509
21,2013-06-30,EOS.AX,AUD,2013-06-30,2013-06-30,Q2,7452028.25,3599386.25,3852642.0,0.516992404047851,0.0,3478289.25,0.0,137873.75,66542.25,0.0,20616.0,52951.75,307810.5,0.041305600257218564,254858.75,0.0341999173178121,137873.75,390686.5,0.05242686781279982,0.0,390686.5,0.05242686781279982,0.00675,0.00675,56845926,56845926,,,1620591691,16:21:31,20210509
22,2013-03-31,EOS.AX,AUD,2013-03-31,2013-03-31,Q1,7452028.25,3599386.25,3852642.0,0.516992404047851,0.0,3478289.25,0.0,137873.75,66542.25,0.0,20616.0,52951.75,307810.5,0.041305600257218564,254858.75,0.0341999173178121,137873.75,390686.5,0.05242686781279982,0.0,390686.5,0.05242686781279982,0.00675,0.00675,56845926,56845926,,,1620591691,16:21:31,20210509
23,2013-01-31,EOS.AX,AUD,2013-01-31,2013-01-31,Q1,7452028.25,3599386.25,3852642.0,0.516992404047851,0.0,3478289.25,0.0,137873.75,66542.25,0.0,20616.0,52951.75,307810.5,0.041305600257218564,254858.75,0.0341999173178121,137873.75,390686.5,0.05242686781279982,0.0,390686.5,0.05242686781279982,0.00675,0.00675,56845926,56845926,,,1620591691,16:21:31,20210509
24,2012-09-30,EOS.AX,AUD,2012-09-30,2012-09-30,Q3,5437012.75,3284608.0,2152404.75,0.39588002621476287,0.0,3964081.0,0.0,-47924.0,54203.5,0.0,28185.25,504611.25,-1865879.75,-0.34318105102843466,-2370491.0,-0.43599143665793316,-189203.75,-2544955.75,-0.46807978333322836,0.0,-2544955.75,-0.46807978333322836,-0.04475,-0.04475,56845926,56845926,,,1620591691,16:21:31,20210509
25,2012-06-30,EOS.AX,AUD,2012-06-30,2012-06-30,Q2,5437012.75,3284608.0,2152404.75,0.39588002621476287,0.0,3964081.0,0.0,-47924.0,54203.5,0.0,28185.25,504611.25,-1865879.75,-0.34318105102843466,-2370491.0,-0.43599143665793316,-189203.75,-2544955.75,-0.46807978333322836,0.0,-2544955.75,-0.46807978333322836,-0.04475,-0.04475,56845926,56845926,,,1620591691,16:21:31,20210509
26,2012-03-31,EOS.AX,AUD,2012-03-31,2012-03-31,Q1,5437012.75,3284608.0,2152404.75,0.39588002621476287,0.0,3964081.0,0.0,-47924.0,54203.5,0.0,28185.25,504611.25,-1865879.75,-0.34318105102843466,-2370491.0,-0.43599143665793316,-189203.75,-2544955.75,-0.46807978333322836,0.0,-2544955.75,-0.46807978333322836,-0.04475,-0.04475,56845926,56845926,,,1620591691,16:21:31,20210509
27,2012-01-31,EOS.AX,AUD,2012-01-31,2012-01-31,Q1,5437012.75,3284608.0,2152404.75,0.39588002621476287,0.0,3964081.0,0.0,-47924.0,54203.5,0.0,28185.25,504611.25,-1865879.75,-0.34318105102843466,-2370491.0,-0.43599143665793316,-189203.75,-2544955.75,-0.46807978333322836,0.0,-2544955.75,-0.46807978333322836,-0.04475,-0.04475,56845926,56845926,,,1620591691,16:21:31,20210509
28,2011-09-30,EOS.AX,AUD,2011-09-30,2011-09-30,Q3,8106634.0,3594659.75,4511974.25,0.5565780137600883,0.0,4476447.0,0.0,143329.25,89753.75,0.0,47877.5,139511.25,-54226.5,-0.006689151132270188,-193737.75,-0.023898667437064508,227291.25,45047.0,0.0055568069312121405,0.0,45047.0,0.0055568069312121405,0.0008,0.0008,56845926,56845926,,,1620591691,16:21:31,20210509
29,2011-06-30,EOS.AX,AUD,2011-06-30,2011-06-30,Q2,8106634.0,3594659.75,4511974.25,0.5565780137600883,0.0,4476447.0,0.0,143329.25,89753.75,0.0,47877.5,139511.25,-54226.5,-0.006689151132270188,-193737.75,-0.023898667437064508,227291.25,45047.0,0.0055568069312121405,0.0,45047.0,0.0055568069312121405,0.0008,0.0008,56845926,56845926,,,1620591691,16:21:31,20210509
30,2011-03-31,EOS.AX,AUD,2011-03-31,2011-03-31,Q1,8106634.0,3594659.75,4511974.25,0.5565780137600883,0.0,4476447.0,0.0,143329.25,89753.75,0.0,47877.5,139511.25,-54226.5,-0.006689151132270188,-193737.75,-0.023898667437064508,227291.25,45047.0,0.0055568069312121405,0.0,45047.0,0.0055568069312121405,0.0008,0.0008,56845926,56845926,,,1620591691,16:21:31,20210509
31,2011-01-31,EOS.AX,AUD,2011-01-31,2011-01-31,Q1,8106634.0,3594659.75,4511974.25,0.5565780137600883,0.0,4476447.0,0.0,143329.25,89753.75,0.0,47877.5,139511.25,-54226.5,-0.006689151132270188,-193737.75,-0.023898667437064508,227291.25,45047.0,0.0055568069312121405,0.0,45047.0,0.0055568069312121405,0.0008,0.0008,56845926,56845926,,,1620591691,16:21:31,20210509
32,2010-09-30,EOS.AX,AUD,2010-09-30,2010-09-30,Q3,8387488.25,2609190.0,5778298.25,0.6889187892453977,0.0,4709144.75,0.0,-34229.5,7130.0,0.0,16977.0,161822.5,1062023.5,0.12661996873736306,900201.0,0.1073266481178081,-149217.75,793785.5,0.09463923839177957,0.0,793785.5,0.09463923839177957,0.014,0.014,56845926,56845926,,,1620591691,16:21:31,20210509
33,2010-06-30,EOS.AX,AUD,2010-06-30,2010-06-30,Q2,8387488.25,2609190.0,5778298.25,0.6889187892453977,0.0,4709144.75,0.0,-34229.5,7130.0,0.0,16977.0,161822.5,1062023.5,0.12661996873736306,900201.0,0.1073266481178081,-149217.75,793785.5,0.09463923839177957,0.0,793785.5,0.09463923839177957,0.014,0.014,56845926,56845926,,,1620591691,16:21:31,20210509
34,2010-03-31,EOS.AX,AUD,2010-03-31,2010-03-31,Q1,8387488.25,2609190.0,5778298.25,0.6889187892453977,0.0,4709144.75,0.0,-34229.5,7130.0,0.0,16977.0,161822.5,1062023.5,0.12661996873736306,900201.0,0.1073266481178081,-149217.75,793785.5,0.09463923839177957,0.0,793785.5,0.09463923839177957,0.014,0.014,56845926,56845926,,,1620591691,16:21:31,20210509
35,2010-01-31,EOS.AX,AUD,2010-01-31,2010-01-31,Q1,8387488.25,2609190.0,5778298.25,0.6889187892453977,0.0,4709144.75,0.0,-34229.5,7130.0,0.0,16977.0,161822.5,1062023.5,0.12661996873736306,900201.0,0.1073266481178081,-149217.75,793785.5,0.09463923839177957,0.0,793785.5,0.09463923839177957,0.014,0.014,56845926,56845926,,,1620591691,16:21:31,20210509
36,2009-09-30,EOS.AX,AUD,2009-09-30,2009-09-30,Q3,9178881.75,4437656.5,4741225.25,0.5165362599861361,0.0,4214614.5,0.0,206455.5,60086.5,0.0,87533.75,35353.25,466524.25,0.050825826359512695,431171.0,0.04697424062577122,206455.5,609062.25,0.06635473324405776,0.0,609062.25,0.06635473324405776,0.01075,0.01075,56845926,56845926,,,1620591691,16:21:31,20210509
37,2009-06-30,EOS.AX,AUD,2009-06-30,2009-06-30,Q2,9178881.75,4437656.5,4741225.25,0.5165362599861361,0.0,4214614.5,0.0,206455.5,60086.5,0.0,87533.75,35353.25,466524.25,0.050825826359512695,431171.0,0.04697424062577122,206455.5,609062.25,0.06635473324405776,0.0,609062.25,0.06635473324405776,0.01075,0.01075,56845926,56845926,,,1620591691,16:21:31,20210509
38,2009-03-31,EOS.AX,AUD,2009-03-31,2009-03-31,Q1,9178881.75,4437656.5,4741225.25,0.5165362599861361,0.0,4214614.5,0.0,206455.5,60086.5,0.0,87533.75,35353.25,466524.25,0.050825826359512695,431171.0,0.04697424062577122,206455.5,609062.25,0.06635473324405776,0.0,609062.25,0.06635473324405776,0.01075,0.01075,56845926,56845926,,,1620591691,16:21:31,20210509
39,2009-01-31,EOS.AX,AUD,2009-01-31,2009-01-31,Q1,9178881.75,4437656.5,4741225.25,0.5165362599861361,0.0,4214614.5,0.0,206455.5,60086.5,0.0,87533.75,35353.25,466524.25,0.050825826359512695,431171.0,0.04697424062577122,206455.5,609062.25,0.06635473324405776,0.0,609062.25,0.06635473324405776,0.01075,0.01075,56845926,56845926,,,1620591691,16:21:31,20210509
40,2008-09-30,EOS.AX,AUD,2008-09-30,2008-09-30,Q3,8379444.0,4806477.5,3572966.5,0.4263966081759124,0.0,4451172.75,0.0,1445582.5,129501.75,0.0,4201.25,89823.75,-1007708.0,-0.12025953034592748,-1097531.75,-0.13097906615283783,1417996.0,553251.5,0.06602484603990431,0.0,553251.5,0.06602484603990431,0.00975,0.00975,56845926,56845926,,,1620591691,16:21:31,20210509
41,2008-06-30,EOS.AX,AUD,2008-06-30,2008-06-30,Q2,8379444.0,4806477.5,3572966.5,0.4263966081759124,0.0,4451172.75,0.0,1445582.5,129501.75,0.0,4201.25,89823.75,-1007708.0,-0.12025953034592748,-1097531.75,-0.13097906615283783,1417996.0,553251.5,0.06602484603990431,0.0,553251.5,0.06602484603990431,0.00975,0.00975,56845926,56845926,,,1620591691,16:21:31,20210509
42,2008-03-31,EOS.AX,AUD,2008-03-31,2008-03-31,Q1,8379444.0,4806477.5,3572966.5,0.4263966081759124,0.0,4451172.75,0.0,1445582.5,129501.75,0.0,4201.25,89823.75,-1007708.0,-0.12025953034592748,-1097531.75,-0.13097906615283783,1417996.0,553251.5,0.06602484603990431,0.0,553251.5,0.06602484603990431,0.00975,0.00975,56845926,56845926,,,1620591691,16:21:31,20210509
43,2008-01-31,EOS.AX,AUD,2008-01-31,2008-01-31,Q1,8379444.0,4806477.5,3572966.5,0.4263966081759124,0.0,4451172.75,0.0,1445582.5,129501.75,0.0,4201.25,89823.75,-1007708.0,-0.12025953034592748,-1097531.75,-0.13097906615283783,1417996.0,553251.5,0.06602484603990431,0.0,553251.5,0.06602484603990431,0.00975,0.00975,56845926,56845926,,,1620591691,16:21:31,20210509
44,2007-09-30,EOS.AX,AUD,2007-09-30,2007-09-30,Q3,9494393.75,7470198.5,2024195.25,0.21319899967283323,0.0,6082489.5,0.0,-18120.25,74172.75,0.0,2917.5,462536.25,-4132467.0,-0.43525338308198985,-4595003.25,-0.48397015870549925,-742548.0,-5183567.25,-0.5459608466312027,0.0,-5183567.25,-0.5459608466312027,-0.09425,-0.09425,54948131,54948131,,,1620591691,16:21:31,20210509
45,2007-06-30,EOS.AX,AUD,2007-06-30,2007-06-30,Q2,9494393.75,7470198.5,2024195.25,0.21319899967283323,0.0,6082489.5,0.0,-18120.25,74172.75,0.0,2917.5,462536.25,-4132467.0,-0.43525338308198985,-4595003.25,-0.48397015870549925,-742548.0,-5183567.25,-0.5459608466312027,0.0,-5183567.25,-0.5459608466312027,-0.09425,-0.09425,54948131,54948131,,,1620591691,16:21:31,20210509
46,2007-03-31,EOS.AX,AUD,2007-03-31,2007-03-31,Q1,9494393.75,7470198.5,2024195.25,0.21319899967283323,0.0,6082489.5,0.0,-18120.25,74172.75,0.0,2917.5,462536.25,-4132467.0,-0.43525338308198985,-4595003.25,-0.48397015870549925,-742548.0,-5183567.25,-0.5459608466312027,0.0,-5183567.25,-0.5459608466312027,-0.09425,-0.09425,54948131,54948131,,,1620591691,16:21:31,20210509
47,2007-01-31,EOS.AX,AUD,2007-01-31,2007-01-31,Q1,9494393.75,7470198.5,2024195.25,0.21319899967283323,0.0,6082489.5,0.0,-18120.25,74172.75,0.0,2917.5,462536.25,-4132467.0,-0.43525338308198985,-4595003.25,-0.48397015870549925,-742548.0,-5183567.25,-0.5459608466312027,0.0,-5183567.25,-0.5459608466312027,-0.09425,-0.09425,54948131,54948131,,,1620591691,16:21:31,20210509
48,2006-09-30,EOS.AX,AUD,2006-09-30,2006-09-30,Q3,13268697.0,10903988.5,2364708.5,0.17821708491798405,0.0,7097195.0,0.0,-443429.5,316704.0,0.0,17047.5,441275.0,-5049190.5,-0.38053401174207235,-5490465.5,-0.4137908567811896,-1903074.5,-7258246.5,-0.5470202914423323,0.0,-7258246.5,-0.5470202914423323,-0.1415,-0.1415,51304774,51304774,,,1620591691,16:21:31,20210509
49,2006-06-30,EOS.AX,AUD,2006-06-30,2006-06-30,Q2,13268697.0,10903988.5,2364708.5,0.17821708491798405,0.0,7097195.0,0.0,-443429.5,316704.0,0.0,17047.5,441275.0,-5049190.5,-0.38053401174207235,-5490465.5,-0.4137908567811896,-1903074.5,-7258246.5,-0.5470202914423323,0.0,-7258246.5,-0.5470202914423323,-0.1415,-0.1415,51304774,51304774,,,1620591691,16:21:31,20210509
50,2006-03-31,EOS.AX,AUD,2006-03-31,2006-03-31,Q1,13268697.0,10903988.5,2364708.5,0.17821708491798405,0.0,7097195.0,0.0,-443429.5,316704.0,0.0,17047.5,441275.0,-5049190.5,-0.38053401174207235,-5490465.5,-0.4137908567811896,-1903074.5,-7258246.5,-0.5470202914423323,0.0,-7258246.5,-0.5470202914423323,-0.1415,-0.1415,51304774,51304774,,,1620591691,16:21:31,20210509
51,2006-01-31,EOS.AX,AUD,2006-01-31,2006-01-31,Q1,13268697.0,10903988.5,2364708.5,0.17821708491798405,0.0,7097195.0,0.0,-443429.5,316704.0,0.0,17047.5,441275.0,-5049190.5,-0.38053401174207235,-5490465.5,-0.4137908567811896,-1903074.5,-7258246.5,-0.5470202914423323,0.0,-7258246.5,-0.5470202914423323,-0.1415,-0.1415,51304774,51304774,,,1620591691,16:21:31,20210509
52,2005-09-30,EOS.AX,AUD,2005-09-30,2005-09-30,Q3,9753492.25,6607476.25,3146016.0,0.3225527759044459,0.0,6571235.0,0.0,151624.5,278058.0,0.0,10.25,283938.5,-3703277.0,-0.3796872858539463,-3987215.5,-0.4087987561583391,151624.5,-3682799.0,-0.37758773017941344,0.0,-3682799.0,-0.37758773017941344,-0.0865,-0.0865,42601805,42601805,,,1620591691,16:21:31,20210509
53,2005-06-30,EOS.AX,AUD,2005-06-30,2005-06-30,Q2,9753492.25,6607476.25,3146016.0,0.3225527759044459,0.0,6571235.0,0.0,151624.5,278058.0,0.0,10.25,283938.5,-3703277.0,-0.3796872858539463,-3987215.5,-0.4087987561583391,151624.5,-3682799.0,-0.37758773017941344,0.0,-3682799.0,-0.37758773017941344,-0.0865,-0.0865,42601805,42601805,,,1620591691,16:21:31,20210509
54,2005-03-31,EOS.AX,AUD,2005-03-31,2005-03-31,Q1,9753492.25,6607476.25,3146016.0,0.3225527759044459,0.0,6571235.0,0.0,151624.5,278058.0,0.0,10.25,283938.5,-3703277.0,-0.3796872858539463,-3987215.5,-0.4087987561583391,151624.5,-3682799.0,-0.37758773017941344,0.0,-3682799.0,-0.37758773017941344,-0.0865,-0.0865,42601805,42601805,,,1620591691,16:21:31,20210509
55,2005-01-31,EOS.AX,AUD,2005-01-31,2005-01-31,Q1,9753492.25,6607476.25,3146016.0,0.3225527759044459,0.0,6571235.0,0.0,151624.5,278058.0,0.0,10.25,283938.5,-3703277.0,-0.3796872858539463,-3987215.5,-0.4087987561583391,151624.5,-3682799.0,-0.37758773017941344,0.0,-3682799.0,-0.37758773017941344,-0.0865,-0.0865,42601805,42601805,,,1620591691,16:21:31,20210509
56,2004-09-30,EOS.AX,AUD,2004-09-30,2004-09-30,Q3,3429787.75,1905510.0,1524277.75,0.4444233466050487,0.0,2833671.5,0.0,9253.75,31044.5,0.0,7494.0,447203.5,-1340438.25,-0.3908225078942567,-1787641.75,-0.5212106055250795,9253.75,-1736126.25,-0.506190579868973,-1736126.25,-1711126.25,-0.4989014990796442,-0.0495,-0.0495,34543544,34543544,,,1620591691,16:21:31,20210509
57,2004-06-30,EOS.AX,AUD,2004-06-30,2004-06-30,Q2,3429787.75,1905510.0,1524277.75,0.4444233466050487,0.0,2833671.5,0.0,9253.75,31044.5,0.0,7494.0,447203.5,-1340438.25,-0.3908225078942567,-1787641.75,-0.5212106055250795,9253.75,-1736126.25,-0.506190579868973,-1736126.25,-1711126.25,-0.4989014990796442,-0.0495,-0.0495,34543544,34543544,,,1620591691,16:21:31,20210509
58,2004-03-31,EOS.AX,AUD,2004-03-31,2004-03-31,Q1,3429787.75,1905510.0,1524277.75,0.4444233466050487,0.0,2833671.5,0.0,9253.75,31044.5,0.0,7494.0,447203.5,-1340438.25,-0.3908225078942567,-1787641.75,-0.5212106055250795,9253.75,-1736126.25,-0.506190579868973,-1736126.25,-1711126.25,-0.4989014990796442,-0.0495,-0.0495,34543544,34543544,,,1620591691,16:21:31,20210509
59,2004-01-31,EOS.AX,AUD,2004-01-31,2004-01-31,Q1,3429787.75,1905510.0,1524277.75,0.4444233466050487,0.0,2833671.5,0.0,9253.75,31044.5,0.0,7494.0,447203.5,-1340438.25,-0.3908225078942567,-1787641.75,-0.5212106055250795,9253.75,-1736126.25,-0.506190579868973,-1736126.25,-1711126.25,-0.4989014990796442,-0.0495,-0.0495,34543544,34543544,,,1620591691,16:21:31,20210509
60,2003-09-30,EOS.AX,AUD,2003-09-30,2003-09-30,Q3,4562355.5,2021838.5,2540517.0,0.5568432797488052,0.0,1931635.25,0.0,88080.25,37191.25,0.0,11079.5,419431.5,571690.5,0.1253059959926402,152259.0,0.03337289257709093,65705.5,327665.25,0.07181931570216306,327665.25,302665.25,0.06633969010087004,0.00975,0.00825,31152920,36686697,,,1620591691,16:21:31,20210509
61,2003-06-30,EOS.AX,AUD,2003-06-30,2003-06-30,Q2,4562355.5,2021838.5,2540517.0,0.5568432797488052,0.0,1931635.25,0.0,88080.25,37191.25,0.0,11079.5,419431.5,571690.5,0.1253059959926402,152259.0,0.03337289257709093,65705.5,327665.25,0.07181931570216306,327665.25,302665.25,0.06633969010087004,0.00975,0.00825,31152920,36686697,,,1620591691,16:21:31,20210509
62,2003-03-31,EOS.AX,AUD,2003-03-31,2003-03-31,Q1,4562355.5,2021838.5,2540517.0,0.5568432797488052,0.0,1931635.25,0.0,88080.25,37191.25,0.0,11079.5,419431.5,571690.5,0.1253059959926402,152259.0,0.03337289257709093,65705.5,327665.25,0.07181931570216306,327665.25,302665.25,0.06633969010087004,0.00975,0.00825,31152920,36686697,,,1620591691,16:21:31,20210509
63,2003-01-31,EOS.AX,AUD,2003-01-31,2003-01-31,Q1,4562355.5,2021838.5,2540517.0,0.5568432797488052,0.0,1931635.25,0.0,88080.25,37191.25,0.0,11079.5,419431.5,571690.5,0.1253059959926402,152259.0,0.03337289257709093,65705.5,327665.25,0.07181931570216306,327665.25,302665.25,0.06633969010087004,0.00975,0.00825,31152920,36686697,,,1620591691,16:21:31,20210509
64,2002-09-30,EOS.AX,AUD,2002-09-30,2002-09-30,Q3,760831.75,140515.0,620316.75,0.8153139639611517,0.0,219969.75,0.0,24032.0,12250.0,0.0,28181.25,71397.25,400347.0,0.5261964948229355,328949.75,0.432355445208484,-348599.0,-80506.5,-0.10581380180309247,-80506.5,-80506.5,-0.10581380180309247,-0.00425,-0.00425,19443762,19443762,,,1620591691,16:21:31,20210509
65,2002-06-30,EOS.AX,AUD,2002-06-30,2002-06-30,Q2,760831.75,140515.0,620316.75,0.8153139639611517,0.0,219969.75,0.0,24032.0,12250.0,0.0,28181.25,71397.25,400347.0,0.5261964948229355,328949.75,0.432355445208484,-348599.0,-80506.5,-0.10581380180309247,-80506.5,-80506.5,-0.10581380180309247,-0.00425,-0.00425,19443762,19443762,,,1620591691,16:21:31,20210509
66,2002-03-31,EOS.AX,AUD,2002-03-31,2002-03-31,Q1,760831.75,140515.0,620316.75,0.8153139639611517,0.0,219969.75,0.0,24032.0,12250.0,0.0,28181.25,71397.25,400347.0,0.5261964948229355,328949.75,0.432355445208484,-348599.0,-80506.5,-0.10581380180309247,-80506.5,-80506.5,-0.10581380180309247,-0.00425,-0.00425,19443762,19443762,,,1620591691,16:21:31,20210509
67,2002-01-31,EOS.AX,AUD,2002-01-31,2002-01-31,Q1,760831.75,140515.0,620316.75,0.8153139639611517,0.0,219969.75,0.0,24032.0,12250.0,0.0,28181.25,71397.25,400347.0,0.5261964948229355,328949.75,0.432355445208484,-348599.0,-80506.5,-0.10581380180309247,-80506.5,-80506.5,-0.10581380180309247,-0.00425,-0.00425,19443762,19443762,,,1620591691,16:21:31,20210509
68,2001-09-30,EOS.AX,AUD,2001-09-30,2001-09-30,Q3,0.0,0.0,0.0,0.0,0.0,0.0,0.0,0.0,0.0,0.0,6347.25,0.0,-135735.5,0.0,0.0,0.0,0.0,-142082.75,0.0,-142082.75,-142082.75,0.0,-0.01275,-0.01275,10958990,10958990,,,1620591691,16:21:31,20210509
69,2001-06-30,EOS.AX,AUD,2001-06-30,2001-06-30,Q2,0.0,0.0,0.0,0.0,0.0,0.0,0.0,0.0,0.0,0.0,6347.25,0.0,-135735.5,0.0,0.0,0.0,0.0,-142082.75,0.0,-142082.75,-142082.75,0.0,-0.01275,-0.01275,10958990,10958990,,,1620591691,16:21:31,20210509
70,2001-03-31,EOS.AX,AUD,2001-03-31,2001-03-31,Q1,0.0,0.0,0.0,0.0,0.0,0.0,0.0,0.0,0.0,0.0,6347.25,0.0,-135735.5,0.0,0.0,0.0,0.0,-142082.75,0.0,-142082.75,-142082.75,0.0,-0.01275,-0.01275,10958990,10958990,,,1620591691,16:21:31,20210509
71,2001-01-31,EOS.AX,AUD,2001-01-31,2001-01-31,Q1,0.0,0.0,0.0,0.0,0.0,0.0,0.0,0.0,0.0,0.0,6347.25,0.0,-135735.5,0.0,0.0,0.0,0.0,-142082.75,0.0,-142082.75,-142082.75,0.0,-0.01275,-0.01275,10958990,10958990,,,1620591691,16:21:31,20210509
72,2000-09-30,EOS.AX,AUD,2000-09-30,2000-09-30,Q3,0.0,0.0,0.0,0.0,0.0,0.0,0.0,0.0,0.0,0.0,0.0,0.0,0.0,0.0,0.0,0.0,0.0,0.0,0.0,0.0,0.0,0.0,0.0,0.0,16000125,16000125,,,1620591691,16:21:31,20210509
73,2000-06-30,EOS.AX,AUD,2000-06-30,2000-06-30,Q2,0.0,0.0,0.0,0.0,0.0,0.0,0.0,0.0,0.0,0.0,0.0,0.0,0.0,0.0,0.0,0.0,0.0,0.0,0.0,0.0,0.0,0.0,0.0,0.0,16000125,16000125,,,1620591691,16:21:31,20210509
74,2000-03-31,EOS.AX,AUD,2000-03-31,2000-03-31,Q1,0.0,0.0,0.0,0.0,0.0,0.0,0.0,0.0,0.0,0.0,0.0,0.0,0.0,0.0,0.0,0.0,0.0,0.0,0.0,0.0,0.0,0.0,0.0,0.0,16000125,16000125,,,1620591691,16:21:31,20210509
75,2000-01-31,EOS.AX,AUD,2000-01-31,2000-01-31,Q1,0.0,0.0,0.0,0.0,0.0,0.0,0.0,0.0,0.0,0.0,0.0,0.0,0.0,0.0,0.0,0.0,0.0,0.0,0.0,0.0,0.0,0.0,0.0,0.0,16000125,16000125,,,1620591691,16:21:31,20210509
