,date,symbol,reportedCurrency,fillingDate,acceptedDate,period,revenue,costOfRevenue,grossProfit,grossProfitRatio,researchAndDevelopmentExpenses,generalAndAdministrativeExpenses,sellingAndMarketingExpenses,otherExpenses,operatingExpenses,costAndExpenses,interestExpense,depreciationAndAmortization,ebitda,ebitdaratio,operatingIncome,operatingIncomeRatio,totalOtherIncomeExpensesNet,incomeBeforeTax,incomeBeforeTaxRatio,incomeTaxExpense,netIncome,netIncomeRatio,eps,epsdiluted,weightedAverageShsOut,weightedAverageShsOutDil,link,finalLink,timestamp,est_time,est_date
0,2020-09-30,GIDYL,USD,2020-11-10,2020-11-10 14:54:26,Q3,0.0,0.0,0.0,0.0,643000.0,1806000.0,0.0,-1181000.0,2449000.0,2449000.0,547000.0,-15000.0,-2464000.0,0.0,-2449000.0,0.0,45000.0,-3630000.0,0.0,5000.0,-3635000.0,0.0,-0.09932157761136988,-0.09932157761136988,36598291.0,36598291.0,https://www.sec.gov/Archives/edgar/data/1245791/000121390020036139/0001213900-20-036139-index.htm,https://www.sec.gov/Archives/edgar/data/1245791/000121390020036139/f10q0920_gidynamics.htm,1620592545,16:35:45,20210509
1,2020-06-30,GIDYL,USD,2020-08-07,2020-08-07 15:51:01,Q2,0.0,0.0,0.0,0.0,858000.0,1628000.0,0.0,13000.0,2486000.0,2486000.0,352000.0,7000.0,-2479000.0,0.0,-2486000.0,0.0,11000.0,-2827000.0,0.0,5000.0,-2832000.0,0.0,-0.0016,-0.0016,1829914550.0,1829914550.0,https://www.sec.gov/Archives/edgar/data/1245791/000121390020020891/0001213900-20-020891-index.htm,https://www.sec.gov/Archives/edgar/data/1245791/000121390020020891/f10q0620_gidynamics.htm,1620592545,16:35:45,20210509
2,2020-03-31,GIDYL,USD,2020-05-06 00:00:00,2020-05-06 16:41:54,Q1,0.0,0.0,0.0,0.0,1173000.0,1543000.0,0.0,10000.0,2716000.0,2716000.0,284000.0,8000.0,-2708000.0,0.0,-2716000.0,0.0,164000.0,-2836000.0,0.0,5000.0,-2841000.0,0.0,-0.0016,-0.0016,1829914550.0,1829914550.0,https://www.sec.gov/Archives/edgar/data/1245791/000121390020011182/0001213900-20-011182-index.html,https://www.sec.gov/Archives/edgar/data/1245791/000121390020011182/f10q0320_gidynamics.htm,1620592545,16:35:45,20210509
3,2019-12-31,GIDYL,USD,2020-03-27 00:00:00,2020-03-26 21:13:42,Q4,0.0,0.0,0.0,0.0,1214000.0,1298000.0,0.0,10000.0,2512000.0,2512000.0,-20000.0,8000.0,-2504000.0,0.0,-2512000.0,0.0,24000.0,-2468000.0,0.0,13000.0,-2481000.0,0.0,-0.0015883955063836566,-0.0015883955063836566,1561953550.0,1561953550.0,https://www.sec.gov/Archives/edgar/data/1245791/000121390020007560/0001213900-20-007560-index.html,https://www.sec.gov/Archives/edgar/data/1245791/000121390020007560/f10k2019_gidynamics.htm,1620592545,16:35:45,20210509
4,2019-09-30,GIDYL,USD,2019-11-08 00:00:00,2019-11-08 16:56:19,Q3,0.0,0.0,0.0,0.0,1391000.0,1260000.0,0.0,1000.0,2651000.0,2651000.0,109000.0,7000.0,-2644000.0,0.0,-2651000.0,0.0,-3000.0,-2763000.0,0.0,0.0,-2763000.0,0.0,-0.0018,-0.0018,1561953550.0,1561953550.0,https://www.sec.gov/Archives/edgar/data/1245791/000121390019022593/0001213900-19-022593-index.html,https://www.sec.gov/Archives/edgar/data/1245791/000121390019022593/f10q0919_gidynamicsinc.htm,1620592545,16:35:45,20210509
5,2019-06-30,GIDYL,USD,2019-08-15 00:00:00,2019-08-14 17:40:58,Q2,0.0,0.0,0.0,0.0,810000.0,1393000.0,6000.0,61000.0,2209000.0,2209000.0,5912000.0,9000.0,-2200000.0,0.0,-2209000.0,0.0,-1611000.0,-9732000.0,0.0,26000.0,-9758000.0,0.0,-0.0102,-0.0102,963877250.0,963877250.0,https://www.sec.gov/Archives/edgar/data/1245791/000156459019032198/0001564590-19-032198-index.html,https://www.sec.gov/Archives/edgar/data/1245791/000156459019032198/gidyl-10q_20190630.htm,1620592545,16:35:45,20210509
6,2019-03-31,GIDYL,USD,2019-05-16 00:00:00,2019-05-15 21:50:46,Q1,0.0,0.0,0.0,0.0,810000.0,1344000.0,16000.0,29000.0,2170000.0,2170000.0,177000.0,8000.0,-2162000.0,0.0,-2170000.0,0.0,19000.0,-2325000.0,0.0,6000.0,-2331000.0,0.0,-0.0024,-0.0024,963877250.0,963877250.0,https://www.sec.gov/Archives/edgar/data/1245791/000156459019019508/0001564590-19-019508-index.html,https://www.sec.gov/Archives/edgar/data/1245791/000156459019019508/gidyl-10q_20190331.htm,1620592545,16:35:45,20210509
7,2018-12-31,GIDYL,USD,2019-03-13 00:00:00,2019-03-12 17:40:23,Q4,0.0,0.0,0.0,0.0,826000.0,1431000.0,183000.0,0.0,2440000.0,2440000.0,662000.0,24000.0,-2416000.0,0.0,-2440000.0,0.0,696000.0,-2400000.0,0.0,14000.0,-2414000.0,0.0,-0.00380403184828752,-0.00380403184828752,634589850.0,634589850.0,https://www.sec.gov/Archives/edgar/data/1245791/000156459019007406/0001564590-19-007406-index.html,https://www.sec.gov/Archives/edgar/data/1245791/000156459019007406/gidyl-10k_20181231.htm,1620592545,16:35:45,20210509
8,2018-09-30,GIDYL,USD,2018-11-14 00:00:00,2018-11-14 17:12:30,Q3,0.0,0.0,0.0,0.0,494000.0,1338000.0,167000.0,0.0,1999000.0,1999000.0,201000.0,0.0,-1992000.0,0.0,-1999000.0,0.0,12000.0,-2181000.0,0.0,2000.0,-2183000.0,0.0,-0.0034,-0.0034,634589850.0,634589850.0,https://www.sec.gov/Archives/edgar/data/1245791/000156459018029610/0001564590-18-029610-index.html,https://www.sec.gov/Archives/edgar/data/1245791/000156459018029610/gidyl-10q_20180930.htm,1620592545,16:35:45,20210509
9,2018-06-30,GIDYL,USD,2018-08-14 00:00:00,2018-08-14 17:17:56,Q2,0.0,0.0,0.0,0.0,254000.0,855000.0,312000.0,0.0,1421000.0,1421000.0,207000.0,0.0,-1412000.0,0.0,-1421000.0,0.0,0.0,-1619000.0,0.0,15000.0,-1634000.0,0.0,-0.0026,-0.0026,616655050.0,616655050.0,https://www.sec.gov/Archives/edgar/data/1245791/000156459018021752/0001564590-18-021752-index.html,https://www.sec.gov/Archives/edgar/data/1245791/000156459018021752/gidyl-10q_20180630.htm,1620592545,16:35:45,20210509
10,2018-03-31,GIDYL,USD,2018-05-15 00:00:00,2018-05-15 17:20:00,Q1,0.0,0.0,0.0,0.0,373000.0,1185000.0,204000.0,0.0,1762000.0,1762000.0,81000.0,11000.0,-1751000.0,0.0,-1762000.0,0.0,10000.0,-1826000.0,0.0,-18000.0,-1808000.0,0.0,-0.003,-0.003,590161050.0,590161050.0,https://www.sec.gov/Archives/edgar/data/1245791/000156459018013665/0001564590-18-013665-index.html,https://www.sec.gov/Archives/edgar/data/1245791/000156459018013665/gidyl-10q_20180331.htm,1620592545,16:35:45,20210509
11,2017-12-31,GIDYL,USD,2018-03-28 00:00:00,2018-03-28 17:28:24,Q4,-120000.0,42000.0,-162000.0,1.35,587000.0,1450000.0,347000.0,0.0,2384000.0,2426000.0,83000.0,11000.0,-2535000.0,21.125,-2546000.0,21.216666666666665,-6000.0,-2627000.0,21.891666666666666,5000.0,-2632000.0,21.933333333333334,-0.004717907407302844,-0.004717907407302844,557874450.0,557874450.0,https://www.sec.gov/Archives/edgar/data/1245791/000156459018006988/0001564590-18-006988-index.html,https://www.sec.gov/Archives/edgar/data/1245791/000156459018006988/gidyl-10k_20171231.htm,1620592545,16:35:45,20210509
12,2017-09-30,GIDYL,USD,2017-11-14 00:00:00,2017-11-14 14:00:00,Q3,23000.0,15000.0,8000.0,0.34782608695652173,960000.0,1095000.0,494000.0,0.0,2549000.0,2564000.0,82000.0,11000.0,-2530000.0,-110.0,-2541000.0,-110.47826086956522,7000.0,-2603000.0,-113.17391304347827,6000.0,-2609000.0,-113.43478260869566,-0.0046,-0.0046,557874450.0,557874450.0,https://www.sec.gov/Archives/edgar/data/1245791/000119312517342338/0001193125-17-342338-index.html,https://www.sec.gov/Archives/edgar/data/1245791/000119312517342338/d438191d10q.htm,1620592545,16:35:45,20210509
13,2017-06-30,GIDYL,USD,2017-08-14 00:00:00,2017-08-14 14:56:03,Q2,48000.0,64000.0,-16000.0,-0.3333333333333333,989000.0,1442000.0,525000.0,0.0,2956000.0,3020000.0,18000.0,16000.0,-2956000.0,-61.583333333333336,-2972000.0,-61.916666666666664,30000.0,-2955000.0,-61.5625,-3000.0,-2952000.0,-61.5,-0.0052,-0.0052,557874450.0,557874450.0,https://www.sec.gov/Archives/edgar/data/1245791/000119312517257146/0001193125-17-257146-index.html,https://www.sec.gov/Archives/edgar/data/1245791/000119312517257146/d431803d10q.htm,1620592545,16:35:45,20210509
14,2017-03-31,GIDYL,USD,2017-05-15 00:00:00,2017-05-15 16:01:20,Q1,102000.0,144000.0,-42000.0,-0.4117647058823529,1061000.0,1087000.0,455000.0,0.0,2603000.0,2747000.0,0.0,19000.0,-2626000.0,-25.745098039215687,-2645000.0,-25.931372549019606,-53000.0,-2691000.0,-26.38235294117647,6000.0,-2697000.0,-26.441176470588236,-0.0048,-0.0048,555793750.0,555793750.0,https://www.sec.gov/Archives/edgar/data/1245791/000119312517170626/0001193125-17-170626-index.html,https://www.sec.gov/Archives/edgar/data/1245791/000119312517170626/d390332d10q.htm,1620592545,16:35:45,20210509
15,2016-12-31,GIDYL,USD,2017-03-30 00:00:00,2017-03-30 14:33:16,Q4,68000.0,163000.0,-95000.0,-1.3970588235294117,935000.0,1563000.0,441000.0,0.0,2939000.0,3102000.0,0.0,19000.0,-3015000.0,-44.338235294117645,-3034000.0,-44.61764705882353,-2000.0,-3030000.0,-44.55882352941177,4000.0,-3034000.0,-44.61764705882353,-0.006380278252893074,-0.006380278252893074,475527850.0,475527850.0,https://www.sec.gov/Archives/edgar/data/1245791/000119312517103799/0001193125-17-103799-index.html,https://www.sec.gov/Archives/edgar/data/1245791/000119312517103799/d283006d10k.htm,1620592545,16:35:45,20210509
16,2016-09-30,GIDYL,USD,2016-11-10 00:00:00,2016-11-09 18:09:54,Q3,136000.0,138000.0,-2000.0,-0.014705882352941176,962000.0,1321000.0,479000.0,0.0,2762000.0,2900000.0,0.0,16000.0,-2748000.0,-20.205882352941178,-2764000.0,-20.323529411764707,9000.0,-2746000.0,-20.191176470588236,8000.0,-2754000.0,-20.25,-0.0058,-0.0058,475527850.0,475527850.0,https://www.sec.gov/Archives/edgar/data/1245791/000119312516764583/0001193125-16-764583-index.html,https://www.sec.gov/Archives/edgar/data/1245791/000119312516764583/d250217d10q.htm,1620592545,16:35:45,20210509
17,2016-06-30,GIDYL,USD,2016-08-10 00:00:00,2016-08-10 17:16:02,Q2,132000.0,637000.0,-505000.0,-3.8257575757575757,1181000.0,1559000.0,610000.0,0.0,3350000.0,3987000.0,0.0,77000.0,-3778000.0,-28.62121212121212,-3855000.0,-29.204545454545453,-31000.0,-3873000.0,-29.34090909090909,17000.0,-3890000.0,-29.46969696969697,-0.0082,-0.0082,475527850.0,475527850.0,https://www.sec.gov/Archives/edgar/data/1245791/000119312516678213/0001193125-16-678213-index.html,https://www.sec.gov/Archives/edgar/data/1245791/000119312516678213/d227289d10q.htm,1620592545,16:35:45,20210509
18,2016-03-31,GIDYL,USD,2016-05-13 00:00:00,2016-05-13 17:14:02,Q1,209000.0,353000.0,-144000.0,-0.6889952153110048,850000.0,1807000.0,664000.0,0.0,3321000.0,3674000.0,0.0,78000.0,-3387000.0,-16.205741626794257,-3465000.0,-16.57894736842105,17000.0,-3434000.0,-16.43062200956938,4000.0,-3438000.0,-16.449760765550238,-0.0072,-0.0072,475301750.0,475301750.0,https://www.sec.gov/Archives/edgar/data/1245791/000119312516590549/0001193125-16-590549-index.html,https://www.sec.gov/Archives/edgar/data/1245791/000119312516590549/d194144d10q.htm,1620592545,16:35:45,20210509
19,2015-12-31,GIDYL,USD,2016-03-30 00:00:00,2016-03-30 17:29:18,Q4,215000.0,1907000.0,-1692000.0,-7.869767441860465,2493000.0,1633000.0,661000.0,0.0,4787000.0,6694000.0,0.0,77000.0,-6402000.0,-29.77674418604651,-6479000.0,-30.134883720930233,1000.0,-6471000.0,-30.09767441860465,18000.0,-6489000.0,-30.18139534883721,-0.01368304488551125,-0.01368304488551125,474236550.0,474236550.0,https://www.sec.gov/Archives/edgar/data/1245791/000119312516524025/0001193125-16-524025-index.html,https://www.sec.gov/Archives/edgar/data/1245791/000119312516524025/d71790d10k.htm,1620592545,16:35:45,20210509
20,2015-09-30,GIDYL,USD,2015-11-12 00:00:00,2015-11-12 16:36:33,Q3,175000.0,918000.0,-743000.0,-4.2457142857142856,3865000.0,2027000.0,1270000.0,0.0,7162000.0,8080000.0,1000.0,97000.0,-7808000.0,-44.61714285714286,-7905000.0,-45.17142857142857,-164000.0,-8063000.0,-46.074285714285715,26000.0,-8089000.0,-46.222857142857144,-0.017,-0.017,474236550.0,474236550.0,https://www.sec.gov/Archives/edgar/data/1245791/000119312515375755/0001193125-15-375755-index.html,https://www.sec.gov/Archives/edgar/data/1245791/000119312515375755/d11856d10q.htm,1620592545,16:35:45,20210509
21,2015-06-30,GIDYL,USD,2015-08-13 00:00:00,2015-08-13 15:50:52,Q2,310000.0,2012000.0,-1702000.0,-5.490322580645161,4631000.0,2437000.0,1482000.0,0.0,8550000.0,10562000.0,0.0,138000.0,-10114000.0,-32.6258064516129,-10252000.0,-33.07096774193548,20000.0,-10208000.0,-32.92903225806452,26000.0,-10234000.0,-33.012903225806454,-0.0216,-0.0216,474058550.0,474058550.0,https://www.sec.gov/Archives/edgar/data/1245791/000119312515289961/0001193125-15-289961-index.html,https://www.sec.gov/Archives/edgar/data/1245791/000119312515289961/d79520d10q.htm,1620592545,16:35:45,20210509
22,2015-03-31,GIDYL,USD,2015-05-15 00:00:00,2015-05-15 15:25:15,Q1,616000.0,886000.0,-270000.0,-0.4383116883116883,5646000.0,2294000.0,1660000.0,0.0,9600000.0,10486000.0,0.0,174000.0,-9696000.0,-15.74025974025974,-9870000.0,-16.022727272727273,-495000.0,-10335000.0,-16.7775974025974,14000.0,-10349000.0,-16.800324675324674,-0.0218,-0.0218,474051350.0,474051350.0,https://www.sec.gov/Archives/edgar/data/1245791/000119312515190061/0001193125-15-190061-index.html,https://www.sec.gov/Archives/edgar/data/1245791/000119312515190061/d916833d10q.htm,1620592545,16:35:45,20210509
23,2014-12-31,GIDYL,USD,2014-12-31,2014-12-31,Q4,473000.0,2243000.0,-1770000.0,-3.7420718816067655,6961000.0,2976000.0,2049000.0,0.0,11986000.0,14229000.0,0.0,171000.0,-13585000.0,-28.72093023255814,-13756000.0,-29.082452431289642,-366000.0,-14086000.0,-29.78012684989429,8000.0,-14094000.0,-29.797040169133194,-0.029746577898296843,-0.029746577898296843,473802400.0,473802400.0,,,1620592545,16:35:45,20210509
24,2014-09-30,GIDYL,USD,2014-11-10 00:00:00,2014-11-10 14:44:59,Q3,609000.0,393000.0,216000.0,0.35467980295566504,6833000.0,2670000.0,2412000.0,0.0,11915000.0,12308000.0,0.0,165000.0,-11534000.0,-18.939244663382595,-11699000.0,-19.210180623973727,-453000.0,-12111000.0,-19.886699507389164,19000.0,-12130000.0,-19.917898193760262,-0.026,-0.026,473802400.0,473802400.0,https://www.sec.gov/Archives/edgar/data/1245791/000119312514405623/0001193125-14-405623-index.html,https://www.sec.gov/Archives/edgar/data/1245791/000119312514405623/d800417d10q.htm,1620592545,16:35:45,20210509
25,2014-06-30,GIDYL,USD,2014-08-14 00:00:00,2014-08-14 13:33:16,Q2,840000.0,550000.0,290000.0,0.34523809523809523,7516000.0,2341000.0,3074000.0,0.0,12931000.0,13481000.0,0.0,161000.0,-12480000.0,-14.857142857142858,-12641000.0,-15.048809523809524,239000.0,-12278000.0,-14.616666666666667,22000.0,-12300000.0,-14.642857142857142,-0.028,-0.028,446094300.0,446094300.0,https://www.sec.gov/Archives/edgar/data/1245791/000119312514309778/0001193125-14-309778-index.html,https://www.sec.gov/Archives/edgar/data/1245791/000119312514309778/d758245d10q.htm,1620592545,16:35:45,20210509
26,2014-03-31,GIDYL,USD,2014-03-31,2014-03-31,Q1,906000.0,903000.0,3000.0,0.0033112582781456954,5344000.0,2265000.0,2488000.0,0.0,10097000.0,11000000.0,1000.0,159000.0,-9935000.0,-10.965783664459162,-10094000.0,-11.141280353200884,383000.0,-9660000.0,-10.66225165562914,21000.0,-9681000.0,-10.685430463576159,-0.024,-0.024,404824250.0,404824250.0,,,1620592545,16:35:45,20210509
27,2013-12-31,GIDYL,USD,2013-12-31,2013-12-31,Q4,1060000.0,984000.0,76000.0,0.07169811320754717,4109000.0,1900000.0,3068000.0,0.0,9077000.0,10061000.0,1000.0,0.0,-8797000.0,-8.299056603773584,-9001000.0,-8.491509433962264,-141000.0,-9097000.0,-8.582075471698113,14000.0,-9111000.0,-8.595283018867924,-0.02415257556560462,-0.02415257556560462,377226850.0,377226850.0,,,1620592545,16:35:45,20210509
28,2013-09-30,GIDYL,USD,2013-09-30,2013-09-30,Q3,493000.0,432000.0,61000.0,0.12373225152129817,3879000.0,1947000.0,2778000.0,0.0,8604000.0,9036000.0,1000.0,0.0,-8262000.0,-16.75862068965517,-8543000.0,-17.328600405679513,268000.0,-8103000.0,-16.43610547667343,24000.0,-8127000.0,-16.484787018255577,-0.022,-0.022,377226850.0,377226850.0,,,1620592545,16:35:45,20210509
29,2013-06-30,GIDYL,USD,2013-06-30,2013-06-30,Q2,346000.0,461000.0,-115000.0,-0.33236994219653176,3463000.0,2274000.0,2705000.0,0.0,8442000.0,8903000.0,2000.0,0.0,-8489000.0,-24.534682080924856,-8557000.0,-24.73121387283237,-1108000.0,-9599000.0,-27.74277456647399,27000.0,-9626000.0,-27.820809248554912,-0.034,-0.034,287329700.0,287329700.0,,,1620592545,16:35:45,20210509
30,2013-03-31,GIDYL,USD,2013-03-31,2013-03-31,Q1,360000.0,620000.0,-260000.0,-0.7222222222222222,3230000.0,5270000.0,0.0,0.0,8490000.0,9110000.0,70000.0,0.0,-8610000.0,-23.916667,-8760000.0,-24.333333333333332,0.0,-8680000.0,-24.11111111111111,30000.0,-8710000.0,-24.194444444444443,-1.51742,-1.51742,5740000.0,5740000.0,,,1620592545,16:35:45,20210509
