,date,symbol,reportedCurrency,fillingDate,acceptedDate,period,revenue,costOfRevenue,grossProfit,grossProfitRatio,researchAndDevelopmentExpenses,generalAndAdministrativeExpenses,sellingAndMarketingExpenses,otherExpenses,operatingExpenses,costAndExpenses,interestExpense,depreciationAndAmortization,ebitda,ebitdaratio,operatingIncome,operatingIncomeRatio,totalOtherIncomeExpensesNet,incomeBeforeTax,incomeBeforeTaxRatio,incomeTaxExpense,netIncome,netIncomeRatio,eps,epsdiluted,weightedAverageShsOut,weightedAverageShsOutDil,link,finalLink,timestamp,est_time,est_date
0,2020-12-31,0670.HK,CNY,2020-12-31,2020-12-31,Q4,16427000000.0,21494000000.0,-5067000000.0,-0.3084555914043952,0.0,0.0,-1052000000.0,0.0,-1456000000.0,20038000000.0,1241000000.0,0.0,-2225000000.0,-0.1354477384793328,-3611000000.0,-0.21982102635904305,-429000000.0,-3651000000.0,-0.222256041882267,-771000000.0,-2731000000.0,-0.16625068484811592,-0.16673271257113137,-0.16673271257113137,16379509203,16379509203,https://www1.hkexnews.hk/search/titlesearch.xhtml,https://www1.hkexnews.hk/search/titlesearch.xhtml,1620584849,14:27:29,20210509
1,2020-09-30,0670.HK,CNY,2020-09-30,2020-09-30,Q3,17171000000.0,18453000000.0,-1282000000.0,-0.07466076524372489,103000000.0,816000000.0,885000000.0,111000000.0,0.0,18581000000.0,1262000000.0,0.0,429000000.0,0.024983984625240232,-1410000000.0,-0.08211519422281754,128000000.0,-804000000.0,-0.046823132024925745,-195000000.0,-563000000.0,-0.032787839962727855,-0.034372,-0.034372,16379509203,16379509203,https://www1.hkexnews.hk/search/titlesearch.xhtml,https://www1.hkexnews.hk/search/titlesearch.xhtml,1620584849,14:27:29,20210509
2,2019-12-31,0670.HK,CNY,2019-12-31,2019-12-31,Q4,27586000000.0,28864000000.0,-1278000000.0,-0.046327847458855945,0.0,0.0,-334000000.0,0.0,0.0,28385000000.0,1338000000.0,0.0,511000000.0,0.018523888929166968,-799000000.0,-0.028963967229754223,-1495000000.0,-1796000000.0,-0.06510548829116218,-495000000.0,-1175000000.0,-0.04259406945552092,-0.07173597117212718,-0.07173597117212718,16379509203,16379509203,https://www1.hkexnews.hk/search/titlesearch.xhtml,https://www1.hkexnews.hk/search/titlesearch.xhtml,1620584849,14:27:29,20210509
3,2019-09-30,0670.HK,CNY,2019-09-30,2019-09-30,Q3,34616000000.0,27620000000.0,6996000000.0,0.20210307372313382,24000000.0,893000000.0,1492000000.0,149000000.0,0.0,28659000000.0,1343000000.0,0.0,4702000000.0,0.13583314074416455,5957000000.0,0.17208805176796857,179000000.0,3385000000.0,0.09778715045065865,738000000.0,2424000000.0,0.07002542177027964,0.14799,0.14799,16379509203,16379509203,https://www1.hkexnews.hk/search/titlesearch.xhtml,https://www1.hkexnews.hk/search/titlesearch.xhtml,1620584849,14:27:29,20210509
4,2017-09-30,0670.HK,CNY,2017-09-30,2017-09-30,Q3,29485000000.0,23022000000.0,6463000000.0,0.21919620145836866,0.0,0.0,1535000000.0,0.0,0.0,24763000000.0,0.0,0.0,4820000000.0,0.16347295234865186,4813000000.0,0.16323554349669323,665000000.0,5156000000.0,0.17486857724266577,1287000000.0,3568000000.0,0.12101068339833813,0.25,0.25,14272000000,14272000000,https://www1.hkexnews.hk/search/titlesearch.xhtml,https://www1.hkexnews.hk/search/titlesearch.xhtml,1620584849,14:27:29,20210509
5,2017-06-30,0670.HK,CNY,2017-06-30,2017-06-30,Q2,23887000000.0,3387000000.0,20500000000.0,0.8582073931427137,0.0,0.0,274000000.0,0.0,0.0,19860000000.0,897000000.0,0.0,3065000000.0,0.1283124712186545,3949000000.0,0.16532004856197932,-1587000000.0,2168000000.0,0.09076066479675136,531000000.0,1803000000.0,0.07548038682128354,0.12156493967654704,0.12156493967654704,14831578947,14831578947,https://www1.hkexnews.hk/search/titlesearch.xhtml,https://www1.hkexnews.hk/search/titlesearch.xhtml,1620584849,14:27:29,20210509
6,2017-03-31,0670.HK,CNY,2017-03-31,2017-03-31,Q1,24536000000.0,21484000000.0,3052000000.0,0.12438865340723834,0.0,0.0,1319000000.0,0.0,0.0,23999000000.0,507000000.0,0.0,4112000000.0,0.16759047929572873,2381000000.0,0.09704108249103359,1731000000.0,3605000000.0,0.14692696446038475,621000000.0,2818000000.0,0.1148516465601565,0.19,0.19,14831578947,14831578947,https://www1.hkexnews.hk/search/titlesearch.xhtml,https://www1.hkexnews.hk/search/titlesearch.xhtml,1620584849,14:27:29,20210509
7,2016-12-31,0670.HK,CNY,2016-12-31,2016-12-31,Q4,23496000000.0,-14496000000.0,37992000000.0,1.616956077630235,0.0,0.0,-989000000.0,0.0,0.0,16257000000.0,0.0,0.0,3713000000.0,0.15802689819543753,6977000000.0,0.2969441607082057,-11291000000.0,-2957000000.0,-0.12585120871637726,-648000000.0,-2196000000.0,-0.09346271705822268,-0.152279687954979,-0.152279687954979,14420833333,14420833333,https://www1.hkexnews.hk/search/titlesearch.xhtml,https://www1.hkexnews.hk/search/titlesearch.xhtml,1620584849,14:27:29,20210509
8,2016-09-30,0670.HK,CNY,2016-09-30,2016-09-30,Q3,29076000000.0,22135000000.0,6941000000.0,0.23871921859953227,0.0,0.0,1350000000.0,0.0,0.0,25470000000.0,0.0,0.0,3659000000.0,0.12584261934241298,3659000000.0,0.12584261934241298,2386000000.0,4880000000.0,0.16783601595817857,1149000000.0,3461000000.0,0.11903287935066721,0.24,0.24,14420833333,14420833333,https://www1.hkexnews.hk/search/titlesearch.xhtml,https://www1.hkexnews.hk/search/titlesearch.xhtml,1620584849,14:27:29,20210509
9,2016-06-30,0670.HK,CNY,2016-06-30,2016-06-30,Q2,22801000000.0,1951000000.0,20850000000.0,0.9144335774746721,0.0,0.0,328000000.0,0.0,0.0,18073000000.0,731000000.0,0.0,1921000000.0,0.08425069075917722,4697000000.0,0.20599973685364678,-2810000000.0,1190000000.0,0.05219069339064076,491000000.0,628000000.0,0.027542651638086047,0.048270561106840894,0.048270561106840894,13010000000,13010000000,https://www1.hkexnews.hk/search/titlesearch.xhtml,https://www1.hkexnews.hk/search/titlesearch.xhtml,1620584849,14:27:29,20210509
10,2016-03-31,0670.HK,CNY,2016-03-31,2016-03-31,Q1,23534000000.0,18528000000.0,5006000000.0,0.21271352086343162,0.0,0.0,1303000000.0,0.0,0.0,21104000000.0,631000000.0,0.0,4012000000.0,0.1704767570323787,2461000000.0,0.10457210843885442,1551000000.0,3381000000.0,0.14366448542534205,550000000.0,2602000000.0,0.11056344012917481,0.2,0.2,13010000000,13010000000,https://www1.hkexnews.hk/search/titlesearch.xhtml,https://www1.hkexnews.hk/search/titlesearch.xhtml,1620584849,14:27:29,20210509
11,2015-12-31,0670.HK,CNY,2015-12-31,2015-12-31,Q4,22006000000.0,-14363000000.0,36369000000.0,1.6526856311914933,0.0,0.0,-485000000.0,0.0,0.0,12713000000.0,0.0,0.0,4497000000.0,0.20435335817504316,9175000000.0,0.4169317458874852,-13337000000.0,-1318000000.0,-0.05989275652094883,-535000000.0,-797000000.0,-0.036217395255839314,-0.0626275092552379,-0.0626275092552379,12726037000,12726037000,https://www1.hkexnews.hk/search/titlesearch.xhtml,https://www1.hkexnews.hk/search/titlesearch.xhtml,1620584849,14:27:29,20210509
12,2015-09-30,0670.HK,CNY,2015-09-30,2015-09-30,Q3,27652000000.0,20425000000.0,7227000000.0,0.2613554173296687,0.0,0.0,1366000000.0,0.0,0.0,26342000000.0,0.0,0.0,1351000000.0,0.04885722551714162,1350000000.0,0.048821061767684075,4739000000.0,2295000000.0,0.08299580500506293,328000000.0,1770000000.0,0.06400983653985245,0.138,0.138,12726037000,12726037000,https://www1.hkexnews.hk/search/titlesearch.xhtml,https://www1.hkexnews.hk/search/titlesearch.xhtml,1620584849,14:27:29,20210509
13,2015-06-30,0670.HK,CNY,2015-06-30,2015-06-30,Q2,21978000000.0,4229000000.0,17749000000.0,0.8075803075803076,0.0,0.0,526000000.0,0.0,0.0,17431000000.0,0.0,0.0,5040000000.0,0.22932022932022933,4510000000.0,0.20520520520520522,-1912000000.0,2598000000.0,0.11820911820911821,504000000.0,1998000000.0,0.09090909090909091,0.15764271099578941,0.15764271099578941,12674230146,12674230146,https://www1.hkexnews.hk/search/titlesearch.xhtml,https://www1.hkexnews.hk/search/titlesearch.xhtml,1620584849,14:27:29,20210509
14,2015-03-31,0670.HK,CNY,2015-03-31,2015-03-31,Q1,22393000000.0,18396000000.0,3997000000.0,0.17849327914973429,0.0,0.0,1362000000.0,0.0,0.0,21214000000.0,0.0,0.0,1215000000.0,0.05425802706202831,1216000000.0,0.054302683874425044,874000000.0,2090000000.0,0.09333273790916805,327000000.0,1564000000.0,0.06984325458848747,0.1234,0.1234,12674230146,12674230146,https://www1.hkexnews.hk/search/titlesearch.xhtml,https://www1.hkexnews.hk/search/titlesearch.xhtml,1620584849,14:27:29,20210509
15,2014-12-31,0670.HK,CNY,2014-12-31,2014-12-31,Q4,21367000000.0,-4788000000.0,26155000000.0,1.2240838676463706,0.0,0.0,-375000000.0,0.0,0.0,14267000000.0,32000000.0,0.0,7036000000.0,0.3292928347451678,7017000000.0,0.32840361304815835,-5400000000.0,1673000000.0,0.07829831047877568,273000000.0,1351000000.0,0.06322834277156363,0.1145917640838028,0.1145917640838028,11789678000,11789678000,https://www1.hkexnews.hk/search/titlesearch.xhtml,https://www1.hkexnews.hk/search/titlesearch.xhtml,1620584849,14:27:29,20210509
16,2014-09-30,0670.HK,CNY,2014-09-30,2014-09-30,Q3,0.0,0.0,0.0,0.0,0.0,0.0,0.0,0.0,0.0,0.0,0.0,0.0,0.0,0.0,0.0,0.0,0.0,0.0,0.0,0.0,0.0,0.0,0.1613,0.1613,11789678000,11789678000,https://www1.hkexnews.hk/search/titlesearch.xhtml,https://www1.hkexnews.hk/search/titlesearch.xhtml,1620584849,14:27:29,20210509
17,2014-06-30,0670.HK,CNY,2014-06-30,2014-06-30,Q2,21296000000.0,6723000000.0,14573000000.0,0.6843069120961683,0.0,0.0,629000000.0,0.0,0.0,18529000000.0,176000000.0,0.0,561000000.0,0.02634297520661157,2749000000.0,0.12908527422990232,-2228000000.0,385000000.0,0.018078512396694214,98000000.0,217000000.0,0.010189706987227648,0.017148292682458387,0.017148292682458387,12654320988,12654320988,https://www1.hkexnews.hk/search/titlesearch.xhtml,https://www1.hkexnews.hk/search/titlesearch.xhtml,1620584849,14:27:29,20210509
18,2014-03-31,0670.HK,CNY,2014-03-31,2014-03-31,Q1,21798000000.0,19955000000.0,1843000000.0,0.08454904119644004,0.0,0.0,1415000000.0,0.0,0.0,22963000000.0,956000000.0,0.0,774000000.0,0.03550784475639967,-1147000000.0,-0.05261950637673181,1921000000.0,-182000000.0,-0.008349389852280027,61000000.0,-205000000.0,-0.00940453252591981,-0.0162,-0.0162,12654320988,12654320988,https://www1.hkexnews.hk/search/titlesearch.xhtml,https://www1.hkexnews.hk/search/titlesearch.xhtml,1620584849,14:27:29,20210509
19,2013-12-31,0670.HK,CNY,2013-12-31,2013-12-31,Q4,23857820000.0,-2373161000.0,26230981000.0,1.0994709910628884,0.0,0.0,-69404000.0,0.0,0.0,24231140000.0,1548622000.0,0.0,137368000.0,0.005757776695439902,-448913000.0,-0.01881617851086143,-1704734000.0,-1577829000.0,-0.066134667794459,-79793000.0,-1248790000.0,-0.05234300535421929,-0.09852912290197953,-0.09852912290197953,12674323725,12674323725,https://www1.hkexnews.hk/search/titlesearch.xhtml,https://www1.hkexnews.hk/search/titlesearch.xhtml,1620584849,14:27:29,20210509
20,2013-09-30,0670.HK,CNY,2013-09-30,2013-09-30,Q3,25633287000.0,20868445000.0,4764842000.0,0.18588493937589823,0.0,0.0,1583237000.0,0.0,0.0,23234772000.0,0.0,0.0,3045208000.0,0.1187989663596401,2451411000.0,0.09563389197803622,593797000.0,3045208000.0,0.1187989663596401,123163000.0,2858060000.0,0.11149799087413174,0.2255,0.2255,12674323725,12674323725,https://www1.hkexnews.hk/search/titlesearch.xhtml,https://www1.hkexnews.hk/search/titlesearch.xhtml,1620584849,14:27:29,20210509
21,2013-06-30,0670.HK,CNY,2013-06-30,2013-06-30,Q2,21616619000.0,9595863000.0,12020756000.0,0.5560886279209528,0.0,0.0,516770000.0,0.0,0.0,20732102000.0,773213000.0,0.0,1528488000.0,0.0707089300135234,860197000.0,0.039793318279792045,590090000.0,755275000.0,0.03493955275799606,54553000.0,754251000.0,0.03489218179771777,0.06688400159879944,0.06688400159879944,11277001704,11277001704,https://www1.hkexnews.hk/search/titlesearch.xhtml,https://www1.hkexnews.hk/search/titlesearch.xhtml,1620584849,14:27:29,20210509
22,2013-03-31,0670.HK,CNY,2013-03-31,2013-03-31,Q1,20659524000.0,19190486000.0,1469038000.0,0.07110705938820275,0.0,0.0,1355886000.0,0.0,0.0,21409219000.0,0.0,0.0,-142655000.0,-0.006905047763927185,-725375000.0,-0.03511092511134332,582717000.0,-142658000.0,-0.006905192975404467,25299000.0,-132392000.0,-0.006408279300142637,-0.01174,-0.01174,11277001704,11277001704,https://www1.hkexnews.hk/search/titlesearch.xhtml,https://www1.hkexnews.hk/search/titlesearch.xhtml,1620584849,14:27:29,20210509
23,2012-12-31,0670.HK,CNY,2012-12-31,2012-12-31,Q4,21444170000.0,-4701359000.0,26145529000.0,1.219237163294266,0.0,0.0,-276561000.0,0.0,0.0,19603147000.0,0.0,0.0,2209323000.0,0.1030267433992549,1702306000.0,0.07938316101765655,-2612354000.0,-910048000.0,-0.04243801462122339,-86512000.0,-676110000.0,-0.031528849099778634,-0.059946997113862546,-0.059946997113862546,11278463185,11278463185,https://www1.hkexnews.hk/search/titlesearch.xhtml,https://www1.hkexnews.hk/search/titlesearch.xhtml,1620584849,14:27:29,20210509
24,2012-09-30,0670.HK,CNY,2012-09-30,2012-09-30,Q3,25125993000.0,19633297000.0,5492696000.0,0.21860612633299706,0.0,0.0,1532240000.0,0.0,0.0,22653518000.0,0.0,0.0,2537798000.0,0.10100289369657947,2545646000.0,0.10131523956088025,309245000.0,2854891000.0,0.11362301183479594,112480000.0,2634649000.0,0.10485750752219027,0.2336,0.2336,11278463185,11278463185,https://www1.hkexnews.hk/search/titlesearch.xhtml,https://www1.hkexnews.hk/search/titlesearch.xhtml,1620584849,14:27:29,20210509
25,2012-06-30,0670.HK,CNY,2012-06-30,2012-06-30,Q2,21753988000.0,7221428000.0,14532560000.0,0.6680411885857435,0.0,0.0,510336000.0,0.0,0.0,19780351000.0,450720000.0,0.0,1109442000.0,0.050999476509778346,1983484000.0,0.09117794861337608,-970969000.0,658722000.0,0.03028051684132583,145481000.0,540373000.0,0.024840181027956806,0.04784807092779438,0.04784807092779438,11293516949,11293516949,https://www1.hkexnews.hk/search/titlesearch.xhtml,https://www1.hkexnews.hk/search/titlesearch.xhtml,1620584849,14:27:29,20210509
26,2012-03-31,0670.HK,CNY,2012-03-31,2012-03-31,Q1,19324116000.0,17247303000.0,2076813000.0,0.10747260055776937,0.0,0.0,1209900000.0,0.0,0.0,19519889000.0,395881000.0,0.0,605483000.0,0.03133302449643751,-195773000.0,-0.0101310197061537,801256000.0,209602000.0,0.010846653994418167,29984000.0,266527000.0,0.013792454982158045,0.0236,0.0236,11293516949,11293516949,https://www1.hkexnews.hk/search/titlesearch.xhtml,https://www1.hkexnews.hk/search/titlesearch.xhtml,1620584849,14:27:29,20210509
27,2011-09-30,0670.HK,CNY,2011-09-30,2011-09-30,Q3,24451190000.0,18907235000.0,5543955000.0,0.22673559037412902,0.0,0.0,1498882000.0,0.0,0.0,21284478000.0,0.0,0.0,3218668000.0,0.13163645613976252,3199684000.0,0.13086005221013783,255889000.0,3455573000.0,0.1413253506271065,63213000.0,3308042000.0,0.1352916565615007,0.2934,0.2934,11274853442,11274853442,https://www1.hkexnews.hk/search/titlesearch.xhtml,https://www1.hkexnews.hk/search/titlesearch.xhtml,1620584849,14:27:29,20210509
28,2011-06-30,0670.HK,CNY,2011-06-30,2011-06-30,Q2,20300840000.0,7065572000.0,13235268000.0,0.6519566678029086,0.0,0.0,585829000.0,0.0,0.0,19016446000.0,0.0,0.0,2282806000.0,0.11244884448131211,1369890000.0,0.06747947375576577,-144312000.0,1398194000.0,0.06887370177785747,100432000.0,1266489000.0,0.062386039198378,0.11231185384097017,0.11231185384097017,11276539000,11276539000,https://www1.hkexnews.hk/search/titlesearch.xhtml,https://www1.hkexnews.hk/search/titlesearch.xhtml,1620584849,14:27:29,20210509
29,2011-03-31,0670.HK,CNY,2011-03-31,2011-03-31,Q1,18157811000.0,15265258000.0,2892553000.0,0.15930075492029297,0.0,0.0,1183796000.0,0.0,0.0,17257005000.0,0.0,0.0,900806000.0,0.049609834577527,900806000.0,0.049609834577527,202174000.0,1069399000.0,0.05889470927965931,19535000.0,1012766000.0,0.05577577605582523,0.0898,0.0898,11276539000,11276539000,https://www1.hkexnews.hk/search/titlesearch.xhtml,https://www1.hkexnews.hk/search/titlesearch.xhtml,1620584849,14:27:29,20210509
30,2010-12-31,0670.HK,CNY,2010-12-31,2010-12-31,Q4,18996315000.0,-3997367000.0,22993682000.0,1.210428548905406,0.0,0.0,-433976000.0,0.0,0.0,18262943000.0,0.0,0.0,2671668000.0,0.14064138228914397,675909000.0,0.03558105874744654,-768186000.0,-92277000.0,-0.00485762633437064,62013000.0,-141078000.0,-0.007426598263926451,-0.012511937675672772,-0.012511937675672772,11275471766,11275471766,https://www1.hkexnews.hk/search/titlesearch.xhtml,https://www1.hkexnews.hk/search/titlesearch.xhtml,1620584849,14:27:29,20210509
31,2010-09-30,0670.HK,CNY,2010-09-30,2010-09-30,Q3,21829791000.0,16266018000.0,5563773000.0,0.254870649013543,0.0,0.0,1456476000.0,0.0,0.0,18507381000.0,0.0,0.0,3134246000.0,0.14357654638104414,3354247000.0,0.15365456316095744,-11795000.0,3342452000.0,0.1531142464900374,23191000.0,3154877000.0,0.14452163101332485,0.2798,0.2798,11275471766,11275471766,https://www1.hkexnews.hk/search/titlesearch.xhtml,https://www1.hkexnews.hk/search/titlesearch.xhtml,1620584849,14:27:29,20210509
32,2010-06-30,0670.HK,CNY,2010-06-30,2010-06-30,Q2,17875828000.0,7014206000.0,10861622000.0,0.6076150430626206,0.0,0.0,518131000.0,0.0,0.0,15623424000.0,393141000.0,0.0,1552536000.0,0.08685113774869617,1787463000.0,0.09999329821253594,-425863000.0,1159395000.0,0.064858254398062,21276000.0,990652000.0,0.05541852383005699,0.0900699173538691,0.0900699173538691,10998700000,10998700000,https://www1.hkexnews.hk/search/titlesearch.xhtml,https://www1.hkexnews.hk/search/titlesearch.xhtml,1620584849,14:27:29,20210509
33,2010-03-31,0670.HK,CNY,2010-03-31,2010-03-31,Q1,15568925000.0,12962167000.0,2606758000.0,0.1674333969750641,0.0,0.0,1073718000.0,0.0,0.0,15280665000.0,388635000.0,0.0,1209051000.0,0.07765796289724564,753201000.0,0.04837848470591258,447334000.0,811900000.0,0.05214875143916488,24613000.0,769909000.0,0.04945164807461016,0.07,0.07,10998700000,10998700000,https://www1.hkexnews.hk/search/titlesearch.xhtml,https://www1.hkexnews.hk/search/titlesearch.xhtml,1620584849,14:27:29,20210509
34,2009-12-31,0670.HK,CNY,2009-12-31,2009-12-31,Q4,12114073000.0,-1998545000.0,14112618000.0,1.1649771303177718,0.0,0.0,-9117000.0,0.0,0.0,10222822000.0,442839000.0,0.0,-1350271000.0,-0.11146300670303043,1915621000.0,0.1581318686126458,-2624805000.0,-1042098000.0,-0.0860237510538363,23936000.0,-1027897000.0,-0.08485147811144939,-0.2112093166364608,-0.2112093166364608,4866721868,4866721868,https://www1.hkexnews.hk/search/titlesearch.xhtml,https://www1.hkexnews.hk/search/titlesearch.xhtml,1620584849,14:27:29,20210509
35,2009-09-30,0670.HK,CNY,2009-09-30,2009-09-30,Q3,30837480000.0,30810399000.0,27081000.0,0.0008781845987415315,0.0,0.0,1769792000.0,0.0,0.0,33705823000.0,410771000.0,0.0,-1805223000.0,-0.058539900147482865,-2792257000.0,-0.09054750907013154,118298000.0,-2263188000.0,-0.07339082181812522,71905000.0,-2292226000.0,-0.07433246815239118,-0.471,-0.471,4866721868,4866721868,https://www1.hkexnews.hk/search/titlesearch.xhtml,https://www1.hkexnews.hk/search/titlesearch.xhtml,1620584849,14:27:29,20210509
36,2009-06-30,0670.HK,CNY,2009-06-30,2009-06-30,Q2,9078085000.0,2651924000.0,6864343000.0,0.7561443850768086,0.0,0.0,0.0,0.0,0.0,9002044000.0,0.0,0.0,2993698000.0,0.32977197283347753,2876988000.0,0.31691573718465954,-1647011000.0,988503000.0,0.10888893417499396,-27956000.0,973254000.0,0.10720917462218078,0.19997205642137272,0.19997205642137272,4866950000,4866950000,https://www1.hkexnews.hk/search/titlesearch.xhtml,https://www1.hkexnews.hk/search/titlesearch.xhtml,1620584849,14:27:29,20210509
37,2009-03-31,0670.HK,CNY,2009-03-31,2009-03-31,Q1,9165237000.0,8423481000.0,303574000.0,0.03312232951531968,0.0,0.0,0.0,0.0,0.0,10008364000.0,0.0,0.0,-845469000.0,-0.09224736905330436,-850356000.0,-0.09278057948746989,1558724000.0,23910000.0,0.0026087705096987674,12510000.0,11400000.0,0.0012438303559416958,0.01,0.01,4866950000,4866950000,https://www1.hkexnews.hk/search/titlesearch.xhtml,https://www1.hkexnews.hk/search/titlesearch.xhtml,1620584849,14:27:29,20210509
38,2008-12-31,0670.HK,CNY,2008-12-31,2008-12-31,Q4,30639941000.0,21466778000.0,9173163000.0,0.2993857918982285,0.0,0.0,849559000.0,0.0,0.0,45644984000.0,2068493000.0,0.0,-10137059000.0,-0.33084459921120607,-15009900000.0,-0.48988018612699025,-311365000.0,-15328133000.0,-0.500266400643526,58736000.0,-15291688000.0,-0.4990769401285727,-2.970182580996038,-2.970182580996038,5148400000,5148400000,https://www1.hkexnews.hk/search/titlesearch.xhtml,https://www1.hkexnews.hk/search/titlesearch.xhtml,1620584849,14:27:29,20210509
39,2008-09-30,0670.HK,CNY,2008-09-30,2008-09-30,Q3,10526738000.0,11080699000.0,-553961000.0,-0.052624184243969974,0.0,0.0,584810000.0,0.0,0.0,12919522000.0,442632000.0,0.0,-1643323000.0,-0.15610942345102538,-2381387000.0,-0.22622269120785565,470916000.0,-2353103000.0,-0.22353581897830077,24591000.0,-2333847000.0,-0.22170657234938307,-0.4533150104886955,-0.4533150104886955,5148400000,5148400000,https://www1.hkexnews.hk/search/titlesearch.xhtml,https://www1.hkexnews.hk/search/titlesearch.xhtml,1620584849,14:27:29,20210509
40,2008-06-30,0670.HK,CNY,2008-06-30,2008-06-30,Q2,9437902000.0,0.0,0.0,0.0,0.0,0.0,0.0,0.0,0.0,11838402000.0,0.0,0.0,781132000.0,0.08276542816401357,-1217868000.0,-0.12904011929769985,2555925000.0,-369667000.0,-0.0391683448291792,25269000.0,-394936000.0,-0.04184574071652789,-0.07671043430968845,-0.07671043430968845,5148400000,5148400000,https://www1.hkexnews.hk/search/titlesearch.xhtml,https://www1.hkexnews.hk/search/titlesearch.xhtml,1620584849,14:27:29,20210509
41,2008-03-31,0670.HK,CNY,2008-03-31,2008-03-31,Q1,10873098000.0,9664794000.0,680924000.0,0.06262465398546026,0.0,0.0,0.0,0.0,0.0,10101598000.0,0.0,0.0,173549000.0,0.015961320315516333,139868000.0,0.012863675099773772,-556925000.0,225667000.0,0.0207546184169406,19731000.0,205936000.0,0.018939956211192065,0.04,0.04,5148400000,5148400000,https://www1.hkexnews.hk/search/titlesearch.xhtml,https://www1.hkexnews.hk/search/titlesearch.xhtml,1620584849,14:27:29,20210509
42,2007-06-30,0670.HK,CNY,2007-06-30,2007-06-30,Q2,9528344576.4,4099753879.2,5420286258.8,0.568859177513907,0.0,0.0,0.0,0.0,0.0,9647287162.8,86691508.4,1081987984.0,-8691707439.6,-0.9121949117087769,-9773695423.6,-1.0257495775087406,-38865386.0,-166112410.8,-0.017433501640088736,25793521.6,-152882978.2,-0.016045072360068056,-0.03141248178017033,-0.03141248178017033,4866950000,4866950000,https://www1.hkexnews.hk/search/titlesearch.xhtml,https://www1.hkexnews.hk/search/titlesearch.xhtml,1620584849,14:27:29,20210509
43,2007-03-31,0670.HK,CNY,2007-03-31,2007-03-31,Q1,9519107423.6,0.0,0.0,0.0,0.0,0.0,0.0,0.0,0.0,0.0,0.0,0.0,9519107423.6,1.0,9519107423.6,1.0,0.0,0.0,0.0,0.0,-152741021.8,-0.016045729394892717,-0.029985,-0.029985,4866950000,4866950000,https://www1.hkexnews.hk/search/titlesearch.xhtml,https://www1.hkexnews.hk/search/titlesearch.xhtml,1620584849,14:27:29,20210509
44,2006-12-31,0670.HK,CNY,2006-12-31,2006-12-31,Q4,6112435571.9,0.0,0.0,0.0,0.0,0.0,0.0,0.0,0.0,0.0,0.0,0.0,-34792144428.1,-5.692026364751547,-34792144428.1,-5.692026364751547,0.0,0.0,0.0,0.0,-558283580.0,-0.0913356997277048,-0.1147091258385642,-0.1147091258385642,4866950000,4866950000,https://www1.hkexnews.hk/search/titlesearch.xhtml,https://www1.hkexnews.hk/search/titlesearch.xhtml,1620584849,14:27:29,20210509
45,2006-09-30,0670.HK,CNY,2006-09-30,2006-09-30,Q3,14609503714.5,0.0,0.0,0.0,0.0,0.0,0.0,0.0,0.0,0.0,0.0,0.0,14609503714.5,1.0,14609503714.5,1.0,0.0,0.0,0.0,0.0,-1198435450.2,-0.08203122252609768,-0.246236,-0.246236,4866950000,4866950000,https://www1.hkexnews.hk/search/titlesearch.xhtml,https://www1.hkexnews.hk/search/titlesearch.xhtml,1620584849,14:27:29,20210509
46,2006-06-30,0670.HK,CNY,2006-06-30,2006-06-30,Q2,8479138306.4,5088947539.6,3390190766.8,0.39982727540145274,0.0,0.0,0.0,0.0,0.0,9111039755.6,335944468.9,1863295455.4,1231394006.2,0.1452263144794503,-631901449.2,-0.07452425309810608,78927723.9,-932071425.6,-0.1099252532414147,-10328635.6,-857700452.7,-0.10115420007391708,-0.175875,-0.175875,4866950000,4866950000,https://www1.hkexnews.hk/search/titlesearch.xhtml,https://www1.hkexnews.hk/search/titlesearch.xhtml,1620584849,14:27:29,20210509
47,2006-03-31,0670.HK,CNY,2006-03-31,2006-03-31,Q1,8503427145.6,0.0,0.0,0.0,0.0,0.0,0.0,0.0,0.0,0.0,0.0,0.0,8503427145.6,1.0,8503427145.6,1.0,0.0,0.0,0.0,0.0,-860157370.8,-0.10115420007391707,-0.176378,-0.176378,4866950000,4866950000,https://www1.hkexnews.hk/search/titlesearch.xhtml,https://www1.hkexnews.hk/search/titlesearch.xhtml,1620584849,14:27:29,20210509
48,2005-12-31,0670.HK,CNY,2005-12-31,2005-12-31,Q4,8061002052.0,0.0,0.0,0.0,0.0,0.0,0.0,0.0,0.0,0.0,0.0,0.0,-34760261171.2,-4.312151386014806,-34760261171.2,-4.312151386014806,0.0,0.0,0.0,0.0,37486200.0,0.004650315154143816,0.00770219542012965,0.00770219542012965,4866950000,4866950000,https://www1.hkexnews.hk/search/titlesearch.xhtml,https://www1.hkexnews.hk/search/titlesearch.xhtml,1620584849,14:27:29,20210509
49,2005-09-30,0670.HK,CNY,2005-09-30,2005-09-30,Q3,9265380460.0,0.0,0.0,0.0,0.0,0.0,0.0,0.0,0.0,0.0,0.0,0.0,9265380460.0,1.0,9265380460.0,1.0,0.0,0.0,0.0,0.0,-11595836.0,-0.0012515229191138904,-0.004782,-0.004782,4866950000,4866950000,https://www1.hkexnews.hk/search/titlesearch.xhtml,https://www1.hkexnews.hk/search/titlesearch.xhtml,1620584849,14:27:29,20210509
50,2005-06-30,0670.HK,CNY,2005-06-30,2005-06-30,Q2,5179429054.8,2633939470.8,2545489584.0,0.49146142500802964,0.0,0.0,0.0,0.0,0.0,5176590249.6,216891338.4,985512330.0,988351135.2,0.1908224101040736,2838805.2,0.0005480923032180848,45462265.2,-220400532.0,-0.04255305549474518,17206635.6,-237607167.6,-0.04587516598567929,-0.048491,-0.048491,4866950000,4866950000,https://www1.hkexnews.hk/search/titlesearch.xhtml,https://www1.hkexnews.hk/search/titlesearch.xhtml,1620584849,14:27:29,20210509
51,2005-03-31,0670.HK,CNY,2005-03-31,2005-03-31,Q1,5179429054.8,0.0,0.0,0.0,0.0,0.0,0.0,0.0,0.0,0.0,0.0,0.0,5179429054.8,1.0,5179429054.8,1.0,0.0,0.0,0.0,0.0,-237598891.2,-0.045873568048935214,-0.048491,-0.048491,4899855462,4899855462,https://www1.hkexnews.hk/search/titlesearch.xhtml,https://www1.hkexnews.hk/search/titlesearch.xhtml,1620584849,14:27:29,20210509
52,2004-12-31,0670.HK,CNY,2004-12-31,2004-12-31,Q4,5886374989.0,0.0,0.0,0.0,0.0,0.0,0.0,0.0,0.0,0.0,0.0,0.0,-25395370724.5,-4.31426315380126,-25395370724.5,-4.31426315380126,0.0,0.0,0.0,0.0,17203599.0,0.0029226134984856977,0.0035347803038864177,0.0035347803038864177,4866950000,4866950000,https://www1.hkexnews.hk/search/titlesearch.xhtml,https://www1.hkexnews.hk/search/titlesearch.xhtml,1620584849,14:27:29,20210509
53,2004-09-30,0670.HK,CNY,2004-09-30,2004-09-30,Q3,5882191315.0,0.0,0.0,0.0,0.0,0.0,0.0,0.0,0.0,0.0,0.0,0.0,5882191315.0,1.0,5882191315.0,1.0,0.0,0.0,0.0,0.0,17099249.0,0.0029069522027268505,0.005496,0.005496,4866950000,4866950000,https://www1.hkexnews.hk/search/titlesearch.xhtml,https://www1.hkexnews.hk/search/titlesearch.xhtml,1620584849,14:27:29,20210509
54,2004-06-30,0670.HK,CNY,2004-06-30,2004-06-30,Q2,4635104848.0,2362576584.0,2272528264.0,0.4902862693560368,0.0,0.0,0.0,0.0,0.0,4166969455.0,169544102.5,939299985.0,1407435378.0,0.303646934460888,468135393.0,0.1009978001257071,97422681.5,304268969.5,0.06564446317353294,37567033.5,239886076.0,0.051754185475115705,0.049493,0.049493,4866950000,4866950000,https://www1.hkexnews.hk/search/titlesearch.xhtml,https://www1.hkexnews.hk/search/titlesearch.xhtml,1620584849,14:27:29,20210509
55,2004-03-31,0670.HK,CNY,2004-03-31,2004-03-31,Q1,4636196010.0,0.0,0.0,0.0,0.0,0.0,0.0,0.0,0.0,0.0,0.0,0.0,4636196010.0,1.0,4636196010.0,1.0,0.0,0.0,0.0,0.0,239941953.0,0.05175405709388892,0.049662,0.049662,4831500000,4831500000,https://www1.hkexnews.hk/search/titlesearch.xhtml,https://www1.hkexnews.hk/search/titlesearch.xhtml,1620584849,14:27:29,20210509
56,2003-12-31,0670.HK,CNY,2003-12-31,2003-12-31,Q4,4400842952.0,0.0,0.0,0.0,0.0,0.0,0.0,0.0,0.0,0.0,0.0,0.0,-17396248572.3,-3.9529355539474835,-17396248572.3,-3.9529355539474835,0.0,0.0,0.0,0.0,151190540.0,0.034354904651003326,0.03078062025494647,0.03078062025494647,4911874379,4911874379,https://www1.hkexnews.hk/search/titlesearch.xhtml,https://www1.hkexnews.hk/search/titlesearch.xhtml,1620584849,14:27:29,20210509
57,2003-09-30,0670.HK,CNY,2003-09-30,2003-09-30,Q3,4398869589.0,0.0,0.0,0.0,0.0,0.0,0.0,0.0,0.0,0.0,0.0,0.0,4398869589.0,1.0,4398869589.0,1.0,0.0,0.0,0.0,0.0,151320114.0,0.03439977270033135,0.030807,0.030807,4911874379,4911874379,https://www1.hkexnews.hk/search/titlesearch.xhtml,https://www1.hkexnews.hk/search/titlesearch.xhtml,1620584849,14:27:29,20210509
58,2003-06-30,0670.HK,CNY,2003-06-30,2003-06-30,Q2,2738884032.5,1421743400.0,1317140632.5,0.4809041262319309,0.0,0.0,0.0,0.0,0.0,3109807085.0,0.0,788796085.0,417873032.5,0.15257054608426543,-370923052.5,-0.13542853516197567,-12987397.5,-599713152.5,-0.21896259402870502,26488000.0,-626201152.5,-0.22863368622745806,-0.128301,-0.128301,4866950000,4866950000,https://www1.hkexnews.hk/search/titlesearch.xhtml,https://www1.hkexnews.hk/search/titlesearch.xhtml,1620584849,14:27:29,20210509
59,2003-03-31,0670.HK,CNY,2003-03-31,2003-03-31,Q1,2738859221.6,0.0,0.0,0.0,0.0,0.0,0.0,0.0,0.0,0.0,0.0,0.0,2738859221.6,1.0,2738859221.6,1.0,0.0,0.0,0.0,0.0,-626193587.4,-0.2286329952490903,-0.1283,-0.1283,4866950000,4866950000,https://www1.hkexnews.hk/search/titlesearch.xhtml,https://www1.hkexnews.hk/search/titlesearch.xhtml,1620584849,14:27:29,20210509
60,2002-12-31,0670.HK,CNY,2002-12-31,2002-12-31,Q4,3577080275.2,0.0,0.0,0.0,0.0,0.0,0.0,0.0,0.0,0.0,0.0,0.0,-14641148081.8,-4.0930443141876065,-14641148081.8,-4.0930443141876065,0.0,0.0,0.0,0.0,30501289.8,0.008526867571708221,0.005791296906547969,0.005791296906547969,5266745997,5266745997,https://www1.hkexnews.hk/search/titlesearch.xhtml,https://www1.hkexnews.hk/search/titlesearch.xhtml,1620584849,14:27:29,20210509
61,2002-09-30,0670.HK,CNY,2002-09-30,2002-09-30,Q3,3560644765.9,0.0,0.0,0.0,0.0,0.0,0.0,0.0,0.0,0.0,0.0,0.0,3560644765.9,1.0,3560644765.9,1.0,0.0,0.0,0.0,0.0,30389124.4,0.00853472514052346,0.00577,0.00577,5266745997,5266745997,https://www1.hkexnews.hk/search/titlesearch.xhtml,https://www1.hkexnews.hk/search/titlesearch.xhtml,1620584849,14:27:29,20210509
62,2002-06-30,0670.HK,CNY,2002-06-30,2002-06-30,Q2,2974293114.0,1382010832.8,1592282281.2,0.5353481382534647,0.0,655289729.9,0.0,0.0,0.0,2728736388.3,196250041.0,691444102.7,937000828.4000001,0.3150331162687149,245556725.7,0.08255969277007848,-7664594.6,16355549.6,0.005498970334502143,3600538.5,12755011.1,0.004288417654588968,0.0025,0.0025,4866950000,4866950000,https://www1.hkexnews.hk/search/titlesearch.xhtml,https://www1.hkexnews.hk/search/titlesearch.xhtml,1620584849,14:27:29,20210509
63,2002-03-31,0670.HK,CNY,2002-03-31,2002-03-31,Q1,2974400916.0,0.0,0.0,0.0,0.0,0.0,0.0,0.0,0.0,0.0,0.0,0.0,2974400916.0,1.0,2974400916.0,1.0,0.0,0.0,0.0,0.0,12755473.4,0.004288417654588969,0.0025,0.0025,5102189360,5102189360,https://www1.hkexnews.hk/search/titlesearch.xhtml,https://www1.hkexnews.hk/search/titlesearch.xhtml,1620584849,14:27:29,20210509
64,2001-12-31,0670.HK,CNY,2001-12-31,2001-12-31,Q4,3171577828.8,0.0,0.0,0.0,0.0,0.0,0.0,0.0,0.0,0.0,0.0,0.0,-13945443896.6,-4.397005102623134,-13945443896.6,-4.397005102623134,0.0,0.0,0.0,0.0,235686596.8,0.07431209622535875,0.04680100598313621,0.04680100598313621,5035930144,5035930144,https://www1.hkexnews.hk/search/titlesearch.xhtml,https://www1.hkexnews.hk/search/titlesearch.xhtml,1620584849,14:27:29,20210509
65,2001-09-30,0670.HK,CNY,2001-09-30,2001-09-30,Q3,3171876680.0,0.0,0.0,0.0,0.0,0.0,0.0,0.0,0.0,0.0,0.0,0.0,3171876680.0,1.0,3171876680.0,1.0,0.0,0.0,0.0,0.0,235706710.4,0.07431143584056364,0.046805,0.046805,5035930144,5035930144,https://www1.hkexnews.hk/search/titlesearch.xhtml,https://www1.hkexnews.hk/search/titlesearch.xhtml,1620584849,14:27:29,20210509
66,2001-06-30,0670.HK,CNY,2001-06-30,2001-06-30,Q2,2904641651.4,1310193333.3,1594448318.1,0.5489311624143021,0.0,726106614.3,0.0,0.0,0.0,2715477672.9,211916626.8,679177725.3,868341703.8,0.2989496839933664,189163978.5,0.0651247214639456,66610881.6,52308744.0,0.01800867379794952,17149322.4,35159421.6,0.012104564286976196,0.007002,0.007002,4867000000,4867000000,https://www1.hkexnews.hk/search/titlesearch.xhtml,https://www1.hkexnews.hk/search/titlesearch.xhtml,1620584849,14:27:29,20210509
67,2001-03-31,0670.HK,CNY,2001-03-31,2001-03-31,Q1,2904992593.4,0.0,0.0,0.0,0.0,0.0,0.0,0.0,0.0,0.0,0.0,0.0,2904992593.4,1.0,2904992593.4,1.0,0.0,0.0,0.0,0.0,35163669.6,0.012104564286976196,0.007003,0.007003,5021229416,5021229416,https://www1.hkexnews.hk/search/titlesearch.xhtml,https://www1.hkexnews.hk/search/titlesearch.xhtml,1620584849,14:27:29,20210509
68,2000-12-31,0670.HK,CNY,2000-12-31,2000-12-31,Q4,2939035680.0,0.0,0.0,0.0,0.0,0.0,0.0,0.0,0.0,0.0,0.0,0.0,-7505116200.0,-2.5535981924520224,-7505116200.0,-2.5535981924520224,0.0,0.0,0.0,0.0,-14076000.0,-0.0047893260009691345,-0.003312,-0.003312,4250000000,4250000000,https://www1.hkexnews.hk/search/titlesearch.xhtml,https://www1.hkexnews.hk/search/titlesearch.xhtml,1620584849,14:27:29,20210509
69,2000-09-30,0670.HK,CNY,2000-09-30,2000-09-30,Q3,2939043960.0,0.0,0.0,0.0,0.0,0.0,0.0,0.0,0.0,0.0,0.0,0.0,2939043960.0,1.0,2939043960.0,1.0,0.0,0.0,0.0,0.0,-14076000.0,-0.00478931250827565,-0.003312,-0.003312,4250000000,4250000000,https://www1.hkexnews.hk/search/titlesearch.xhtml,https://www1.hkexnews.hk/search/titlesearch.xhtml,1620584849,14:27:29,20210509
70,2000-06-30,0670.HK,CNY,2000-06-30,2000-06-30,Q2,2672254080.0,1176852960.0,1495401120.0,0.5596028952456497,0.0,645997320.0,0.0,0.0,0.0,2412394560.0,0.0,589544280.0,849403800.0,0.31786041842248774,259859520.0,0.09724356749789302,99658080.0,142738920.0,0.05341517525159883,40878360.0,101860560.0,0.038117842447077485,0.0207,0.0207,4866950000,4866950000,https://www1.hkexnews.hk/search/titlesearch.xhtml,https://www1.hkexnews.hk/search/titlesearch.xhtml,1620584849,14:27:29,20210509
71,2000-03-31,0670.HK,CNY,2000-03-31,2000-03-31,Q1,2672254080.0,0.0,0.0,0.0,0.0,0.0,0.0,0.0,0.0,0.0,0.0,0.0,2672254080.0,1.0,2672254080.0,1.0,0.0,0.0,0.0,0.0,101860560.0,0.038117842447077485,0.0207,0.0207,4920800000,4920800000,https://www1.hkexnews.hk/search/titlesearch.xhtml,https://www1.hkexnews.hk/search/titlesearch.xhtml,1620584849,14:27:29,20210509
72,1999-12-31,0670.HK,CNY,1999-12-31,1999-12-31,Q4,2723797080.0,0.0,0.0,0.0,0.0,0.0,0.0,0.0,0.0,0.0,0.0,0.0,-6419070000.0,-2.356662339912634,-6419070000.0,-2.356662339912634,0.0,0.0,0.0,0.0,43022880.0,0.015795185447515056,0.008278406773138349,0.008278406773138349,5197000000,5197000000,https://www1.hkexnews.hk/search/titlesearch.xhtml,https://www1.hkexnews.hk/search/titlesearch.xhtml,1620584849,14:27:29,20210509
73,1999-09-30,0670.HK,CNY,1999-09-30,1999-09-30,Q3,2723797080.0,0.0,0.0,0.0,0.0,0.0,0.0,0.0,0.0,0.0,0.0,0.0,2723797080.0,1.0,2723797080.0,1.0,0.0,0.0,0.0,0.0,43031160.0,0.015798225321542677,0.00828,0.00828,5197000000,5197000000,https://www1.hkexnews.hk/search/titlesearch.xhtml,https://www1.hkexnews.hk/search/titlesearch.xhtml,1620584849,14:27:29,20210509
74,1999-06-30,0670.HK,CNY,1999-06-30,1999-06-30,Q2,2358144000.0,980352000.0,1377792000.0,0.5842696629213483,0.0,645012000.0,0.0,0.0,0.0,2166876000.0,0.0,541512000.0,732780000.0,0.3107443820224719,191268000.0,0.08110955056179775,86112000.0,47196000.0,0.020014044943820225,14904000.0,32292000.0,0.013693820224719102,0.00828,0.00828,3900000000,3900000000,https://www1.hkexnews.hk/search/titlesearch.xhtml,https://www1.hkexnews.hk/search/titlesearch.xhtml,1620584849,14:27:29,20210509
75,1999-03-31,0670.HK,CNY,1999-03-31,1999-03-31,Q1,235980000.0,0.0,0.0,0.0,0.0,0.0,0.0,0.0,0.0,0.0,0.0,0.0,235980000.0,1.0,235980000.0,1.0,0.0,0.0,0.0,0.0,32292000.0,0.1368421052631579,0.00828,0.00828,3900000000,3900000000,https://www1.hkexnews.hk/search/titlesearch.xhtml,https://www1.hkexnews.hk/search/titlesearch.xhtml,1620584849,14:27:29,20210509
76,1998-12-31,0670.HK,CNY,1998-12-31,1998-12-31,Q4,3808800000.0,0.0,0.0,0.0,0.0,0.0,0.0,0.0,0.0,0.0,0.0,0.0,-4189680000.0,-1.1,-4189680000.0,-1.1,0.0,0.0,0.0,0.0,-33120000.0,-0.008695652173913044,-0.006624,-0.006624,5000000000,5000000000,https://www1.hkexnews.hk/search/titlesearch.xhtml,https://www1.hkexnews.hk/search/titlesearch.xhtml,1620584849,14:27:29,20210509
77,1998-09-30,0670.HK,CNY,1998-09-30,1998-09-30,Q3,554760000.0,0.0,0.0,0.0,0.0,0.0,0.0,0.0,0.0,0.0,0.0,0.0,554760000.0,1.0,554760000.0,1.0,0.0,0.0,0.0,0.0,-414000000.0,-0.746268656716418,-0.0828,-0.0828,5000000000,5000000000,https://www1.hkexnews.hk/search/titlesearch.xhtml,https://www1.hkexnews.hk/search/titlesearch.xhtml,1620584849,14:27:29,20210509
78,1998-06-30,0670.HK,CNY,1998-06-30,1998-06-30,Q2,1904400000.0,0.0,0.0,0.0,0.0,0.0,0.0,0.0,0.0,0.0,0.0,0.0,1904400000.0,1.0,1904400000.0,1.0,0.0,0.0,0.0,0.0,-16560000.0,-0.008695652173913044,-0.00414,-0.00414,4000000000,4000000000,https://www1.hkexnews.hk/search/titlesearch.xhtml,https://www1.hkexnews.hk/search/titlesearch.xhtml,1620584849,14:27:29,20210509
79,1998-03-31,0670.HK,CNY,1998-03-31,1998-03-31,Q1,1904400000.0,0.0,0.0,0.0,0.0,0.0,0.0,0.0,0.0,0.0,0.0,0.0,1904400000.0,1.0,1904400000.0,1.0,0.0,0.0,0.0,0.0,-16560000.0,-0.008695652173913044,-0.00414,-0.00414,4000000000,4000000000,https://www1.hkexnews.hk/search/titlesearch.xhtml,https://www1.hkexnews.hk/search/titlesearch.xhtml,1620584849,14:27:29,20210509
