,date,symbol,reportedCurrency,fillingDate,acceptedDate,period,revenue,costOfRevenue,grossProfit,grossProfitRatio,researchAndDevelopmentExpenses,generalAndAdministrativeExpenses,sellingAndMarketingExpenses,otherExpenses,operatingExpenses,costAndExpenses,interestExpense,depreciationAndAmortization,ebitda,ebitdaratio,operatingIncome,operatingIncomeRatio,totalOtherIncomeExpensesNet,incomeBeforeTax,incomeBeforeTaxRatio,incomeTaxExpense,netIncome,netIncomeRatio,eps,epsdiluted,weightedAverageShsOut,weightedAverageShsOutDil,link,finalLink,timestamp,est_time,est_date
0,2020-12-31,SOHU,USD,2020-12-31,2020-12-31,Q4,253235000,53076000.0,200159000.0,0.7904081189409047,65671000.0,15696000.0,51945000.0,1738000.0,133312000.0,186388000.0,1176000.0,0.0,71255000.0,0.28137895630540805,66847000.0,0.26397219973542363,-342000.0,67999000.0,0.26852133393883154,21416000.0,43488000.0,0.1717298161786483,1.1,1.1,39508000.0,39508000.0,,,1620598139,18:08:59,20210509
1,2020-09-30,SOHU,USD,2020-09-30,2020-09-30,Q3,157894000,53558000.0,104336000.0,0.6607977503895018,59532000.0,15176000.0,40250000.0,7859000.0,114958000.0,168516000.0,1352000.0,0.0,-830000.0,-0.005256691197892257,-10622000.0,-0.06727298060724284,5816000.0,-4225000.0,-0.026758458206138296,11082000.0,-29564000.0,-0.18723954045118876,-0.75,-0.75,39286000.0,39286000.0,,,1620598139,18:08:59,20210509
2,2020-06-30,SOHU,USD,2020-07-27 00:00:00,2020-07-27 12:19:59,Q2,421064000,250032000.0,171032000.0,0.40619003286911254,105022000.0,24097000.0,64579000.0,24094000.0,193698000.0,443730000.0,1431000.0,0.0,3624000.0,0.008606767617274334,-22666000.0,-0.05383029658199229,23835000.0,1934000.0,0.0045931259855983885,85023000.0,-79930000.0,-0.18982862462713507,-2.04,-2.04,39271000.0,39271000.0,https://www.sec.gov/Archives/edgar/data/1734107/000119312520199382/0001193125-20-199382-index.htm,https://www.sec.gov/Archives/edgar/data/1734107/000119312520199382/d58241d6k.htm,1620598139,18:08:59,20210509
3,2020-03-31,SOHU,USD,2020-04-14 00:00:00,2020-04-14 16:53:59,Q1,436000000,274686000.0,161314000.0,0.3699862385321101,103412000.0,19296000.0,62841000.0,10645000.0,185549000.0,460235000.0,2275000.0,0.0,-11464000.0,-0.026293577981651377,-24235000.0,-0.0555848623853211,12870000.0,-11514000.0,-0.026408256880733946,13600000.0,-20106000.0,-0.04611467889908257,-0.51,-0.52,39270000.0,39270000.0,https://www.sec.gov/Archives/edgar/data/1734107/000119312520107162/0001193125-20-107162-index.html,https://www.sec.gov/Archives/edgar/data/1734107/000119312520107162/d901578d6k.htm,1620598139,18:08:59,20210509
4,2019-12-31,SOHU,USD,2020-01-24 00:00:00,2020-01-24 06:14:34,Q4,489647000,237440000.0,252207000.0,0.5150792305477211,105425000.0,26901000.0,78375000.0,-13787000.0,210701000.0,448141000.0,2501000.0,0.0,29227000.0,0.05968993989547572,41506000.0,0.08476718942421785,-16111000.0,24402000.0,0.049835902190761915,-954000.0,-17095000.0,-0.034912906644991186,-0.44,-0.45,39263000.0,39263000.0,https://www.sec.gov/Archives/edgar/data/1734107/000119312520013481/0001193125-20-013481-index.html,https://www.sec.gov/Archives/edgar/data/1734107/000119312520013481/d875010d6k.htm,1620598139,18:08:59,20210509
5,2019-09-30,SOHU,USD,2019-10-18 00:00:00,2019-10-18 06:09:40,Q3,482283000,251301000.0,230982000.0,0.4789345674635017,104207000.0,23797000.0,91335000.0,15832000.0,219339000.0,470640000.0,2631000.0,0.0,29434000.0,0.061030556747801605,11643000.0,0.024141427336232046,20546000.0,31517000.0,0.06534959764287773,17011000.0,-22919000.0,-0.04752189067414775,-0.58,-0.59,39254000.0,39254000.0,https://www.sec.gov/Archives/edgar/data/1734107/000119312519269641/0001193125-19-269641-index.html,https://www.sec.gov/Archives/edgar/data/1734107/000119312519269641/d814555d6k.htm,1620598139,18:08:59,20210509
6,2019-06-30,SOHU,USD,2019-08-05 00:00:00,2019-08-05 06:31:56,Q2,474758000,270484000.0,204274000.0,0.4302697374241192,109048000.0,39666000.0,93679000.0,5693000.0,242393000.0,512877000.0,3737000.0,0.0,-29136000.0,-0.061370213877385955,-38119000.0,-0.08029143268781147,9245000.0,-29321000.0,-0.061759886089333936,4054000.0,-52893000.0,-0.11141044490034924,-1.35,-1.35,39244000.0,39244000.0,https://www.sec.gov/Archives/edgar/data/1734107/000119312519212475/0001193125-19-212475-index.html,https://www.sec.gov/Archives/edgar/data/1734107/000119312519212475/d731709d6k.htm,1620598139,18:08:59,20210509
7,2019-03-31,SOHU,USD,2019-04-29 00:00:00,2019-04-29 07:26:55,Q1,431380000,260225000.0,171155000.0,0.3967615559367611,100434000.0,23833000.0,85454000.0,14215000.0,209721000.0,469946000.0,5501000.0,0.0,-20556000.0,-0.04765172237934072,-38566000.0,-0.08940145579303631,4308000.0,-35964000.0,-0.0833696508878483,11208000.0,-56429000.0,-0.13081042236543186,-1.44,-1.44,39236000.0,39236000.0,https://www.sec.gov/Archives/edgar/data/1734107/000119312519123706/0001193125-19-123706-index.html,https://www.sec.gov/Archives/edgar/data/1734107/000119312519123706/d726679d6k.htm,1620598139,18:08:59,20210509
8,2018-12-31,SOHU,USD,2019-01-14 00:00:00,2019-01-14 16:00:06,Q4,482198000,276295000.0,205903000.0,0.42700923686950176,108611000.0,26828000.0,102112000.0,13073000.0,237551000.0,513846000.0,5279000.0,113089000.0,81441000.0,0.1688953500429284,-31648000.0,-0.06563278984981273,-3674000.0,-34144000.0,-0.070809086723711,-69557000.0,14640000.0,0.030360972048826415,0.37472164631805266,0.3731457409389815,39069000.0,39234000.0,https://www.sec.gov/Archives/edgar/data/1734107/000119312519008949/0001193125-19-008949-index.html,https://www.sec.gov/Archives/edgar/data/1734107/000119312519008949/d651210d6k.htm,1620598139,18:08:59,20210509
9,2018-09-30,SOHU,USD,2018-11-05 00:00:00,2018-11-05 06:31:01,Q3,459822000,260341000.0,199481000.0,0.43382221816268035,107164000.0,35078000.0,106056000.0,28822000.0,248298000.0,508639000.0,6174000.0,0.0,-15337000.0,-0.033354210977291215,-48817000.0,-0.10616499428039546,36792000.0,-13541000.0,-0.029448351753504617,-13145000.0,-34266000.0,-0.07452014040215561,-0.88,-0.89,38936000.0,38936000.0,https://www.sec.gov/Archives/edgar/data/1734107/000119312518317763/0001193125-18-317763-index.html,https://www.sec.gov/Archives/edgar/data/1734107/000119312518317763/d642510d6k.htm,1620598139,18:08:59,20210509
10,2018-06-30,SOHU,USD,2018-07-30 00:00:00,2018-07-30 07:14:10,Q2,486014000,274252000.0,211762000.0,0.43571172846872724,113843000.0,27982000.0,102138000.0,9991000.0,243963000.0,518215000.0,3004000.0,0.0,-17054000.0,-0.03508952417008564,-32201000.0,-0.06625529305740163,20765000.0,-9284000.0,-0.019102330385544448,5891000.0,-47638000.0,-0.0980177525750287,-1.22,-1.23,38927000.0,38927000.0,https://www.sec.gov/Archives/edgar/data/1734107/000119312518230385/0001193125-18-230385-index.html,https://www.sec.gov/Archives/edgar/data/1734107/000119312518230385/d554112d6k.htm,1620598139,18:08:59,20210509
11,2018-03-31,SOHU,USD,2018-03-31,2018-03-31,Q1,454995000,260833000.0,194162000.0,0.42673435971823864,111543000.0,23836000.0,90273000.0,12281000.0,225652000.0,486485000.0,3081000.0,39275000.0,7785000.0,0.017110078132726733,-31490000.0,-0.05235661930350883,2941000.0,-23822000.0,-0.05235661930350883,63379000.0,-92818000.0,-0.20399784613017727,-2.39,-2.39,38904000.0,38904000.0,,,1620598139,18:08:59,20210509
12,2017-12-31,SOHU,USD,2017-12-31,2017-12-31,Q4,509630000,275699000.0,233931000.0,0.45902125071130034,122767000.0,35829000.0,116179000.0,3513000.0,272609000.0,548308000.0,2567000.0,52112000.0,13434000.0,0.026360300610246648,-38678000.0,-0.07023134430861605,-1904000.0,-35792000.0,-0.07023134430861605,233785000.0,-294135000.0,-0.577154013696211,-7.56,-7.57,38888000.0,38888000.0,,,1620598139,18:08:59,20210509
13,2017-09-30,SOHU,USD,2017-09-30,2017-09-30,Q3,516061000,262394000.0,253667000.0,0.49154460422314417,105162000.0,31038000.0,111935000.0,-5068000.0,248135000.0,510529000.0,1141000.0,49175000.0,54707000.0,0.10600878578307603,5532000.0,-0.16682911516274238,-96982000.0,-86094000.0,-0.16682911516274238,15927000.0,-103960000.0,-0.20144905350336492,-2.67,-2.67,38877000.0,38877000.0,,,1620598139,18:08:59,20210509
14,2017-06-30,SOHU,USD,2017-06-30,2017-06-30,Q2,461168000,278194000.0,182974000.0,0.39676213440655034,100146000.0,27657000.0,94845000.0,3306000.0,222648000.0,500842000.0,205000.0,67571000.0,27897000.0,0.060492054956111437,-39674000.0,-0.0765187523852479,-1222000.0,-35288000.0,-0.0765187523852479,12764000.0,-88183000.0,-0.1912166498976512,-2.27,-2.28,38855000.0,38855000.0,,,1620598139,18:08:59,20210509
15,2017-03-31,SOHU,USD,2017-03-31,2017-03-31,Q1,374103000,218879000.0,155224000.0,0.4149231628722571,84098000.0,28350000.0,90086000.0,4099000.0,202534000.0,421413000.0,175000.0,55137000.0,7827000.0,0.020922045532914733,-47310000.0,-0.10606971876729136,3333000.0,-39681000.0,-0.10606971876729136,10672000.0,-68248000.0,-0.18243104171845723,-1.76,-1.77,38811000.0,38811000.0,,,1620598139,18:08:59,20210509
16,2016-12-31,SOHU,USD,2016-12-31,2016-12-31,Q4,411759000,231811000.0,179948000.0,0.4370226273135499,91499000.0,23914000.0,116183000.0,20903000.0,229484000.0,461295000.0,205000.0,45089000.0,-4447000.0,-0.01080000680009423,-49536000.0,-0.07598376720363124,13403000.0,-31287000.0,-0.07598376720363124,5800000.0,-65897000.0,-0.16003778909507746,-1.7,-1.71,38739000.0,38739000.0,,,1620598139,18:08:59,20210509
17,2016-09-30,SOHU,USD,2016-09-30,2016-09-30,Q3,410582000,222884000.0,187698000.0,0.45715106848327497,90007000.0,38670000.0,110584000.0,3678000.0,239261000.0,462145000.0,0.0,62357000.0,10794000.0,0.026289510986843068,-51563000.0,-0.10001656185609696,4380000.0,-41065000.0,-0.10001656185609696,974000.0,-74814000.0,-0.18221451500552874,-1.93,-1.94,38728000.0,38728000.0,,,1620598139,18:08:59,20210509
18,2016-06-30,SOHU,USD,2016-06-30,2016-06-30,Q2,420138000,212258000.0,207880000.0,0.49478980715860027,88959000.0,29650000.0,117966000.0,-24573000.0,236575000.0,448833000.0,0.0,50911000.0,22216000.0,0.052877863939943544,-28695000.0,-0.1055891159571379,-20707000.0,-44362000.0,-0.1055891159571379,2430000.0,-63024000.0,-0.15000785456207247,-1.63,-1.64,38691000.0,38691000.0,,,1620598139,18:08:59,20210509
19,2016-03-31,SOHU,USD,2016-03-31,2016-03-31,Q1,407952000,192847000.0,215105000.0,0.5272801702161038,82679000.0,27607000.0,90047000.0,3924000.0,200333000.0,393180000.0,0.0,46274000.0,61046000.0,0.14964015374357767,14772000.0,0.05592079460328666,2902000.0,22813000.0,0.05592079460328666,11868000.0,-20286000.0,-0.04972643840451818,-0.52,-0.53,38666000.0,38666000.0,,,1620598139,18:08:59,20210509
20,2015-12-31,SOHU,USD,2015-12-31,2015-12-31,Q4,466103000,201551000.0,264552000.0,0.5675827016775262,102402000.0,44946000.0,98230000.0,-69695000.0,242739000.0,444290000.0,0.0,47093000.0,68906000.0,0.14783427697311538,21813000.0,0.06104444725736586,636000.0,28453000.0,0.06104444725736586,19656000.0,-30400000.0,-0.06522163556123861,-0.79,-0.8,38646000.0,38646000.0,,,1620598139,18:08:59,20210509
21,2015-09-30,SOHU,USD,2015-09-30,2015-09-30,Q3,522090000,214159000.0,307931000.0,0.5898044398475358,92779000.0,33330000.0,98596000.0,70219000.0,224705000.0,438864000.0,0.0,52063000.0,135289000.0,0.259129651975713,83226000.0,0.23489245149303759,34217000.0,122635000.0,0.23489245149303759,29461000.0,39121000.0,0.07493152521595893,1.01,1.0,38633000.0,38665000.0,,,1620598139,18:08:59,20210509
22,2015-06-30,SOHU,USD,2015-06-30,2015-06-30,Q2,493566000,221200000.0,272366000.0,0.551832986875109,100771000.0,49720000.0,103977000.0,-437000.0,254468000.0,475668000.0,0.0,63526000.0,81424000.0,0.16497084483128902,17898000.0,0.04660369636482253,-1124000.0,23002000.0,0.04660369636482253,11519000.0,-27199000.0,-0.05510711839956561,-0.7,-0.71,38587000.0,38587000.0,,,1620598139,18:08:59,20210509
23,2015-03-31,SOHU,USD,2015-03-31,2015-03-31,Q1,455332000,222154000.0,233178000.0,0.5121054527246054,102191000.0,45164000.0,83128000.0,3154000.0,230483000.0,452637000.0,0.0,74684000.0,77379000.0,0.1699397362803405,2695000.0,0.025697732643433804,2971000.0,11701000.0,0.025697732643433804,16300000.0,-31120000.0,-0.06834573454095035,-0.81,-0.81,38525000.0,38525000.0,,,1620598139,18:08:59,20210509
24,2014-12-31,SOHU,USD,2014-12-31,2014-12-31,Q4,477196000,195590000.0,281606000.0,0.590126488906026,81374000.0,65995000.0,115812000.0,-5796000.0,259563000.0,455153000.0,0.0,50138000.0,72181000.0,0.15126069791029262,22043000.0,-0.050574606660575526,-52450000.0,-24134000.0,-0.050574606660575526,8612000.0,-19575000.0,-0.041020880309139224,-0.51,-0.52,38501000.0,38501000.0,,,1620598139,18:08:59,20210509
25,2014-09-30,SOHU,USD,2014-09-30,2014-09-30,Q3,430415000,181660000.0,248755000.0,0.5779422185565094,107971000.0,49730000.0,131742000.0,896000.0,289443000.0,471103000.0,0.0,55010000.0,14322000.0,0.033274862632575536,-40688000.0,-0.0765168500168442,286000.0,-32934000.0,-0.0765168500168442,-1036000.0,-27138000.0,-0.06305077657609516,-0.71,-0.74,38485000.0,38485000.0,,,1620598139,18:08:59,20210509
26,2014-06-30,SOHU,USD,2014-06-30,2014-06-30,Q2,400151000,169886000.0,230265000.0,0.5754452694107974,102218000.0,53246000.0,136606000.0,694000.0,292070000.0,461956000.0,0.0,55603000.0,-6202000.0,-0.015499149071225612,-61805000.0,-0.13063318597229545,753000.0,-52273000.0,-0.13063318597229545,-1740000.0,-41090000.0,-0.10268623594593042,-1.07,-1.16,38475000.0,38475000.0,,,1620598139,18:08:59,20210509
27,2014-03-31,SOHU,USD,2014-03-31,2014-03-31,Q1,365315000,138498000.0,226817000.0,0.6208806098846201,117722000.0,35354000.0,142354000.0,3750000.0,295430000.0,433928000.0,0.0,47710000.0,-20903000.0,-0.057219112272969906,-68613000.0,-0.15282153757715944,4328000.0,-55828000.0,-0.15282153757715944,214000.0,-78854000.0,-0.21585207286862024,-2.05,-2.05,38411000.0,38411000.0,,,1620598139,18:08:59,20210509
28,2013-12-31,SOHU,USD,2013-12-31,2013-12-31,Q4,385451000,137386000.0,248065000.0,0.6435707781274403,90389000.0,31244000.0,130524000.0,-5409000.0,247198000.0,384584000.0,0.0,39314000.0,40181000.0,0.10424411922656836,867000.0,0.025118627270392345,780000.0,9682000.0,0.025118627270392345,-4770000.0,2834000.0,0.0073524261190138305,0.07,0.06,38301000.0,38564000.0,,,1620598139,18:08:59,20210509
29,2013-09-30,SOHU,USD,2013-09-30,2013-09-30,Q3,368323000,125490000.0,242833000.0,0.6592936091419759,70551000.0,29365000.0,90728000.0,1533000.0,190644000.0,316134000.0,0.0,35233000.0,87422000.0,0.23735145510869535,52189000.0,0.16293307776055255,228000.0,60012000.0,0.16293307776055255,18923000.0,-64189000.0,-0.17427366740605393,-1.68,-1.69,38288000.0,38522000.0,,,1620598139,18:08:59,20210509
30,2013-06-30,SOHU,USD,2013-06-30,2013-06-30,Q2,338904000,113645000.0,225259000.0,0.6646690508226518,63361000.0,25772000.0,71678000.0,1532000.0,160811000.0,274456000.0,0.0,28909000.0,93357000.0,0.27546738899511364,64448000.0,0.2050551188537167,-452000.0,69494000.0,0.2050551188537167,16251000.0,21626000.0,0.0638115808606567,0.57,0.56,38259000.0,38492000.0,,,1620598139,18:08:59,20210509
31,2013-03-31,SOHU,USD,2013-03-31,2013-03-31,Q1,307596000,103529000.0,204067000.0,0.6634254021508732,51819000.0,22589000.0,58723000.0,2531000.0,133131000.0,236660000.0,0.0,27233000.0,98169000.0,0.31914914368197245,70936000.0,0.25417430655795265,546000.0,78183000.0,0.25417430655795265,20018000.0,24431000.0,0.0794256102159976,0.64,0.6,38169000.0,38429000.0,,,1620598139,18:08:59,20210509
32,2012-12-31,SOHU,USD,2012-12-31,2012-12-31,Q4,299492000,93543000.0,205949000.0,0.68766110613973,52432000.0,20275000.0,68833000.0,2102000.0,140875000.0,234418000.0,0.0,25084000.0,90158000.0,0.3010364216740347,65074000.0,0.23837698502798071,733000.0,71392000.0,0.23837698502798071,20290000.0,25388000.0,0.08477021089044115,0.67,0.6,38046000.0,38393000.0,,,1620598139,18:08:59,20210509
33,2012-09-30,SOHU,USD,2012-09-30,2012-09-30,Q3,285378000,96749000.0,188629000.0,0.6609794728395322,46994000.0,19666000.0,58250000.0,0.0,124910000.0,221659000.0,0.0,24324000.0,88043000.0,0.30851362053136544,63719000.0,0.24616123176979304,556000.0,70249000.0,0.24616123176979304,18727000.0,25881000.0,0.09069024241532284,0.68,0.63,38022000.0,38344000.0,,,1620598139,18:08:59,20210509
34,2012-06-30,SOHU,USD,2012-06-30,2012-06-30,Q2,255727000,99844000.0,155883000.0,0.6095680158919473,43340000.0,17508000.0,48999000.0,0.0,109847000.0,209691000.0,0.0,26278000.0,72314000.0,0.2827781188533084,46036000.0,0.20418649575523898,-1043000.0,52216000.0,0.20418649575523898,18467000.0,12782000.0,0.049982989672580524,0.34,0.28,38002000.0,38347000.0,,,1620598139,18:08:59,20210509
35,2012-03-31,SOHU,USD,2012-03-31,2012-03-31,Q1,226604000,79522000.0,147082000.0,0.649070625408201,38593000.0,17794000.0,38654000.0,0.0,95041000.0,174563000.0,0.0,26076000.0,78117000.0,0.3447291309950398,52041000.0,0.26259907150800516,970000.0,59506000.0,0.26259907150800516,18687000.0,23108000.0,0.10197525198143016,0.61,0.53,38084000.0,38485000.0,,,1620598139,18:08:59,20210509
36,2011-12-31,SOHU,USD,2011-12-31,2011-12-31,Q4,246153000,70742000.0,175411000.0,0.7126096370956275,33348000.0,18060000.0,47957000.0,0.0,99365000.0,170107000.0,0.0,24363000.0,100409000.0,0.40791296470081617,76046000.0,0.23597112365073755,-23449000.0,58085000.0,0.23597112365073755,10828000.0,26856000.0,0.10910287504113296,0.0,0.0,0.0,0.0,,,1620598139,18:08:59,20210509
37,2011-09-30,SOHU,USD,2011-09-30,2011-09-30,Q3,232860000,66938000.0,165922000.0,0.7125397234389762,28019000.0,15655000.0,48640000.0,0.0,92314000.0,159252000.0,0.0,18626000.0,92234000.0,0.3960920724899081,73608000.0,0.338190328953019,829000.0,78751000.0,0.338190328953019,14441000.0,46812000.0,0.2010306622004638,1.22,1.17,38298000.0,38844000.0,,,1620598139,18:08:59,20210509
38,2011-06-30,SOHU,USD,2011-06-30,2011-06-30,Q2,198705000,53164000.0,145541000.0,0.7324475981983342,24858000.0,12982000.0,38316000.0,0.0,76753000.0,129917000.0,0.0,14549000.0,83337000.0,0.4194006190080773,68788000.0,0.36178254195918574,1479000.0,71888000.0,0.36178254195918574,10281000.0,44265000.0,0.22276741903827282,1.16,1.1,38295000.0,38860000.0,,,1620598139,18:08:59,20210509
39,2011-03-31,SOHU,USD,2011-03-31,2011-03-31,Q1,174369000,45852000.0,128517000.0,0.7370404142938252,22782000.0,11998000.0,30177000.0,0.0,65149000.0,111001000.0,0.0,12310000.0,75678000.0,0.43401063262391826,63368000.0,0.37948832648005093,510000.0,66171000.0,0.37948832648005093,11002000.0,44807000.0,0.25696654795290447,1.17,1.01,38193000.0,38767000.0,,,1620598139,18:08:59,20210509
40,2010-12-31,SOHU,USD,2010-12-31,2010-12-31,Q4,173162000,45384000.0,127778000.0,0.7379101650477587,23747000.0,10489000.0,27381000.0,0.0,61765000.0,107149000.0,0.0,8136000.0,74149000.0,0.4282059574271491,66013000.0,0.3914484702186392,504000.0,67784000.0,0.3914484702186392,10399000.0,43976000.0,0.25395872073549625,0.0,0.0,0.0,0.0,,,1620598139,18:08:59,20210509
41,2010-09-30,SOHU,USD,2010-09-30,2010-09-30,Q3,164064000,43176000.0,120888000.0,0.73683440608543,19454000.0,10619000.0,25410000.0,0.0,55646000.0,98822000.0,0.0,7070000.0,72312000.0,0.44075482738443533,65242000.0,0.39833845328652234,-939000.0,65353000.0,0.39833845328652234,11340000.0,41009000.0,0.24995733372342502,1.08,1.01,37896000.0,38377000.0,,,1620598139,18:08:59,20210509
42,2010-06-30,SOHU,USD,2010-06-30,2010-06-30,Q2,146097000,38921000.0,107176000.0,0.7335948034525007,16881000.0,9384000.0,29606000.0,0.0,56010000.0,94931000.0,0.0,6081000.0,57247000.0,0.39184240607267773,51166000.0,0.3545178887999069,-330000.0,51794000.0,0.3545178887999069,6329000.0,33453000.0,0.22897800776196636,0.88,0.82,37822000.0,38289000.0,,,1620598139,18:08:59,20210509
43,2010-03-31,SOHU,USD,2010-03-31,2010-03-31,Q1,129454000,32826000.0,96628000.0,0.7464273023622291,15518000.0,9883000.0,23009000.0,0.0,48518000.0,81344000.0,0.0,5068000.0,53178000.0,0.410786843202991,48110000.0,0.38070666028087197,-25000.0,49284000.0,0.38070666028087197,7963000.0,30191000.0,0.2332179770420381,0.8,0.73,37778000.0,38443000.0,,,1620598139,18:08:59,20210509
44,2009-12-31,SOHU,USD,2009-12-31,2009-12-31,Q4,135831000,33833000.0,101998000.0,0.7509184206845271,14461000.0,8801000.0,25405000.0,0.0,48760000.0,82593000.0,0.0,5055000.0,58293000.0,0.4291582922896835,53238000.0,0.40206580235734113,239000.0,54613000.0,0.40206580235734113,12168000.0,32349000.0,0.23815623826666962,0.0,0.0,0.0,0.0,,,1620598139,18:08:59,20210509
45,2009-09-30,SOHU,USD,2009-09-30,2009-09-30,Q3,136585000,33190000.0,103395000.0,0.7570011348244683,14531000.0,10721000.0,25457000.0,0.0,50802000.0,83992000.0,0.0,4627000.0,57220000.0,0.418933264999817,52593000.0,0.39610498956693635,40000.0,54102000.0,0.39610498956693635,7022000.0,37354000.0,0.27348537540725554,0.97,0.88,38410000.0,39082000.0,,,1620598139,18:08:59,20210509
46,2009-06-30,SOHU,USD,2009-06-30,2009-06-30,Q2,127085000,28779000.0,98306000.0,0.7735452649801314,14637000.0,9208000.0,25810000.0,0.0,49783000.0,78562000.0,0.0,4498000.0,53021000.0,0.4172089546366605,48523000.0,0.39232796946925286,62000.0,49859000.0,0.39232796946925286,7969000.0,33535000.0,0.26387850651139,0.88,0.79,38284000.0,39018000.0,,,1620598139,18:08:59,20210509
47,2009-03-31,SOHU,USD,2009-03-31,2009-03-31,Q1,115738000,27593000.0,88145000.0,0.7615908344709603,13314000.0,7894000.0,16826000.0,0.0,38108000.0,65701000.0,0.0,4237000.0,54274000.0,0.4689384644628385,50037000.0,0.44203286733829855,1000.0,51160000.0,0.44203286733829855,6586000.0,44595000.0,0.3853099241390036,1.17,1.15,38162000.0,38851000.0,,,1620598139,18:08:59,20210509
48,2008-12-31,SOHU,USD,2008-12-31,2008-12-31,Q4,121572000,30233000.0,91339000.0,0.7513160925213043,14424000.0,0.0,0.0,0.0,41659000.0,71892000.0,0.0,4187000.0,53867000.0,0.4430872240318494,49680000.0,0.41824597769223176,-54000.0,50847000.0,0.41824597769223176,-5745000.0,56625000.0,0.4657733688678314,0.0,0.0,0.0,0.0,,,1620598139,18:08:59,20210509
49,2008-09-30,SOHU,USD,2008-09-30,2008-09-30,Q3,120676000,31914000.0,88762000.0,0.7355397925022374,13012000.0,0.0,0.0,0.0,45004000.0,76918000.0,0.0,4721000.0,48479000.0,0.4017285955782426,43758000.0,0.3749875700222082,51000.0,45252000.0,0.3749875700222082,4992000.0,40261000.0,0.33362889058304884,1.05,1.02,38496000.0,39321000.0,,,1620598139,18:08:59,20210509
50,2008-06-30,SOHU,USD,2008-06-30,2008-06-30,Q2,101980000,24875000.0,77105000.0,0.7560796234555796,10798000.0,0.0,0.0,0.0,37232000.0,62107000.0,0.0,3959000.0,43832000.0,0.4298097666209061,39873000.0,0.3998627181800353,-575000.0,40778000.0,0.3998627181800353,577000.0,40189000.0,0.39408707589723474,1.05,1.02,38108000.0,39429000.0,,,1620598139,18:08:59,20210509
51,2008-03-31,SOHU,USD,2008-03-31,2008-03-31,Q1,84823000,20292000.0,64531000.0,0.7607724320054702,11479000.0,0.0,0.0,0.0,34000000.0,54292000.0,0.0,3777000.0,34308000.0,0.4044657698973156,30531000.0,0.36240170708416347,43000.0,30740000.0,0.36240170708416347,9185000.0,21563000.0,0.2542117114461879,0.57,0.55,37759000.0,39037000.0,,,1620598139,18:08:59,20210509
52,2007-12-31,SOHU,USD,2007-12-31,2007-12-31,Q4,65342000,18935000.0,46407000.0,0.7102170120290165,8395000.0,0.0,0.0,0.0,31529000.0,50464000.0,0.0,3461000.0,18339000.0,0.2806617489516697,14878000.0,0.24163631355024334,800000.0,15789000.0,0.24163631355024334,720000.0,15072000.0,0.2306632793609011,0.0,0.0,0.0,0.0,,,1620598139,18:08:59,20210509
53,2007-09-30,SOHU,USD,2007-09-30,2007-09-30,Q3,51518000,17150000.0,34368000.0,0.6671066423386001,6875000.0,0.0,0.0,0.0,25550000.0,42700000.0,0.0,3215000.0,12033000.0,0.2335688497224271,8818000.0,0.19412632477968866,575000.0,10001000.0,0.19412632477968866,322000.0,9686000.0,0.18801195698590784,0.26,0.25,37307000.0,38516000.0,,,1620598139,18:08:59,20210509
54,2007-06-30,SOHU,USD,2007-06-30,2007-06-30,Q2,38988000,15378000.0,23610000.0,0.605570944906125,5494000.0,0.0,0.0,0.0,18675000.0,34053000.0,0.0,3203000.0,8138000.0,0.2087308915563763,4935000.0,0.1506104442392531,-120000.0,5872000.0,0.1506104442392531,163000.0,5707000.0,0.14637837283266647,0.15,0.15,36903000.0,39130000.0,,,1620598139,18:08:59,20210509
55,2007-03-31,SOHU,USD,2007-03-31,2007-03-31,Q1,33086000,13025000.0,20061000.0,0.6063289608898024,4954000.0,0.0,0.0,0.0,15981000.0,29006000.0,0.0,3004000.0,7084000.0,0.21410868645348485,4080000.0,0.14293054464123797,-120000.0,4729000.0,0.14293054464123797,282000.0,4466000.0,0.13498156319893612,0.12,0.12,36722000.0,38986000.0,,,1620598139,18:08:59,20210509
56,2006-12-31,SOHU,USD,2006-12-31,2006-12-31,Q4,34350000,12539000.0,21811000.0,0.6349636098981077,4988000.0,0.0,0.0,0.0,16066000.0,28605000.0,0.0,2825000.0,8570000.0,0.249490538573508,5745000.0,0.19231441048034933,449000.0,6606000.0,0.19231441048034933,482000.0,6074000.0,0.17682678311499272,0.0,0.0,0.0,0.0,,,1620598139,18:08:59,20210509
57,2006-09-30,SOHU,USD,2006-09-30,2006-09-30,Q3,35398000,12416000.0,22982000.0,0.6492457200971806,5037000.0,0.0,0.0,0.0,16876000.0,29292000.0,0.0,2524000.0,8630000.0,0.2437990846940505,6106000.0,0.19715803152720493,-78000.0,6979000.0,0.19715803152720493,351000.0,6601000.0,0.18647946211650376,0.18,0.17,36640000.0,38787000.0,,,1620598139,18:08:59,20210509
58,2006-06-30,SOHU,USD,2006-06-30,2006-06-30,Q2,34074000,12147000.0,21927000.0,0.6435111815460468,4617000.0,0.0,0.0,0.0,15358000.0,27505000.0,0.0,2372000.0,8941000.0,0.262399483477138,6569000.0,0.2367494277161472,711000.0,8067000.0,0.2367494277161472,303000.0,7172000.0,0.21048306626753535,0.19,0.19,36943000.0,39474000.0,,,1620598139,18:08:59,20210509
59,2006-03-31,SOHU,USD,2006-03-31,2006-03-31,Q1,31252000,10857000.0,20395000.0,0.6525982337130424,4243000.0,0.0,0.0,0.0,14375000.0,25232000.0,0.0,2333000.0,8353000.0,0.2672788941507743,6020000.0,0.20737872776142327,-68000.0,6481000.0,0.20737872776142327,443000.0,6038000.0,0.1932036349673621,0.16,0.16,36768000.0,39384000.0,,,1620598139,18:08:59,20210509
60,2005-12-31,SOHU,USD,2005-12-31,2005-12-31,Q4,30466000,10416000.0,20050000.0,0.6581106807588788,3555000.0,0.0,0.0,0.0,14239000.0,24655000.0,0.0,1911000.0,7722000.0,0.2534628766493796,5811000.0,0.2926869296921158,2351000.0,8917000.0,0.2926869296921158,-20000.0,8937000.0,0.2933433991991072,0.0,0.0,0.0,0.0,,,1620598139,18:08:59,20210509
61,2005-09-30,SOHU,USD,2005-09-30,2005-09-30,Q3,28278000,9928000.0,18350000.0,0.6489143503783861,3439000.0,0.0,0.0,0.0,11376000.0,21304000.0,0.0,2564000.0,9538000.0,0.3372940094773322,6974000.0,0.28110191668434825,358000.0,7949000.0,0.28110191668434825,-81000.0,8030000.0,0.283966334252776,0.22,0.21,36417000.0,39750000.0,,,1620598139,18:08:59,20210509
62,2005-06-30,SOHU,USD,2005-06-30,2005-06-30,Q2,25879000,8446000.0,17433000.0,0.673634993624174,3594000.0,0.0,0.0,0.0,10736000.0,19182000.0,0.0,2150000.0,8847000.0,0.3418601955253294,6697000.0,0.2762857915684532,-102000.0,7150000.0,0.2762857915684532,50000.0,7100000.0,0.2743537230959465,0.2,0.18,36015000.0,39596000.0,,,1620598139,18:08:59,20210509
63,2005-03-31,SOHU,USD,2005-03-31,2005-03-31,Q1,23725000,7530000.0,16195000.0,0.682613277133825,3142000.0,0.0,0.0,0.0,10744000.0,18274000.0,0.0,1975000.0,7426000.0,0.3130031612223393,5451000.0,0.24345626975763962,-248000.0,5776000.0,0.24345626975763962,62000.0,5714000.0,0.24084299262381453,0.16,0.15,36171000.0,39931000.0,,,1620598139,18:08:59,20210509
64,2004-12-31,SOHU,USD,2004-12-31,2004-12-31,Q4,24067000,7739000.0,16328000.0,0.6784393567956123,2387000.0,0.0,0.0,0.0,10376000.0,18115000.0,0.0,1571000.0,7523000.0,0.3125856982590269,5952000.0,0.26189387958615534,-244000.0,6303000.0,0.26189387958615534,-199000.0,6502000.0,0.27016246312377945,0.0,0.0,0.0,0.0,,,1620598139,18:08:59,20210509
65,2004-09-30,SOHU,USD,2004-09-30,2004-09-30,Q3,25940000,8387000.0,17553000.0,0.6766769468003084,2462000.0,0.0,0.0,0.0,9640000.0,18027000.0,0.0,1838000.0,9751000.0,0.3759059367771781,7913000.0,0.32243639167309174,-190000.0,8364000.0,0.32243639167309174,38000.0,8326000.0,0.32097147262914416,0.23,0.21,36392000.0,40644000.0,,,1620598139,18:08:59,20210509
66,2004-06-30,SOHU,USD,2004-06-30,2004-06-30,Q2,27267000,9236000.0,18031000.0,0.6612755345289177,2091000.0,0.0,0.0,0.0,8464000.0,17700000.0,0.0,1822000.0,11389000.0,0.4176843803865478,9567000.0,0.36487329005757874,-196000.0,9949000.0,0.36487329005757874,70000.0,9879000.0,0.36230608427769834,0.27,0.25,36349000.0,40893000.0,,,1620598139,18:08:59,20210509
67,2004-03-31,SOHU,USD,2004-03-31,2004-03-31,Q1,25935000,8623000.0,17312000.0,0.6675149411991518,1880000.0,0.0,0.0,0.0,6750000.0,15373000.0,0.0,1473000.0,12035000.0,0.46404472720262196,10562000.0,0.423520339309813,-208000.0,10984000.0,0.423520339309813,54000.0,10930000.0,0.4214382109118951,0.3,0.27,36255000.0,41920000.0,,,1620598139,18:08:59,20210509
68,2003-12-31,SOHU,USD,2003-12-31,2003-12-31,Q4,24585000,6778000.0,17807000.0,0.7243034370551149,1900000.0,0.0,0.0,0.0,6615000.0,13393000.0,0.0,1222000.0,12414000.0,0.5049420378279439,11192000.0,0.4766727679479357,-221000.0,11719000.0,0.4766727679479357,150000.0,11569000.0,0.4705714866788692,0.0,0.0,0.0,0.0,,,1620598139,18:08:59,20210509
69,2003-09-30,SOHU,USD,2003-09-30,2003-09-30,Q3,22080000,6901000.0,15179000.0,0.6874547101449275,1968000.0,0.0,0.0,0.0,5988000.0,12889000.0,0.0,1228000.0,10419000.0,0.471875,9191000.0,0.4153532608695652,-552000.0,9171000.0,0.4153532608695652,6500000.0,2671000.0,0.12096920289855072,0.07,0.07,35824000.0,41643000.0,,,1620598139,18:08:59,20210509
70,2003-06-30,SOHU,USD,2003-06-30,2003-06-30,Q2,19349000,6271000.0,13078000.0,0.6759005633366065,1926000.0,0.0,0.0,0.0,5766000.0,12037000.0,0.0,1183000.0,8495000.0,0.43904077730115254,7312000.0,0.0,-129000.0,0.0,0.0,0.0,7526000.0,0.38896066980205696,0.21,0.19,35286000.0,40036000.0,,,1620598139,18:08:59,20210509
71,2003-03-31,SOHU,USD,2003-03-31,2003-03-31,Q1,14411000,5256000.0,9155000.0,0.6352786066199431,1742000.0,0.0,0.0,0.0,4810000.0,10066000.0,0.0,1227000.0,5572000.0,0.3866490875026022,4345000.0,0.0,-81000.0,0.0,0.0,0.0,4591000.0,0.3185760877107765,0.13,0.12,34756000.0,39186000.0,,,1620598139,18:08:59,20210509
72,2002-12-31,SOHU,USD,2002-12-31,2002-12-31,Q4,10564000,4075000.0,6489000.0,0.6142559636501326,1549000.0,0.0,0.0,0.0,4775000.0,8850000.0,0.0,1197000.0,2911000.0,0.27555850056796666,1714000.0,0.0,-114000.0,0.0,0.0,0.0,1931000.0,0.1827906096175691,0.0,0.0,0.0,0.0,,,1620598139,18:08:59,20210509
