,date,symbol,reportedCurrency,fillingDate,acceptedDate,period,revenue,costOfRevenue,grossProfit,grossProfitRatio,researchAndDevelopmentExpenses,generalAndAdministrativeExpenses,sellingAndMarketingExpenses,otherExpenses,operatingExpenses,costAndExpenses,interestExpense,depreciationAndAmortization,ebitda,ebitdaratio,operatingIncome,operatingIncomeRatio,totalOtherIncomeExpensesNet,incomeBeforeTax,incomeBeforeTaxRatio,incomeTaxExpense,netIncome,netIncomeRatio,eps,epsdiluted,weightedAverageShsOut,weightedAverageShsOutDil,link,finalLink,timestamp,est_time,est_date
0,2020-12-31,INTT,USD,2021-03-23,2021-03-23 16:20:31,Q4,14875000.0,8155000.0,6720000.0,0.45176470588235296,-3825000.0,2712000.0,1962000.0,6399.0,7204000.0,15359000.0,0.0,796000.0,312000.0,0.020974789915966387,-484000.0,-0.03253781512605042,30000.0,-454000.0,-0.030521008403361343,-74.0,-380000.0,-0.025546218487394957,-0.03700097370983447,-0.03700097370983447,10270000.0,10288000.0,https://www.sec.gov/Archives/edgar/data/1036262/000143774921006901/0001437749-21-006901-index.htm,https://www.sec.gov/Archives/edgar/data/1036262/000143774921006901/intt20201231_10k.htm,1620593672,16:54:32,20210509
1,2020-09-30,INTT,USD,2020-11-12,2020-11-12 16:30:33,Q3,14443000.0,7993000.0,6450000.0,0.4465831198504466,1316000.0,2960000.0,1747000.0,6000.0,6023000.0,14016000.0,0.0,794000.0,1221000.0,0.08453922315308454,427000.0,0.029564494911029564,6000.0,433000.0,0.02997992106902998,-25000.0,458000.0,0.03171086339403171,0.04459591041869523,0.04451788491446345,10270000.0,10288000.0,https://www.sec.gov/Archives/edgar/data/1036262/000143774920023648/0001437749-20-023648-index.htm,https://www.sec.gov/Archives/edgar/data/1036262/000143774920023648/intt20200930_10q.htm,1620593672,16:54:32,20210509
2,2020-06-30,INTT,USD,2020-08-12,2020-08-12 11:40:01,Q2,13275000.0,7208000.0,6067000.0,0.45702448210922786,1217000.0,2888000.0,1761000.0,-18000.0,5866000.0,13074000.0,0.0,793000.0,994000.0,0.07487758945386064,201000.0,0.015141242937853107,-18000.0,183000.0,0.013785310734463277,13000.0,170000.0,0.012806026365348399,0.016582130316035896,0.016570815868993078,10252000.0,10259000.0,https://www.sec.gov/Archives/edgar/data/1036262/000143774920017615/0001437749-20-017615-index.htm,https://www.sec.gov/Archives/edgar/data/1036262/000143774920017615/intt20200630_10q.htm,1620593672,16:54:32,20210509
3,2020-03-31,INTT,USD,2020-05-13,2020-05-13 16:16:42,Q1,11230000.0,6363000.0,4867000.0,0.4333926981300089,1292000.0,2884000.0,2052000.0,-32000.0,6228000.0,12591000.0,0.0,791000.0,-570000.0,-0.05075690115761353,-1361000.0,-0.12119323241317899,-32000.0,-1393000.0,-0.12404274265360642,-250000.0,-1143000.0,-0.10178094390026714,-0.11,-0.11,10221000.0,10221000.0,https://www.sec.gov/Archives/edgar/data/1036262/000143774920010587/0001437749-20-010587-index.htm,https://www.sec.gov/Archives/edgar/data/1036262/000143774920005921/intt20191231_10k.htm,1620593672,16:54:32,20210509
4,2019-12-31,INTT,USD,2020-03-23,2020-03-23 16:59:18,Q4,13614000.0,7149000.0,6465000.0,0.4748788012340238,1211000.0,2703000.0,1955000.0,52000.0,5869000.0,13018000.0,0.0,762000.0,1358000.0,0.09975025708829147,596000.0,0.04377846334655502,52000.0,648000.0,0.04759806081974438,-76000.0,724000.0,0.05318054943440576,0.07046228710462286,0.07029808719293135,10275000.0,10299000.0,https://www.sec.gov/Archives/edgar/data/1036262/000143774920005921/0001437749-20-005921-index.htm,https://www.sec.gov/Archives/edgar/data/1036262/000143774920005921/intt20191231_10k.htm,1620593672,16:54:32,20210509
5,2019-09-30,INTT,USD,2019-11-13,2019-11-13 11:26:31,Q3,14632000.0,7427000.0,7205000.0,0.49241388737014763,1261000.0,3094000.0,2044000.0,-12000.0,6399000.0,13826000.0,0.0,833000.0,1639000.0,0.11201476216511755,806000.0,0.05508474576271186,-12000.0,794000.0,0.0542646254784035,147000.0,647000.0,0.04421815199562602,0.06208389040111087,0.06203535804469154,10421383.0,10429536.0,https://www.sec.gov/Archives/edgar/data/1036262/000143774919022627/0001437749-19-022627-index.htm,https://www.sec.gov/Archives/edgar/data/1036262/000143774919022627/intt20190930_10q.htm,1620593672,16:54:32,20210509
6,2019-06-30,INTT,USD,2019-08-13,2019-08-13 12:36:19,Q2,14352000.0,7633000.0,6719000.0,0.4681577480490524,1208000.0,3718000.0,2087000.0,-6000.0,7013000.0,14646000.0,0.0,794000.0,500000.0,0.03483835005574136,-294000.0,-0.02048494983277592,-6000.0,-300000.0,-0.020903010033444816,-113000.0,-187000.0,-0.013029542920847268,-0.02,-0.02,10411000.0,10411000.0,https://www.sec.gov/Archives/edgar/data/1036262/000143774919016515/0001437749-19-016515-index.htm,https://www.sec.gov/Archives/edgar/data/1036262/000143774919016515/intt20190630_10q.htm,1620593672,16:54:32,20210509
7,2019-03-31,INTT,USD,2019-05-15,2019-05-15 12:02:24,Q1,18062000.0,9226000.0,8836000.0,0.4892038533938656,1284000.0,3737000.0,2374000.0,21000.0,7395000.0,16621000.0,0.0,804000.0,2245000.0,0.12429409810652198,1441000.0,0.07978075517661389,21000.0,1462000.0,0.08094341711881298,324000.0,1138000.0,0.0630052042963127,0.10958112662493982,0.10927597464951028,10385000.0,10414000.0,https://www.sec.gov/Archives/edgar/data/1036262/000143774919009971/0001437749-19-009971-index.htm,https://www.sec.gov/Archives/edgar/data/1036262/000143774919005715/intt20181231_10k.htm,1620593672,16:54:32,20210509
8,2018-12-31,INTT,USD,2019-03-26,2019-03-26 17:28:04,Q4,18435000.0,9431000.0,9004000.0,0.48841876864659617,1175000.0,3158000.0,2306000.0,-34000.0,6639000.0,16070000.0,0.0,501000.0,2866000.0,0.1554651478166531,2365000.0,0.12828858150257663,-2862000.0,-497000.0,-0.026959587740710604,295000.0,-792000.0,-0.042961757526444266,-0.08,-0.08,10367000.0,10367000.0,https://www.sec.gov/Archives/edgar/data/1036262/000143774919005715/0001437749-19-005715-index.htm,https://www.sec.gov/Archives/edgar/data/1036262/000143774919005715/intt20181231_10k.htm,1620593672,16:54:32,20210509
9,2018-09-30,INTT,USD,2018-11-13,2018-11-13 11:57:21,Q3,20160000.0,10068000.0,10092000.0,0.5005952380952381,1207000.0,3318000.0,2291000.0,-57000.0,6816000.0,16884000.0,0.0,530000.0,3806000.0,0.18878968253968254,3276000.0,0.1625,-3114000.0,162000.0,0.008035714285714285,728000.0,-566000.0,-0.028075396825396826,-0.05,-0.05,10356000.0,10356000.0,https://www.sec.gov/Archives/edgar/data/1036262/000143774918020501/0001437749-18-020501-index.htm,https://www.sec.gov/Archives/edgar/data/1036262/000143774918020501/intt20180930_10q.htm,1620593672,16:54:32,20210509
10,2018-06-30,INTT,USD,2018-08-13,2018-08-13 16:16:43,Q2,21097000.0,10187000.0,10910000.0,0.5171351376973029,1230000.0,3335000.0,2538000.0,-121000.0,7103000.0,17290000.0,0.0,435000.0,4242000.0,0.20107124235673318,3807000.0,0.1804521969948334,589000.0,4396000.0,0.2083708584158885,382000.0,4014000.0,0.19026401858084088,0.38808856231267524,0.3870781099324976,10343000.0,10370000.0,https://www.sec.gov/Archives/edgar/data/1036262/000143774918015348/0001437749-18-015348-index.htm,https://www.sec.gov/Archives/edgar/data/1036262/000143774918015348/intt20180630_10q.htm,1620593672,16:54:32,20210509
11,2018-03-31,INTT,USD,2018-05-14,2018-05-14 16:16:03,Q1,18871000.0,9476000.0,9395000.0,0.49785384982247893,1296000.0,2990000.0,2476000.0,75000.0,6762000.0,16238000.0,0.0,405000.0,3038000.0,0.16098775899528378,2633000.0,0.13952625722007314,-1651000.0,982000.0,0.052037517884584814,601000.0,381000.0,0.02018970907742038,0.036897152818129,0.03675832127351664,10326000.0,10365000.0,https://www.sec.gov/Archives/edgar/data/1036262/000143774918009772/0001437749-18-009772-index.htm,https://www.sec.gov/Archives/edgar/data/1036262/000143774918005659/intt20171231_10k.htm,1620593672,16:54:32,20210509
12,2017-12-31,INTT,USD,2018-03-28,2018-03-28 13:54:36,Q4,19381000.0,9636000.0,9745000.0,0.5028120324028688,1245000.0,3271000.0,2247000.0,32000.0,6763000.0,16399000.0,0.0,462000.0,3444000.0,0.17769980909137814,2982000.0,0.15386202982302255,-7493000.0,-4511000.0,-0.23275372787781848,55000.0,-4566000.0,-0.23559155874309892,-0.44,-0.44,10308000.0,10308000.0,https://www.sec.gov/Archives/edgar/data/1036262/000143774918005659/0001437749-18-005659-index.htm,https://www.sec.gov/Archives/edgar/data/1036262/000143774918005659/intt20171231_10k.htm,1620593672,16:54:32,20210509
13,2017-09-30,INTT,USD,2017-11-14,2017-11-14 14:52:59,Q3,17352000.0,8556000.0,8796000.0,0.5069156293222683,1139000.0,3143000.0,2322000.0,100000.0,6604000.0,15160000.0,0.0,794000.0,2986000.0,0.17208390963577685,2192000.0,0.12632549562010142,649000.0,2841000.0,0.16372752420470263,823000.0,2018000.0,0.11629783310281236,0.2,0.19,10288000.0,10351000.0,https://www.sec.gov/Archives/edgar/data/1036262/000143774917019326/0001437749-17-019326-index.htm,https://www.sec.gov/Archives/edgar/data/1036262/000143774917019326/intt20170930_10q.htm,1620593672,16:54:32,20210509
14,2017-06-30,INTT,USD,2017-08-14,2017-08-14 15:30:44,Q2,15888000.0,7467000.0,8421000.0,0.5300226586102719,982000.0,3286000.0,1871000.0,54000.0,6139000.0,13606000.0,0.0,373000.0,2655000.0,0.167107250755287,2282000.0,0.14363041289023162,54000.0,2336000.0,0.1470292044310171,891000.0,1445000.0,0.0909491440080564,0.14060523499075606,0.1398161586840832,10277000.0,10335000.0,https://www.sec.gov/Archives/edgar/data/1036262/000103626217000048/0001036262-17-000048-index.htm,https://www.sec.gov/Archives/edgar/data/1036262/000103626217000048/f10q-063017.htm,1620593672,16:54:32,20210509
15,2017-03-31,INTT,USD,2017-05-12,2017-05-12 09:34:56,Q1,14180000.0,6452000.0,7728000.0,0.5449929478138222,935000.0,1994000.0,1668000.0,41000.0,4597000.0,11049000.0,0.0,150000.0,3281000.0,0.23138222849083215,3131000.0,0.22080394922425953,41000.0,3172000.0,0.2236953455571227,1094000.0,2078000.0,0.1465444287729196,0.20243546030199708,0.20184555609519184,10265000.0,10295000.0,https://www.sec.gov/Archives/edgar/data/1036262/000103626217000028/0001036262-17-000028-index.htm,https://www.sec.gov/Archives/edgar/data/1036262/000103626217000016/f10k-2016.htm,1620593672,16:54:32,20210509
16,2016-12-31,INTT,USD,2017-03-27,2017-03-27 13:12:17,Q4,10272000.0,4867000.0,5405000.0,0.5261876947040498,782000.0,1641000.0,1367000.0,-2000.0,3790000.0,8657000.0,0.0,148000.0,1763000.0,0.1716316199376947,1615000.0,0.15722352024922118,-2000.0,1613000.0,0.15702881619937695,612000.0,1001000.0,0.09744937694704049,0.0974304068522484,0.09721278042148199,10274000.0,10297000.0,https://www.sec.gov/Archives/edgar/data/1036262/000103626217000016/0001036262-17-000016-index.htm,https://www.sec.gov/Archives/edgar/data/1036262/000103626217000016/f10k-2016.htm,1620593672,16:54:32,20210509
17,2016-09-30,INTT,USD,2016-11-14,2016-11-14 13:48:10,Q3,10823000.0,5246000.0,5577000.0,0.5152915088238011,905000.0,1574000.0,1394000.0,17000.0,3873000.0,9119000.0,0.0,147000.0,1851000.0,0.17102466968493024,1704000.0,0.15744248359974128,17000.0,1721000.0,0.15901321260279036,631000.0,1090000.0,0.10071144784255752,0.10586635586635587,0.10563039054171916,10296000.0,10319000.0,https://www.sec.gov/Archives/edgar/data/1036262/000103626216000062/0001036262-16-000062-index.htm,https://www.sec.gov/Archives/edgar/data/1036262/000103626216000062/f10q-093016.htm,1620593672,16:54:32,20210509
18,2016-06-30,INTT,USD,2016-08-12,2016-08-12 14:18:51,Q2,10485000.0,5156000.0,5329000.0,0.5082498807820697,982000.0,2145000.0,1471000.0,18000.0,4598000.0,9754000.0,0.0,144000.0,875000.0,0.08345255126371007,731000.0,0.06971864568431092,18000.0,749000.0,0.07143538388173581,263000.0,486000.0,0.0463519313304721,0.0472027972027972,0.04713412860052371,10296000.0,10311000.0,https://www.sec.gov/Archives/edgar/data/1036262/000103626216000054/0001036262-16-000054-index.htm,https://www.sec.gov/Archives/edgar/data/1036262/000103626216000054/f10q-063016.htm,1620593672,16:54:32,20210509
19,2016-03-31,INTT,USD,2016-05-13,2016-05-13 14:06:52,Q1,8647000.0,4580000.0,4067000.0,0.4703365329015844,991000.0,1645000.0,1335000.0,28000.0,3971000.0,8551000.0,0.0,160000.0,256000.0,0.02960564357580664,96000.0,0.01110211634092749,28000.0,124000.0,0.014340233607031341,43000.0,81000.0,0.009367410662657569,0.007795957651588066,0.007785467128027681,10390000.0,10404000.0,https://www.sec.gov/Archives/edgar/data/1036262/000103626216000045/0001036262-16-000045-index.htm,https://www.sec.gov/Archives/edgar/data/1036262/000103626216000039/f10k-2015.htm,1620593672,16:54:32,20210509
20,2015-12-31,INTT,USD,2016-03-29,2016-03-29 15:06:44,Q4,7939000.0,4328000.0,3611000.0,0.4548431792417181,905000.0,1517000.0,1348000.0,5000.0,3770000.0,8098000.0,0.0,179000.0,20000.0,0.0025192089683839275,-159000.0,-0.020027711298652225,5000.0,-154000.0,-0.01939790905655624,-187000.0,33000.0,0.0041566947978334805,0.003148,0.003143,10482000.0,10498000.0,https://www.sec.gov/Archives/edgar/data/1036262/000103626216000039/0001036262-16-000039-index.htm,https://www.sec.gov/Archives/edgar/data/1036262/000103626216000039/f10k-2015.htm,1620593672,16:54:32,20210509
21,2015-09-30,INTT,USD,2015-11-13,2015-11-13 14:12:41,Q3,9203000.0,4880000.0,4323000.0,0.46973812887102034,1041000.0,1511000.0,1370000.0,6000.0,3922000.0,8802000.0,0.0,180000.0,581000.0,0.0631315875258068,401000.0,0.043572748016951,6000.0,407000.0,0.04422470933391286,97000.0,310000.0,0.03368466804302945,0.029597097574947488,0.029526621583007905,10474000.0,10499000.0,https://www.sec.gov/Archives/edgar/data/1036262/000103626215000024/0001036262-15-000024-index.htm,https://www.sec.gov/Archives/edgar/data/1036262/000103626215000024/f10q-093015.htm,1620593672,16:54:32,20210509
22,2015-06-30,INTT,USD,2015-08-14,2015-08-14 11:09:23,Q2,11559000.0,5713000.0,5846000.0,0.5057530928280993,1047000.0,1569000.0,1592000.0,21000.0,4208000.0,9921000.0,0.0,195000.0,1833000.0,0.15857773163768493,1638000.0,0.14170776018686737,21000.0,1659000.0,0.14352452634310928,579000.0,1080000.0,0.09343368803529717,0.10313216195569137,0.10291595197255575,10472000.0,10494000.0,https://www.sec.gov/Archives/edgar/data/1036262/000103626215000020/0001036262-15-000020-index.htm,https://www.sec.gov/Archives/edgar/data/1036262/000103626215000020/f10q-063015.htm,1620593672,16:54:32,20210509
23,2015-03-31,INTT,USD,2015-05-14,2015-05-14 15:18:55,Q1,10188000.0,5270000.0,4918000.0,0.4827247742442089,942000.0,1807000.0,1487000.0,-11000.0,4236000.0,9506000.0,0.0,200000.0,882000.0,0.08657243816254417,682000.0,0.06694149980369062,-11000.0,671000.0,0.06586179819395367,233000.0,438000.0,0.04299175500588928,0.04185379837553751,0.04177794734834033,10465000.0,10484000.0,https://www.sec.gov/Archives/edgar/data/1036262/000103626215000012/0001036262-15-000012-index.htm,https://www.sec.gov/Archives/edgar/data/1036262/000103626215000004/f10k-2014.htm,1620593672,16:54:32,20210509
24,2014-12-31,INTT,USD,2015-03-26,2015-03-26 16:33:11,Q4,9862000.0,4835000.0,5027000.0,0.5097343338065301,876000.0,1550000.0,1417000.0,-8000.0,3843000.0,8678000.0,0.0,216000.0,1400000.0,0.1419590346785642,1184000.0,0.12005678361387143,-8000.0,1176000.0,0.11924558912999392,217000.0,959000.0,0.09724193875481647,0.09172644667623146,0.09149890277645263,10455000.0,10481000.0,https://www.sec.gov/Archives/edgar/data/1036262/000103626215000004/0001036262-15-000004-index.htm,https://www.sec.gov/Archives/edgar/data/1036262/000103626215000004/f10k-2014.htm,1620593672,16:54:32,20210509
25,2014-09-30,INTT,USD,2014-11-13,2014-11-13 13:46:19,Q3,10794000.0,5626000.0,5168000.0,0.4787845099129146,894000.0,1528000.0,1462000.0,-16000.0,3884000.0,9510000.0,0.0,225000.0,1509000.0,0.13979988882712618,1284000.0,0.11895497498610338,-16000.0,1268000.0,0.11747267000185288,431000.0,837000.0,0.07754307948860478,0.08016473517862274,0.07988165680473373,10441000.0,10478000.0,https://www.sec.gov/Archives/edgar/data/1036262/000103626214000054/0001036262-14-000054-index.htm,https://www.sec.gov/Archives/edgar/data/1036262/000103626214000054/f10q-093014.htm,1620593672,16:54:32,20210509
26,2014-06-30,INTT,USD,2014-08-13,2014-08-13 16:07:36,Q2,12343000.0,6261000.0,6082000.0,0.4927489265170542,887000.0,1621000.0,1530000.0,10000.0,4038000.0,10299000.0,0.0,221000.0,2265000.0,0.1835048205460585,2044000.0,0.16559993518593535,10000.0,2054000.0,0.16641011099408573,697000.0,1357000.0,0.10994085716600502,0.13001820446488455,0.1298067725272623,10437000.0,10454000.0,https://www.sec.gov/Archives/edgar/data/1036262/000103626214000040/0001036262-14-000040-index.htm,https://www.sec.gov/Archives/edgar/data/1036262/000103626214000040/f10q-063014.htm,1620593672,16:54:32,20210509
27,2014-03-31,INTT,USD,2014-05-14,2014-05-14 10:09:11,Q1,8797000.0,4612000.0,4185000.0,0.47573036262362167,923000.0,1532000.0,1326000.0,7000.0,3781000.0,8393000.0,0.0,217000.0,621000.0,0.07059224735705354,404000.0,0.04592474707286575,7000.0,411000.0,0.04672047288848471,125000.0,286000.0,0.03251108332386041,0.02751587454300558,0.02737104029093693,10394000.0,10449000.0,https://www.sec.gov/Archives/edgar/data/1036262/000103626214000024/0001036262-14-000024-index.htm,https://www.sec.gov/Archives/edgar/data/1036262/000103626214000004/f10k-2013.htm,1620593672,16:54:32,20210509
28,2013-12-31,INTT,USD,2014-03-27,2014-03-27 15:26:27,Q4,9335000.0,4646000.0,4689000.0,0.5023031601499732,817000.0,1427000.0,1423000.0,15000.0,3667000.0,8313000.0,0.0,207000.0,1229000.0,0.13165506159614354,1022000.0,0.1094804499196572,15000.0,1037000.0,0.11108730583824317,345000.0,692000.0,0.07412961971076594,0.06667951435729427,0.06631528509822712,10378000.0,10435000.0,https://www.sec.gov/Archives/edgar/data/1036262/000103626214000004/0001036262-14-000004-index.htm,https://www.sec.gov/Archives/edgar/data/1036262/000103626214000004/f10k-2013.htm,1620593672,16:54:32,20210509
29,2013-09-30,INTT,USD,2013-11-13,2013-11-13 15:41:25,Q3,9900000.0,5144000.0,4756000.0,0.4804040404040404,945000.0,1469000.0,1255000.0,27000.0,3669000.0,8813000.0,0.0,214000.0,1301000.0,0.13141414141414143,1087000.0,0.1097979797979798,27000.0,1114000.0,0.11252525252525253,24000.0,1090000.0,0.1101010101010101,0.11,0.1,10377000.0,10421000.0,https://www.sec.gov/Archives/edgar/data/1036262/000103626213000049/0001036262-13-000049-index.htm,https://www.sec.gov/Archives/edgar/data/1036262/000103626213000049/f10q-093013.htm,1620593672,16:54:32,20210509
30,2013-06-30,INTT,USD,2013-08-12,2013-08-12 13:16:30,Q2,11218000.0,5753000.0,5465000.0,0.4871634872526297,925000.0,1523000.0,1528000.0,-2000.0,3976000.0,9729000.0,0.0,205000.0,1694000.0,0.15100730968087003,1489000.0,0.13273310750579426,-2000.0,1487000.0,0.13255482260652524,484000.0,1003000.0,0.0894098769834195,0.09670266101041265,0.09649797960361747,10372000.0,10394000.0,https://www.sec.gov/Archives/edgar/data/1036262/000103626213000034/0001036262-13-000034-index.htm,https://www.sec.gov/Archives/edgar/data/1036262/000103626213000034/f10q-063013.htm,1620593672,16:54:32,20210509
31,2013-03-31,INTT,USD,2013-05-15,2013-05-15 14:14:06,Q1,8973000.0,4868000.0,4105000.0,0.4574835617965006,996000.0,1556000.0,1189000.0,6000.0,3741000.0,8609000.0,0.0,221000.0,585000.0,0.06519558676028084,364000.0,0.040566142873063635,6000.0,370000.0,0.041234815557784466,78000.0,292000.0,0.03254207065641369,0.02827539459668829,0.028169014084507043,10327000.0,10366000.0,https://www.sec.gov/Archives/edgar/data/1036262/000103626213000022/0001036262-13-000022-index.htm,https://www.sec.gov/Archives/edgar/data/1036262/000103626213000014/f10k-2012.htm,1620593672,16:54:32,20210509
32,2012-12-31,INTT,USD,2013-03-29,2013-03-29 13:47:30,Q4,8270000.0,4763000.0,3507000.0,0.4240628778718259,985000.0,1329000.0,1142000.0,21000.0,3456000.0,8219000.0,0.0,237000.0,288000.0,0.03482466747279323,51000.0,0.006166868198307134,70000.0,118000.0,0.01426844014510278,-83000.0,201000.0,0.02430471584038694,0.019493744544661042,0.01943155452436195,10311000.0,10344000.0,https://www.sec.gov/Archives/edgar/data/1036262/000103626213000014/0001036262-13-000014-index.htm,https://www.sec.gov/Archives/edgar/data/1036262/000103626213000014/f10k-2012.htm,1620593672,16:54:32,20210509
33,2012-09-30,INTT,USD,2012-11-14,2012-11-14 14:17:51,Q3,10799000.0,6037000.0,4762000.0,0.4409667561811279,1006000.0,1445000.0,1322000.0,0.0,3773000.0,9810000.0,0.0,225000.0,1214000.0,0.11241781646448745,989000.0,0.09158255394017964,22000.0,1012000.0,0.09371238077599778,348000.0,664000.0,0.061487174738401706,0.06445350417394681,0.06409266409266409,10302000.0,10360000.0,https://www.sec.gov/Archives/edgar/data/1036262/000103626212000047/0001036262-12-000047-index.htm,https://www.sec.gov/Archives/edgar/data/1036262/000103626212000047/f10q-093012.htm,1620593672,16:54:32,20210509
34,2012-06-30,INTT,USD,2012-08-10,2012-08-10 12:12:03,Q2,13576000.0,7382000.0,6194000.0,0.45624631703005303,980000.0,1665000.0,1555000.0,0.0,4200000.0,11582000.0,0.0,253000.0,2247000.0,0.16551266941661755,1994000.0,0.14687684148497349,-1000.0,1994000.0,0.14687684148497349,660000.0,1334000.0,0.0982616381850324,0.12984232042047889,0.12876447876447877,10274000.0,10360000.0,https://www.sec.gov/Archives/edgar/data/1036262/000103626212000039/0001036262-12-000039-index.htm,https://www.sec.gov/Archives/edgar/data/1036262/000103626212000039/f10q-063012.htm,1620593672,16:54:32,20210509
35,2012-03-31,INTT,USD,2012-05-15,2012-05-15 10:55:33,Q1,10731000.0,6135000.0,4596000.0,0.42829186469108194,924000.0,1991000.0,1406000.0,0.0,4321000.0,10456000.0,0.0,218000.0,493000.0,0.04594166433696766,275000.0,0.025626689031777096,-347000.0,-71000.0,-0.006616345168204268,-28000.0,-43000.0,-0.004007082284968782,-0.004213573704321186,-0.004213573704321186,10205114.0,10205114.0,https://www.sec.gov/Archives/edgar/data/1036262/000103626212000020/0001036262-12-000020-index.htm,https://www.sec.gov/Archives/edgar/data/1036262/000103626212000010/f10k-2011.htm,1620593672,16:54:32,20210509
36,2011-12-31,INTT,USD,2012-03-30,2012-03-30 14:07:34,Q4,10081000.0,5212000.0,4869000.0,0.48298779882948123,796000.0,1619000.0,1275000.0,0.0,3690000.0,8902000.0,1000.0,90000.0,1269000.0,0.12588036901101082,1179000.0,0.11695268326554906,6000.0,1189000.0,0.11794464834837813,420000.0,769000.0,0.07628211486955659,0.07535437624704633,0.07535437624704633,10205114.0,10205114.0,https://www.sec.gov/Archives/edgar/data/1036262/000103626212000010/0001036262-12-000010-index.htm,https://www.sec.gov/Archives/edgar/data/1036262/000103626212000010/f10k-2011.htm,1620593672,16:54:32,20210509
37,2011-09-30,INTT,USD,2011-11-14,2011-11-14 13:50:57,Q3,11681000.0,5548000.0,6133000.0,0.5250406643266844,809000.0,1448000.0,1461000.0,0.0,3718000.0,9266000.0,1000.0,95000.0,2510000.0,0.21487886311103502,2415000.0,0.20674599777416316,4000.0,2420000.0,0.20717404331820904,-2762000.0,5182000.0,0.44362640184915675,0.51,0.5,10182795.0,10297284.0,https://www.sec.gov/Archives/edgar/data/1036262/000103626211000055/0001036262-11-000055-index.htm,https://www.sec.gov/Archives/edgar/data/1036262/000103626211000055/f10q-093011.htm,1620593672,16:54:32,20210509
38,2011-06-30,INTT,USD,2011-08-12,2011-08-12 15:09:47,Q2,13800000.0,7002000.0,6798000.0,0.4926086956521739,822000.0,1666000.0,1587000.0,0.0,4075000.0,11077000.0,1000.0,105000.0,2828000.0,0.20492753623188406,2723000.0,0.19731884057971014,8000.0,2733000.0,0.19804347826086957,78000.0,2655000.0,0.1923913043478261,0.26166367042874306,0.2578445439220457,10146613.0,10296902.0,https://www.sec.gov/Archives/edgar/data/1036262/000103626211000050/0001036262-11-000050-index.htm,https://www.sec.gov/Archives/edgar/data/1036262/000103626211000050/f10q-063011.htm,1620593672,16:54:32,20210509
39,2011-03-31,INTT,USD,2011-05-13,2011-05-13 15:19:46,Q1,11704000.0,6611000.0,5093000.0,0.4351503759398496,813000.0,1634000.0,1385000.0,0.0,3832000.0,10443000.0,1000.0,104000.0,1365000.0,0.1166267942583732,1261000.0,0.10774094326725905,54000.0,1317000.0,0.11252563226247436,60000.0,1257000.0,0.10739917976760081,0.13,0.12,10067748.0,10266644.0,https://www.sec.gov/Archives/edgar/data/1036262/000103626211000040/0001036262-11-000040-index.htm,https://www.sec.gov/Archives/edgar/data/1036262/000103626211000021/f10k-2010.htm,1620593672,16:54:32,20210509
40,2010-12-31,INTT,USD,2011-03-31,2011-03-31 15:39:53,Q4,10110000.0,5322000.0,4788000.0,0.47359050445103856,789000.0,1345000.0,1290000.0,0.0,3424000.0,8746000.0,10000.0,114000.0,1478000.0,0.14619188921859544,1364000.0,0.13491592482690407,65000.0,1425000.0,0.14094955489614244,131000.0,1294000.0,0.12799208704253215,0.12852924010414246,0.12852924010414246,10067748.0,10067748.0,https://www.sec.gov/Archives/edgar/data/1036262/000103626211000021/0001036262-11-000021-index.htm,https://www.sec.gov/Archives/edgar/data/1036262/000103626211000021/f10k-2010.htm,1620593672,16:54:32,20210509
41,2010-09-30,INTT,USD,2010-11-12,2010-11-12 10:36:39,Q3,11305000.0,5853000.0,5452000.0,0.48226448474126493,767000.0,1555000.0,1444000.0,0.0,3766000.0,9619000.0,18000.0,91000.0,1777000.0,0.15718708536045997,1686000.0,0.1491375497567448,24000.0,1694000.0,0.1498452012383901,16000.0,1678000.0,0.1484298982750995,0.16724751456040118,0.16459726639057223,10033034.0,10194580.0,https://www.sec.gov/Archives/edgar/data/1036262/000103626210000047/0001036262-10-000047-index.htm,https://www.sec.gov/Archives/edgar/data/1036262/000103626210000047/f10q-093010.htm,1620593672,16:54:32,20210509
42,2010-06-30,INTT,USD,2010-08-13,2010-08-13 13:50:16,Q2,15260000.0,7892000.0,7368000.0,0.48283093053735254,787000.0,1653000.0,1754000.0,0.0,4194000.0,12086000.0,18000.0,95000.0,3269000.0,0.21422018348623853,3174000.0,0.20799475753604194,9000.0,3166000.0,0.2074705111402359,-2000.0,3168000.0,0.20760157273918742,0.32,0.31,10006956.0,10186364.0,https://www.sec.gov/Archives/edgar/data/1036262/000103626210000039/0001036262-10-000039-index.htm,https://www.sec.gov/Archives/edgar/data/1036262/000103626210000039/f10q-063010.htm,1620593672,16:54:32,20210509
43,2010-03-31,INTT,USD,2010-05-14,2010-05-14 13:23:49,Q1,9529000.0,4992000.0,4537000.0,0.4761255115961801,701000.0,1481000.0,1229000.0,0.0,3411000.0,8403000.0,18000.0,95000.0,1221000.0,0.1281351663343478,1126000.0,0.11816559974813727,4000.0,1115000.0,0.11701122888026026,3000.0,1112000.0,0.11669640046174835,0.11127789452616832,0.1112111211121112,9993000.0,9999000.0,https://www.sec.gov/Archives/edgar/data/1036262/000103626210000027/0001036262-10-000027-index.htm,https://www.sec.gov/Archives/edgar/data/1036262/000103626210000017/f10k-2009.htm,1620593672,16:54:32,20210509
44,2009-12-31,INTT,USD,2010-03-31,2010-03-31 12:29:50,Q4,8423000.0,5261000.0,3162000.0,0.37540068859076337,570000.0,1226000.0,1172000.0,0.0,2968000.0,8229000.0,18000.0,112000.0,306000.0,0.036329098895880325,194000.0,0.023032173809806482,-84000.0,96000.0,0.011397364359491867,-46000.0,142000.0,0.016858601448415052,0.014209946962874013,0.014209946962874013,9993000.0,9993000.0,https://www.sec.gov/Archives/edgar/data/1036262/000103626210000017/0001036262-10-000017-index.htm,https://www.sec.gov/Archives/edgar/data/1036262/000103626210000017/f10k-2009.htm,1620593672,16:54:32,20210509
45,2009-09-30,INTT,USD,2009-11-13,2009-11-13 14:27:49,Q3,6009000.0,3577000.0,2432000.0,0.40472624396738227,515000.0,1161000.0,988000.0,0.0,2664000.0,6241000.0,20000.0,124000.0,-108000.0,-0.01797304043934099,-232000.0,-0.038608753536362124,-32000.0,-277000.0,-0.04609752038608753,1000.0,-278000.0,-0.04626393742719254,-0.03,-0.03,9982972.0,9982972.0,https://www.sec.gov/Archives/edgar/data/1036262/000103626209000061/0001036262-09-000061-index.htm,https://www.sec.gov/Archives/edgar/data/1036262/000103626209000061/f10q-093009.htm,1620593672,16:54:32,20210509
46,2009-06-30,INTT,USD,2009-08-14,2009-07-09 18:07:47,Q2,4672000.0,3256000.0,1416000.0,0.3030821917808219,576000.0,1374000.0,1036000.0,0.0,2986000.0,6242000.0,17000.0,136000.0,-1434000.0,-0.3069349315068493,-1570000.0,-0.3360445205479452,-389000.0,-1960000.0,-0.4195205479452055,-8000.0,-1952000.0,-0.4178082191780822,-0.2,-0.2,9973225.0,9973225.0,https://www.sec.gov/Archives/edgar/data/1036262/000103626209000043/0001036262-09-000043-index.htm,https://www.sec.gov/Archives/edgar/data/1036262/000103626209000043/f10q-063009.htm,1620593672,16:54:32,20210509
47,2009-03-31,INTT,USD,2009-07-17,2009-07-17,Q1,4395000.0,3592000.0,803000.0,0.18270762229806597,757000.0,1684000.0,1137000.0,0.0,3578000.0,7170000.0,17000.0,129000.0,-2646000.0,-0.6020477815699659,-2775000.0,-0.6313993174061433,21000.0,-2754000.0,-0.6266211604095563,1000.0,-2755000.0,-0.626848691695108,-0.28,-0.28,9956989.0,9956989.0,https://www.sec.gov/Archives/edgar/data/1036262/000103626209000039/0001036262-09-000039-index.htm,https://www.sec.gov/Archives/edgar/data/1036262/000103626209000035/f10k-2008.htm,1620593672,16:54:32,20210509
48,2008-12-31,INTT,USD,2009-07-10,2009-07-09 18:07:47,Q4,6830000.0,4983000.0,1847000.0,0.2704245973645681,1002000.0,0.0,0.0,0.0,4588000.0,9571000.0,20000.0,-5000.0,-2746000.0,-0.4020497803806735,-2741000.0,-0.4013177159590044,-1718000.0,-4511000.0,-0.6604685212298682,-93000.0,-4418000.0,-0.6468521229868228,-0.44370843434696977,-0.44370843434696977,9956989.0,9956989.0,https://www.sec.gov/Archives/edgar/data/1036262/000103626209000035/0001036262-09-000035-index.htm,https://www.sec.gov/Archives/edgar/data/1036262/000103626209000035/f10k-2008.htm,1620593672,16:54:32,20210509
49,2008-09-30,INTT,USD,2008-11-14,2008-11-14 10:22:12,Q3,9159000.0,6197000.0,2962000.0,0.32339775084616224,1235000.0,0.0,0.0,0.0,4981000.0,11178000.0,1000.0,368000.0,-1651000.0,-0.18025985369581832,-2019000.0,-0.22043891254503767,-148000.0,-1998000.0,-0.21814608581722897,37000.0,-2032000.0,-0.2218582814717764,-0.22,-0.22,9337092.0,9337092.0,https://www.sec.gov/Archives/edgar/data/1036262/000103626208000036/0001036262-08-000036-index.htm,https://www.sec.gov/Archives/edgar/data/1036262/000103626208000036/f10q-093008.htm,1620593672,16:54:32,20210509
50,2008-06-30,INTT,USD,2008-08-14,2008-08-14 14:55:22,Q2,11497000.0,6974000.0,4523000.0,0.39340697573279987,1417000.0,0.0,0.0,0.0,5680000.0,12654000.0,0.0,360000.0,-797000.0,-0.06932243193876664,-1157000.0,-0.10063494824736888,-200000.0,-1310000.0,-0.11394276767852483,47000.0,-1357000.0,-0.11803079064103679,-0.15,-0.15,9323975.0,9323975.0,https://www.sec.gov/Archives/edgar/data/1036262/000103626208000026/0001036262-08-000026-index.htm,https://www.sec.gov/Archives/edgar/data/1036262/000103626208000026/f10q-063008.htm,1620593672,16:54:32,20210509
51,2008-03-31,INTT,USD,2008-05-14,2008-05-14 11:12:43,Q1,11304000.0,6851000.0,4453000.0,0.3939313517338995,1410000.0,0.0,0.0,0.0,5752000.0,12603000.0,0.0,350000.0,-949000.0,-0.08395258315640482,-1299000.0,-0.11491507430997877,-74000.0,-1264000.0,-0.11181882519462137,62000.0,-1326000.0,-0.1173036093418259,-0.14,-0.14,9307670.0,9307670.0,https://www.sec.gov/Archives/edgar/data/1036262/000103626208000017/0001036262-08-000017-index.htm,https://www.sec.gov/Archives/edgar/data/1036262/000103626208000009/f10k-2007.htm,1620593672,16:54:32,20210509
52,2007-12-31,INTT,USD,2008-03-31,2008-03-31 15:39:14,Q4,11411000.0,6794000.0,4617000.0,0.4046095872403821,1357000.0,0.0,0.0,0.0,8713000.0,15507000.0,1000.0,403000.0,-3693000.0,-0.32363508894925946,-4096000.0,-0.35895188852861276,-3499000.0,-4099000.0,-0.35921479274384366,81000.0,-4180000.0,-0.36631320655507843,-0.4490919854270725,-0.4490919854270725,9307670.0,9307670.0,https://www.sec.gov/Archives/edgar/data/1036262/000103626208000009/0001036262-08-000009-index.htm,https://www.sec.gov/Archives/edgar/data/1036262/000103626208000009/f10k-2007.htm,1620593672,16:54:32,20210509
53,2007-09-30,INTT,USD,2007-11-14,2007-11-14 11:42:43,Q3,13114000.0,7981000.0,5133000.0,0.39141375629098674,1364000.0,0.0,0.0,0.0,5455000.0,13436000.0,0.0,420000.0,98000.0,0.007472929693457374,-322000.0,-0.02455391184993137,59000.0,-174000.0,-0.013268262925118195,78000.0,-252000.0,-0.019216104926033248,-0.03,-0.03,9216443.0,9216443.0,https://www.sec.gov/Archives/edgar/data/1036262/000103626207000040/0001036262-07-000040-index.htm,https://www.sec.gov/Archives/edgar/data/1036262/000103626207000040/f10q-093007.htm,1620593672,16:54:32,20210509
54,2007-06-30,INTT,USD,2007-08-14,2007-08-14 10:47:55,Q2,12062000.0,7450000.0,4612000.0,0.38235781794064,1394000.0,0.0,0.0,0.0,5738000.0,13188000.0,1000.0,433000.0,-693000.0,-0.05745315868015254,-1126000.0,-0.09335101973138783,23000.0,-1000000.0,-0.082904990880451,86000.0,-1086000.0,-0.0900348200961698,-0.12,-0.12,9194086.0,9194086.0,https://www.sec.gov/Archives/edgar/data/1036262/000103626207000034/0001036262-07-000034-index.htm,https://www.sec.gov/Archives/edgar/data/1036262/000103626207000034/f10q-063007.htm,1620593672,16:54:32,20210509
55,2007-03-31,INTT,USD,2007-05-14,2007-05-14 13:40:25,Q1,12118000.0,7699000.0,4419000.0,0.364664135996039,1404000.0,0.0,0.0,0.0,5728000.0,13427000.0,0.0,435000.0,-874000.0,-0.07212411288991583,-1309000.0,-0.10802112559828354,8000.0,-1188000.0,-0.09803597953457666,33000.0,-1221000.0,-0.1007592011883149,-0.13,-0.13,9178727.0,9178727.0,https://www.sec.gov/Archives/edgar/data/1036262/000103626207000024/0001036262-07-000024-index.htm,https://www.sec.gov/Archives/edgar/data/1036262/000103626207000015/f10k-2006.htm,1620593672,16:54:32,20210509
56,2006-12-31,INTT,USD,2007-03-30,2007-03-30 09:54:02,Q4,13159000.0,7886000.0,5273000.0,0.40071433999544037,1329000.0,0.0,0.0,0.0,5286000.0,13172000.0,1000.0,670000.0,657000.0,0.0499278060642906,-13000.0,-0.0009879170149707424,43000.0,158000.0,0.012006991412721331,77000.0,81000.0,0.006155482939433087,0.008824753149320162,0.008824753149320162,9178727.0,9178727.0,https://www.sec.gov/Archives/edgar/data/1036262/000103626207000015/0001036262-07-000015-index.htm,https://www.sec.gov/Archives/edgar/data/1036262/000103626207000015/f10k-2006.htm,1620593672,16:54:32,20210509
57,2006-09-30,INTT,USD,2006-11-13,2006-11-13,Q3,16566000.0,9659000.0,6907000.0,0.4169383073765544,1662000.0,0.0,0.0,0.0,5991000.0,15650000.0,3000.0,368000.0,1284000.0,0.07750814922129663,916000.0,0.05529397561270071,6000.0,1017000.0,0.06139080043462514,509000.0,508000.0,0.030665217916213933,0.05611025798237453,0.05483113575250175,9053603.0,9264809.0,https://www.sec.gov/Archives/edgar/data/1036262/000103626206000036/0001036262-06-000036-index.htm,https://www.sec.gov/Archives/edgar/data/1036262/000103626206000036/f10q-093006.htm,1620593672,16:54:32,20210509
58,2006-06-30,INTT,USD,2006-08-11,2006-08-11,Q2,18889000.0,10509000.0,8380000.0,0.4436444491502991,1159000.0,0.0,0.0,0.0,6055000.0,16564000.0,0.0,377000.0,2702000.0,0.1430462173751919,2325000.0,0.12308751124993382,34000.0,2430000.0,0.128646302080576,488000.0,1942000.0,0.10281115993435333,0.22,0.21,9014751.0,9123570.0,https://www.sec.gov/Archives/edgar/data/1036262/000103626206000030/0001036262-06-000030-index.htm,https://www.sec.gov/Archives/edgar/data/1036262/000103626206000030/f10q-063006.htm,1620593672,16:54:32,20210509
59,2006-03-31,INTT,USD,2006-05-12,2006-05-12,Q1,13732000.0,7898000.0,5834000.0,0.4248470725313137,1289000.0,0.0,0.0,0.0,5519000.0,13417000.0,1000.0,383000.0,698000.0,0.050830177687154095,315000.0,0.022939120302942033,14000.0,385000.0,0.028036702592484707,45000.0,340000.0,0.02475968540635013,0.03781356201196177,0.03749573899524874,8991483.0,9067697.0,https://www.sec.gov/Archives/edgar/data/1036262/000103626206000019/0001036262-06-000019-index.htm,https://www.sec.gov/Archives/edgar/data/1036262/000103626206000008/f10k-2005.htm,1620593672,16:54:32,20210509
60,2005-12-31,INTT,USD,2006-03-31,2006-03-31 09:57:35,Q4,14071000.0,8169000.0,5902000.0,0.41944424703290456,1483000.0,0.0,0.0,0.0,-5454000.0,2715000.0,4000.0,410000.0,11766000.0,0.8361879042001279,11356000.0,0.8070499609125151,-175000.0,418000.0,0.02970648852249307,226000.0,192000.0,0.013645085637126004,0.021353540900872527,0.021353540900872527,8991483.0,8991483.0,https://www.sec.gov/Archives/edgar/data/1036262/000103626206000008/0001036262-06-000008-index.htm,https://www.sec.gov/Archives/edgar/data/1036262/000103626206000008/f10k-2005.htm,1620593672,16:54:32,20210509
61,2005-09-30,INTT,USD,2005-11-14,2005-11-14,Q3,16448000.0,9979000.0,6469000.0,0.3933000972762646,1522000.0,0.0,0.0,0.0,5979000.0,15958000.0,0.0,444000.0,934000.0,0.05678501945525292,490000.0,0.029790856031128406,5000.0,516000.0,0.0313715953307393,123000.0,393000.0,0.023893482490272372,0.05,0.04,8823979.0,8911672.0,https://www.sec.gov/Archives/edgar/data/1036262/000103626205000037/0001036262-05-000037-index.htm,https://www.sec.gov/Archives/edgar/data/1036262/000103626205000037/f10q-093005.htm,1620593672,16:54:32,20210509
62,2005-06-30,INTT,USD,2005-08-15,2005-08-15,Q2,12155000.0,7937000.0,4218000.0,0.3470176881941588,1532000.0,0.0,0.0,0.0,5911000.0,13848000.0,2000.0,501000.0,-1192000.0,-0.09806663924310983,-1693000.0,-0.1392842451665981,-317000.0,-1912000.0,-0.15730152200740435,-119000.0,-1793000.0,-0.14751131221719457,-0.21,-0.21,8745042.0,8745042.0,https://www.sec.gov/Archives/edgar/data/1036262/000103626205000033/0001036262-05-000033-index.htm,https://www.sec.gov/Archives/edgar/data/1036262/000103626205000033/f10q-063005.htm,1620593672,16:54:32,20210509
63,2005-03-31,INTT,USD,2005-05-16,2005-05-16,Q1,10685000.0,7548000.0,3137000.0,0.2935891436593355,1404000.0,0.0,0.0,0.0,5482000.0,13030000.0,3000.0,518000.0,-1827000.0,-0.170987365465606,-2345000.0,-0.21946654188114179,-81000.0,-2406000.0,-0.22517547964436124,6000.0,-2412000.0,-0.22573701450631728,-0.28,-0.28,8722205.0,8722205.0,https://www.sec.gov/Archives/edgar/data/1036262/000103626205000022/0001036262-05-000022-index.htm,https://www.sec.gov/Archives/edgar/data/1036262/000103626205000014/f10k-2004.htm,1620593672,16:54:32,20210509
64,2004-12-31,INTT,USD,2005-03-31,2005-03-31 15:03:33,Q4,11980000.0,8600000.0,3380000.0,0.28213689482470783,1627000.0,0.0,0.0,0.0,6162000.0,14762000.0,7000.0,543000.0,-2239000.0,-0.1868948247078464,-2782000.0,-0.232220367278798,-732000.0,-3497000.0,-0.29190317195325544,-23000.0,-3474000.0,-0.28998330550918194,-0.39829378007052113,-0.39829378007052113,8722205.0,8722205.0,https://www.sec.gov/Archives/edgar/data/1036262/000103626205000014/0001036262-05-000014-index.htm,https://www.sec.gov/Archives/edgar/data/1036262/000103626205000014/f10k-2004.htm,1620593672,16:54:32,20210509
65,2004-09-30,INTT,USD,2004-11-15,2004-11-15 17:26:39,Q3,19509000.0,11726000.0,7783000.0,0.3989440770926239,1852000.0,0.0,0.0,0.0,6962000.0,18688000.0,0.0,535000.0,1356000.0,0.06950638166999847,821000.0,0.04208314111435748,21000.0,857000.0,0.04392844328258752,-384000.0,1241000.0,0.0636116664103747,0.15,0.14,8500225.0,8902440.0,https://www.sec.gov/Archives/edgar/data/1036262/000103626204000031/0001036262-04-000031-index.htm,https://www.sec.gov/Archives/edgar/data/1036262/000103626204000031/f10q-904.htm,1620593672,16:54:32,20210509
66,2004-06-30,INTT,USD,2004-08-13,2004-08-13 16:16:04,Q2,22714000.0,12298000.0,10416000.0,0.45857180593466584,1841000.0,0.0,0.0,0.0,7279000.0,19577000.0,2000.0,504000.0,3641000.0,0.16029761380646299,3137000.0,0.1381086554547856,25000.0,3185000.0,0.14022188958351678,680000.0,2505000.0,0.1102844060931584,0.3,0.29,8362857.0,8703903.0,https://www.sec.gov/Archives/edgar/data/1036262/000103626204000019/0001036262-04-000019-index.htm,https://www.sec.gov/Archives/edgar/data/1036262/000103626204000019/f10q-604.htm,1620593672,16:54:32,20210509
67,2004-03-31,INTT,USD,2004-05-14,2004-05-14 13:26:34,Q1,17008000.0,9797000.0,7211000.0,0.4239769520225776,1653000.0,0.0,0.0,0.0,6094000.0,15891000.0,3000.0,524000.0,1641000.0,0.09648400752587018,1117000.0,0.0656749764816557,-15000.0,1123000.0,0.0660277516462841,125000.0,998000.0,0.05867826904985889,0.12,0.11,8362725.0,8724290.0,https://www.sec.gov/Archives/edgar/data/1036262/000103626204000013/0001036262-04-000013-index.htm,https://www.sec.gov/Archives/edgar/data/1036262/000103626204000004/f10k-2003.htm,1620593672,16:54:32,20210509
68,2003-12-31,INTT,USD,2004-03-30,2004-03-30 17:07:17,Q4,14845000.0,8925000.0,5920000.0,0.3987874705287976,1745000.0,0.0,0.0,0.0,6464000.0,15389000.0,5000.0,542000.0,-2000.0,-0.00013472549680026944,-544000.0,-0.036645335129673294,90000.0,-446000.0,-0.030043785786460088,439000.0,-885000.0,-0.05961603233411923,-0.10582674905607921,-0.10582674905607921,8362725.0,8362725.0,https://www.sec.gov/Archives/edgar/data/1036262/000103626204000004/0001036262-04-000004-index.htm,https://www.sec.gov/Archives/edgar/data/1036262/000103626204000004/f10k-2003.htm,1620593672,16:54:32,20210509
69,2003-09-30,INTT,USD,2003-11-14,2003-11-14 16:01:51,Q3,12725000.0,7254000.0,5471000.0,0.4299410609037328,1709000.0,0.0,0.0,0.0,6165000.0,13419000.0,4000.0,494000.0,-200000.0,-0.015717092337917484,-694000.0,-0.054538310412573676,18000.0,-665000.0,-0.05225933202357564,2115000.0,-2780000.0,-0.21846758349705306,-0.33,-0.33,8326477.0,8326477.0,https://www.sec.gov/Archives/edgar/data/1036262/000103626203000024/0001036262-03-000024-index.htm,https://www.sec.gov/Archives/edgar/data/1036262/000103626203000024/r10q-903.htm,1620593672,16:54:32,20210509
70,2003-06-30,INTT,USD,2003-08-14,2003-08-14 14:06:30,Q2,11269000.0,6800000.0,4469000.0,0.39657467388410683,1468000.0,0.0,0.0,0.0,5276000.0,12076000.0,0.0,497000.0,-310000.0,-0.02750909574940101,-807000.0,-0.07161238796698909,48000.0,-745000.0,-0.06611056881710889,-102000.0,-643000.0,-0.057059188925370485,-0.08,-0.08,8324645.0,8324645.0,https://www.sec.gov/Archives/edgar/data/1036262/000103626203000020/0001036262-03-000020-index.htm,https://www.sec.gov/Archives/edgar/data/1036262/000103626203000020/r10q-603.htm,1620593672,16:54:32,20210509
71,2003-03-31,INTT,USD,2003-05-15,2003-05-15 13:08:21,Q1,9189000.0,6200000.0,2989000.0,0.32528022635760145,1480000.0,0.0,0.0,0.0,4778000.0,10978000.0,0.0,494000.0,-1295000.0,-0.14092937207530742,-1789000.0,-0.19468930242681468,20000.0,-1754000.0,-0.1908804004788334,-611000.0,-1143000.0,-0.12438785504407443,-0.14,-0.14,8324357.0,8324357.0,https://www.sec.gov/Archives/edgar/data/1036262/000103626203000015/0001036262-03-000015-index.htm,https://www.sec.gov/Archives/edgar/data/1036262/000103626203000007/f10k-2002.htm,1620593672,16:54:32,20210509
72,2002-12-31,INTT,USD,2003-03-31,2003-03-31 14:30:42,Q4,12220000.0,7705000.0,4515000.0,0.36947626841243864,1608000.0,0.0,0.0,0.0,5720000.0,13425000.0,12000.0,518000.0,-687000.0,-0.05621931260229133,-1205000.0,-0.0986088379705401,-51000.0,-1243000.0,-0.10171849427168576,-543000.0,-700000.0,-0.057283142389525366,-0.08409057900808435,-0.08409057900808435,8324357.0,8324357.0,https://www.sec.gov/Archives/edgar/data/1036262/000103626203000007/0001036262-03-000007-index.htm,https://www.sec.gov/Archives/edgar/data/1036262/000103626202000010/rf10k-1201.htm,1620593672,16:54:32,20210509
73,2002-09-30,INTT,USD,2002-11-14 00:00:00,2002-11-14 15:13:40,Q3,14976000.0,8573000.0,6403000.0,0.42755074786324787,1559000.0,4103000.0,0.0,0.0,5662000.0,14235000.0,10000.0,472000.0,1213000.0,0.08099626068376069,741000.0,0.049479166666666664,68000.0,830000.0,0.055422008547008544,254000.0,576000.0,0.038461538461538464,0.06919854865655102,0.06857261226533078,8323874.0,8399855.0,https://www.sec.gov/Archives/edgar/data/1036262/000103626202000042/0001036262-02-000042-index.html,https://www.sec.gov/Archives/edgar/data/1036262/000103626202000042/r10q-902.htm,1620593672,16:54:32,20210509
74,2002-06-30,INTT,USD,2002-08-14 00:00:00,2002-08-14 11:19:38,Q2,12963000.0,7576000.0,5387000.0,0.41556738409318833,1313000.0,3597000.0,0.0,0.0,4910000.0,12486000.0,12000.0,462000.0,939000.0,0.07243693589446887,477000.0,0.036797037722749365,35000.0,526000.0,0.04057702692278022,-406000.0,932000.0,0.0718969374373216,0.11213097089900524,0.10867855390823589,8311709.0,8575749.0,https://www.sec.gov/Archives/edgar/data/1036262/000103626202000024/0001036262-02-000024-index.html,https://www.sec.gov/Archives/edgar/data/1036262/000103626202000024/r10q-602.htm,1620593672,16:54:32,20210509
75,2002-03-31,INTT,USD,2002-04-01 00:00:00,2002-04-01 00:00:00,Q1,6968000.0,5034000.0,1934000.0,0.2775545350172216,1188000.0,2565000.0,0.0,0.0,3753000.0,8787000.0,6000.0,465000.0,-1354000.0,-0.19431687715269805,-1819000.0,-0.2610505166475316,21000.0,-1776000.0,-0.25487944890929964,-685000.0,-1091000.0,-0.15657290470723306,-0.13,-0.13,8309223.0,8309223.0,https://www.sec.gov/Archives/edgar/data/1036262/000103626202000010/0001036262-02-000010-index.html,https://www.sec.gov/Archives/edgar/data/1036262/000103626202000010/rf10k-1201.htm,1620593672,16:54:32,20210509
76,2001-12-31,INTT,USD,2002-04-01,2002-04-01 00:00:00,Q4,7419000.0,6456000.0,963000.0,0.12980186008896077,1295000.0,3178000.0,0.0,0.0,9085000.0,15541000.0,8000.0,477000.0,-7645000.0,-1.0304623264590915,-8122000.0,-1.0947567057554926,4651000.0,-3237000.0,-0.4363121714516781,-1110000.0,-2327000.0,-0.3136541312845397,-0.28005025259281163,-0.28005025259281163,8309223.0,8309223.0,https://www.sec.gov/Archives/edgar/data/1036262/000103626202000010/0001036262-02-000010-index.htm,https://www.sec.gov/Archives/edgar/data/1036262/000103626202000010/rf10k-1201.htm,1620593672,16:54:32,20210509
77,2001-09-30,INTT,USD,2001-11-14 00:00:00,2001-11-14 00:00:00,Q3,7428000.0,9175000.0,-1747000.0,-0.23519116855142702,1603000.0,4339000.0,0.0,0.0,5942000.0,15117000.0,13000.0,602000.0,-7087000.0,-0.9540926225094238,-7689000.0,-1.0351373182552503,-4543000.0,-12184000.0,-1.6402800215401185,-2360000.0,-9824000.0,-1.3225632740980076,-1.19,-1.19,8289634.0,8289634.0,https://www.sec.gov/Archives/edgar/data/1036262/000103626201500026/0001036262-01-500026-index.html,https://www.sec.gov/Archives/edgar/data/1036262/000103626201500026/r10q-901.htm,1620593672,16:54:32,20210509
78,2001-06-30,INTT,USD,2001-08-14 00:00:00,2001-08-14 00:00:00,Q2,16675000.0,11143000.0,5532000.0,0.33175412293853074,1557000.0,4136000.0,0.0,0.0,5693000.0,16836000.0,9000.0,599000.0,438000.0,0.026266866566716642,-161000.0,-0.009655172413793104,163000.0,42000.0,0.0025187406296851575,78000.0,-36000.0,-0.002158920539730135,-0.004355225762805694,-0.004355225762805694,8265932.0,8265932.0,https://www.sec.gov/Archives/edgar/data/1036262/000103626201500015/0001036262-01-500015-index.html,https://www.sec.gov/Archives/edgar/data/1036262/000103626201500015/r10q-601.htm,1620593672,16:54:32,20210509
79,2001-03-31,INTT,USD,2001-05-15 00:00:00,2001-05-15 00:00:00,Q1,20105000.0,12142000.0,7963000.0,0.39607062919671726,1677000.0,5003000.0,0.0,0.0,6680000.0,18822000.0,1000.0,504000.0,1787000.0,0.0888833623476747,1283000.0,0.06381497140014922,98000.0,1441000.0,0.07167371300671475,583000.0,858000.0,0.042675951255906494,0.1039730426256756,0.10200636291438599,8252139.0,8411240.0,https://www.sec.gov/Archives/edgar/data/1036262/000103626201500011/0001036262-01-500011-index.html,https://www.sec.gov/Archives/edgar/data/1036262/000103626201500011/r10q-301.htm,1620593672,16:54:32,20210509
80,2000-12-31,INTT,USD,2001-03-30 00:00:00,2001-03-30 00:00:00,Q4,21590000.0,13123000.0,8467000.0,0.3921723019916628,1914000.0,5363000.0,0.0,0.0,7930000.0,21053000.0,1000.0,653000.0,1190000.0,0.05511811023622047,537000.0,0.024872626215840667,117000.0,762000.0,0.03529411764705882,289000.0,473000.0,0.02190829087540528,0.0573184722167186,0.0573184722167186,8252139.0,8252139.0,https://www.sec.gov/Archives/edgar/data/1036262/000103626201500007/0001036262-01-500007-index.html,https://www.sec.gov/Archives/edgar/data/1036262/000103626201500007/rf10k-1200.htm,1620593672,16:54:32,20210509
81,2000-09-30,INTT,USD,2000-11-14 00:00:00,2000-11-14 00:00:00,Q3,24491000.0,12700000.0,11791000.0,0.481442162427014,1591000.0,5251000.0,0.0,0.0,7372000.0,20072000.0,0.0,530000.0,4949000.0,0.20207423135029196,4419000.0,0.18043362867992324,-363000.0,4186000.0,0.17091992977011963,1552000.0,2634000.0,0.10754971213915315,0.32,0.31,8232030.0,8475730.0,https://www.sec.gov/Archives/edgar/data/1036262/000103626200500009/0001036262-00-500009-index.html,https://www.sec.gov/Archives/edgar/data/1036262/000103626200500009/r10q-900.htm,1620593672,16:54:32,20210509
82,2000-06-30,INTT,USD,2000-08-14 00:00:00,2000-08-14 00:00:00,Q2,21317000.0,10327000.0,10990000.0,0.5155509687104189,1621000.0,4579000.0,0.0,0.0,6684000.0,17011000.0,0.0,484000.0,4790000.0,0.22470328845522353,4306000.0,0.20199840502885022,-85000.0,4354000.0,0.20425012900501946,1560000.0,2794000.0,0.1310690997795187,0.34,0.33,8190178.0,8528166.0,https://www.sec.gov/Archives/edgar/data/1036262/000103626200000026/0001036262-00-000026-index.html,https://www.sec.gov/Archives/edgar/data/1036262/000103626200000026/0001036262-00-000026-0001.txt,1620593672,16:54:32,20210509
83,2000-03-31,INTT,USD,2000-05-12 00:00:00,2000-05-12 00:00:00,Q1,20254000.0,9872000.0,10382000.0,0.5125901056581416,1450000.0,3791000.0,0.0,0.0,5648000.0,15520000.0,30000.0,407000.0,5141000.0,0.25382640466080775,4734000.0,0.23373160857114644,-2548000.0,2277000.0,0.11242223758269972,1799000.0,478000.0,0.023600276488594845,0.06,0.06,8137167.0,8137167.0,https://www.sec.gov/Archives/edgar/data/1036262/000103626200000010/0001036262-00-000010-index.html,https://www.sec.gov/Archives/edgar/data/1036262/0001036262-00-000010.txt,1620593672,16:54:32,20210509
84,1999-12-31,INTT,USD,2000-03-30 00:00:00,2000-03-30 00:00:00,Q4,13100000.0,5500000.0,7600000.0,0.5801526717557252,1000000.0,3100000.0,0.0,0.0,4400000.0,9900000.0,0.0,300000.0,3500000.0,0.26717557251908397,3200000.0,0.24427480916030533,0.0,3300000.0,0.25190839694656486,1200000.0,2100000.0,0.16030534351145037,0.25807507698932564,0.25807507698932564,8137167.0,8137167.0,https://www.sec.gov/Archives/edgar/data/1036262/000103626200000003/0001036262-00-000003-index.html,https://www.sec.gov/Archives/edgar/data/1036262/0001036262-00-000003.txt,1620593672,16:54:32,20210509
85,1999-09-30,INTT,USD,1999-11-15 00:00:00,1999-11-15 00:00:00,Q3,10100000.0,4400000.0,5700000.0,0.5643564356435643,900000.0,2500000.0,0.0,0.0,3600000.0,8000000.0,0.0,200000.0,2300000.0,0.22772277227722773,2100000.0,0.2079207920792079,0.0,2200000.0,0.21782178217821782,900000.0,1300000.0,0.12871287128712872,0.2,0.2,6500000.0,6500000.0,https://www.sec.gov/Archives/edgar/data/1036262/000103626299000011/0001036262-99-000011-index.html,https://www.sec.gov/Archives/edgar/data/1036262/0001036262-99-000011.txt,1620593672,16:54:32,20210509
86,1999-06-30,INTT,USD,1999-08-13 00:00:00,1999-08-13 00:00:00,Q2,6500000.0,2800000.0,3700000.0,0.5692307692307692,700000.0,2100000.0,0.0,0.0,3000000.0,5800000.0,0.0,200000.0,900000.0,0.13846153846153847,700000.0,0.1076923076923077,0.0,900000.0,0.13846153846153847,400000.0,500000.0,0.07692307692307693,0.07,0.07,7142857.0,7142857.0,https://www.sec.gov/Archives/edgar/data/1036262/000103626299000008/0001036262-99-000008-index.html,https://www.sec.gov/Archives/edgar/data/1036262/0001036262-99-000008.txt,1620593672,16:54:32,20210509
87,1999-03-31,INTT,USD,1999-05-11 00:00:00,1999-05-11 00:00:00,Q1,4800000.0,2100000.0,2700000.0,0.5625,700000.0,1600000.0,0.0,0.0,2500000.0,4600000.0,0.0,200000.0,400000.0,0.08333333333333333,200000.0,0.041666666666666664,100000.0,300000.0,0.0625,100000.0,200000.0,0.041666666666666664,0.03,0.03,6666667.0,6666667.0,https://www.sec.gov/Archives/edgar/data/1036262/000103626299000006/0001036262-99-000006-index.html,https://www.sec.gov/Archives/edgar/data/1036262/0001036262-99-000006.txt,1620593672,16:54:32,20210509
88,1998-12-31,INTT,USD,1999-03-26 00:00:00,1999-03-26 00:00:00,Q4,3900000.0,1700000.0,2200000.0,0.5641025641025641,600000.0,2000000.0,0.0,0.0,2800000.0,4500000.0,0.0,200000.0,-400000.0,-0.10256410256410256,-600000.0,-0.15384615384615385,100000.0,-700000.0,-0.1794871794871795,-300000.0,-400000.0,-0.10256410256410256,-0.05999999700000015,-0.05999999700000015,6666667.0,6666667.0,https://www.sec.gov/Archives/edgar/data/1036262/000103626299000002/0001036262-99-000002-index.html,https://www.sec.gov/Archives/edgar/data/1036262/0001036262-99-000002.txt,1620593672,16:54:32,20210509
89,1998-09-30,INTT,USD,1998-11-16 00:00:00,1998-11-16 00:00:00,Q3,4400000.0,2000000.0,2400000.0,0.5454545454545454,500000.0,1600000.0,0.0,0.0,2200000.0,4200000.0,0.0,200000.0,400000.0,0.09090909090909091,200000.0,0.045454545454545456,100000.0,300000.0,0.06818181818181818,100000.0,200000.0,0.045454545454545456,0.04,0.04,5000000.0,5000000.0,https://www.sec.gov/Archives/edgar/data/1036262/000103626298000010/0001036262-98-000010-index.html,https://www.sec.gov/Archives/edgar/data/1036262/0001036262-98-000010.txt,1620593672,16:54:32,20210509
90,1998-06-30,INTT,USD,1998-08-13 00:00:00,1998-08-13 00:00:00,Q2,5200000.0,2000000.0,3200000.0,0.6153846153846154,400000.0,1300000.0,0.0,0.0,1800000.0,3800000.0,0.0,0.0,1400000.0,0.2692307692307692,1400000.0,0.2692307692307692,100000.0,1500000.0,0.28846153846153844,600000.0,900000.0,0.17307692307692307,0.15,0.15,6000000.0,6000000.0,https://www.sec.gov/Archives/edgar/data/1036262/000103626298000006/0001036262-98-000006-index.html,https://www.sec.gov/Archives/edgar/data/1036262/0001036262-98-000006.txt,1620593672,16:54:32,20210509
91,1998-03-31,INTT,USD,1998-05-15 00:00:00,1998-05-15 00:00:00,Q1,5600000.0,2100000.0,3500000.0,0.625,400000.0,1300000.0,0.0,0.0,1800000.0,3900000.0,0.0,100000.0,1800000.0,0.32142857142857145,1700000.0,0.30357142857142855,200000.0,1900000.0,0.3392857142857143,700000.0,1200000.0,0.21428571428571427,0.2,0.19,6000000.0,6315789.0,https://www.sec.gov/Archives/edgar/data/1036262/000103626298000004/0001036262-98-000004-index.html,https://www.sec.gov/Archives/edgar/data/1036262/0001036262-98-000004.txt,1620593672,16:54:32,20210509
92,1997-12-31,INTT,USD,1998-03-30 00:00:00,1998-03-30 00:00:00,Q4,6000000.0,2000000.0,4000000.0,0.6666666666666666,500000.0,1600000.0,0.0,0.0,2100000.0,4100000.0,0.0,0.0,1800000.0,0.3,1900000.0,0.31666666666666665,100000.0,1800000.0,0.3,700000.0,1100000.0,0.18333333333333332,0.18333333333333332,0.18333333333333332,6000000.0,6000000.0,https://www.sec.gov/Archives/edgar/data/1036262/000095011698000687/0000950116-98-000687-index.html,https://www.sec.gov/Archives/edgar/data/1036262/0000950116-98-000687.txt,1620593672,16:54:32,20210509
93,1997-09-30,INTT,USD,1997-11-14 00:00:00,1997-11-14 00:00:00,Q3,6200000.0,2200000.0,4000000.0,0.6451612903225806,500000.0,1400000.0,0.0,0.0,2000000.0,4200000.0,0.0,100000.0,2100000.0,0.3387096774193548,2000000.0,0.3225806451612903,100000.0,2200000.0,0.3548387096774194,900000.0,1300000.0,0.20967741935483872,0.21,0.21,6190476.0,6190476.0,https://www.sec.gov/Archives/edgar/data/1036262/000103626297000003/0001036262-97-000003-index.html,https://www.sec.gov/Archives/edgar/data/1036262/0001036262-97-000003.txt,1620593672,16:54:32,20210509
