,date,symbol,reportedCurrency,fillingDate,acceptedDate,period,revenue,costOfRevenue,grossProfit,grossProfitRatio,researchAndDevelopmentExpenses,generalAndAdministrativeExpenses,sellingAndMarketingExpenses,otherExpenses,operatingExpenses,costAndExpenses,interestExpense,depreciationAndAmortization,ebitda,ebitdaratio,operatingIncome,operatingIncomeRatio,totalOtherIncomeExpensesNet,incomeBeforeTax,incomeBeforeTaxRatio,incomeTaxExpense,netIncome,netIncomeRatio,eps,epsdiluted,weightedAverageShsOut,weightedAverageShsOutDil,link,finalLink,timestamp,est_time,est_date
0,2019-06-30,TALWALKARS.NS,INR,2019-06-30,2019-06-30,Q2,32050000,4500000.0,27550000.0,0.859594383775351,0.0,0.0,0.0,30300000.0,157630000,162130000,77680000.0,57510000,-72570000,-2.264274570982839,-130080000,-4.0586583463338535,0.0,-177460000,-5.536973478939157,-9960000.0,-156060000,-4.869266770670827,-5.03,-5.03,31025845,31025845,https://www.nseindia.com/companies-listing/corporate-filings-annual-reports,https://www.nseindia.com/companies-listing/corporate-filings-annual-reports,1620598582,18:16:22,20210509
1,2018-12-31,TALWALKARS.NS,INR,2018-12-31,2018-12-31,Q4,226600000,89940000.0,136660000.0,0.6030891438658429,0.0,0.0,0.0,33540000.0,93150000,183090000,45630000.0,44480000,87990000,0.3883053839364519,43510000,0.19201235657546337,0.0,31420000,0.13865842894969108,7610000.0,26360000,0.11632833186231245,0.85,0.85,31011765,31011765,https://www.nseindia.com/companies-listing/corporate-filings-annual-reports,https://www.nseindia.com/companies-listing/corporate-filings-annual-reports,1620598582,18:16:22,20210509
2,2018-06-30,TALWALKARS.NS,INR,2018-06-30,2018-06-30,Q2,119870000,7630000.0,112240000.0,0.9363477100191875,0.0,0.0,0.0,31820000.0,92240000,99870000,39460000.0,44580000,64580000,0.5387503128389088,20000000,0.1668474180362059,0.0,12360000,0.10311170434637525,2780000.0,14630000,0.1220488862934846,0.47,0.47,31127660,31127660,https://www.nseindia.com/companies-listing/corporate-filings-annual-reports,https://www.nseindia.com/companies-listing/corporate-filings-annual-reports,1620598582,18:16:22,20210509
3,2018-03-31,TALWALKARS.NS,INR,2018-03-31,2018-03-31,Q1,194140000,2250000.0,191890000.0,0.9884104254661584,0.0,0.0,0.0,4080000.0,114830000,117080000,25700000.0,48940000,126000000,0.6490161738951272,77060000,0.39693005047903573,0.0,55440000,0.28556711651385597,12670000.0,42760000,0.22025342536314,1.41,1.41,30326241,30326241,https://www.nseindia.com/companies-listing/corporate-filings-annual-reports,https://www.nseindia.com/companies-listing/corporate-filings-annual-reports,1620598582,18:16:22,20210509
4,2017-12-31,TALWALKARS.NS,INR,2017-12-31,2017-12-31,Q4,548490000,-2270000.0,550760000.0,1.00413863516199,0.0,0.0,0.0,45310000.0,425530000,423260000,89840000.0,122730000,247960000,0.4520775219238272,125230000,0.22831774508195227,0.0,80630000,0.14700359167897317,25200000.0,63080000,0.11500665463363051,2.09,2.09,30181818,30181818,https://www.nseindia.com/companies-listing/corporate-filings-annual-reports,https://www.nseindia.com/companies-listing/corporate-filings-annual-reports,1620598582,18:16:22,20210509
5,2017-09-30,TALWALKARS.NS,INR,2017-09-30,2017-09-30,Q3,971580000,4850000.0,966730000.0,0.9950081310854485,0.0,0.0,0.0,0.0,414290000,419140000,69600000.0,106600000,659040000,0.6783177916383623,552440000,0.5685996006504869,0.0,482490000,0.4966034706354598,120180000.0,360110000,0.3706436937771465,12.06,12.06,29859867,29859867,https://www.nseindia.com/companies-listing/corporate-filings-annual-reports,https://www.nseindia.com/companies-listing/corporate-filings-annual-reports,1620598582,18:16:22,20210509
6,2017-06-30,TALWALKARS.NS,INR,2017-06-30,2017-06-30,Q2,567300000,-1040000.0,568340000.0,1.001833245196545,0.0,0.0,0.0,0.0,404880000,403840000,52550000.0,126840000,290300000,0.5117221928432928,163460000,0.2881367882954345,0.0,110800000,0.19531112286268287,37270000.0,71110000,0.12534814031376695,2.39,2.39,29753138,29753138,https://www.nseindia.com/companies-listing/corporate-filings-annual-reports,https://www.nseindia.com/companies-listing/corporate-filings-annual-reports,1620598582,18:16:22,20210509
7,2017-03-31,TALWALKARS.NS,INR,2017-03-31,2017-03-31,Q1,915477000,95577000.0,819900000.0,0.895598687897129,0.0,0.0,0.0,0.0,334535000,430112000,46381000.0,145788000,631153000,0.6894252941362808,485365000,0.5301771644727284,0.0,435061000,0.4752287605259335,193036000.0,246059000,0.26877682344832254,8.28,8.28,29717271,29717271,https://www.nseindia.com/companies-listing/corporate-filings-annual-reports,https://www.nseindia.com/companies-listing/corporate-filings-annual-reports,1620598582,18:16:22,20210509
8,2016-12-31,TALWALKARS.NS,INR,2016-12-31,2016-12-31,Q4,526270000,1808000.0,524462000.0,0.9965645011115967,0.0,0.0,0.0,0.0,366994000,368802000,57642000.0,107456000,264924000,0.50339939574743,157468000,0.29921523172516007,0.0,99826000,0.1896859026735326,24987000.0,61743000,0.11732190700590951,2.08,2.08,29684135,29684135,https://www.nseindia.com/companies-listing/corporate-filings-annual-reports,https://www.nseindia.com/companies-listing/corporate-filings-annual-reports,1620598582,18:16:22,20210509
9,2016-09-30,TALWALKARS.NS,INR,2016-09-30,2016-09-30,Q3,915878000,104000.0,915774000.0,0.9998864477583259,0.0,0.0,0.0,0.0,450565000,450669000,51951000.0,96239000,561448000,0.6130161440715903,465209000,0.5079377384324113,0.0,413259000,0.4512162100192384,117946000.0,291217000,0.31796483811162624,9.8,9.8,29716020,29716020,https://www.nseindia.com/companies-listing/corporate-filings-annual-reports,https://www.nseindia.com/companies-listing/corporate-filings-annual-reports,1620598582,18:16:22,20210509
10,2016-06-30,TALWALKARS.NS,INR,2016-06-30,2016-06-30,Q2,502365000,403000.0,501962000.0,0.999197794432335,0.0,0.0,0.0,0.0,379357000,379760000,37723000.0,136074000,258679000,0.5149224169677425,122605000,0.24405561693191205,0.0,84882000,0.1689647965124959,27867000.0,57264000,0.11398883282075782,1.93,1.93,29670466,29670466,https://www.nseindia.com/companies-listing/corporate-filings-annual-reports,https://www.nseindia.com/companies-listing/corporate-filings-annual-reports,1620598582,18:16:22,20210509
11,2016-03-31,TALWALKARS.NS,INR,2016-03-31,2016-03-31,Q1,782355000,78748000.0,703607000.0,0.8993449265359076,0.0,0.0,0.0,0.0,284866000,363614000,54346000.0,130589000,549330000,0.7021492800582856,418741000,0.5352314486390449,0.0,364115000,0.46540892561560926,191312000.0,202034000,0.25823826779403214,6.99,6.99,28903290,28903290,https://www.nseindia.com/companies-listing/corporate-filings-annual-reports,https://www.nseindia.com/companies-listing/corporate-filings-annual-reports,1620598582,18:16:22,20210509
12,2015-12-31,TALWALKARS.NS,INR,2015-12-31,2015-12-31,Q4,460125000,0.0,460125000.0,1.0,0.0,0.0,0.0,0.0,323244000,323244000,46745000.0,95409000,232290000,0.504841075794621,136881000,0.29748655256723716,0.0,90136000,0.19589459386036404,21559000.0,54183000,0.11775713121434393,1.89,1.89,28668254,28668254,https://www.nseindia.com/companies-listing/corporate-filings-annual-reports,https://www.nseindia.com/companies-listing/corporate-filings-annual-reports,1620598582,18:16:22,20210509
13,2015-09-30,TALWALKARS.NS,INR,2015-09-30,2015-09-30,Q3,822321000,12000.0,822309000.0,0.9999854071585184,0.0,0.0,0.0,0.0,438057000,438069000,44065000.0,112607000,496859000,0.6042153854759881,384252000,0.4672773770826721,0.0,340188000,0.41369246316219577,77685000.0,246291000,0.2995071267789586,8.76,8.76,28115411,28115411,https://www.nseindia.com/companies-listing/corporate-filings-annual-reports,https://www.nseindia.com/companies-listing/corporate-filings-annual-reports,1620598582,18:16:22,20210509
14,2015-06-30,TALWALKARS.NS,INR,2015-06-30,2015-06-30,Q2,448904000,17000.0,448887000.0,0.9999621299877034,0.0,0.0,0.0,0.0,356534000,356551000,31550000.0,131438000,223791000,0.49852752481599627,92353000,0.20572995562525617,0.0,60803000,0.13544766809830164,11036000.0,47691000,0.10623875037870012,1.61,1.61,29621739,29621739,https://www.nseindia.com/companies-listing/corporate-filings-annual-reports,https://www.nseindia.com/companies-listing/corporate-filings-annual-reports,1620598582,18:16:22,20210509
15,2015-03-31,TALWALKARS.NS,INR,2015-03-31,2015-03-31,Q1,686067000,80000.0,685987000.0,0.999883393312898,0.0,0.0,0.0,0.0,334567000,334647000,0.0,104558000,455978000,0.6646260496423819,351420000,0.5122240247672604,0.0,338471000,0.49334977487621473,167363000.0,178827000,0.2606553004298414,5.763807561083349,5.763807561083349,31025845,31025845,https://www.nseindia.com/companies-listing/corporate-filings-annual-reports,https://www.nseindia.com/companies-listing/corporate-filings-annual-reports,1620598582,18:16:22,20210509
16,2014-12-31,TALWALKARS.NS,INR,2014-12-31,2014-12-31,Q4,422479000,84000.0,422395000.0,0.9998011735494545,0.0,0.0,0.0,0.0,313396000,313480000,0.0,90749000,199748000,0.47279983147091337,108999000,0.2579986224167355,0.0,69458000,0.1644058047855633,10923000.0,44809000,0.10606207645823816,1.71,1.71,26204094,26204094,https://www.nseindia.com/companies-listing/corporate-filings-annual-reports,https://www.nseindia.com/companies-listing/corporate-filings-annual-reports,1620598582,18:16:22,20210509
17,2014-09-30,TALWALKARS.NS,INR,2014-09-30,2014-09-30,Q3,748014000,5000.0,748009000.0,0.9999933156331299,0.0,0.0,0.0,0.0,448129000,448134000,0.0,103538000,403418000,0.5393187828035304,299880000,0.40090158740344434,0.0,270587000,0.3617405556580492,60218000.0,196797000,0.26309266938854087,7.52,7.52,26169814,26169814,https://www.nseindia.com/companies-listing/corporate-filings-annual-reports,https://www.nseindia.com/companies-listing/corporate-filings-annual-reports,1620598582,18:16:22,20210509
18,2014-06-30,TALWALKARS.NS,INR,2014-06-30,2014-06-30,Q2,399990000,42000.0,399948000.0,0.9998949973749344,0.0,0.0,0.0,0.0,311508000,311550000,38208000.0,98445000,186885000,0.4672241806045151,88440000,0.22110552763819097,0.0,50232000,0.12558313957848946,6466000.0,40316000,0.10079251981299532,1.54,1.54,26179221,26179221,https://www.nseindia.com/companies-listing/corporate-filings-annual-reports,https://www.nseindia.com/companies-listing/corporate-filings-annual-reports,1620598582,18:16:22,20210509
19,2014-03-31,TALWALKARS.NS,INR,2014-03-31,2014-03-31,Q1,589279000,39000.0,589240000.0,0.999933817427738,0.0,0.0,0.0,0.0,296624000,296663000,0.0,45378000,337994000,0.5735721110034466,292616000,0.4965661426930198,0.0,263402000,0.4469903051016581,108061000.0,148944000,0.2527563344358105,4.80064281891436,4.80064281891436,31025845,31025845,https://www.nseindia.com/companies-listing/corporate-filings-annual-reports,https://www.nseindia.com/companies-listing/corporate-filings-annual-reports,1620598582,18:16:22,20210509
20,2013-12-31,TALWALKARS.NS,INR,2013-12-31,2013-12-31,Q4,327839000,262000.0,327577000.0,0.9992008272353198,0.0,0.0,0.0,0.0,242079000,242341000,0.0,68492000,153990000,0.4697122673019378,85498000,0.2607926451703428,0.0,53742000,0.16392802564673514,11836000.0,35281000,0.1076168485140572,1.35,1.35,26134074,26134074,https://www.nseindia.com/companies-listing/corporate-filings-annual-reports,https://www.nseindia.com/companies-listing/corporate-filings-annual-reports,1620598582,18:16:22,20210509
21,2013-09-30,TALWALKARS.NS,INR,2013-09-30,2013-09-30,Q3,621082000,591000.0,620491000.0,0.9990484348282513,0.0,0.0,0.0,0.0,385645000,386236000,0.0,77451000,312297000,0.5028273239282414,234846000,0.3781239836285708,0.0,213261000,0.3433701185994764,52093000.0,147642000,0.23771740285501752,5.64,5.64,26180888,26180888,https://www.nseindia.com/companies-listing/corporate-filings-annual-reports,https://www.nseindia.com/companies-listing/corporate-filings-annual-reports,1620598582,18:16:22,20210509
22,2013-06-30,TALWALKARS.NS,INR,2013-06-30,2013-06-30,Q2,334540000,1207000.0,333333000.0,0.9963920607401208,0.0,0.0,0.0,0.0,257561000,258768000,0.0,50449000,126221000,0.37729718419322056,75772000,0.22649608417528547,0.0,45777000,0.13683565492915645,6400000.0,34025000,0.10170682130686913,1.3,1.3,26180888,26180888,https://www.nseindia.com/companies-listing/corporate-filings-annual-reports,https://www.nseindia.com/companies-listing/corporate-filings-annual-reports,1620598582,18:16:22,20210509
23,2013-03-31,TALWALKARS.NS,INR,2013-03-31,2013-03-31,Q1,498482000,0.0,0.0,0.0,0.0,0.0,0.0,0.0,263171000,264491000,0.0,40561000,274552000,0.5507761564108634,233991000,0.4694071200163697,0.0,221968000,0.44528789404632463,89589000.0,121220000,0.24317828928627314,3.9070652225588054,3.9070652225588054,31025845,31025845,https://www.nseindia.com/companies-listing/corporate-filings-annual-reports,https://www.nseindia.com/companies-listing/corporate-filings-annual-reports,1620598582,18:16:22,20210509
24,2012-12-31,TALWALKARS.NS,INR,2012-12-31,2012-12-31,Q4,254209000,0.0,0.0,0.0,0.0,0.0,0.0,0.0,182427000,182427000,29920000.0,35524000,107306000,0.42211723424426356,71782000,0.28237395214174166,0.0,41862000,0.1646755228965143,7712000.0,29437000,0.11579841783729136,1.21,1.21,24328099,24328099,https://www.nseindia.com/companies-listing/corporate-filings-annual-reports,https://www.nseindia.com/companies-listing/corporate-filings-annual-reports,1620598582,18:16:22,20210509
25,2012-09-30,TALWALKARS.NS,INR,2012-09-30,2012-09-30,Q3,500777000,0.0,0.0,0.0,0.0,0.0,0.0,0.0,284884000,284884000,31058000.0,37587000,253480000,0.5061734065262582,215893000,0.43111604566503653,0.0,184835000,0.3690964241568602,55900000.0,121734000,0.24309023777050465,5.05,5.05,24105743,24105743,https://www.nseindia.com/companies-listing/corporate-filings-annual-reports,https://www.nseindia.com/companies-listing/corporate-filings-annual-reports,1620598582,18:16:22,20210509
26,2012-06-30,TALWALKARS.NS,INR,2012-06-30,2012-06-30,Q2,255052000,0.0,0.0,0.0,0.0,0.0,0.0,0.0,193885000,193885000,25459000.0,32798000,93965000,0.3684150682997977,61167000,0.23982168342141993,0.0,35708000,0.1400028229537506,5019000.0,28110000,0.11021281934664304,1.17,1.17,24025641,24025641,https://www.nseindia.com/companies-listing/corporate-filings-annual-reports,https://www.nseindia.com/companies-listing/corporate-filings-annual-reports,1620598582,18:16:22,20210509
27,2012-03-31,TALWALKARS.NS,INR,2012-03-31,2012-03-31,Q1,381245000,0.0,0.0,0.0,0.0,0.0,0.0,0.0,196136000,196136000,28470000.0,28515000,213624000,0.5603325945258298,185109000,0.4855381709924065,0.0,160382000,0.4206796154703668,44680000.0,95327000,0.2500413120172068,3.0725029406934765,3.0725029406934765,31025845,31025845,https://www.nseindia.com/companies-listing/corporate-filings-annual-reports,https://www.nseindia.com/companies-listing/corporate-filings-annual-reports,1620598582,18:16:22,20210509
28,2011-12-31,TALWALKARS.NS,INR,2011-12-31,2011-12-31,Q4,219897000,0.0,0.0,0.0,0.0,0.0,0.0,0.0,163667000,163667000,16624000.0,30355000,86585000,0.39375252959340057,56230000,0.2557106281577284,0.0,39543000,0.17982509993315052,16170000.0,22057000,0.10030605237906838,0.91,0.91,24238462,24238462,https://www.nseindia.com/companies-listing/corporate-filings-annual-reports,https://www.nseindia.com/companies-listing/corporate-filings-annual-reports,1620598582,18:16:22,20210509
29,2011-09-30,TALWALKARS.NS,INR,2011-09-30,2011-09-30,Q3,381774000,0.0,0.0,0.0,0.0,0.0,0.0,0.0,233401000,233401000,23786000.0,30881000,179254000,0.46952909312839536,148373000,0.38864092368783626,0.0,124587000,0.3263370475726477,37541000.0,83088000,0.2176366122365588,3.45,3.45,24083478,24083478,https://www.nseindia.com/companies-listing/corporate-filings-annual-reports,https://www.nseindia.com/companies-listing/corporate-filings-annual-reports,1620598582,18:16:22,20210509
30,2011-06-30,TALWALKARS.NS,INR,2011-06-30,2011-06-30,Q2,210724000,0.0,0.0,0.0,0.0,0.0,0.0,0.0,159626000,159626000,22400000.0,27980000,79078000,0.37526812323228487,51098000,0.242487803952089,0.0,28698000,0.13618761982498434,5638000.0,20137000,0.09556101820390653,0.84,0.84,23972619,23972619,https://www.nseindia.com/companies-listing/corporate-filings-annual-reports,https://www.nseindia.com/companies-listing/corporate-filings-annual-reports,1620598582,18:16:22,20210509
