,date,symbol,reportedCurrency,fillingDate,acceptedDate,period,revenue,costOfRevenue,grossProfit,grossProfitRatio,researchAndDevelopmentExpenses,generalAndAdministrativeExpenses,sellingAndMarketingExpenses,otherExpenses,operatingExpenses,costAndExpenses,interestExpense,depreciationAndAmortization,ebitda,ebitdaratio,operatingIncome,operatingIncomeRatio,totalOtherIncomeExpensesNet,incomeBeforeTax,incomeBeforeTaxRatio,incomeTaxExpense,netIncome,netIncomeRatio,eps,epsdiluted,weightedAverageShsOut,weightedAverageShsOutDil,link,finalLink,timestamp,est_time,est_date
0,2020-04-30,FPF,USD,2020-04-30,2020-04-30,Q1,64084120,15617940,48466180,0.7562900138130945,0.0,30650.0,0.0,43160.0,73809.99999999993,15691750.0,-223844710,0.0,-399297050,-6.230827,48392370,0.7551382464173652,0.0,-175452340,-2.737844258452796,0.0,-175452340,-2.737844258452796,-2.88734,-2.88734,60766000,60766000,,,1620592214,16:30:14,20210509
1,2019-10-31,FPF,USD,2019-10-31,2019-10-31,Q4,68776400,19013480,49762920,0.723546449072647,0.0,32680.0,0.0,41190.0,73859.99999999981,19087340.0,62114540,0.0,173918140,2.528747,49689060,0.7224725341832373,0.0,111803600,1.6256099475983041,0.0,111803600,1.6256099475983041,1.8399,1.8399,60766000,60766000,,,1620592214,16:30:14,20210509
2,2019-04-30,FPF,USD,2019-04-30,2019-04-30,Q3,69147470,18736070,50411400,0.7290418579305938,0.0,27240.0,0.0,25430.0,52659.99999999948,18788730.0,35607070,0.0,121572880,1.758168,50358740,0.7282802971677778,0.0,85965810,1.243224227871244,0.0,85965810,1.243224227871244,1.4147,1.4147,60766000,60766000,,,1620592214,16:30:14,20210509
3,2018-10-31,FPF,USD,2018-10-31,2018-10-31,Q2,69806420,18745580,51060840,0.73146338116179,0.0,26880.0,0.0,-98440.0,-71560.00000000162,18674020.0,-72133140,0.0,-93133890,-1.334174,51132400,0.7324885017739056,0.0,-21000750,-0.30084267320971336,0.0,-21000750,-0.30084267320971336,-0.3456,-0.3456,60766000,60766000,,,1620592214,16:30:14,20210509
4,2018-04-30,FPF,USD,2018-04-30,2018-04-30,Q1,71782190,17519100,54263090,0.7559408538524668,0.0,142190.0,0.0,16760.0,158939.99999999764,17678039.999999996,-72820900,0.0,-91537660,-1.275214,54104150,0.753726655595211,0.0,-18716760,-0.26074378616757166,0.0,-18716760,-0.26074378616757166,-0.30801,-0.30801,60766000,60766000,,,1620592214,16:30:14,20210509
5,2017-10-31,FPF,USD,2017-10-31,2017-10-31,Q4,73030830,16288940,56741890,0.7769580326555237,0.0,118150.0,0.0,60440.0,178589.9999999998,16467530.0,49382070,0.0,155327440,2.126875,56563300,0.7745126270644876,0.0,105945370,1.450693768645379,0.0,105945370,1.450693768645379,1.7435,1.7435,60766000,60766000,,,1620592214,16:30:14,20210509
6,2017-04-30,FPF,USD,2017-04-30,2017-04-30,Q3,70940000,14230000,56710000,0.7994079503806033,0.0,130000.0,0.0,0.0,129999.999999999,14359999.999999998,27630000,0.0,111840000,1.576544,56580000,0.7975754158443755,0.0,84210000,1.18705948689033,0.0,84210000,1.18705948689033,1.38572,1.38572,60770000,60770000,,,1620592214,16:30:14,20210509
7,2016-10-31,FPF,USD,2016-10-31,2016-10-31,Q2,72940000,13340000,59600000,0.817109953386345,0.0,170000.0,0.0,30000.0,199999.9999999993,13540000.0,65200000,0.0,189810000,2.602276,59400000,0.8143679736769948,0.0,124610000,1.7083904579106115,0.0,124610000,1.7083904579106115,2.0485,2.0485,60830000,60830000,,,1620592214,16:30:14,20210509
8,2016-04-30,FPF,USD,2016-04-30,2016-04-30,Q1,71090000,12580000,58510000,0.8230412153608102,0.0,110000.0,0.0,280000.0,380000.0000000008,12960000.0,-44180000,0.0,-30230000,-0.425236,58130000,0.817695878463919,0.0,13950000,0.19623013082008722,0.0,13950000,0.19623013082008722,0.22982,0.22982,60700000,60700000,,,1620592214,16:30:14,20210509
