,date,symbol,reportedCurrency,fillingDate,acceptedDate,period,revenue,costOfRevenue,grossProfit,grossProfitRatio,researchAndDevelopmentExpenses,generalAndAdministrativeExpenses,sellingAndMarketingExpenses,otherExpenses,operatingExpenses,costAndExpenses,interestExpense,depreciationAndAmortization,ebitda,ebitdaratio,operatingIncome,operatingIncomeRatio,totalOtherIncomeExpensesNet,incomeBeforeTax,incomeBeforeTaxRatio,incomeTaxExpense,netIncome,netIncomeRatio,eps,epsdiluted,weightedAverageShsOut,weightedAverageShsOutDil,link,finalLink,timestamp,est_time,est_date
0,2020-12-31,BIGC,USD,2021-02-26,2021-02-26 17:17:02,Q4,43143000,10216000.0,32927000,0.7632060820990659,13942000,12212000.0,20577000,59000.0,46731000,56947000,448000.0,707000.0,-13097000.0,-0.3035718424773428,-13804000.0,-0.3199592054330946,59000.0,-14182000.0,-0.3287207658252787,19000.0,-14201000.0,-0.3291611617180076,-0.21,-0.21,68638000,68638000,https://www.sec.gov/Archives/edgar/data/1626450/000156459021009501/0001564590-21-009501-index.htm,https://www.sec.gov/Archives/edgar/data/1626450/000156459021009501/bigc-10k_20201231.htm,1620589372,15:42:52,20210509
1,2020-09-30,BIGC,USD,2020-11-06,2020-09-30,Q3,39735000,8593000.0,31142000,0.783742292689065,12124000,9745000.0,19328000,-75000.0,41197000,49790000,741000.0,699000.0,-9356000.0,-0.23545992198313828,-10055000.0,-0.25305146596199823,-75000.0,-10869000.0,-0.2735371838429596,-14000.0,-10855000.0,-0.27318484962879075,-0.16,-0.16,49355000,49355000,https://www.sec.gov/Archives/edgar/data/1626450/000156459020051982/0001564590-20-051982-index.htm,https://www.sec.gov/Archives/edgar/data/1626450/000156459020051982/bigc-10q_20200930.htm,1620589372,15:42:52,20210509
2,2020-06-30,BIGC,USD,2020-09-11,2020-09-11,Q2,36316000,7837000.0,28479000,0.7841998017402798,11345000,7714000.0,16803000,40000.0,35862000,43699000,1152000.0,771000.0,-6612000.0,-0.18206850974776959,-7383000.0,-0.2032988214561075,40000.0,-8478000.0,-0.2334508205749532,3000.0,-8481000.0,-0.23353342879171715,-0.158467,-0.158467,65843546,65843546,https://www.sec.gov/Archives/edgar/data/1626450/000156459020043288/0001564590-20-043288-index.htm,https://www.sec.gov/Archives/edgar/data/1626450/000156459020043288/bigc-10q_20200630.htm,1620589372,15:42:52,20210509
3,2020-03-31,BIGC,USD,2020-03-31,2020-03-31,Q1,33174000,7480000.0,25694000,0.7745222161934044,10921000,6466000.0,15762000,-203000.0,33149000,40629000,762000.0,907000.0,-6548000.0,-0.19738349309700368,-7455000.0,-0.2247241815879906,4210000.0,-4006000.0,-0.12075721950925423,17000.0,-4023000.0,-0.12126966901790559,-0.06,-0.06,56902000,56902000,,,1620589372,15:42:52,20210509
4,2019-12-31,BIGC,USD,2019-12-31,2019-12-31,Q4,31020000,8065000.0,22955000,0.7400064474532559,10961000,6456000.0,15295000,-45000.0,32712000,40777000,483000.0,818000.0,-8939000.0,-0.28816892327530624,-9757000.0,-0.31453900709219856,-45000.0,-10285000.0,-0.33156028368794327,7000.0,-10292000.0,-0.331785944551902,-0.1808723770693473,-0.1808723770693473,56902000,56902000,,,1620589372,15:42:52,20210509
5,2019-09-30,BIGC,USD,2019-09-30,2019-09-30,Q3,28264000,6806000.0,21458000,0.7591989810359467,10862000,5527000.0,15346000,-86000.0,31735000,38541000,359000.0,635000.0,-9642000.0,-0.3411406736484574,-10277000.0,-0.36360741579394285,-86000.0,-10718000.0,-0.3792103028587603,7000.0,-10725000.0,-0.379457967732805,-0.221258,-0.221258,56902000,56902000,,,1620589372,15:42:52,20210509
6,2019-06-30,BIGC,USD,2019-06-30,2019-06-30,Q2,27235000,6227000.0,21008000,0.7713603818615752,10468000,5222000.0,15963000,-56000.0,31653000,37880000,410000.0,583000.0,-10062000.0,-0.36945107398568017,-10645000.0,-0.39085735267119515,-56000.0,-11025000.0,-0.40480998714888927,7000.0,-11032000.0,-0.4050670093629521,-0.225475,-0.225475,56902000,56902000,,,1620589372,15:42:52,20210509
7,2019-03-31,BIGC,USD,2019-03-31,2019-03-31,Q1,25584000,5925000.0,19659000,0.7684099437148217,10832000,4999000.0,14136000,-21000.0,29967000,35892000,360000.0,533000.0,-9775000.0,-0.38207473420888055,-10308000.0,-0.40290806754221387,-21000.0,-10534000.0,-0.4117417135709819,7000.0,-10541000.0,-0.4120153220762977,-0.215757,-0.215757,56902000,56902000,,,1620589372,15:42:52,20210509
