,date,symbol,reportedCurrency,fillingDate,acceptedDate,period,revenue,costOfRevenue,grossProfit,grossProfitRatio,researchAndDevelopmentExpenses,generalAndAdministrativeExpenses,sellingAndMarketingExpenses,otherExpenses,operatingExpenses,costAndExpenses,interestExpense,depreciationAndAmortization,ebitda,ebitdaratio,operatingIncome,operatingIncomeRatio,totalOtherIncomeExpensesNet,incomeBeforeTax,incomeBeforeTaxRatio,incomeTaxExpense,netIncome,netIncomeRatio,eps,epsdiluted,weightedAverageShsOut,weightedAverageShsOutDil,link,finalLink,timestamp,est_time,est_date
0,2021-03-31,RAND.AS,EUR,2021-03-31,2021-03-31,Q1,5528000000,4469000000,1059000000,0.1915701881331404,0.0,292000000,573000000,0.0,844000000,5313000000,5000000.0,92000000,307000000,0.05553545586107091,215000000,0.03798842257597684,0.0,210000000.0,0.03798842257597684,57000000.0,153000000,0.02767727930535456,0.82,0.82,183700000,184500000,,,1620597065,17:51:05,20210509
1,2020-12-31,RAND.AS,EUR,2020-12-31,2020-12-31,Q4,5693000000,4597000000,1096000000,0.19251712629545056,0.0,322000000,542000000,0.0,795000000,5392000000,0.0,95000000,396000000,0.06955910767609345,301000000,0.052871948006323555,0.0,218000000.0,0.03829264008431407,10000000.0,207000000,0.03636044264886703,1.1292962356792144,1.1292962356792144,183300000,183300000,,,1620597065,17:51:05,20210509
2,2020-09-30,RAND.AS,EUR,2020-09-30,2020-09-30,Q3,5174000000,4200000000,974000000,0.18824893699265557,0.0,269000000,532000000,0.0,817000000,5017000000,0.0,93000000,250000000,0.048318515655199075,157000000,0.030344027831465017,0.0,158000000.0,0.030537301894085815,54000000.0,105000000,0.020293776575183612,0.5728314238952537,0.5706521739130435,183300000,184000000,,,1620597065,17:51:05,20210509
3,2020-06-30,RAND.AS,EUR,2020-06-30,2020-06-30,Q2,4437000000,3608000000,829000000,0.18683795357223348,0.0,285000000,510000000,0.0,898000000,4506000000,7000000.0,179000000,110000000,0.02479152580572459,-69000000,-0.01555104800540906,0.0,-79000000.0,-0.01780482307865675,-22000000.0,-57000000,-0.012846517917511832,-0.3109656301145663,-0.30978260869565216,183300000,184000000,,,1620597065,17:51:05,20210509
4,2020-03-31,RAND.AS,EUR,2020-03-31,2020-03-31,Q1,5414000000,4365000000,1049000000,0.19375692648688586,0.0,303000000,606000000,0.0,968000000,5333000000,0.0,147000000,228000000,0.0421130402659771,81000000,0.014961211673439232,0.0,67000000.0,0.012375323236054673,18000000.0,49000000,0.009050609530845955,0.2676133260513381,0.2667392487751769,183100000,183700000,,,1620597065,17:51:05,20210509
5,2019-12-31,RAND.AS,EUR,2019-12-31,2019-12-31,Q4,5995000000,4814000000,1181000000,0.1969974979149291,0.0,303000000,624000000,0.0,949000000,5763000000,0.0,95000000,327000000,0.05454545454545454,232000000,0.038698915763135944,0.0,219000000.0,0.03653044203502919,52000000.0,167000000,0.027856547122602167,0.9110747408619749,0.9110747408619749,183300000,183300000,,,1620597065,17:51:05,20210509
6,2019-09-30,RAND.AS,EUR,2019-09-30,2019-09-30,Q3,6006000000,4803000000,1203000000,0.2002997002997003,0.0,327000000,640000000,0.0,1000000000,5803000000,0.0,124000000,327000000,0.05444555444555445,203000000,0.0337995337995338,0.0,191000000.0,0.0318015318015318,51000000.0,140000000,0.023310023310023312,0.7637752318603382,0.7612833061446438,183300000,183900000,,,1620597065,17:51:05,20210509
7,2019-06-30,RAND.AS,EUR,2019-06-30,2019-06-30,Q2,5957000000,4764000000,1193000000,0.2002685915729394,0.0,279000000,645000000,0.0,955000000,5719000000,11000000.0,101000000,339000000,0.05690783951653517,238000000,0.0399529964747356,0.0,227000000.0,0.038106429410777236,61000000.0,166000000,0.02786637569246265,0.9056192034915439,0.9026644915715063,183300000,183900000,,,1620597065,17:51:05,20210509
8,2019-03-31,RAND.AS,EUR,2019-03-31,2019-03-31,Q1,5718000000,4590000000,1128000000,0.19727177334732424,0.0,287000000,623000000,0.0,940000000,5530000000,0.0,99000000,287000000,0.05019237495627842,188000000,0.03287862889122071,0.0,182000000.0,0.031829310947883875,49000000.0,133000000,0.023259881077299756,0.7259825327510917,0.724400871459695,183200000,183600000,,,1620597065,17:51:05,20210509
9,2018-12-31,RAND.AS,EUR,2018-12-31,2018-12-31,Q4,6101000000,4896000000,1205000000,0.19750860514669727,0.0,291000000,638000000,0.0,957000000,5853000000,0.0,151000000,399000000,0.06539911489919685,248000000,0.04064907392230782,0.0,153000000.0,0.025077856089165712,-41000000.0,194000000,0.03179806589083757,1.0583742498636115,1.0583742498636115,183300000,183300000,,,1620597065,17:51:05,20210509
10,2018-09-30,RAND.AS,EUR,2018-09-30,2018-09-30,Q3,6006000000,4815000000,1191000000,0.1983016983016983,0.0,275000000,633000000,0.0,937000000,5752000000,0.0,51000000,305000000,0.050782550782550784,254000000,0.04229104229104229,0.0,245000000.0,0.04079254079254079,55000000.0,190000000,0.03163503163503163,1.0376843255051884,1.0348583877995643,183100000,183600000,,,1620597065,17:51:05,20210509
11,2018-06-30,RAND.AS,EUR,2018-06-30,2018-06-30,Q2,6022000000,4831000000,1191000000,0.19777482563932247,0.0,282000000,641000000,0.0,953000000,5784000000,0.0,52000000,290000000,0.04815675855197609,238000000,0.03952175357024244,0.0,247000000.0,0.041016273663234806,54000000.0,193000000,0.032049153105280635,1.0540688148552704,1.0500544069640914,183100000,183800000,,,1620597065,17:51:05,20210509
12,2018-03-31,RAND.AS,EUR,2018-03-31,2018-03-31,Q1,5683000000,4569000000,1114000000,0.1960232271687489,0.0,274000000,635000000,0.0,942000000,5511000000,0.0,54000000,226000000,0.039767728312511,172000000,0.03026570473341545,0.0,166000000.0,0.029209924335738168,39000000.0,127000000,0.022347351750835825,0.68,0.67,182900000,183500000,,,1620597065,17:51:05,20210509
13,2017-12-31,RAND.AS,EUR,2017-12-31,2017-12-31,Q4,5977900000,4778100000,1199800000,0.20070593352180532,0.0,277400000,630100000,0.0,937500000,5715600000,0.0,50500000,312800000,0.052326067682631025,262300000,0.04387828501647736,0.0,260400000.0,0.043560447648839894,62500000.0,197800000,0.0330885427993108,1.0791052918712494,1.0791052918712494,183300000,183300000,,,1620597065,17:51:05,20210509
14,2017-09-30,RAND.AS,EUR,2017-09-30,2017-09-30,Q3,5871900000,4694300000,1177600000,0.20054837446141793,0.0,267800000,649200000,0.0,950600000,5644900000,0.0,54300000,281300000,0.04790612919157343,227000000,0.03865869650368705,0.0,217700000.0,0.03707488206543027,52600000.0,165200000,0.02813399410752908,0.9012547735951991,0.8978260869565218,183300000,184000000,,,1620597065,17:51:05,20210509
15,2017-06-30,RAND.AS,EUR,2017-06-30,2017-06-30,Q2,5866200000,4672000000,1194200000,0.20357301148955032,0.0,291100000,653000000,0.0,980600000,5652600000,0.0,60800000,274400000,0.04677644812655552,213600000,0.036411987317172954,0.0,205900000.0,0.03509938290545839,53300000.0,152600000,0.0260134328867069,0.82,0.81,183200000,183900000,,,1620597065,17:51:05,20210509
16,2017-03-31,RAND.AS,EUR,2017-03-31,2017-03-31,Q1,5556800000,4422900000,1133900000,0.20405629139072848,0.0,283200000,660000000,0.0,977100000,5400000000,4700000.0,55300000,212100000,0.03816945004319033,156800000,0.028217679239850274,0.0,154400000.0,0.027785775986179095,38600000.0,115800000,0.02083933198963432,0.62,0.61,182800000,183400000,,,1620597065,17:51:05,20210509
17,2016-12-31,RAND.AS,EUR,2016-12-31,2016-12-31,Q4,5525200000,4419500000,1105700000,0.2001194526894954,0.0,282300000,592100000,0.0,897900000,5317400000,0.0,53800000,261600000,0.04734670238181423,207800000,0.03760949829870412,0.0,197400000.0,0.03572721349453414,44800000.0,152500000,0.02760081083037718,0.8319694489907256,0.8319694489907256,183300000,183300000,,,1620597065,17:51:05,20210509
18,2016-09-30,RAND.AS,EUR,2016-09-30,2016-09-30,Q3,5349300000,4349500000,999800000,0.1869029592656983,0.0,231600000,508600000,0.0,756500000,5106000000,0.0,37400000,280700000,0.052474155496980916,243300000,0.04548258650664573,0.0,238900000.0,0.044660048978371,62100000.0,176700000,0.033032359374123715,0.9661016949152542,0.9618943930321175,182900000,183700000,,,1620597065,17:51:05,20210509
19,2016-06-30,RAND.AS,EUR,2016-06-30,2016-06-30,Q2,5108100000,4144800000,963300000,0.1885828390203794,0.0,221200000,506700000,0.0,749200000,4894000000,0.0,38100000,252200000,0.04937256514163779,214100000,0.04191382314363462,0.0,209200000.0,0.0409545623617392,52900000.0,156300000,0.030598461267398836,0.84,0.83,182900000,183700000,,,1620597065,17:51:05,20210509
20,2016-03-31,RAND.AS,EUR,2016-03-31,2016-03-31,Q1,4701500000,3836100000,865400000,0.1840689141763267,0.0,214500000,485200000,0.0,730100000,4566200000,0.0,46200000,181500000,0.03860470062745932,135300000,0.028778049558651493,0.0,140500000.0,0.02988407954908008,38000000.0,102500000,0.021801552695948103,0.5619517543859649,0.5594978165938864,182400000,183200000,,,1620597065,17:51:05,20210509
21,2015-12-31,RAND.AS,EUR,2015-12-31,2015-12-31,Q4,4995100000,4051800000,943300000,0.18884506816680346,0.0,224900000,484500000,0.0,736700000,4788500000,0.0,43200000,249800000,0.05000900882865208,206600000,0.041360533322656205,0.0,216100000.0,0.043262397149206225,40000000.0,176100000,0.0352545494584693,0.9607201309328969,0.9607201309328969,183300000,183300000,,,1620597065,17:51:05,20210509
22,2015-09-30,RAND.AS,EUR,2015-09-30,2015-09-30,Q3,4976900000,4043400000,933500000,0.1875665574956298,0.0,206000000,486300000,0.0,717800000,4761200000,0.0,41700000,257400000,0.051718941509775164,215700000,0.04334023187124515,0.0,210000000.0,0.042194940625690694,57000000.0,153000000,0.030742028170146075,0.82,0.81,182700000,184300000,,,1620597065,17:51:05,20210509
23,2015-06-30,RAND.AS,EUR,2015-06-30,2015-06-30,Q2,4815800000,3912900000,902900000,0.18748702188629096,0.0,206800000,483100000,0.0,724200000,4637100000,0.0,50600000,229300000,0.04761410357572989,178700000,0.03710702271689024,0.0,174800000.0,0.036297188421446074,44600000.0,130200000,0.027036006478674362,0.7,0.69,181800000,183400000,,,1620597065,17:51:05,20210509
24,2015-03-31,RAND.AS,EUR,2015-03-31,2015-03-31,Q1,4431400000,3616600000,814800000,0.1838696574445999,0.0,202400000,468500000,0.0,711100000,4327700000,0.0,56500000,160200000,0.03615110348873945,103700000,0.023401182470551066,0.0,81500000.0,0.01839147899083811,22000000.0,59500000,0.01342690797490635,0.3309232480533927,0.3283664459161148,179800000,181200000,,,1620597065,17:51:05,20210509
25,2014-12-31,RAND.AS,EUR,2014-12-31,2014-12-31,Q4,4495700000,3657500000,838200000,0.1864448250550526,0.0,216400000,456900000,0.0,713700000,4371200000,0.0,54000000,178500000,0.03970460662410748,124500000,0.027693128989923706,0.0,115700000.0,0.025735703005093757,37900000.0,77800000,0.017305425184064773,0.42444080741953083,0.42444080741953083,183300000,183300000,,,1620597065,17:51:05,20210509
26,2014-09-30,RAND.AS,EUR,2014-09-30,2014-09-30,Q3,4516300000,3680900000,835400000,0.18497442596815977,0.0,203900000,427000000,0.0,667500000,4348400000,0.0,52300000,220200000,0.048756725638243695,167900000,0.037176449748688084,0.0,156600000.0,0.03467440161193898,43300000.0,113300000,0.02508690742421894,0.6301446051167965,0.6225274725274725,179800000,182000000,,,1620597065,17:51:05,20210509
27,2014-06-30,RAND.AS,EUR,2014-06-30,2014-06-30,Q2,4268100000,3481400000,786700000,0.18432089220027648,0.0,191700000,421800000,0.0,649500000,4130900000,0.0,51800000,189000000,0.04428199901595558,137200000,0.032145451137508496,0.0,133200000.0,0.031208265973149647,39100000.0,94100000,0.022047280991541903,0.51,0.5,178900000,181100000,,,1620597065,17:51:05,20210509
28,2014-03-31,RAND.AS,EUR,2014-03-31,2014-03-31,Q1,3969700000,3252400000,717300000,0.1806937551956067,0.0,189900000,409300000,0.0,635200000,3887600000,0.0,52500000,134600000,0.033906844345920346,82100000,0.02068166360178351,0.0,79600000.0,0.020051893090157945,24700000.0,54900000,0.013829760435297378,0.278405,0.27619,186060000,187950000,,,1620597065,17:51:05,20210509
29,2013-12-31,RAND.AS,EUR,2013-12-31,2013-12-31,Q4,4277900000,3494200000,783700000,0.1831973631922205,0.0,207600000,456500000,0.0,696100000,4190300000,0.0,45200000,132800000,0.031043268893616027,87600000,0.020477337011150332,0.0,79900000.0,0.018677388438252413,25800000.0,54100000,0.012646391921269783,0.29514457174031644,0.29514457174031644,183300000,183300000,,,1620597065,17:51:05,20210509
30,2013-09-30,RAND.AS,EUR,2013-09-30,2013-09-30,Q3,4362700000,3566900000,795800000,0.18240997547390378,0.0,197200000,418700000,0.0,661600000,4228500000,0.0,62900000,197100000,0.04517844454122447,134200000,0.0307607674146744,0.0,131100000.0,0.030050198271712472,47300000.0,83800000,0.01920828844522887,0.438095,0.428571,185745000,187845000,,,1620597065,17:51:05,20210509
31,2013-06-30,RAND.AS,EUR,2013-06-30,2013-06-30,Q2,4095700000,3348800000,746900000,0.18236198940352077,0.0,195200000,410200000,0.0,646000000,3994800000,0.0,57800000,158700000,0.03874795517249799,100900000,0.024635593427252973,0.0,90200000.0,0.022023097394828724,27100000.0,63100000,0.015406401836071977,0.3422280073760712,0.3391379125013437,184380000,186060000,,,1620597065,17:51:05,20210509
32,2013-03-31,RAND.AS,EUR,2013-03-31,2013-03-31,Q1,3832000000,3148400000,683600000,0.17839248434237995,0.0,192300000,402600000,0.0,635700000,3784100000,0.0,58200000,106100000,0.027687891440501045,47900000,0.0125,0.0,42400000.0,0.011064718162839248,12700000.0,29700000,0.007750521920668058,0.1642608262817322,0.16321820130244827,180810000,181965000,,,1620597065,17:51:05,20210509
33,2012-12-31,RAND.AS,EUR,2012-12-31,2012-12-31,Q4,4234500000,3457000000,777500000,0.1836108159168733,0.0,210300000,464800000,0.0,722500000,4179500000,13900000.0,65200000,120200000,0.028385877907663244,55000000,0.01298854646357303,0.0,-84500000.0,-0.019955130475853112,12900000.0,-97400000,-0.023001535010036604,-0.5313693398799781,-0.5313693398799781,183300000,183300000,,,1620597065,17:51:05,20210509
34,2012-09-30,RAND.AS,EUR,2012-09-30,2012-09-30,Q3,4396800000,3597600000,799200000,0.18176855895196506,0.0,212500000,441300000,0.0,697000000,4294600000,2600000.0,62900000,165100000,0.03755003639010189,102200000,0.023244177583697234,0.0,99700000.0,0.022675582241630278,30900000.0,68800000,0.01564774381368268,0.3807310257048781,0.37875034406826313,180705000,181650000,,,1620597065,17:51:05,20210509
35,2012-06-30,RAND.AS,EUR,2012-06-30,2012-06-30,Q2,4303100000,3520700000,782400000,0.1818224071018568,0.0,206700000,463900000,0.0,726700000,4247400000,2200000.0,76800000,132500000,0.03079175478143664,55700000,0.012944156538309591,0.0,53400000.0,0.012409658153424276,16900000.0,36500000,0.008482256977527828,0.20198666334633794,0.20128491466071083,180705000,181335000,,,1620597065,17:51:05,20210509
36,2012-03-31,RAND.AS,EUR,2012-03-31,2012-03-31,Q1,4152400000,3404200000,748200000,0.1801849532800308,0.0,202600000,441600000,0.0,699600000,4103800000,0.0,75400000,124000000,0.029862248338310374,48600000,0.011704074751950679,0.0,41200000.0,0.009921972834986996,12400000.0,28800000,0.006935748001155958,0.15993336109954187,0.159375778202042,180075000,180705000,,,1620597065,17:51:05,20210509
37,2011-12-31,RAND.AS,EUR,2011-12-31,2011-12-31,Q4,4377500000,3579600000,797900000,0.18227298686464877,0.0,517000000,457800000,0.0,851200000,4430800000,0.0,76200000,22900000,0.005231296402055968,-53300000,-0.012175899486007995,0.0,-47100000.0,-0.010759565962307253,-30600000.0,-16500000,-0.0037692747001713306,-0.09001636661211129,-0.09001636661211129,183300000,183300000,,,1620597065,17:51:05,20210509
38,2011-09-30,RAND.AS,EUR,2011-09-30,2011-09-30,Q3,4232400000,3467500000,764900000,0.18072488422644362,0.0,192500000,408000000,0.0,643900000,4111400000,0.0,63000000,184000000,0.043474151781495135,121000000,0.02858898024761365,0.0,113900000.0,0.02691144504300161,34400000.0,79500000,0.018783668840374256,0.4430326841093371,0.4396880703500913,179445000,180810000,,,1620597065,17:51:05,20210509
39,2011-06-30,RAND.AS,EUR,2011-06-30,2011-06-30,Q2,3915000000,3194500000,720500000,0.18403575989782886,0.0,174200000,392800000,0.0,606100000,3800600000,0.0,58500000,172900000,0.044163473818646236,114400000,0.02922094508301405,0.0,109300000.0,0.027918263090676885,33000000.0,76300000,0.019489144316730524,0.419048,0.409524,179445000,180915000,,,1620597065,17:51:05,20210509
40,2011-03-31,RAND.AS,EUR,2011-03-31,2011-03-31,Q1,3700000000,3029400000,670600000,0.18124324324324323,0.0,176900000,385000000,0.0,603000000,3632400000,0.0,61200000,128800000,0.03481081081081081,67600000,0.01827027027027027,0.0,56900000.0,0.015378378378378379,17200000.0,39700000,0.01072972972972973,0.22175673788577013,0.21982281284606867,179025000,180600000,,,1620597065,17:51:05,20210509
41,2010-12-31,RAND.AS,EUR,2010-12-31,2010-12-31,Q4,3891100000,3154400000,736700000,0.18932949551540695,0.0,180300000,1471300000,0.0,1700000000,4854400000,0.0,69800000,-893500000,-0.22962658374238648,-963300000,-0.24756495592505975,0.0,110500000.0,0.028398139343630335,-28000000.0,138500000,0.035594047955590964,0.7555919258046918,0.7555919258046918,183300000,183300000,,,1620597065,17:51:05,20210509
42,2010-09-30,RAND.AS,EUR,2010-09-30,2010-09-30,Q3,3781000000,3083100000,697900000,0.18458079873049457,0.0,175800000,369100000,0.0,590200000,3673300000,0.0,66400000,174100000,0.04604601957154192,107700000,0.02848452790267125,0.0,100100000.0,0.02647447765141497,27800000.0,72300000,0.019121925416556468,0.4052804170520474,0.4012654012654013,178395000,180180000,,,1620597065,17:51:05,20210509
43,2010-06-30,RAND.AS,EUR,2010-06-30,2010-06-30,Q2,3468200000,2808500000,659700000,0.19021394383253562,0.0,172800000,363200000,0.0,574600000,3383100000,0.0,60100000,145200000,0.04186609768756127,85100000,0.024537223920189147,0.0,77500000.0,0.02234588547373277,21600000.0,55900000,0.016117870941698864,0.304762,0.295238,178185000,180285000,,,1620597065,17:51:05,20210509
44,2010-03-31,RAND.AS,EUR,2010-03-31,2010-03-31,Q1,3039000000,2464000000,575000000,0.18920697597894043,0.0,155700000,343900000,0.0,539700000,3003700000,0.0,61400000,96700000,0.031819677525501806,35300000,0.011615663047054952,0.0,29900000.0,0.009838762750904903,8100000.0,21800000,0.007173412306679829,0.12241689128481581,0.12106066916562544,178080000,180075000,,,1620597065,17:51:05,20210509
45,2009-12-31,RAND.AS,EUR,2009-12-31,2009-12-31,Q4,3179700000,2573800000,605900000,0.19055256785231312,0.0,161200000,352000000,0.0,549200000,3123000000,0.0,63200000,119900000,0.03770795987042803,56700000,0.017831870931219927,0.0,46900000.0,0.014749819165330063,-800000.0,47700000,0.015001415227851684,0.2602291325695581,0.2602291325695581,183300000,183300000,,,1620597065,17:51:05,20210509
46,2009-09-30,RAND.AS,EUR,2009-09-30,2009-09-30,Q3,3177900000,2574500000,603400000,0.18987381604204034,0.0,170500000,338400000,0.0,535500000,3110000000,0.0,64700000,132600000,0.04172566789389219,67900000,0.021366311085937253,0.0,60600000.0,0.019069196639290097,-300000.0,60900000,0.01916359860285094,0.3419811320754717,0.338785046728972,178080000,179760000,,,1620597065,17:51:05,20210509
47,2009-06-30,RAND.AS,EUR,2009-06-30,2009-06-30,Q2,2986800000,2388700000,598100000,0.20024775679657159,0.0,177000000,366700000,0.0,583400000,2972100000,0.0,62800000,77500000,0.025947502343645373,14700000,0.004921655283246284,0.0,600000.0,0.0002008838891120932,-11000000.0,11600000,0.0038837551895004687,0.0651392632524708,0.06471950232934416,178080000,179235000,,,1620597065,17:51:05,20210509
48,2009-03-31,RAND.AS,EUR,2009-03-31,2009-03-31,Q1,3055500000,2441600000,613900000,0.2009163802978236,0.0,186500000,440100000,0.0,659400000,3101000000,0.0,61500000,16000000,0.005236458844706267,-45500000,-0.014891179839633447,0.0,-63700000.0,-0.020847651775486826,-11100000.0,-52600000,-0.017214858451971855,-0.29554712740553446,-0.29433159867942477,177975000,178710000,,,1620597065,17:51:05,20210509
