,date,symbol,reportedCurrency,fillingDate,acceptedDate,period,revenue,costOfRevenue,grossProfit,grossProfitRatio,researchAndDevelopmentExpenses,generalAndAdministrativeExpenses,sellingAndMarketingExpenses,otherExpenses,operatingExpenses,costAndExpenses,interestExpense,depreciationAndAmortization,ebitda,ebitdaratio,operatingIncome,operatingIncomeRatio,totalOtherIncomeExpensesNet,incomeBeforeTax,incomeBeforeTaxRatio,incomeTaxExpense,netIncome,netIncomeRatio,eps,epsdiluted,weightedAverageShsOut,weightedAverageShsOutDil,link,finalLink,timestamp,est_time,est_date
0,2019-09-30,0051.HK,HKD,2019-09-30,2019-09-30,Q3,348750000,109250000,239500000,0.6867383512544802,0.0,22500000.0,30250000.0,0.0,0.0,216000000,11000000.0,54000000.0,186750000,0.535483870967742,132750000,0.38064516129032255,0.0,59000000.0,0.16917562724014337,22250000.0,29250000.0,0.08387096774193549,0.0425,0.0425,708800000,708800000,https://www1.hkexnews.hk/search/titlesearch.xhtml,https://www1.hkexnews.hk/search/titlesearch.xhtml,1620584493,14:21:33,20210509
1,2019-06-30,0051.HK,HKD,2019-06-30,2019-06-30,Q2,348750000,109250000,239500000,0.6867383512544802,0.0,22500000.0,30250000.0,0.0,0.0,216000000,11000000.0,54000000.0,186750000,0.535483870967742,132750000,0.38064516129032255,0.0,59000000.0,0.16917562724014337,22250000.0,29250000.0,0.08387096774193549,0.0425,0.0425,708800000,708800000,https://www1.hkexnews.hk/search/titlesearch.xhtml,https://www1.hkexnews.hk/search/titlesearch.xhtml,1620584493,14:21:33,20210509
2,2019-03-31,0051.HK,HKD,2019-03-31,2019-03-31,Q1,348750000,109250000,239500000,0.6867383512544802,0.0,22500000.0,30250000.0,0.0,0.0,216000000,11000000.0,54000000.0,186750000,0.535483870967742,132750000,0.38064516129032255,0.0,59000000.0,0.16917562724014337,22250000.0,29250000.0,0.08387096774193549,0.0425,0.0425,708800000,708800000,https://www1.hkexnews.hk/search/titlesearch.xhtml,https://www1.hkexnews.hk/search/titlesearch.xhtml,1620584493,14:21:33,20210509
3,2019-01-31,0051.HK,HKD,2019-01-31,2019-01-31,Q1,348750000,109250000,239500000,0.6867383512544802,0.0,22500000.0,30250000.0,0.0,0.0,216000000,11000000.0,54000000.0,186750000,0.535483870967742,132750000,0.38064516129032255,0.0,59000000.0,0.16917562724014337,22250000.0,29250000.0,0.08387096774193549,0.0425,0.0425,708800000,708800000,https://www1.hkexnews.hk/search/titlesearch.xhtml,https://www1.hkexnews.hk/search/titlesearch.xhtml,1620584493,14:21:33,20210509
4,2018-09-30,0051.HK,HKD,2018-09-30,2018-09-30,Q3,395750000,194250000,201500000,0.509159823120657,0.0,14500000.0,39250000.0,0.0,0.0,299500000,11000000.0,51500000.0,147750000,0.3733417561591914,96250000,0.24320909665192672,0.0,229000000.0,0.5786481364497789,22250000.0,207750000.0,0.5249526216045484,0.2925,0.2925,709000000,709000000,https://www1.hkexnews.hk/search/titlesearch.xhtml,https://www1.hkexnews.hk/search/titlesearch.xhtml,1620584493,14:21:33,20210509
5,2018-06-30,0051.HK,HKD,2018-06-30,2018-06-30,Q2,395750000,194250000,201500000,0.509159823120657,0.0,14500000.0,39250000.0,0.0,0.0,299500000,11000000.0,51500000.0,147750000,0.3733417561591914,96250000,0.24320909665192672,0.0,229000000.0,0.5786481364497789,22250000.0,207750000.0,0.5249526216045484,0.2925,0.2925,709000000,709000000,https://www1.hkexnews.hk/search/titlesearch.xhtml,https://www1.hkexnews.hk/search/titlesearch.xhtml,1620584493,14:21:33,20210509
6,2018-03-31,0051.HK,HKD,2018-03-31,2018-03-31,Q1,395750000,194250000,201500000,0.509159823120657,0.0,14500000.0,39250000.0,0.0,0.0,299500000,11000000.0,51500000.0,147750000,0.3733417561591914,96250000,0.24320909665192672,0.0,229000000.0,0.5786481364497789,22250000.0,207750000.0,0.5249526216045484,0.2925,0.2925,709000000,709000000,https://www1.hkexnews.hk/search/titlesearch.xhtml,https://www1.hkexnews.hk/search/titlesearch.xhtml,1620584493,14:21:33,20210509
7,2018-01-31,0051.HK,HKD,2018-01-31,2018-01-31,Q1,395750000,194250000,201500000,0.509159823120657,0.0,14500000.0,39250000.0,0.0,0.0,299500000,11000000.0,51500000.0,147750000,0.3733417561591914,96250000,0.24320909665192672,0.0,229000000.0,0.5786481364497789,22250000.0,207750000.0,0.5249526216045484,0.2925,0.2925,709000000,709000000,https://www1.hkexnews.hk/search/titlesearch.xhtml,https://www1.hkexnews.hk/search/titlesearch.xhtml,1620584493,14:21:33,20210509
8,2017-09-30,0051.HK,HKD,2017-09-30,2017-09-30,Q3,1749250000,639000000,1110250000,0.6347005859654138,0.0,34500000.0,36000000.0,0.0,0.0,719500000,6500000.0,10000000.0,1039750000,0.5943975989709875,1029750000,0.5886808632270973,0.0,1044500000.0,0.5971130484493354,639750000.0,330000000.0,0.18865227954837788,0.465,0.465,709000000,709000000,https://www1.hkexnews.hk/search/titlesearch.xhtml,https://www1.hkexnews.hk/search/titlesearch.xhtml,1620584493,14:21:33,20210509
9,2017-06-30,0051.HK,HKD,2017-06-30,2017-06-30,Q2,1749250000,639000000,1110250000,0.6347005859654138,0.0,34500000.0,36000000.0,0.0,0.0,719500000,6500000.0,10000000.0,1039750000,0.5943975989709875,1029750000,0.5886808632270973,0.0,1044500000.0,0.5971130484493354,639750000.0,330000000.0,0.18865227954837788,0.465,0.465,709000000,709000000,https://www1.hkexnews.hk/search/titlesearch.xhtml,https://www1.hkexnews.hk/search/titlesearch.xhtml,1620584493,14:21:33,20210509
10,2017-03-31,0051.HK,HKD,2017-03-31,2017-03-31,Q1,1749250000,639000000,1110250000,0.6347005859654138,0.0,34500000.0,36000000.0,0.0,0.0,719500000,6500000.0,10000000.0,1039750000,0.5943975989709875,1029750000,0.5886808632270973,0.0,1044500000.0,0.5971130484493354,639750000.0,330000000.0,0.18865227954837788,0.465,0.465,709000000,709000000,https://www1.hkexnews.hk/search/titlesearch.xhtml,https://www1.hkexnews.hk/search/titlesearch.xhtml,1620584493,14:21:33,20210509
11,2017-01-31,0051.HK,HKD,2017-01-31,2017-01-31,Q1,1749250000,639000000,1110250000,0.6347005859654138,0.0,34500000.0,36000000.0,0.0,0.0,719500000,6500000.0,10000000.0,1039750000,0.5943975989709875,1029750000,0.5886808632270973,0.0,1044500000.0,0.5971130484493354,639750000.0,330000000.0,0.18865227954837788,0.465,0.465,709000000,709000000,https://www1.hkexnews.hk/search/titlesearch.xhtml,https://www1.hkexnews.hk/search/titlesearch.xhtml,1620584493,14:21:33,20210509
12,2016-09-30,0051.HK,HKD,2016-09-30,2016-09-30,Q3,889500000,583000000,306500000,0.34457560427206296,0.0,18500000.0,32750000.0,0.0,0.0,647250000,7000000.0,13000000.0,255250000,0.28695896571107365,242250000,0.2723440134907251,0.0,268000000.0,0.3012928611579539,77500000.0,173000000.0,0.1944912872400225,0.245,0.245,709000000,709000000,https://www1.hkexnews.hk/search/titlesearch.xhtml,https://www1.hkexnews.hk/search/titlesearch.xhtml,1620584493,14:21:33,20210509
13,2016-06-30,0051.HK,HKD,2016-06-30,2016-06-30,Q2,889500000,583000000,306500000,0.34457560427206296,0.0,18500000.0,32750000.0,0.0,0.0,647250000,7000000.0,13000000.0,255250000,0.28695896571107365,242250000,0.2723440134907251,0.0,268000000.0,0.3012928611579539,77500000.0,173000000.0,0.1944912872400225,0.245,0.245,709000000,709000000,https://www1.hkexnews.hk/search/titlesearch.xhtml,https://www1.hkexnews.hk/search/titlesearch.xhtml,1620584493,14:21:33,20210509
14,2016-03-31,0051.HK,HKD,2016-03-31,2016-03-31,Q1,889500000,583000000,306500000,0.34457560427206296,0.0,18500000.0,32750000.0,0.0,0.0,647250000,7000000.0,13000000.0,255250000,0.28695896571107365,242250000,0.2723440134907251,0.0,268000000.0,0.3012928611579539,77500000.0,173000000.0,0.1944912872400225,0.245,0.245,709000000,709000000,https://www1.hkexnews.hk/search/titlesearch.xhtml,https://www1.hkexnews.hk/search/titlesearch.xhtml,1620584493,14:21:33,20210509
15,2016-01-31,0051.HK,HKD,2016-01-31,2016-01-31,Q1,889500000,583000000,306500000,0.34457560427206296,0.0,18500000.0,32750000.0,0.0,0.0,647250000,7000000.0,13000000.0,255250000,0.28695896571107365,242250000,0.2723440134907251,0.0,268000000.0,0.3012928611579539,77500000.0,173000000.0,0.1944912872400225,0.245,0.245,709000000,709000000,https://www1.hkexnews.hk/search/titlesearch.xhtml,https://www1.hkexnews.hk/search/titlesearch.xhtml,1620584493,14:21:33,20210509
16,2015-09-30,0051.HK,HKD,2015-09-30,2015-09-30,Q3,1262000000,784000000,478000000,0.3787638668779715,0.0,22500000.0,34500000.0,0.0,0.0,856500000,7000000.0,15500000.0,421000000,0.3335974643423138,405500000,0.3213153724247227,0.0,476750000.0,0.37777337559429475,125500000.0,307750000.0,0.24385895404120445,0.435,0.435,709000000,709000000,https://www1.hkexnews.hk/search/titlesearch.xhtml,https://www1.hkexnews.hk/search/titlesearch.xhtml,1620584493,14:21:33,20210509
17,2015-06-30,0051.HK,HKD,2015-06-30,2015-06-30,Q2,1262000000,784000000,478000000,0.3787638668779715,0.0,22500000.0,34500000.0,0.0,0.0,856500000,7000000.0,15500000.0,421000000,0.3335974643423138,405500000,0.3213153724247227,0.0,476750000.0,0.37777337559429475,125500000.0,307750000.0,0.24385895404120445,0.435,0.435,709000000,709000000,https://www1.hkexnews.hk/search/titlesearch.xhtml,https://www1.hkexnews.hk/search/titlesearch.xhtml,1620584493,14:21:33,20210509
18,2015-03-31,0051.HK,HKD,2015-03-31,2015-03-31,Q1,1262000000,784000000,478000000,0.3787638668779715,0.0,22500000.0,34500000.0,0.0,0.0,856500000,7000000.0,15500000.0,421000000,0.3335974643423138,405500000,0.3213153724247227,0.0,476750000.0,0.37777337559429475,125500000.0,307750000.0,0.24385895404120445,0.435,0.435,709000000,709000000,https://www1.hkexnews.hk/search/titlesearch.xhtml,https://www1.hkexnews.hk/search/titlesearch.xhtml,1620584493,14:21:33,20210509
19,2015-01-31,0051.HK,HKD,2015-01-31,2015-01-31,Q1,1262000000,784000000,478000000,0.3787638668779715,0.0,22500000.0,34500000.0,0.0,0.0,856500000,7000000.0,15500000.0,421000000,0.3335974643423138,405500000,0.3213153724247227,0.0,476750000.0,0.37777337559429475,125500000.0,307750000.0,0.24385895404120445,0.435,0.435,709000000,709000000,https://www1.hkexnews.hk/search/titlesearch.xhtml,https://www1.hkexnews.hk/search/titlesearch.xhtml,1620584493,14:21:33,20210509
20,2014-09-30,0051.HK,HKD,2014-09-30,2014-09-30,Q3,1411500000,1063250000,348250000,0.24672334396032589,0.0,18000000.0,33500000.0,0.0,0.0,1130500000,-7750000.0,15750000.0,296750000,0.21023733616719803,281000000,0.19907899397803755,0.0,366500000.0,0.2596528515763372,88750000.0,270500000.0,0.1916400991852639,0.3825,0.3825,709000000,709000000,https://www1.hkexnews.hk/search/titlesearch.xhtml,https://www1.hkexnews.hk/search/titlesearch.xhtml,1620584493,14:21:33,20210509
21,2014-06-30,0051.HK,HKD,2014-06-30,2014-06-30,Q2,1411500000,1063250000,348250000,0.24672334396032589,0.0,18000000.0,33500000.0,0.0,0.0,1130500000,-7750000.0,15750000.0,296750000,0.21023733616719803,281000000,0.19907899397803755,0.0,366500000.0,0.2596528515763372,88750000.0,270500000.0,0.1916400991852639,0.3825,0.3825,709000000,709000000,https://www1.hkexnews.hk/search/titlesearch.xhtml,https://www1.hkexnews.hk/search/titlesearch.xhtml,1620584493,14:21:33,20210509
22,2014-03-31,0051.HK,HKD,2014-03-31,2014-03-31,Q1,1411500000,1063250000,348250000,0.24672334396032589,0.0,18000000.0,33500000.0,0.0,0.0,1130500000,-7750000.0,15750000.0,296750000,0.21023733616719803,281000000,0.19907899397803755,0.0,366500000.0,0.2596528515763372,88750000.0,270500000.0,0.1916400991852639,0.3825,0.3825,709000000,709000000,https://www1.hkexnews.hk/search/titlesearch.xhtml,https://www1.hkexnews.hk/search/titlesearch.xhtml,1620584493,14:21:33,20210509
23,2014-01-31,0051.HK,HKD,2014-01-31,2014-01-31,Q1,1411500000,1063250000,348250000,0.24672334396032589,0.0,18000000.0,33500000.0,0.0,0.0,1130500000,-7750000.0,15750000.0,296750000,0.21023733616719803,281000000,0.19907899397803755,0.0,366500000.0,0.2596528515763372,88750000.0,270500000.0,0.1916400991852639,0.3825,0.3825,709000000,709000000,https://www1.hkexnews.hk/search/titlesearch.xhtml,https://www1.hkexnews.hk/search/titlesearch.xhtml,1620584493,14:21:33,20210509
24,2013-09-30,0051.HK,HKD,2013-09-30,2013-09-30,Q3,1439425000,951000000,488425000,0.33931951994720116,0.0,19300000.0,42425000.0,0.0,0.0,1026200000,14425000.0,13475000.0,426700000,0.29643781371033573,413225000,0.2870764367716276,0.0,468650000.0,0.32558139534883723,133950000.0,319100000.0,0.22168574257081822,0.45,0.45,708800000,708800000,https://www1.hkexnews.hk/search/titlesearch.xhtml,https://www1.hkexnews.hk/search/titlesearch.xhtml,1620584493,14:21:33,20210509
25,2013-06-30,0051.HK,HKD,2013-06-30,2013-06-30,Q2,1439425000,951000000,488425000,0.33931951994720116,0.0,19300000.0,42425000.0,0.0,0.0,1026200000,14425000.0,13475000.0,426700000,0.29643781371033573,413225000,0.2870764367716276,0.0,468650000.0,0.32558139534883723,133950000.0,319100000.0,0.22168574257081822,0.45,0.45,708800000,708800000,https://www1.hkexnews.hk/search/titlesearch.xhtml,https://www1.hkexnews.hk/search/titlesearch.xhtml,1620584493,14:21:33,20210509
26,2013-03-31,0051.HK,HKD,2013-03-31,2013-03-31,Q1,1439425000,951000000,488425000,0.33931951994720116,0.0,19300000.0,42425000.0,0.0,0.0,1026200000,14425000.0,13475000.0,426700000,0.29643781371033573,413225000,0.2870764367716276,0.0,468650000.0,0.32558139534883723,133950000.0,319100000.0,0.22168574257081822,0.45,0.45,708800000,708800000,https://www1.hkexnews.hk/search/titlesearch.xhtml,https://www1.hkexnews.hk/search/titlesearch.xhtml,1620584493,14:21:33,20210509
27,2013-01-31,0051.HK,HKD,2013-01-31,2013-01-31,Q1,1439425000,951000000,488425000,0.33931951994720116,0.0,19300000.0,42425000.0,0.0,0.0,1026200000,14425000.0,13475000.0,426700000,0.29643781371033573,413225000,0.2870764367716276,0.0,468650000.0,0.32558139534883723,133950000.0,319100000.0,0.22168574257081822,0.45,0.45,708800000,708800000,https://www1.hkexnews.hk/search/titlesearch.xhtml,https://www1.hkexnews.hk/search/titlesearch.xhtml,1620584493,14:21:33,20210509
28,2012-09-30,0051.HK,HKD,2012-09-30,2012-09-30,Q3,1565125000,891075000,674050000,0.43066847695870936,0.0,13975000.0,59775000.0,25975000.0,0.0,975500000,3000000.0,10675000.0,600300000,0.383547639964859,589625000,0.37672709847456276,0.0,966275000.0,0.6173788036099354,204925000.0,764375000.0,0.48837952240236404,1.0775,1.0775,708800000,708800000,https://www1.hkexnews.hk/search/titlesearch.xhtml,https://www1.hkexnews.hk/search/titlesearch.xhtml,1620584493,14:21:33,20210509
29,2012-06-30,0051.HK,HKD,2012-06-30,2012-06-30,Q2,1565125000,891075000,674050000,0.43066847695870936,0.0,13975000.0,59775000.0,25975000.0,0.0,975500000,3000000.0,10675000.0,600300000,0.383547639964859,589625000,0.37672709847456276,0.0,966275000.0,0.6173788036099354,204925000.0,764375000.0,0.48837952240236404,1.0775,1.0775,708800000,708800000,https://www1.hkexnews.hk/search/titlesearch.xhtml,https://www1.hkexnews.hk/search/titlesearch.xhtml,1620584493,14:21:33,20210509
30,2012-03-31,0051.HK,HKD,2012-03-31,2012-03-31,Q1,1565125000,891075000,674050000,0.43066847695870936,0.0,13975000.0,59775000.0,25975000.0,0.0,975500000,3000000.0,10675000.0,600300000,0.383547639964859,589625000,0.37672709847456276,0.0,966275000.0,0.6173788036099354,204925000.0,764375000.0,0.48837952240236404,1.0775,1.0775,708800000,708800000,https://www1.hkexnews.hk/search/titlesearch.xhtml,https://www1.hkexnews.hk/search/titlesearch.xhtml,1620584493,14:21:33,20210509
31,2012-01-31,0051.HK,HKD,2012-01-31,2012-01-31,Q1,1565125000,891075000,674050000,0.43066847695870936,0.0,13975000.0,59775000.0,25975000.0,0.0,975500000,3000000.0,10675000.0,600300000,0.383547639964859,589625000,0.37672709847456276,0.0,966275000.0,0.6173788036099354,204925000.0,764375000.0,0.48837952240236404,1.0775,1.0775,708800000,708800000,https://www1.hkexnews.hk/search/titlesearch.xhtml,https://www1.hkexnews.hk/search/titlesearch.xhtml,1620584493,14:21:33,20210509
32,2011-09-30,0051.HK,HKD,2011-09-30,2011-09-30,Q3,324150000,161350000,162800000,0.5022366188492982,0.0,9075000.0,20875000.0,-14175000.0,0.0,203125000,2475000.0,11825000.0,132850000,0.40984112293691194,121025000,0.3733610982569798,0.0,290475000.0,0.8961129106894956,16675000.0,273875000.0,0.8449020515193584,0.3875,0.3875,708800000,708800000,https://www1.hkexnews.hk/search/titlesearch.xhtml,https://www1.hkexnews.hk/search/titlesearch.xhtml,1620584493,14:21:33,20210509
33,2011-06-30,0051.HK,HKD,2011-06-30,2011-06-30,Q2,324150000,161350000,162800000,0.5022366188492982,0.0,9075000.0,20875000.0,-14175000.0,0.0,203125000,2475000.0,11825000.0,132850000,0.40984112293691194,121025000,0.3733610982569798,0.0,290475000.0,0.8961129106894956,16675000.0,273875000.0,0.8449020515193584,0.3875,0.3875,708800000,708800000,https://www1.hkexnews.hk/search/titlesearch.xhtml,https://www1.hkexnews.hk/search/titlesearch.xhtml,1620584493,14:21:33,20210509
34,2011-03-31,0051.HK,HKD,2011-03-31,2011-03-31,Q1,324150000,161350000,162800000,0.5022366188492982,0.0,9075000.0,20875000.0,-14175000.0,0.0,203125000,2475000.0,11825000.0,132850000,0.40984112293691194,121025000,0.3733610982569798,0.0,290475000.0,0.8961129106894956,16675000.0,273875000.0,0.8449020515193584,0.3875,0.3875,708800000,708800000,https://www1.hkexnews.hk/search/titlesearch.xhtml,https://www1.hkexnews.hk/search/titlesearch.xhtml,1620584493,14:21:33,20210509
35,2011-01-31,0051.HK,HKD,2011-01-31,2011-01-31,Q1,324150000,161350000,162800000,0.5022366188492982,0.0,9075000.0,20875000.0,-14175000.0,0.0,203125000,2475000.0,11825000.0,132850000,0.40984112293691194,121025000,0.3733610982569798,0.0,290475000.0,0.8961129106894956,16675000.0,273875000.0,0.8449020515193584,0.3875,0.3875,708800000,708800000,https://www1.hkexnews.hk/search/titlesearch.xhtml,https://www1.hkexnews.hk/search/titlesearch.xhtml,1620584493,14:21:33,20210509
36,2010-09-30,0051.HK,HKD,2010-09-30,2010-09-30,Q3,166825000,70275000,96550000,0.5787501873220441,0.0,5600000.0,10650000.0,-3675000.0,0.0,96175000,2275000.0,9650000.0,80300000,0.4813427244118088,70650000,0.42349767720665366,0.0,260825000.0,1.5634647085268993,7250000.0,253725000.0,1.520905140116889,0.3575,0.3575,708800000,708800000,https://www1.hkexnews.hk/search/titlesearch.xhtml,https://www1.hkexnews.hk/search/titlesearch.xhtml,1620584493,14:21:33,20210509
37,2010-06-30,0051.HK,HKD,2010-06-30,2010-06-30,Q2,166825000,70275000,96550000,0.5787501873220441,0.0,5600000.0,10650000.0,-3675000.0,0.0,96175000,2275000.0,9650000.0,80300000,0.4813427244118088,70650000,0.42349767720665366,0.0,260825000.0,1.5634647085268993,7250000.0,253725000.0,1.520905140116889,0.3575,0.3575,708800000,708800000,https://www1.hkexnews.hk/search/titlesearch.xhtml,https://www1.hkexnews.hk/search/titlesearch.xhtml,1620584493,14:21:33,20210509
38,2010-03-31,0051.HK,HKD,2010-03-31,2010-03-31,Q1,166825000,70275000,96550000,0.5787501873220441,0.0,5600000.0,10650000.0,-3675000.0,0.0,96175000,2275000.0,9650000.0,80300000,0.4813427244118088,70650000,0.42349767720665366,0.0,260825000.0,1.5634647085268993,7250000.0,253725000.0,1.520905140116889,0.3575,0.3575,708800000,708800000,https://www1.hkexnews.hk/search/titlesearch.xhtml,https://www1.hkexnews.hk/search/titlesearch.xhtml,1620584493,14:21:33,20210509
39,2010-01-31,0051.HK,HKD,2010-01-31,2010-01-31,Q1,166825000,70275000,96550000,0.5787501873220441,0.0,5600000.0,10650000.0,-3675000.0,0.0,96175000,2275000.0,9650000.0,80300000,0.4813427244118088,70650000,0.42349767720665366,0.0,260825000.0,1.5634647085268993,7250000.0,253725000.0,1.520905140116889,0.3575,0.3575,708800000,708800000,https://www1.hkexnews.hk/search/titlesearch.xhtml,https://www1.hkexnews.hk/search/titlesearch.xhtml,1620584493,14:21:33,20210509
40,2009-09-30,0051.HK,HKD,2009-09-30,2009-09-30,Q3,141575000,63000000,78575000,0.5550061804697157,0.0,5275000.0,6125000.0,24125000.0,0.0,80450000,3250000.0,6050000.0,67175000,0.47448348931661666,61125000,0.4317499558537877,0.0,143400000.0,1.0128906939784565,19250000.0,124225000.0,0.8774501147801519,0.195,0.195,639200000,639200000,https://www1.hkexnews.hk/search/titlesearch.xhtml,https://www1.hkexnews.hk/search/titlesearch.xhtml,1620584493,14:21:33,20210509
41,2009-06-30,0051.HK,HKD,2009-06-30,2009-06-30,Q2,141575000,63000000,78575000,0.5550061804697157,0.0,5275000.0,6125000.0,24125000.0,0.0,80450000,3250000.0,6050000.0,67175000,0.47448348931661666,61125000,0.4317499558537877,0.0,143400000.0,1.0128906939784565,19250000.0,124225000.0,0.8774501147801519,0.195,0.195,639200000,639200000,https://www1.hkexnews.hk/search/titlesearch.xhtml,https://www1.hkexnews.hk/search/titlesearch.xhtml,1620584493,14:21:33,20210509
42,2009-03-31,0051.HK,HKD,2009-03-31,2009-03-31,Q1,141575000,63000000,78575000,0.5550061804697157,0.0,5275000.0,6125000.0,24125000.0,0.0,80450000,3250000.0,6050000.0,67175000,0.47448348931661666,61125000,0.4317499558537877,0.0,143400000.0,1.0128906939784565,19250000.0,124225000.0,0.8774501147801519,0.195,0.195,639200000,639200000,https://www1.hkexnews.hk/search/titlesearch.xhtml,https://www1.hkexnews.hk/search/titlesearch.xhtml,1620584493,14:21:33,20210509
43,2009-01-31,0051.HK,HKD,2009-01-31,2009-01-31,Q1,141575000,63000000,78575000,0.5550061804697157,0.0,5275000.0,6125000.0,24125000.0,0.0,80450000,3250000.0,6050000.0,67175000,0.47448348931661666,61125000,0.4317499558537877,0.0,143400000.0,1.0128906939784565,19250000.0,124225000.0,0.8774501147801519,0.195,0.195,639200000,639200000,https://www1.hkexnews.hk/search/titlesearch.xhtml,https://www1.hkexnews.hk/search/titlesearch.xhtml,1620584493,14:21:33,20210509
44,2008-09-30,0051.HK,HKD,2008-09-30,2008-09-30,Q3,166050000,110475000,55575000,0.3346883468834688,0.0,4075000.0,6275000.0,-11875000.0,0.0,129850000,16200000.0,9025000.0,45225000,0.27235772357723576,36200000,0.21800662451068956,0.0,48475000.0,0.29193014152363744,6075000.0,42625000.0,0.25669978922011444,0.08510475,0.08510475,503855990,503855990,https://www1.hkexnews.hk/search/titlesearch.xhtml,https://www1.hkexnews.hk/search/titlesearch.xhtml,1620584493,14:21:33,20210509
45,2008-06-30,0051.HK,HKD,2008-06-30,2008-06-30,Q2,166050000,110475000,55575000,0.3346883468834688,0.0,4075000.0,6275000.0,-11875000.0,0.0,129850000,16200000.0,9025000.0,45225000,0.27235772357723576,36200000,0.21800662451068956,0.0,48475000.0,0.29193014152363744,6075000.0,42625000.0,0.25669978922011444,0.08510475,0.08510475,503855990,503855990,https://www1.hkexnews.hk/search/titlesearch.xhtml,https://www1.hkexnews.hk/search/titlesearch.xhtml,1620584493,14:21:33,20210509
46,2008-03-31,0051.HK,HKD,2008-03-31,2008-03-31,Q1,166050000,110475000,55575000,0.3346883468834688,0.0,4075000.0,6275000.0,-11875000.0,0.0,129850000,16200000.0,9025000.0,45225000,0.27235772357723576,36200000,0.21800662451068956,0.0,48475000.0,0.29193014152363744,6075000.0,42625000.0,0.25669978922011444,0.08510475,0.08510475,503855990,503855990,https://www1.hkexnews.hk/search/titlesearch.xhtml,https://www1.hkexnews.hk/search/titlesearch.xhtml,1620584493,14:21:33,20210509
47,2008-01-31,0051.HK,HKD,2008-01-31,2008-01-31,Q1,166050000,110475000,55575000,0.3346883468834688,0.0,4075000.0,6275000.0,-11875000.0,0.0,129850000,16200000.0,9025000.0,45225000,0.27235772357723576,36200000,0.21800662451068956,0.0,48475000.0,0.29193014152363744,6075000.0,42625000.0,0.25669978922011444,0.08510475,0.08510475,503855990,503855990,https://www1.hkexnews.hk/search/titlesearch.xhtml,https://www1.hkexnews.hk/search/titlesearch.xhtml,1620584493,14:21:33,20210509
48,2007-09-30,0051.HK,HKD,2007-09-30,2007-09-30,Q3,167775000,86950000,80825000,0.4817463865295783,0.0,2100000.0,5950000.0,0.0,0.0,103725000,1550000.0,8725000.0,72775000,0.43376545969304126,64050000,0.38176128743853377,0.0,193225000.0,1.1516912531664432,33650000.0,159600000.0,0.9512740277156907,0.43388725,0.43388725,368442424,368442424,https://www1.hkexnews.hk/search/titlesearch.xhtml,https://www1.hkexnews.hk/search/titlesearch.xhtml,1620584493,14:21:33,20210509
49,2007-06-30,0051.HK,HKD,2007-06-30,2007-06-30,Q2,167775000,86950000,80825000,0.4817463865295783,0.0,2100000.0,5950000.0,0.0,0.0,103725000,1550000.0,8725000.0,72775000,0.43376545969304126,64050000,0.38176128743853377,0.0,193225000.0,1.1516912531664432,33650000.0,159600000.0,0.9512740277156907,0.43388725,0.43388725,368442424,368442424,https://www1.hkexnews.hk/search/titlesearch.xhtml,https://www1.hkexnews.hk/search/titlesearch.xhtml,1620584493,14:21:33,20210509
50,2007-03-31,0051.HK,HKD,2007-03-31,2007-03-31,Q1,167775000,86950000,80825000,0.4817463865295783,0.0,2100000.0,5950000.0,0.0,0.0,103725000,1550000.0,8725000.0,72775000,0.43376545969304126,64050000,0.38176128743853377,0.0,193225000.0,1.1516912531664432,33650000.0,159600000.0,0.9512740277156907,0.43388725,0.43388725,368442424,368442424,https://www1.hkexnews.hk/search/titlesearch.xhtml,https://www1.hkexnews.hk/search/titlesearch.xhtml,1620584493,14:21:33,20210509
51,2007-01-31,0051.HK,HKD,2007-01-31,2007-01-31,Q1,167775000,86950000,80825000,0.4817463865295783,0.0,2100000.0,5950000.0,0.0,0.0,103725000,1550000.0,8725000.0,72775000,0.43376545969304126,64050000,0.38176128743853377,0.0,193225000.0,1.1516912531664432,33650000.0,159600000.0,0.9512740277156907,0.43388725,0.43388725,368442424,368442424,https://www1.hkexnews.hk/search/titlesearch.xhtml,https://www1.hkexnews.hk/search/titlesearch.xhtml,1620584493,14:21:33,20210509
52,2006-09-30,0051.HK,HKD,2006-09-30,2006-09-30,Q3,230225000,127125000,103100000,0.44782278206102727,0.0,1150000.0,10425000.0,200000.0,0.0,145025000,0.0,6325000.0,91525000,0.39754587903138233,85200000,0.3700727549136714,0.0,122500000.0,0.5320881746117928,16825000.0,105675000.0,0.4590074926702139,0.2864085,0.2864085,368442424,368442424,https://www1.hkexnews.hk/search/titlesearch.xhtml,https://www1.hkexnews.hk/search/titlesearch.xhtml,1620584493,14:21:33,20210509
53,2006-06-30,0051.HK,HKD,2006-06-30,2006-06-30,Q2,230225000,127125000,103100000,0.44782278206102727,0.0,1150000.0,10425000.0,200000.0,0.0,145025000,0.0,6325000.0,91525000,0.39754587903138233,85200000,0.3700727549136714,0.0,122500000.0,0.5320881746117928,16825000.0,105675000.0,0.4590074926702139,0.2864085,0.2864085,368442424,368442424,https://www1.hkexnews.hk/search/titlesearch.xhtml,https://www1.hkexnews.hk/search/titlesearch.xhtml,1620584493,14:21:33,20210509
54,2006-03-31,0051.HK,HKD,2006-03-31,2006-03-31,Q1,230225000,127125000,103100000,0.44782278206102727,0.0,1150000.0,10425000.0,200000.0,0.0,145025000,0.0,6325000.0,91525000,0.39754587903138233,85200000,0.3700727549136714,0.0,122500000.0,0.5320881746117928,16825000.0,105675000.0,0.4590074926702139,0.2864085,0.2864085,368442424,368442424,https://www1.hkexnews.hk/search/titlesearch.xhtml,https://www1.hkexnews.hk/search/titlesearch.xhtml,1620584493,14:21:33,20210509
55,2006-01-31,0051.HK,HKD,2006-01-31,2006-01-31,Q1,230225000,127125000,103100000,0.44782278206102727,0.0,1150000.0,10425000.0,200000.0,0.0,145025000,0.0,6325000.0,91525000,0.39754587903138233,85200000,0.3700727549136714,0.0,122500000.0,0.5320881746117928,16825000.0,105675000.0,0.4590074926702139,0.2864085,0.2864085,368442424,368442424,https://www1.hkexnews.hk/search/titlesearch.xhtml,https://www1.hkexnews.hk/search/titlesearch.xhtml,1620584493,14:21:33,20210509
56,2005-09-30,0051.HK,HKD,2005-09-30,2005-09-30,Q3,131700000,54450000,77250000,0.5865603644646925,0.0,1350000.0,4775000.0,975000.0,0.0,66875000,0.0,6300000.0,71125000,0.5400531511009871,64825000,0.4922171602126044,0.0,149350000.0,1.1340167046317389,20075000.0,129275000.0,0.981586940015186,0.35052975,0.35052975,368442424,368442424,https://www1.hkexnews.hk/search/titlesearch.xhtml,https://www1.hkexnews.hk/search/titlesearch.xhtml,1620584493,14:21:33,20210509
57,2005-06-30,0051.HK,HKD,2005-06-30,2005-06-30,Q2,131700000,54450000,77250000,0.5865603644646925,0.0,1350000.0,4775000.0,975000.0,0.0,66875000,0.0,6300000.0,71125000,0.5400531511009871,64825000,0.4922171602126044,0.0,149350000.0,1.1340167046317389,20075000.0,129275000.0,0.981586940015186,0.35052975,0.35052975,368442424,368442424,https://www1.hkexnews.hk/search/titlesearch.xhtml,https://www1.hkexnews.hk/search/titlesearch.xhtml,1620584493,14:21:33,20210509
58,2005-03-31,0051.HK,HKD,2005-03-31,2005-03-31,Q1,131700000,54450000,77250000,0.5865603644646925,0.0,1350000.0,4775000.0,975000.0,0.0,66875000,0.0,6300000.0,71125000,0.5400531511009871,64825000,0.4922171602126044,0.0,149350000.0,1.1340167046317389,20075000.0,129275000.0,0.981586940015186,0.35052975,0.35052975,368442424,368442424,https://www1.hkexnews.hk/search/titlesearch.xhtml,https://www1.hkexnews.hk/search/titlesearch.xhtml,1620584493,14:21:33,20210509
59,2005-01-31,0051.HK,HKD,2005-01-31,2005-01-31,Q1,131700000,54450000,77250000,0.5865603644646925,0.0,1350000.0,4775000.0,975000.0,0.0,66875000,0.0,6300000.0,71125000,0.5400531511009871,64825000,0.4922171602126044,0.0,149350000.0,1.1340167046317389,20075000.0,129275000.0,0.981586940015186,0.35052975,0.35052975,368442424,368442424,https://www1.hkexnews.hk/search/titlesearch.xhtml,https://www1.hkexnews.hk/search/titlesearch.xhtml,1620584493,14:21:33,20210509
60,2004-09-30,0051.HK,HKD,2004-09-30,2004-09-30,Q3,111250000,51775000,59475000,0.5346067415730337,0.0,0.0,4150000.0,0.0,0.0,52950000,0.0,3550000.0,61850000,0.5559550561797753,58300000,0.5240449438202247,0.0,72025000.0,0.6474157303370787,9350000.0,62675000.0,0.5633707865168539,0.17099,0.17099,366541730,366541730,https://www1.hkexnews.hk/search/titlesearch.xhtml,https://www1.hkexnews.hk/search/titlesearch.xhtml,1620584493,14:21:33,20210509
61,2004-06-30,0051.HK,HKD,2004-06-30,2004-06-30,Q2,111250000,51775000,59475000,0.5346067415730337,0.0,0.0,4150000.0,0.0,0.0,52950000,0.0,3550000.0,61850000,0.5559550561797753,58300000,0.5240449438202247,0.0,72025000.0,0.6474157303370787,9350000.0,62675000.0,0.5633707865168539,0.17099,0.17099,366541730,366541730,https://www1.hkexnews.hk/search/titlesearch.xhtml,https://www1.hkexnews.hk/search/titlesearch.xhtml,1620584493,14:21:33,20210509
62,2004-03-31,0051.HK,HKD,2004-03-31,2004-03-31,Q1,111250000,51775000,59475000,0.5346067415730337,0.0,0.0,4150000.0,0.0,0.0,52950000,0.0,3550000.0,61850000,0.5559550561797753,58300000,0.5240449438202247,0.0,72025000.0,0.6474157303370787,9350000.0,62675000.0,0.5633707865168539,0.17099,0.17099,366541730,366541730,https://www1.hkexnews.hk/search/titlesearch.xhtml,https://www1.hkexnews.hk/search/titlesearch.xhtml,1620584493,14:21:33,20210509
63,2004-01-31,0051.HK,HKD,2004-01-31,2004-01-31,Q1,111250000,51775000,59475000,0.5346067415730337,0.0,0.0,4150000.0,0.0,0.0,52950000,0.0,3550000.0,61850000,0.5559550561797753,58300000,0.5240449438202247,0.0,72025000.0,0.6474157303370787,9350000.0,62675000.0,0.5633707865168539,0.17099,0.17099,366541730,366541730,https://www1.hkexnews.hk/search/titlesearch.xhtml,https://www1.hkexnews.hk/search/titlesearch.xhtml,1620584493,14:21:33,20210509
64,2003-09-30,0051.HK,HKD,2003-09-30,2003-09-30,Q3,77175000,40650000,36525000,0.47327502429543244,0.0,0.0,4325000.0,0.0,0.0,41875000,0.0,3100000.0,38400000,0.4975704567541302,35300000,0.4574020084224166,0.0,50500000.0,0.6543569808875931,8150000.0,42350000.0,0.5487528344671202,0.11541825,0.11541825,366926201,366926201,https://www1.hkexnews.hk/search/titlesearch.xhtml,https://www1.hkexnews.hk/search/titlesearch.xhtml,1620584493,14:21:33,20210509
65,2003-06-30,0051.HK,HKD,2003-06-30,2003-06-30,Q2,77175000,40650000,36525000,0.47327502429543244,0.0,0.0,4325000.0,0.0,0.0,41875000,0.0,3100000.0,38400000,0.4975704567541302,35300000,0.4574020084224166,0.0,50500000.0,0.6543569808875931,8150000.0,42350000.0,0.5487528344671202,0.11541825,0.11541825,366926201,366926201,https://www1.hkexnews.hk/search/titlesearch.xhtml,https://www1.hkexnews.hk/search/titlesearch.xhtml,1620584493,14:21:33,20210509
66,2003-03-31,0051.HK,HKD,2003-03-31,2003-03-31,Q1,77175000,40650000,36525000,0.47327502429543244,0.0,0.0,4325000.0,0.0,0.0,41875000,0.0,3100000.0,38400000,0.4975704567541302,35300000,0.4574020084224166,0.0,50500000.0,0.6543569808875931,8150000.0,42350000.0,0.5487528344671202,0.11541825,0.11541825,366926201,366926201,https://www1.hkexnews.hk/search/titlesearch.xhtml,https://www1.hkexnews.hk/search/titlesearch.xhtml,1620584493,14:21:33,20210509
67,2003-01-31,0051.HK,HKD,2003-01-31,2003-01-31,Q1,77175000,40650000,36525000,0.47327502429543244,0.0,0.0,4325000.0,0.0,0.0,41875000,0.0,3100000.0,38400000,0.4975704567541302,35300000,0.4574020084224166,0.0,50500000.0,0.6543569808875931,8150000.0,42350000.0,0.5487528344671202,0.11541825,0.11541825,366926201,366926201,https://www1.hkexnews.hk/search/titlesearch.xhtml,https://www1.hkexnews.hk/search/titlesearch.xhtml,1620584493,14:21:33,20210509
68,2002-09-30,0051.HK,HKD,2002-09-30,2002-09-30,Q3,83800000,42975000,40825000,0.48717183770883055,0.0,0.0,3475000.0,0.0,0.0,44450000,0.0,3325000.0,42675000,0.5092482100238663,39350000,0.46957040572792363,0.0,8800000.0,0.10501193317422435,4750000.0,4050000.0,0.04832935560859188,0.010687,0.010687,378969351,378969351,https://www1.hkexnews.hk/search/titlesearch.xhtml,https://www1.hkexnews.hk/search/titlesearch.xhtml,1620584493,14:21:33,20210509
69,2002-06-30,0051.HK,HKD,2002-06-30,2002-06-30,Q2,83800000,42975000,40825000,0.48717183770883055,0.0,0.0,3475000.0,0.0,0.0,44450000,0.0,3325000.0,42675000,0.5092482100238663,39350000,0.46957040572792363,0.0,8800000.0,0.10501193317422435,4750000.0,4050000.0,0.04832935560859188,0.010687,0.010687,378969351,378969351,https://www1.hkexnews.hk/search/titlesearch.xhtml,https://www1.hkexnews.hk/search/titlesearch.xhtml,1620584493,14:21:33,20210509
70,2002-03-31,0051.HK,HKD,2002-03-31,2002-03-31,Q1,83800000,42975000,40825000,0.48717183770883055,0.0,0.0,3475000.0,0.0,0.0,44450000,0.0,3325000.0,42675000,0.5092482100238663,39350000,0.46957040572792363,0.0,8800000.0,0.10501193317422435,4750000.0,4050000.0,0.04832935560859188,0.010687,0.010687,378969351,378969351,https://www1.hkexnews.hk/search/titlesearch.xhtml,https://www1.hkexnews.hk/search/titlesearch.xhtml,1620584493,14:21:33,20210509
71,2002-01-31,0051.HK,HKD,2002-01-31,2002-01-31,Q1,83800000,42975000,40825000,0.48717183770883055,0.0,0.0,3475000.0,0.0,0.0,44450000,0.0,3325000.0,42675000,0.5092482100238663,39350000,0.46957040572792363,0.0,8800000.0,0.10501193317422435,4750000.0,4050000.0,0.04832935560859188,0.010687,0.010687,378969351,378969351,https://www1.hkexnews.hk/search/titlesearch.xhtml,https://www1.hkexnews.hk/search/titlesearch.xhtml,1620584493,14:21:33,20210509
72,2001-09-30,0051.HK,HKD,2001-09-30,2001-09-30,Q3,93875000,52000000,41875000,0.44607190412782954,0.0,0.0,3800000.0,0.0,0.0,60550000,0.0,2725000.0,36050000,0.38402130492676434,33325000,0.35499334221038614,0.0,-25100000.0,-0.2673768308921438,3175000.0,-28275000.0,-0.3011984021304927,-0.0769455,-0.0769455,367467709,367467709,https://www1.hkexnews.hk/search/titlesearch.xhtml,https://www1.hkexnews.hk/search/titlesearch.xhtml,1620584493,14:21:33,20210509
73,2001-06-30,0051.HK,HKD,2001-06-30,2001-06-30,Q2,93875000,52000000,41875000,0.44607190412782954,0.0,0.0,3800000.0,0.0,0.0,60550000,0.0,2725000.0,36050000,0.38402130492676434,33325000,0.35499334221038614,0.0,-25100000.0,-0.2673768308921438,3175000.0,-28275000.0,-0.3011984021304927,-0.0769455,-0.0769455,367467709,367467709,https://www1.hkexnews.hk/search/titlesearch.xhtml,https://www1.hkexnews.hk/search/titlesearch.xhtml,1620584493,14:21:33,20210509
74,2001-03-31,0051.HK,HKD,2001-03-31,2001-03-31,Q1,93875000,52000000,41875000,0.44607190412782954,0.0,0.0,3800000.0,0.0,0.0,60550000,0.0,2725000.0,36050000,0.38402130492676434,33325000,0.35499334221038614,0.0,-25100000.0,-0.2673768308921438,3175000.0,-28275000.0,-0.3011984021304927,-0.0769455,-0.0769455,367467709,367467709,https://www1.hkexnews.hk/search/titlesearch.xhtml,https://www1.hkexnews.hk/search/titlesearch.xhtml,1620584493,14:21:33,20210509
75,2001-01-31,0051.HK,HKD,2001-01-31,2001-01-31,Q1,93875000,52000000,41875000,0.44607190412782954,0.0,0.0,3800000.0,0.0,0.0,60550000,0.0,2725000.0,36050000,0.38402130492676434,33325000,0.35499334221038614,0.0,-25100000.0,-0.2673768308921438,3175000.0,-28275000.0,-0.3011984021304927,-0.0769455,-0.0769455,367467709,367467709,https://www1.hkexnews.hk/search/titlesearch.xhtml,https://www1.hkexnews.hk/search/titlesearch.xhtml,1620584493,14:21:33,20210509
76,2000-09-30,0051.HK,HKD,2000-09-30,2000-09-30,Q3,100150000,60250000,39900000,0.39840239640539193,0.0,0.0,4025000.0,0.0,0.0,68175000,0.0,1700000.0,33675000,0.336245631552671,31975000,0.31927109335996007,0.0,57150000.0,0.5706440339490764,28525000.0,28625000.0,0.28582126809785324,0.0769455,0.0769455,372016381,372016381,https://www1.hkexnews.hk/search/titlesearch.xhtml,https://www1.hkexnews.hk/search/titlesearch.xhtml,1620584493,14:21:33,20210509
77,2000-06-30,0051.HK,HKD,2000-06-30,2000-06-30,Q2,100150000,60250000,39900000,0.39840239640539193,0.0,0.0,4025000.0,0.0,0.0,68175000,0.0,1700000.0,33675000,0.336245631552671,31975000,0.31927109335996007,0.0,57150000.0,0.5706440339490764,28525000.0,28625000.0,0.28582126809785324,0.0769455,0.0769455,372016381,372016381,https://www1.hkexnews.hk/search/titlesearch.xhtml,https://www1.hkexnews.hk/search/titlesearch.xhtml,1620584493,14:21:33,20210509
78,2000-03-31,0051.HK,HKD,2000-03-31,2000-03-31,Q1,100150000,60250000,39900000,0.39840239640539193,0.0,0.0,4025000.0,0.0,0.0,68175000,0.0,1700000.0,33675000,0.336245631552671,31975000,0.31927109335996007,0.0,57150000.0,0.5706440339490764,28525000.0,28625000.0,0.28582126809785324,0.0769455,0.0769455,372016381,372016381,https://www1.hkexnews.hk/search/titlesearch.xhtml,https://www1.hkexnews.hk/search/titlesearch.xhtml,1620584493,14:21:33,20210509
79,2000-01-31,0051.HK,HKD,2000-01-31,2000-01-31,Q1,100150000,60250000,39900000,0.39840239640539193,0.0,0.0,4025000.0,0.0,0.0,68175000,0.0,1700000.0,33675000,0.336245631552671,31975000,0.31927109335996007,0.0,57150000.0,0.5706440339490764,28525000.0,28625000.0,0.28582126809785324,0.0769455,0.0769455,372016381,372016381,https://www1.hkexnews.hk/search/titlesearch.xhtml,https://www1.hkexnews.hk/search/titlesearch.xhtml,1620584493,14:21:33,20210509
