,date,symbol,reportedCurrency,fillingDate,acceptedDate,period,revenue,costOfRevenue,grossProfit,grossProfitRatio,researchAndDevelopmentExpenses,generalAndAdministrativeExpenses,sellingAndMarketingExpenses,otherExpenses,operatingExpenses,costAndExpenses,interestExpense,depreciationAndAmortization,ebitda,ebitdaratio,operatingIncome,operatingIncomeRatio,totalOtherIncomeExpensesNet,incomeBeforeTax,incomeBeforeTaxRatio,incomeTaxExpense,netIncome,netIncomeRatio,eps,epsdiluted,weightedAverageShsOut,weightedAverageShsOutDil,link,finalLink,timestamp,est_time,est_date
0,2019-06-30,MNRG.L,GBP,2019-06-30,2019-06-30,Q2,0.0,0.0,0.0,0.0,0.0,62423.0,0.0,0.0,0.0,59603.25,0.0,0.0,-59603.25,0.0,-59603.25,0.0,0.0,-59527.0,0.0,0.0,-59527.0,0.0,-0.0002935,-0.0002935,202868980,202868980,https://find-and-update.company-information.service.gov.uk/search/companies?q=Metalnrg+PLC,https://find-and-update.company-information.service.gov.uk/search/companies?q=Metalnrg+PLC,1620595186,17:19:46,20210509
1,2019-03-31,MNRG.L,GBP,2019-03-31,2019-03-31,Q1,0.0,0.0,0.0,0.0,0.0,62423.0,0.0,0.0,0.0,59603.25,0.0,0.0,-59603.25,0.0,-59603.25,0.0,0.0,-59527.0,0.0,0.0,-59527.0,0.0,-0.0002935,-0.0002935,202868980,202868980,https://find-and-update.company-information.service.gov.uk/search/companies?q=Metalnrg+PLC,https://find-and-update.company-information.service.gov.uk/search/companies?q=Metalnrg+PLC,1620595186,17:19:46,20210509
2,2019-01-31,MNRG.L,GBP,2019-01-31,2019-01-31,Q1,0.0,0.0,0.0,0.0,0.0,62423.0,0.0,0.0,0.0,59603.25,0.0,0.0,-59603.25,0.0,-59603.25,0.0,0.0,-59527.0,0.0,0.0,-59527.0,0.0,-0.0002935,-0.0002935,202868980,202868980,https://find-and-update.company-information.service.gov.uk/search/companies?q=Metalnrg+PLC,https://find-and-update.company-information.service.gov.uk/search/companies?q=Metalnrg+PLC,1620595186,17:19:46,20210509
3,2018-06-30,MNRG.L,GBP,2018-06-30,2018-06-30,Q2,0.0,0.0,0.0,0.0,0.0,39259.25,0.0,0.0,0.0,39259.25,0.0,0.0,-39259.25,0.0,-39259.25,0.0,0.0,-39229.25,0.0,0.0,-39229.25,0.0,-0.00025946895590698817,-0.00019743894794706224,151190534,198690534,https://find-and-update.company-information.service.gov.uk/search/companies?q=Metalnrg+PLC,https://find-and-update.company-information.service.gov.uk/search/companies?q=Metalnrg+PLC,1620595186,17:19:46,20210509
4,2018-03-31,MNRG.L,GBP,2018-03-31,2018-03-31,Q1,0.0,0.0,0.0,0.0,0.0,39259.25,0.0,0.0,0.0,39259.25,0.0,0.0,-39259.25,0.0,-39259.25,0.0,0.0,-39229.25,0.0,0.0,-39229.25,0.0,-0.00025946895590698817,-0.00019743894794706224,151190534,198690534,https://find-and-update.company-information.service.gov.uk/search/companies?q=Metalnrg+PLC,https://find-and-update.company-information.service.gov.uk/search/companies?q=Metalnrg+PLC,1620595186,17:19:46,20210509
5,2018-01-31,MNRG.L,GBP,2018-01-31,2018-01-31,Q1,0.0,0.0,0.0,0.0,0.0,39259.25,0.0,0.0,0.0,39259.25,0.0,0.0,-39259.25,0.0,-39259.25,0.0,0.0,-39229.25,0.0,0.0,-39229.25,0.0,-0.00025946895590698817,-0.00019743894794706224,151190534,198690534,https://find-and-update.company-information.service.gov.uk/search/companies?q=Metalnrg+PLC,https://find-and-update.company-information.service.gov.uk/search/companies?q=Metalnrg+PLC,1620595186,17:19:46,20210509
6,2017-06-30,MNRG.L,GBP,2017-06-30,2017-06-30,Q2,0.0,0.0,0.0,0.0,0.0,9495.75,0.0,0.0,0.0,9495.75,0.0,0.0,-9495.75,0.0,-9495.75,0.0,0.0,-9495.75,0.0,0.0,-9495.75,0.0,-2.5e-05,-2.5e-05,297702306,297702306,https://find-and-update.company-information.service.gov.uk/search/companies?q=Metalnrg+PLC,https://find-and-update.company-information.service.gov.uk/search/companies?q=Metalnrg+PLC,1620595186,17:19:46,20210509
7,2017-03-31,MNRG.L,GBP,2017-03-31,2017-03-31,Q1,0.0,0.0,0.0,0.0,0.0,9495.75,0.0,0.0,0.0,9495.75,0.0,0.0,-9495.75,0.0,-9495.75,0.0,0.0,-9495.75,0.0,0.0,-9495.75,0.0,-2.5e-05,-2.5e-05,297702306,297702306,https://find-and-update.company-information.service.gov.uk/search/companies?q=Metalnrg+PLC,https://find-and-update.company-information.service.gov.uk/search/companies?q=Metalnrg+PLC,1620595186,17:19:46,20210509
8,2017-01-31,MNRG.L,GBP,2017-01-31,2017-01-31,Q1,0.0,0.0,0.0,0.0,0.0,9495.75,0.0,0.0,0.0,9495.75,0.0,0.0,-9495.75,0.0,-9495.75,0.0,0.0,-9495.75,0.0,0.0,-9495.75,0.0,-2.5e-05,-2.5e-05,297702306,297702306,https://find-and-update.company-information.service.gov.uk/search/companies?q=Metalnrg+PLC,https://find-and-update.company-information.service.gov.uk/search/companies?q=Metalnrg+PLC,1620595186,17:19:46,20210509
