,date,symbol,reportedCurrency,fillingDate,acceptedDate,period,revenue,costOfRevenue,grossProfit,grossProfitRatio,researchAndDevelopmentExpenses,generalAndAdministrativeExpenses,sellingAndMarketingExpenses,otherExpenses,operatingExpenses,costAndExpenses,interestExpense,depreciationAndAmortization,ebitda,ebitdaratio,operatingIncome,operatingIncomeRatio,totalOtherIncomeExpensesNet,incomeBeforeTax,incomeBeforeTaxRatio,incomeTaxExpense,netIncome,netIncomeRatio,eps,epsdiluted,weightedAverageShsOut,weightedAverageShsOutDil,link,finalLink,timestamp,est_time,est_date
0,2020-12-31,AINN.DE,USD,2020-12-31,2020-12-31,Q4,9682000000,0.0,0.0,0.0,0.0,2165000000.0,0.0,0.0,0.0,10240000000.0,358000000.0,897000000.0,0.0,0.0,0.0,-0.05763272051229085,261000000.0,-558000000.0,-0.05763272051229085,-542000000.0,-53000000,-0.005474075604214005,-0.06108008199408646,-0.06108008199408646,867713308,867713308,https://www.bundesanzeiger.de/pub/de/suche;wwwsid=627BFD7A56A5CB624C47FDDEAB2FC509.web07-pub?0,https://www.bundesanzeiger.de/pub/de/suche;wwwsid=627BFD7A56A5CB624C47FDDEAB2FC509.web07-pub?0,1620586385,14:53:05,20210509
1,2020-09-30,AINN.DE,USD,2020-09-30,2020-09-30,Q3,10313000000,0.0,0.0,0.0,0.0,1991000000.0,0.0,0.0,92000000.0,9945000000.0,379000000.0,663000000.0,0.0,0.0,0.0,0.03568311839425967,218000000.0,368000000.0,0.03568311839425967,74000000.0,288000000,0.027925918743333656,0.33190686064711133,0.32984743010197953,867713308,873130950,https://www.bundesanzeiger.de/pub/de/suche;wwwsid=627BFD7A56A5CB624C47FDDEAB2FC509.web07-pub?0,https://www.bundesanzeiger.de/pub/de/suche;wwwsid=627BFD7A56A5CB624C47FDDEAB2FC509.web07-pub?0,1620586385,14:53:05,20210509
2,2020-06-30,AINN.DE,USD,2020-06-30,2020-06-30,Q2,9442000000,0.0,0.0,0.0,0.0,2087000000.0,0.0,0.0,46000000.0,19103000000.0,365000000.0,682000000.0,0.0,0.0,0.0,-1.0231942385087904,206000000.0,-9661000000.0,-1.0231942385087904,-1896000000.0,-7928000000,-0.8396526159711926,-9.15,-9.15,866968305,866968305,https://www.bundesanzeiger.de/pub/de/suche;wwwsid=627BFD7A56A5CB624C47FDDEAB2FC509.web07-pub?0,https://www.bundesanzeiger.de/pub/de/suche;wwwsid=627BFD7A56A5CB624C47FDDEAB2FC509.web07-pub?0,1620586385,14:53:05,20210509
3,2020-03-31,AINN.DE,USD,2020-03-31,2020-03-31,Q1,14679000000,0.0,0.0,0.0,0.0,2153000000.0,0.0,0.0,236000000.0,12121000000.0,355000000.0,1878000000.0,0.0,0.0,0.0,0.17426255194495538,218000000.0,2558000000.0,0.17426255194495538,904000000.0,1749000000,0.11914980584508482,1.99,1.98,874213630,878866213,https://www.bundesanzeiger.de/pub/de/suche;wwwsid=627BFD7A56A5CB624C47FDDEAB2FC509.web07-pub?0,https://www.bundesanzeiger.de/pub/de/suche;wwwsid=627BFD7A56A5CB624C47FDDEAB2FC509.web07-pub?0,1620586385,14:53:05,20210509
4,2019-12-31,AINN.DE,USD,2019-12-31,2019-12-31,Q4,11826000000,0.0,0.0,0.0,0.0,2157000000.0,0.0,0.0,11000000.0,10790000000.0,360000000.0,1173000000.0,0.0,0.0,0.0,0.08760358532048029,261000000.0,1036000000.0,0.08760358532048029,216000000.0,929000000,0.07855572467444613,1.0706301164623835,1.0706301164623835,867713308,867713308,https://www.bundesanzeiger.de/pub/de/suche;wwwsid=627BFD7A56A5CB624C47FDDEAB2FC509.web07-pub?0,https://www.bundesanzeiger.de/pub/de/suche;wwwsid=627BFD7A56A5CB624C47FDDEAB2FC509.web07-pub?0,1620586385,14:53:05,20210509
5,2019-09-30,AINN.DE,USD,2019-09-30,2019-09-30,Q3,12939000000,0.0,0.0,0.0,0.0,2187000000.0,0.0,0.0,25000000.0,11679000000.0,348000000.0,1176000000.0,0.0,0.0,0.0,0.09738001391143056,227000000.0,1260000000.0,0.09738001391143056,287000000.0,656000000,0.050699435814205114,0.74,0.72,877009495,895814410,https://www.bundesanzeiger.de/pub/de/suche;wwwsid=627BFD7A56A5CB624C47FDDEAB2FC509.web07-pub?0,https://www.bundesanzeiger.de/pub/de/suche;wwwsid=627BFD7A56A5CB624C47FDDEAB2FC509.web07-pub?0,1620586385,14:53:05,20210509
6,2019-06-30,AINN.DE,USD,2019-06-30,2019-06-30,Q2,12547000000,0.0,0.0,0.0,0.0,2140000000.0,0.0,0.0,-14000000.0,10710000000.0,360000000.0,1358000000.0,0.0,0.0,0.0,0.14640950027895114,213000000.0,1837000000.0,0.14640950027895114,446000000.0,1109000000,0.0883876623894158,1.26,1.24,876382884,888325042,https://www.bundesanzeiger.de/pub/de/suche;wwwsid=627BFD7A56A5CB624C47FDDEAB2FC509.web07-pub?0,https://www.bundesanzeiger.de/pub/de/suche;wwwsid=627BFD7A56A5CB624C47FDDEAB2FC509.web07-pub?0,1620586385,14:53:05,20210509
7,2019-03-31,AINN.DE,USD,2019-03-31,2019-03-31,Q1,12480000000,0.0,0.0,0.0,0.0,2053000000.0,0.0,0.0,24000000.0,11326000000.0,349000000.0,1299000000.0,0.0,0.0,0.0,0.09246794871794872,218000000.0,1154000000.0,0.09246794871794872,217000000.0,654000000,0.052403846153846155,0.7471014827149665,0.7452887460793083,875383084,877512244,https://www.bundesanzeiger.de/pub/de/suche;wwwsid=627BFD7A56A5CB624C47FDDEAB2FC509.web07-pub?0,https://www.bundesanzeiger.de/pub/de/suche;wwwsid=627BFD7A56A5CB624C47FDDEAB2FC509.web07-pub?0,1620586385,14:53:05,20210509
8,2018-12-31,AINN.DE,USD,2018-12-31,2018-12-31,Q4,12579000000,0.0,0.0,0.0,0.0,2383000000.0,0.0,0.0,19000000.0,13274000000.0,407000000.0,1549000000.0,0.0,0.0,0.0,-0.05525081485014707,373000000.0,-695000000.0,-0.05525081485014707,-137000000.0,-622000000,-0.04944749185149853,-0.7168266226475808,-0.7168266226475808,867713308,867713308,https://www.bundesanzeiger.de/pub/de/suche;wwwsid=627BFD7A56A5CB624C47FDDEAB2FC509.web07-pub?0,https://www.bundesanzeiger.de/pub/de/suche;wwwsid=627BFD7A56A5CB624C47FDDEAB2FC509.web07-pub?0,1620586385,14:53:05,20210509
9,2018-09-30,AINN.DE,USD,2018-09-30,2018-09-30,Q3,11509000000,0.0,0.0,0.0,0.0,2325000000.0,0.0,0.0,23000000.0,13036000000.0,326000000.0,1029000000.0,0.0,0.0,0.0,-0.13267877313406898,403000000.0,-1527000000.0,-0.13267877313406898,-307000000.0,-1259000000,-0.10939264923103657,-1.41,-1.41,895237359,895237359,https://www.bundesanzeiger.de/pub/de/suche;wwwsid=627BFD7A56A5CB624C47FDDEAB2FC509.web07-pub?0,https://www.bundesanzeiger.de/pub/de/suche;wwwsid=627BFD7A56A5CB624C47FDDEAB2FC509.web07-pub?0,1620586385,14:53:05,20210509
10,2018-06-30,AINN.DE,USD,2018-06-30,2018-06-30,Q2,11657000000,0.0,0.0,0.0,0.0,2323000000.0,0.0,0.0,26000000.0,10405000000.0,299000000.0,1402000000.0,0.0,0.0,0.0,0.10740327700094364,431000000.0,1252000000.0,0.10740327700094364,321000000.0,937000000,0.08038088702067428,1.04,1.02,903215488,916572481,https://www.bundesanzeiger.de/pub/de/suche;wwwsid=627BFD7A56A5CB624C47FDDEAB2FC509.web07-pub?0,https://www.bundesanzeiger.de/pub/de/suche;wwwsid=627BFD7A56A5CB624C47FDDEAB2FC509.web07-pub?0,1620586385,14:53:05,20210509
11,2018-03-31,AINN.DE,USD,2018-03-31,2018-03-31,Q1,11736000000,0.0,0.0,0.0,0.0,2271000000.0,0.0,0.0,24000000.0,10509000000.0,277000000.0,1382000000.0,0.0,0.0,0.0,0.10455010224948875,431000000.0,1227000000.0,0.10455010224948875,277000000.0,938000000,0.07992501704158146,1.03,1.01,907951597,925266577,https://www.bundesanzeiger.de/pub/de/suche;wwwsid=627BFD7A56A5CB624C47FDDEAB2FC509.web07-pub?0,https://www.bundesanzeiger.de/pub/de/suche;wwwsid=627BFD7A56A5CB624C47FDDEAB2FC509.web07-pub?0,1620586385,14:53:05,20210509
12,2017-12-31,AINN.DE,USD,2017-12-31,2017-12-31,Q4,12629000000,0.0,0.0,0.0,0.0,2333000000.0,0.0,0.0,-6000000.0,11754000000.0,288000000.0,1068000000.0,0.0,0.0,0.0,0.06928497901654922,772000000.0,875000000.0,0.06928497901654922,7544000000.0,-6660000000,-0.5273576688573918,-7.675346152464449,-7.675346152464449,867713308,867713308,https://www.bundesanzeiger.de/pub/de/suche;wwwsid=627BFD7A56A5CB624C47FDDEAB2FC509.web07-pub?0,https://www.bundesanzeiger.de/pub/de/suche;wwwsid=627BFD7A56A5CB624C47FDDEAB2FC509.web07-pub?0,1620586385,14:53:05,20210509
13,2017-09-30,AINN.DE,USD,2017-09-30,2017-09-30,Q3,12062000000,0.0,0.0,0.0,0.0,2149000000.0,0.0,0.0,38000000.0,14865000000.0,290000000.0,804000000.0,0.0,0.0,0.0,-0.23238268943790416,466000000.0,-2803000000.0,-0.23238268943790416,-1091000000.0,-1739000000,-0.1441717791411043,-1.91,-1.91,908667044,908667044,https://www.bundesanzeiger.de/pub/de/suche;wwwsid=627BFD7A56A5CB624C47FDDEAB2FC509.web07-pub?0,https://www.bundesanzeiger.de/pub/de/suche;wwwsid=627BFD7A56A5CB624C47FDDEAB2FC509.web07-pub?0,1620586385,14:53:05,20210509
14,2017-06-30,AINN.DE,USD,2017-06-30,2017-06-30,Q2,12572000000,0.0,0.0,0.0,0.0,2182000000.0,0.0,0.0,24000000.0,10905000000.0,292000000.0,990000000.0,0.0,0.0,0.0,0.13259624562519887,619000000.0,1667000000.0,0.13259624562519887,557000000.0,1130000000,0.08988227807826916,1.22,1.19,925751084,948248771,https://www.bundesanzeiger.de/pub/de/suche;wwwsid=627BFD7A56A5CB624C47FDDEAB2FC509.web07-pub?0,https://www.bundesanzeiger.de/pub/de/suche;wwwsid=627BFD7A56A5CB624C47FDDEAB2FC509.web07-pub?0,1620586385,14:53:05,20210509
15,2017-03-31,AINN.DE,USD,2017-03-31,2017-03-31,Q1,12667000000,0.0,0.0,0.0,0.0,2443000000.0,0.0,0.0,-6000000.0,10940000000.0,298000000.0,1012000000.0,0.0,0.0,0.0,0.13633851740743666,555000000.0,1727000000.0,0.13633851740743666,516000000.0,1185000000,0.09355016973237547,1.21,1.18,980777243,1005315030,https://www.bundesanzeiger.de/pub/de/suche;wwwsid=627BFD7A56A5CB624C47FDDEAB2FC509.web07-pub?0,https://www.bundesanzeiger.de/pub/de/suche;wwwsid=627BFD7A56A5CB624C47FDDEAB2FC509.web07-pub?0,1620586385,14:53:05,20210509
16,2016-12-31,AINN.DE,USD,2016-12-31,2016-12-31,Q4,13076000000,0.0,0.0,0.0,0.0,2864000000.0,0.0,0.0,-2000000.0,16531000000.0,305000000.0,1276000000.0,0.0,0.0,0.0,-0.2642245334964821,1581000000.0,-3455000000.0,-0.2642245334964821,-985000000.0,-3041000000,-0.23256347506882838,-3.5046137612078665,-3.5046137612078665,867713308,867713308,https://www.bundesanzeiger.de/pub/de/suche;wwwsid=627BFD7A56A5CB624C47FDDEAB2FC509.web07-pub?0,https://www.bundesanzeiger.de/pub/de/suche;wwwsid=627BFD7A56A5CB624C47FDDEAB2FC509.web07-pub?0,1620586385,14:53:05,20210509
17,2016-09-30,AINN.DE,USD,2016-09-30,2016-09-30,Q3,12926000000,0.0,0.0,0.0,0.0,2536000000.0,0.0,0.0,-8000000.0,12189000000.0,329000000.0,544000000.0,0.0,0.0,0.0,0.05701686523286399,609000000.0,737000000.0,0.05701686523286399,304000000.0,462000000,0.035741915519108776,0.43,0.42,1071295892,1102400770,https://www.bundesanzeiger.de/pub/de/suche;wwwsid=627BFD7A56A5CB624C47FDDEAB2FC509.web07-pub?0,https://www.bundesanzeiger.de/pub/de/suche;wwwsid=627BFD7A56A5CB624C47FDDEAB2FC509.web07-pub?0,1620586385,14:53:05,20210509
18,2016-06-30,AINN.DE,USD,2016-06-30,2016-06-30,Q2,14846000000,0.0,0.0,0.0,0.0,2586000000.0,0.0,0.0,30000000.0,11988000000.0,320000000.0,1073000000.0,0.0,0.0,0.0,0.19250976694059005,552000000.0,2858000000.0,0.19250976694059005,924000000.0,1913000000,0.12885625757779873,1.72,1.68,1113587927,1140045973,https://www.bundesanzeiger.de/pub/de/suche;wwwsid=627BFD7A56A5CB624C47FDDEAB2FC509.web07-pub?0,https://www.bundesanzeiger.de/pub/de/suche;wwwsid=627BFD7A56A5CB624C47FDDEAB2FC509.web07-pub?0,1620586385,14:53:05,20210509
19,2016-03-31,AINN.DE,USD,2016-03-31,2016-03-31,Q1,11906000000,0.0,0.0,0.0,0.0,3003000000.0,0.0,0.0,-30000000.0,12120000000.0,306000000.0,1197000000.0,0.0,0.0,0.0,-0.017974130690408197,379000000.0,-214000000.0,-0.017974130690408197,-58000000.0,-183000000,-0.015370401478246263,-0.16,-0.16,1156548459,1156548459,https://www.bundesanzeiger.de/pub/de/suche;wwwsid=627BFD7A56A5CB624C47FDDEAB2FC509.web07-pub?0,https://www.bundesanzeiger.de/pub/de/suche;wwwsid=627BFD7A56A5CB624C47FDDEAB2FC509.web07-pub?0,1620586385,14:53:05,20210509
20,2015-12-31,AINN.DE,USD,2015-12-31,2015-12-31,Q4,14272000000,0.0,0.0,0.0,0.0,3472000000.0,0.0,0.0,101000000.0,17204000000.0,304000000.0,1127000000.0,0.0,0.0,0.0,-0.2054372197309417,882000000.0,-2932000000.0,-0.2054372197309417,-1083000000.0,-1841000000,-0.1289938340807175,-2.1216685085115694,-2.1216685085115694,867713308,867713308,https://www.bundesanzeiger.de/pub/de/suche;wwwsid=627BFD7A56A5CB624C47FDDEAB2FC509.web07-pub?0,https://www.bundesanzeiger.de/pub/de/suche;wwwsid=627BFD7A56A5CB624C47FDDEAB2FC509.web07-pub?0,1620586385,14:53:05,20210509
21,2015-09-30,AINN.DE,USD,2015-09-30,2015-09-30,Q3,12848000000,0.0,0.0,0.0,0.0,3175000000.0,0.0,0.0,-32000000.0,12963000000.0,321000000.0,1092000000.0,0.0,0.0,0.0,-0.008950809464508094,395000000.0,-115000000.0,-0.008950809464508094,65000000.0,-231000000,-0.01797945205479452,-0.18,-0.18,1279072748,1279072748,https://www.bundesanzeiger.de/pub/de/suche;wwwsid=627BFD7A56A5CB624C47FDDEAB2FC509.web07-pub?0,https://www.bundesanzeiger.de/pub/de/suche;wwwsid=627BFD7A56A5CB624C47FDDEAB2FC509.web07-pub?0,1620586385,14:53:05,20210509
22,2015-06-30,AINN.DE,USD,2015-06-30,2015-06-30,Q2,15784000000,0.0,0.0,0.0,0.0,3090000000.0,0.0,0.0,13000000.0,13232000000.0,316000000.0,1184000000.0,0.0,0.0,0.0,0.16168271667511405,1514000000.0,2552000000.0,0.16168271667511405,777000000.0,1800000000,0.11403953370501774,1.35,1.32,1329157366,1365390431,https://www.bundesanzeiger.de/pub/de/suche;wwwsid=627BFD7A56A5CB624C47FDDEAB2FC509.web07-pub?0,https://www.bundesanzeiger.de/pub/de/suche;wwwsid=627BFD7A56A5CB624C47FDDEAB2FC509.web07-pub?0,1620586385,14:53:05,20210509
23,2015-03-31,AINN.DE,USD,2015-03-31,2015-03-31,Q1,16021000000,0.0,0.0,0.0,0.0,2949000000.0,0.0,0.0,-24000000.0,12245000000.0,340000000.0,1226000000.0,0.0,0.0,0.0,0.23569065601398165,1297000000.0,3776000000.0,0.23569065601398165,1300000000.0,2468000000,0.15404781224642655,1.81,1.78,1365951690,1386263549,https://www.bundesanzeiger.de/pub/de/suche;wwwsid=627BFD7A56A5CB624C47FDDEAB2FC509.web07-pub?0,https://www.bundesanzeiger.de/pub/de/suche;wwwsid=627BFD7A56A5CB624C47FDDEAB2FC509.web07-pub?0,1620586385,14:53:05,20210509
24,2014-12-31,AINN.DE,USD,2014-12-31,2014-12-31,Q4,15607000000,0.0,0.0,0.0,0.0,13138000000.0,0.0,0.0,-3307000000.0,14878000000.0,346000000.0,1076000000.0,0.0,0.0,0.0,0.04670980970077529,1399000000.0,729000000.0,0.04670980970077529,19000000.0,655000000,0.04196834753636189,0.7548576170967289,0.7548576170967289,867713308,867713308,https://www.bundesanzeiger.de/pub/de/suche;wwwsid=627BFD7A56A5CB624C47FDDEAB2FC509.web07-pub?0,https://www.bundesanzeiger.de/pub/de/suche;wwwsid=627BFD7A56A5CB624C47FDDEAB2FC509.web07-pub?0,1620586385,14:53:05,20210509
25,2014-09-30,AINN.DE,USD,2014-09-30,2014-09-30,Q3,16717000000,0.0,0.0,0.0,0.0,0.0,0.0,0.0,1002000000.0,13698000000.0,430000000.0,1029000000.0,0.0,0.0,0.0,0.18059460429502902,1960000000.0,3019000000.0,0.18059460429502902,820000000.0,2192000000,0.1311240055033798,1.54,1.52,1419239774,1442067842,https://www.bundesanzeiger.de/pub/de/suche;wwwsid=627BFD7A56A5CB624C47FDDEAB2FC509.web07-pub?0,https://www.bundesanzeiger.de/pub/de/suche;wwwsid=627BFD7A56A5CB624C47FDDEAB2FC509.web07-pub?0,1620586385,14:53:05,20210509
26,2014-06-30,AINN.DE,USD,2014-06-30,2014-06-30,Q2,16135000000,0.0,0.0,0.0,0.0,489000000.0,0.0,0.0,1455000000.0,11655000000.0,463000000.0,1222000000.0,0.0,0.0,0.0,0.27765726681127983,1961000000.0,4480000000.0,0.27765726681127983,1474000000.0,3073000000,0.19045553145336225,2.13,2.1,1442397111,1464676330,https://www.bundesanzeiger.de/pub/de/suche;wwwsid=627BFD7A56A5CB624C47FDDEAB2FC509.web07-pub?0,https://www.bundesanzeiger.de/pub/de/suche;wwwsid=627BFD7A56A5CB624C47FDDEAB2FC509.web07-pub?0,1620586385,14:53:05,20210509
27,2014-03-31,AINN.DE,USD,2014-03-31,2014-03-31,Q1,16149000000,0.0,0.0,0.0,0.0,1096000000.0,0.0,0.0,851000000.0,13876000000.0,479000000.0,1121000000.0,0.0,0.0,0.0,0.1407517493343241,2399000000.0,2273000000.0,0.1407517493343241,614000000.0,1609000000,0.09963465230045204,1.1,1.09,1459249393,1472510813,https://www.bundesanzeiger.de/pub/de/suche;wwwsid=627BFD7A56A5CB624C47FDDEAB2FC509.web07-pub?0,https://www.bundesanzeiger.de/pub/de/suche;wwwsid=627BFD7A56A5CB624C47FDDEAB2FC509.web07-pub?0,1620586385,14:53:05,20210509
28,2013-12-31,AINN.DE,USD,2013-12-31,2013-12-31,Q4,21608000000,0.0,0.0,0.0,0.0,0.0,0.0,0.0,1146000000.0,19398000000.0,514000000.0,1203000000.0,0.0,0.0,0.0,0.10227693446871529,6741000000.0,2210000000.0,0.10227693446871529,237000000.0,1978000000,0.0915401703072936,2.2795547581943967,2.2795547581943967,867713308,867713308,https://www.bundesanzeiger.de/pub/de/suche;wwwsid=627BFD7A56A5CB624C47FDDEAB2FC509.web07-pub?0,https://www.bundesanzeiger.de/pub/de/suche;wwwsid=627BFD7A56A5CB624C47FDDEAB2FC509.web07-pub?0,1620586385,14:53:05,20210509
29,2013-09-30,AINN.DE,USD,2013-09-30,2013-09-30,Q3,14859000000,0.0,0.0,0.0,0.0,0.0,0.0,0.0,1272000000.0,13680000000.0,516000000.0,1071000000.0,0.0,0.0,0.0,0.07934585099939431,1004000000.0,1179000000.0,0.07934585099939431,-993000000.0,2170000000,0.14603943737802005,1.47,1.46,1475053126,1485322858,https://www.bundesanzeiger.de/pub/de/suche;wwwsid=627BFD7A56A5CB624C47FDDEAB2FC509.web07-pub?0,https://www.bundesanzeiger.de/pub/de/suche;wwwsid=627BFD7A56A5CB624C47FDDEAB2FC509.web07-pub?0,1620586385,14:53:05,20210509
30,2013-06-30,AINN.DE,USD,2013-06-30,2013-06-30,Q2,17317000000,0.0,0.0,0.0,0.0,0.0,0.0,0.0,937000000.0,14170000000.0,535000000.0,1259000000.0,0.0,0.0,0.0,0.1817289368828319,2057000000.0,3147000000.0,0.1817289368828319,422000000.0,2731000000,0.1577063001674655,1.85,1.84,1476512720,1482246618,https://www.bundesanzeiger.de/pub/de/suche;wwwsid=627BFD7A56A5CB624C47FDDEAB2FC509.web07-pub?0,https://www.bundesanzeiger.de/pub/de/suche;wwwsid=627BFD7A56A5CB624C47FDDEAB2FC509.web07-pub?0,1620586385,14:53:05,20210509
31,2013-03-31,AINN.DE,USD,2013-03-31,2013-03-31,Q1,15891000000,0.0,0.0,0.0,0.0,0.0,0.0,0.0,873000000.0,13059000000.0,577000000.0,1180000000.0,0.0,0.0,0.0,0.17821408344345857,1437000000.0,2832000000.0,0.17821408344345857,694000000.0,2206000000,0.13882071612862626,1.4941030708168344,1.4938927844701537,1476471097,1476678931,https://www.bundesanzeiger.de/pub/de/suche;wwwsid=627BFD7A56A5CB624C47FDDEAB2FC509.web07-pub?0,https://www.bundesanzeiger.de/pub/de/suche;wwwsid=627BFD7A56A5CB624C47FDDEAB2FC509.web07-pub?0,1620586385,14:53:05,20210509
32,2012-12-31,AINN.DE,USD,2012-12-31,2012-12-31,Q4,12338000000,0.0,0.0,0.0,0.0,0.0,0.0,0.0,514000000.0,11946000000.0,-576000000.0,-234000000.0,0.0,0.0,0.0,0.03177176203598638,-1963000000.0,392000000.0,0.03177176203598638,280000000.0,-3958000000,-0.32079753606743394,-4.561414425143287,-4.561414425143287,867713308,867713308,https://www.bundesanzeiger.de/pub/de/suche;wwwsid=627BFD7A56A5CB624C47FDDEAB2FC509.web07-pub?0,https://www.bundesanzeiger.de/pub/de/suche;wwwsid=627BFD7A56A5CB624C47FDDEAB2FC509.web07-pub?0,1620586385,14:53:05,20210509
33,2012-09-30,AINN.DE,USD,2012-09-30,2012-09-30,Q3,17648000000,0.0,0.0,0.0,0.0,720000000.0,0.0,0.0,427000000.0,15053000000.0,988000000.0,1967000000.0,0.0,0.0,0.0,0.14704215775158658,2157000000.0,2595000000.0,0.14704215775158658,735000000.0,1856000000,0.10516772438803264,1.1300034826634275,1.1299832306896485,1642472814,1642502251,https://www.bundesanzeiger.de/pub/de/suche;wwwsid=627BFD7A56A5CB624C47FDDEAB2FC509.web07-pub?0,https://www.bundesanzeiger.de/pub/de/suche;wwwsid=627BFD7A56A5CB624C47FDDEAB2FC509.web07-pub?0,1620586385,14:53:05,20210509
34,2012-06-30,AINN.DE,USD,2012-06-30,2012-06-30,Q2,17123000000,0.0,0.0,0.0,0.0,0.0,0.0,0.0,1192000000.0,15372000000.0,954000000.0,1854000000.0,0.0,0.0,0.0,0.1022601179699819,1952000000.0,1751000000.0,0.1022601179699819,-593000000.0,2332000000,0.13619108801027857,1.3274973037673035,1.3274781036912673,1756689067,1756714475,https://www.bundesanzeiger.de/pub/de/suche;wwwsid=627BFD7A56A5CB624C47FDDEAB2FC509.web07-pub?0,https://www.bundesanzeiger.de/pub/de/suche;wwwsid=627BFD7A56A5CB624C47FDDEAB2FC509.web07-pub?0,1620586385,14:53:05,20210509
35,2012-03-31,AINN.DE,USD,2012-03-31,2012-03-31,Q1,18443000000,0.0,0.0,0.0,0.0,0.0,0.0,0.0,484000000.0,13859000000.0,953000000.0,1720000000.0,0.0,0.0,0.0,0.2485495852084802,1489000000.0,4584000000.0,0.2485495852084802,1148000000.0,3208000000,0.17394133275497478,1.710045960843455,1.710018792482863,1875972970,1876002775,https://www.bundesanzeiger.de/pub/de/suche;wwwsid=627BFD7A56A5CB624C47FDDEAB2FC509.web07-pub?0,https://www.bundesanzeiger.de/pub/de/suche;wwwsid=627BFD7A56A5CB624C47FDDEAB2FC509.web07-pub?0,1620586385,14:53:05,20210509
36,2011-12-31,AINN.DE,USD,2011-12-31,2011-12-31,Q4,17409000000,0.0,0.0,0.0,0.0,584000000.0,0.0,0.0,679000000.0,14542000000.0,897000000.0,2431000000.0,0.0,0.0,0.0,0.1646849330805905,1659000000.0,2867000000.0,0.1646849330805905,-16914000000.0,19798000000,1.1372278706416221,22.816291760734412,22.816291760734412,867713308,867713308,https://www.bundesanzeiger.de/pub/de/suche;wwwsid=627BFD7A56A5CB624C47FDDEAB2FC509.web07-pub?0,https://www.bundesanzeiger.de/pub/de/suche;wwwsid=627BFD7A56A5CB624C47FDDEAB2FC509.web07-pub?0,1620586385,14:53:05,20210509
37,2011-09-30,AINN.DE,USD,2011-09-30,2011-09-30,Q3,12716000000,0.0,0.0,0.0,0.0,2093000000.0,0.0,0.0,863000000.0,17074000000.0,945000000.0,2971000000.0,0.0,0.0,0.0,-0.3427178357974206,1689000000.0,-4358000000.0,-0.3427178357974206,-634000000.0,-4109000000,-0.32313620635419943,-2.16,-2.16,1899500628,1899500628,https://www.bundesanzeiger.de/pub/de/suche;wwwsid=627BFD7A56A5CB624C47FDDEAB2FC509.web07-pub?0,https://www.bundesanzeiger.de/pub/de/suche;wwwsid=627BFD7A56A5CB624C47FDDEAB2FC509.web07-pub?0,1620586385,14:53:05,20210509
38,2011-06-30,AINN.DE,USD,2011-06-30,2011-06-30,Q2,16676000000,0.0,0.0,0.0,0.0,0.0,0.0,0.0,559000000.0,14870000000.0,968000000.0,2193000000.0,0.0,0.0,0.0,0.1082993523626769,1566000000.0,1806000000.0,0.1082993523626769,-288000000.0,1840000000,0.11033821060206285,1.0017895723918324,1.0017576965763841,1836713069,1836771513,https://www.bundesanzeiger.de/pub/de/suche;wwwsid=627BFD7A56A5CB624C47FDDEAB2FC509.web07-pub?0,https://www.bundesanzeiger.de/pub/de/suche;wwwsid=627BFD7A56A5CB624C47FDDEAB2FC509.web07-pub?0,1620586385,14:53:05,20210509
39,2011-03-31,AINN.DE,USD,2011-03-31,2011-03-31,Q1,17436000000,0.0,0.0,0.0,0.0,0.0,0.0,0.0,6068000000.0,18816000000.0,1061000000.0,2288000000.0,0.0,0.0,0.0,-0.0791465932553338,2352000000.0,-1380000000.0,-0.0791465932553338,-200000000.0,269000000,0.015427850424409268,-0.35,-0.35,1557748353,1557748353,https://www.bundesanzeiger.de/pub/de/suche;wwwsid=627BFD7A56A5CB624C47FDDEAB2FC509.web07-pub?0,https://www.bundesanzeiger.de/pub/de/suche;wwwsid=627BFD7A56A5CB624C47FDDEAB2FC509.web07-pub?0,1620586385,14:53:05,20210509
40,2010-12-31,AINN.DE,USD,2010-12-31,2010-12-31,Q4,21687000000,0.0,0.0,0.0,0.0,0.0,0.0,0.0,2651000000.0,7549000000.0,2525000000.0,2216000000.0,0.0,0.0,0.0,0.6519112832572509,2327000000.0,14138000000.0,0.6519112832572509,4815000000.0,11054000000,0.5097062756490063,12.739230686087392,12.739230686087392,867713308,867713308,https://www.bundesanzeiger.de/pub/de/suche;wwwsid=627BFD7A56A5CB624C47FDDEAB2FC509.web07-pub?0,https://www.bundesanzeiger.de/pub/de/suche;wwwsid=627BFD7A56A5CB624C47FDDEAB2FC509.web07-pub?0,1620586385,14:53:05,20210509
41,2010-09-30,AINN.DE,USD,2010-09-30,2010-09-30,Q3,19091000000,0.0,0.0,0.0,0.0,0.0,0.0,0.0,1283000000.0,18669000000.0,2158000000.0,3655000000.0,0.0,0.0,0.0,0.02210465664449217,1882000000.0,422000000.0,0.02210465664449217,469000000.0,-2395000000,-0.1254517835629354,-17.62,-17.62,135879125,135879125,https://www.bundesanzeiger.de/pub/de/suche;wwwsid=627BFD7A56A5CB624C47FDDEAB2FC509.web07-pub?0,https://www.bundesanzeiger.de/pub/de/suche;wwwsid=627BFD7A56A5CB624C47FDDEAB2FC509.web07-pub?0,1620586385,14:53:05,20210509
42,2010-06-30,AINN.DE,USD,2010-06-30,2010-06-30,Q2,19982000000,0.0,0.0,0.0,0.0,0.0,0.0,0.0,1923000000.0,18379000000.0,2009000000.0,2920000000.0,0.0,0.0,0.0,0.08022219997998198,2404000000.0,1603000000.0,0.08022219997998198,311000000.0,-2656000000,-0.1329196276648984,-19.578548162196476,-19.543782192788814,135658680,135900000,https://www.bundesanzeiger.de/pub/de/suche;wwwsid=627BFD7A56A5CB624C47FDDEAB2FC509.web07-pub?0,https://www.bundesanzeiger.de/pub/de/suche;wwwsid=627BFD7A56A5CB624C47FDDEAB2FC509.web07-pub?0,1620586385,14:53:05,20210509
43,2010-03-31,AINN.DE,USD,2010-03-31,2010-03-31,Q1,16330000000,0.0,0.0,0.0,0.0,0.0,0.0,0.0,1793000000.0,15495000000.0,1734000000.0,2529000000.0,0.0,0.0,0.0,0.05113288426209431,1975000000.0,835000000.0,0.05113288426209431,-91000000.0,1451000000,0.08885486834047765,10.695961364212007,10.690739746805118,135658680,135724939,https://www.bundesanzeiger.de/pub/de/suche;wwwsid=627BFD7A56A5CB624C47FDDEAB2FC509.web07-pub?0,https://www.bundesanzeiger.de/pub/de/suche;wwwsid=627BFD7A56A5CB624C47FDDEAB2FC509.web07-pub?0,1620586385,14:53:05,20210509
44,2009-12-31,AINN.DE,USD,2009-12-31,2009-12-31,Q4,19972000000,0.0,0.0,0.0,0.0,0.0,0.0,0.0,2026000000.0,28364000000.0,7414000000.0,12449000000.0,0.0,0.0,0.0,-0.4201882635689966,1626000000.0,-8392000000.0,-0.4201882635689966,75000000.0,-8873000000,-0.44427198077308233,-10.22572768931187,-10.22572768931187,867713308,867713308,https://www.bundesanzeiger.de/pub/de/suche;wwwsid=627BFD7A56A5CB624C47FDDEAB2FC509.web07-pub?0,https://www.bundesanzeiger.de/pub/de/suche;wwwsid=627BFD7A56A5CB624C47FDDEAB2FC509.web07-pub?0,1620586385,14:53:05,20210509
45,2009-09-30,AINN.DE,USD,2009-09-30,2009-09-30,Q3,26049000000,0.0,0.0,0.0,0.0,0.0,0.0,0.0,2681000000.0,26256000000.0,2510000000.0,728000000.0,0.0,0.0,0.0,-0.007946562248070943,3330000000.0,-207000000.0,-0.007946562248070943,-192000000.0,455000000,0.017467081269914392,3.3630503549677475,3.3590151078311767,135293841,135456372,https://www.bundesanzeiger.de/pub/de/suche;wwwsid=627BFD7A56A5CB624C47FDDEAB2FC509.web07-pub?0,https://www.bundesanzeiger.de/pub/de/suche;wwwsid=627BFD7A56A5CB624C47FDDEAB2FC509.web07-pub?0,1620586385,14:53:05,20210509
46,2009-06-30,AINN.DE,USD,2009-06-30,2009-06-30,Q2,29525000000,0.0,0.0,0.0,0.0,0.0,0.0,0.0,2296000000.0,28206000000.0,2600000000.0,824000000.0,0.0,0.0,0.0,0.0446740050804403,3634000000.0,1319000000.0,0.0446740050804403,-526000000.0,1822000000,0.0617104149026249,13.468188685331812,13.462745140924351,135281740,135336440,https://www.bundesanzeiger.de/pub/de/suche;wwwsid=627BFD7A56A5CB624C47FDDEAB2FC509.web07-pub?0,https://www.bundesanzeiger.de/pub/de/suche;wwwsid=627BFD7A56A5CB624C47FDDEAB2FC509.web07-pub?0,1620586385,14:53:05,20210509
47,2009-03-31,AINN.DE,USD,2009-03-31,2009-03-31,Q1,20458000000,0.0,0.0,0.0,0.0,0.0,0.0,0.0,2282000000.0,26826000000.0,2845000000.0,630000000.0,0.0,0.0,0.0,-0.3112718740834881,2457000000.0,-6368000000.0,-0.3112718740834881,-1235000000.0,-4353000000,-0.21277739759507283,-39.6,-39.6,135250000,135250000,https://www.bundesanzeiger.de/pub/de/suche;wwwsid=627BFD7A56A5CB624C47FDDEAB2FC509.web07-pub?0,https://www.bundesanzeiger.de/pub/de/suche;wwwsid=627BFD7A56A5CB624C47FDDEAB2FC509.web07-pub?0,1620586385,14:53:05,20210509
48,2008-12-31,AINN.DE,USD,2008-12-31,2008-12-31,Q4,-23758000000,0.0,0.0,0.0,0.0,0.0,0.0,0.0,3152000000.0,36798000000.0,12105000000.0,796000000.0,0.0,0.0,0.0,2.54886774981059,-16366000000.0,-60556000000.0,2.54886774981059,2000000000.0,-61659000000,2.595294216684906,-71.05918444666749,-71.05918444666749,867713308,867713308,https://www.bundesanzeiger.de/pub/de/suche;wwwsid=627BFD7A56A5CB624C47FDDEAB2FC509.web07-pub?0,https://www.bundesanzeiger.de/pub/de/suche;wwwsid=627BFD7A56A5CB624C47FDDEAB2FC509.web07-pub?0,1620586385,14:53:05,20210509
49,2008-09-30,AINN.DE,USD,2008-09-30,2008-09-30,Q3,898000000,0.0,0.0,0.0,0.0,0.0,0.0,0.0,2678000000.0,29083000000.0,2297000000.0,928000000.0,0.0,0.0,0.0,-31.38641425389755,-4818000000.0,-28185000000.0,-31.38641425389755,-3480000000.0,-24468000000,-27.247216035634743,-181.0,-181.0,135150000,135150000,https://www.bundesanzeiger.de/pub/de/suche;wwwsid=627BFD7A56A5CB624C47FDDEAB2FC509.web07-pub?0,https://www.bundesanzeiger.de/pub/de/suche;wwwsid=627BFD7A56A5CB624C47FDDEAB2FC509.web07-pub?0,1620586385,14:53:05,20210509
50,2008-06-30,AINN.DE,USD,2008-06-30,2008-06-30,Q2,19933000000,0.0,0.0,0.0,0.0,0.0,0.0,0.0,0.0,28689000000.0,0.0,-2242000000.0,0.0,0.0,0.0,-0.43927155972507903,-2449000000.0,-8756000000.0,-0.43927155972507903,-3357000000.0,-5357000000,-0.2687503135503938,-41.2,-41.2,130250000,130250000,https://www.bundesanzeiger.de/pub/de/suche;wwwsid=627BFD7A56A5CB624C47FDDEAB2FC509.web07-pub?0,https://www.bundesanzeiger.de/pub/de/suche;wwwsid=627BFD7A56A5CB624C47FDDEAB2FC509.web07-pub?0,1620586385,14:53:05,20210509
51,2008-03-31,AINN.DE,USD,2008-03-31,2008-03-31,Q1,14031000000,0.0,0.0,0.0,0.0,0.0,0.0,0.0,0.0,25295000000.0,0.0,4041000000.0,0.0,0.0,0.0,-0.8027938136982397,-5506000000.0,-11264000000.0,-0.8027938136982397,-3537000000.0,-7805000000,-0.5562682631316371,-61.8,-61.8,126400000,126400000,https://www.bundesanzeiger.de/pub/de/suche;wwwsid=627BFD7A56A5CB624C47FDDEAB2FC509.web07-pub?0,https://www.bundesanzeiger.de/pub/de/suche;wwwsid=627BFD7A56A5CB624C47FDDEAB2FC509.web07-pub?0,1620586385,14:53:05,20210509
52,2007-12-31,AINN.DE,USD,2007-12-31,2007-12-31,Q4,18433000000,0.0,0.0,0.0,0.0,0.0,0.0,0.0,0.0,26869000000.0,0.0,-9015000000.0,0.0,0.0,0.0,-0.45765746216025605,-6801000000.0,-8436000000.0,-0.45765746216025605,-3413000000.0,-5292000000,-0.28709379916454186,-6.098788564390671,-6.098788564390671,867713308,867713308,https://www.bundesanzeiger.de/pub/de/suche;wwwsid=627BFD7A56A5CB624C47FDDEAB2FC509.web07-pub?0,https://www.bundesanzeiger.de/pub/de/suche;wwwsid=627BFD7A56A5CB624C47FDDEAB2FC509.web07-pub?0,1620586385,14:53:05,20210509
53,2007-09-30,AINN.DE,USD,2007-09-30,2007-09-30,Q3,29836000000,0.0,0.0,0.0,0.0,0.0,0.0,0.0,0.0,24957000000.0,0.0,4451000000.0,0.0,0.0,0.0,0.16352728247754392,4795000000.0,4879000000.0,0.16352728247754392,1463000000.0,3085000000,0.1033985788979756,24.0,23.8,128800000,129450000,https://www.bundesanzeiger.de/pub/de/suche;wwwsid=627BFD7A56A5CB624C47FDDEAB2FC509.web07-pub?0,https://www.bundesanzeiger.de/pub/de/suche;wwwsid=627BFD7A56A5CB624C47FDDEAB2FC509.web07-pub?0,1620586385,14:53:05,20210509
54,2007-06-30,AINN.DE,USD,2007-06-30,2007-06-30,Q2,31150000000,0.0,0.0,0.0,0.0,0.0,0.0,0.0,0.0,24822000000.0,0.0,3749000000.0,0.0,0.0,0.0,0.20314606741573032,3792000000.0,6328000000.0,0.20314606741573032,1679000000.0,4277000000,0.13730337078651686,32.874711760184475,32.7363184079602,130100000,130650000,https://www.bundesanzeiger.de/pub/de/suche;wwwsid=627BFD7A56A5CB624C47FDDEAB2FC509.web07-pub?0,https://www.bundesanzeiger.de/pub/de/suche;wwwsid=627BFD7A56A5CB624C47FDDEAB2FC509.web07-pub?0,1620586385,14:53:05,20210509
55,2007-03-31,AINN.DE,USD,2007-03-31,2007-03-31,Q1,30645000000,0.0,0.0,0.0,0.0,0.0,0.0,0.0,0.0,24473000000.0,0.0,3605000000.0,0.0,0.0,0.0,0.20140316527981728,3949000000.0,6172000000.0,0.20140316527981728,1726000000.0,4130000000,0.13476913036384403,31.623277182235835,31.514689049980923,130600000,131050000,https://www.bundesanzeiger.de/pub/de/suche;wwwsid=627BFD7A56A5CB624C47FDDEAB2FC509.web07-pub?0,https://www.bundesanzeiger.de/pub/de/suche;wwwsid=627BFD7A56A5CB624C47FDDEAB2FC509.web07-pub?0,1620586385,14:53:05,20210509
56,2006-12-31,AINN.DE,USD,2006-12-31,2006-12-31,Q4,29993000000,0.0,0.0,0.0,0.0,0.0,0.0,0.0,0.0,24641000000.0,0.0,14551000000.0,0.0,0.0,0.0,0.17844163638182242,2530000000.0,5352000000.0,0.17844163638182242,1471000000.0,3439000000,0.11466008735371587,3.9632906033521387,3.9632906033521387,867713308,867713308,https://www.bundesanzeiger.de/pub/de/suche;wwwsid=627BFD7A56A5CB624C47FDDEAB2FC509.web07-pub?0,https://www.bundesanzeiger.de/pub/de/suche;wwwsid=627BFD7A56A5CB624C47FDDEAB2FC509.web07-pub?0,1620586385,14:53:05,20210509
57,2006-09-30,AINN.DE,USD,2006-09-30,2006-09-30,Q3,29199000000,0.0,0.0,0.0,0.0,0.0,0.0,0.0,0.0,22898000000.0,0.0,505000000.0,0.0,0.0,0.0,0.21579506147470803,4167000000.0,6301000000.0,0.21579506147470803,1943000000.0,4224000000,0.144662488441385,32.4,32.2,130350000,131300000,https://www.bundesanzeiger.de/pub/de/suche;wwwsid=627BFD7A56A5CB624C47FDDEAB2FC509.web07-pub?0,https://www.bundesanzeiger.de/pub/de/suche;wwwsid=627BFD7A56A5CB624C47FDDEAB2FC509.web07-pub?0,1620586385,14:53:05,20210509
58,2006-06-30,AINN.DE,USD,2006-06-30,2006-06-30,Q2,26743000000,0.0,0.0,0.0,0.0,0.0,0.0,0.0,0.0,21502000000.0,0.0,679000000.0,0.0,0.0,0.0,0.1959765172194593,2742000000.0,5241000000.0,0.1959765172194593,1688000000.0,3190000000,0.11928355083573272,24.6,24.2,130300000,131250000,https://www.bundesanzeiger.de/pub/de/suche;wwwsid=627BFD7A56A5CB624C47FDDEAB2FC509.web07-pub?0,https://www.bundesanzeiger.de/pub/de/suche;wwwsid=627BFD7A56A5CB624C47FDDEAB2FC509.web07-pub?0,1620586385,14:53:05,20210509
59,2006-03-31,AINN.DE,USD,2006-03-31,2006-03-31,Q1,27259000000,0.0,0.0,0.0,0.0,0.0,0.0,0.0,0.0,22466000000.0,0.0,659000000.0,0.0,0.0,0.0,0.17583183535712976,3021000000.0,4793000000.0,0.17583183535712976,1435000000.0,3195000000,0.11720899519424777,24.52975047984645,24.352134146341463,130250000,131200000,https://www.bundesanzeiger.de/pub/de/suche;wwwsid=627BFD7A56A5CB624C47FDDEAB2FC509.web07-pub?0,https://www.bundesanzeiger.de/pub/de/suche;wwwsid=627BFD7A56A5CB624C47FDDEAB2FC509.web07-pub?0,1620586385,14:53:05,20210509
60,2005-12-31,AINN.DE,USD,2005-12-31,2005-12-31,Q4,27363000000,0.0,0.0,0.0,0.0,0.0,0.0,0.0,0.0,27061000000.0,0.0,941000000.0,0.0,0.0,0.0,0.011036801520301136,2353000000.0,302000000.0,0.011036801520301136,-301000000.0,454000000,0.016591747980850054,0.5232142872700991,0.5232142872700991,867713308,867713308,https://www.bundesanzeiger.de/pub/de/suche;wwwsid=627BFD7A56A5CB624C47FDDEAB2FC509.web07-pub?0,https://www.bundesanzeiger.de/pub/de/suche;wwwsid=627BFD7A56A5CB624C47FDDEAB2FC509.web07-pub?0,1620586385,14:53:05,20210509
61,2005-09-30,AINN.DE,USD,2005-09-30,2005-09-30,Q3,26361000000,0.0,0.0,0.0,0.0,0.0,0.0,0.0,0.0,23884000000.0,0.0,528000000.0,0.0,0.0,0.0,0.09396456887068017,3409000000.0,2477000000.0,0.09396456887068017,706000000.0,1717000000,0.06513409961685823,13.2,13.0,129850000,131200000,https://www.bundesanzeiger.de/pub/de/suche;wwwsid=627BFD7A56A5CB624C47FDDEAB2FC509.web07-pub?0,https://www.bundesanzeiger.de/pub/de/suche;wwwsid=627BFD7A56A5CB624C47FDDEAB2FC509.web07-pub?0,1620586385,14:53:05,20210509
62,2005-06-30,AINN.DE,USD,2005-06-30,2005-06-30,Q2,26861000000,0.0,0.0,0.0,0.0,0.0,0.0,0.0,0.0,21066000000.0,0.0,384000000.0,0.0,0.0,0.0,0.2157402926175496,3877000000.0,5795000000.0,0.2157402926175496,1674000000.0,3992000000,0.1486169539481032,30.8,30.6,129800000,131150000,https://www.bundesanzeiger.de/pub/de/suche;wwwsid=627BFD7A56A5CB624C47FDDEAB2FC509.web07-pub?0,https://www.bundesanzeiger.de/pub/de/suche;wwwsid=627BFD7A56A5CB624C47FDDEAB2FC509.web07-pub?0,1620586385,14:53:05,20210509
63,2005-03-31,AINN.DE,USD,2005-03-31,2005-03-31,Q1,27112000000,0.0,0.0,0.0,0.0,0.0,0.0,0.0,0.0,21669000000.0,0.0,639000000.0,0.0,0.0,0.0,0.20075981115373268,4050000000.0,5443000000.0,0.20075981115373268,1613000000.0,3684000000,0.13588079079374446,28.4,28.0,129850000,131200000,https://www.bundesanzeiger.de/pub/de/suche;wwwsid=627BFD7A56A5CB624C47FDDEAB2FC509.web07-pub?0,https://www.bundesanzeiger.de/pub/de/suche;wwwsid=627BFD7A56A5CB624C47FDDEAB2FC509.web07-pub?0,1620586385,14:53:05,20210509
64,2004-12-31,AINN.DE,USD,2004-12-31,2004-12-31,Q4,25130000000,0.0,0.0,0.0,0.0,0.0,0.0,0.0,0.0,22818000000.0,0.0,604000000.0,0.0,0.0,0.0,0.09200159172304019,4289000000.0,2312000000.0,0.09200159172304019,583000000.0,1701000000,0.06768802228412256,1.9603248956970014,1.9603248956970014,867713308,867713308,https://www.bundesanzeiger.de/pub/de/suche;wwwsid=627BFD7A56A5CB624C47FDDEAB2FC509.web07-pub?0,https://www.bundesanzeiger.de/pub/de/suche;wwwsid=627BFD7A56A5CB624C47FDDEAB2FC509.web07-pub?0,1620586385,14:53:05,20210509
65,2004-09-30,AINN.DE,USD,2004-09-30,2004-09-30,Q3,25411000000,0.0,0.0,0.0,0.0,0.0,0.0,0.0,0.0,21453000000.0,0.0,641000000.0,0.0,0.0,0.0,0.15575931683129354,3025000000.0,3958000000.0,0.15575931683129354,1280000000.0,2512000000,0.09885482664987603,19.4,19.0,130300000,131400000,https://www.bundesanzeiger.de/pub/de/suche;wwwsid=627BFD7A56A5CB624C47FDDEAB2FC509.web07-pub?0,https://www.bundesanzeiger.de/pub/de/suche;wwwsid=627BFD7A56A5CB624C47FDDEAB2FC509.web07-pub?0,1620586385,14:53:05,20210509
66,2004-06-30,AINN.DE,USD,2004-06-30,2004-06-30,Q2,23809000000,0.0,0.0,0.0,0.0,0.0,0.0,0.0,0.0,19420000000.0,0.0,543000000.0,0.0,0.0,0.0,0.18434205552522157,2975000000.0,4389000000.0,0.18434205552522157,1401000000.0,2862000000,0.12020664454618002,21.947852760736197,21.755986316989738,130400000,131550000,https://www.bundesanzeiger.de/pub/de/suche;wwwsid=627BFD7A56A5CB624C47FDDEAB2FC509.web07-pub?0,https://www.bundesanzeiger.de/pub/de/suche;wwwsid=627BFD7A56A5CB624C47FDDEAB2FC509.web07-pub?0,1620586385,14:53:05,20210509
67,2004-03-31,AINN.DE,USD,2004-03-31,2004-03-31,Q1,23637000000,0.0,0.0,0.0,0.0,0.0,0.0,0.0,0.0,19346000000.0,0.0,561000000.0,0.0,0.0,0.0,0.18153742014638066,2695000000.0,4291000000.0,0.18153742014638066,1356000000.0,2656000000,0.11236620552523587,20.4,20.2,130500000,131650000,https://www.bundesanzeiger.de/pub/de/suche;wwwsid=627BFD7A56A5CB624C47FDDEAB2FC509.web07-pub?0,https://www.bundesanzeiger.de/pub/de/suche;wwwsid=627BFD7A56A5CB624C47FDDEAB2FC509.web07-pub?0,1620586385,14:53:05,20210509
68,2003-12-31,AINN.DE,USD,2003-12-31,2003-12-31,Q4,22179000000,0.0,0.0,0.0,0.0,0.0,0.0,0.0,0.0,18129000000.0,0.0,599000000.0,0.0,0.0,0.0,0.1826051670499121,3198000000.0,4050000000.0,0.1826051670499121,1259000000.0,2707000000,0.12205239190224988,3.119693999207397,3.119693999207397,867713308,867713308,https://www.bundesanzeiger.de/pub/de/suche;wwwsid=627BFD7A56A5CB624C47FDDEAB2FC509.web07-pub?0,https://www.bundesanzeiger.de/pub/de/suche;wwwsid=627BFD7A56A5CB624C47FDDEAB2FC509.web07-pub?0,1620586385,14:53:05,20210509
69,2003-09-30,AINN.DE,USD,2003-09-30,2003-09-30,Q3,20306000000,0.0,0.0,0.0,0.0,0.0,0.0,0.0,0.0,16802000000.0,0.0,423000000.0,0.0,0.0,0.0,0.1725598345316655,2841000000.0,3504000000.0,0.1725598345316655,1069000000.0,2337000000,0.11508913621589678,18.0,17.8,130500000,131400000,https://www.bundesanzeiger.de/pub/de/suche;wwwsid=627BFD7A56A5CB624C47FDDEAB2FC509.web07-pub?0,https://www.bundesanzeiger.de/pub/de/suche;wwwsid=627BFD7A56A5CB624C47FDDEAB2FC509.web07-pub?0,1620586385,14:53:05,20210509
70,2003-06-30,AINN.DE,USD,2003-06-30,2003-06-30,Q2,19891000000,0.0,0.0,0.0,0.0,0.0,0.0,0.0,0.0,16461000000.0,0.0,459000000.0,0.0,0.0,0.0,0.1724397968930672,2833000000.0,3430000000.0,0.1724397968930672,1060000000.0,2276000000,0.11442360866723644,17.440613026819925,17.327750285496766,130500000,131350000,https://www.bundesanzeiger.de/pub/de/suche;wwwsid=627BFD7A56A5CB624C47FDDEAB2FC509.web07-pub?0,https://www.bundesanzeiger.de/pub/de/suche;wwwsid=627BFD7A56A5CB624C47FDDEAB2FC509.web07-pub?0,1620586385,14:53:05,20210509
71,2003-03-31,AINN.DE,USD,2003-03-31,2003-03-31,Q1,18927000000,0.0,0.0,0.0,0.0,0.0,0.0,0.0,0.0,16003000000.0,0.0,445000000.0,0.0,0.0,0.0,0.1544882971416495,2589000000.0,2924000000.0,0.1544882971416495,876000000.0,1954000000,0.10323875944418028,15.0,14.8,130500000,131400000,https://www.bundesanzeiger.de/pub/de/suche;wwwsid=627BFD7A56A5CB624C47FDDEAB2FC509.web07-pub?0,https://www.bundesanzeiger.de/pub/de/suche;wwwsid=627BFD7A56A5CB624C47FDDEAB2FC509.web07-pub?0,1620586385,14:53:05,20210509
72,2002-12-31,AINN.DE,USD,2002-12-31,2002-12-31,Q4,17533000000,0.0,0.0,0.0,0.0,0.0,0.0,0.0,0.0,17846000000.0,0.0,364000000.0,0.0,0.0,0.0,-0.01785205041920949,2702000000.0,-313000000.0,-0.01785205041920949,-253000000.0,-104000000,-0.005931671704785262,-0.1198552552336791,-0.1198552552336791,867713308,867713308,https://www.bundesanzeiger.de/pub/de/suche;wwwsid=627BFD7A56A5CB624C47FDDEAB2FC509.web07-pub?0,https://www.bundesanzeiger.de/pub/de/suche;wwwsid=627BFD7A56A5CB624C47FDDEAB2FC509.web07-pub?0,1620586385,14:53:05,20210509
73,2002-09-30,AINN.DE,USD,2002-09-30,2002-09-30,Q3,17150000000,0.0,0.0,0.0,0.0,0.0,0.0,0.0,0.0,14421000000.0,0.0,295000000.0,0.0,0.0,0.0,0.1591253644314869,2621000000.0,2729000000.0,0.1591253644314869,817000000.0,1842000000,0.10740524781341108,14.114942528735632,13.986332574031891,130500000,131700000,https://www.bundesanzeiger.de/pub/de/suche;wwwsid=627BFD7A56A5CB624C47FDDEAB2FC509.web07-pub?0,https://www.bundesanzeiger.de/pub/de/suche;wwwsid=627BFD7A56A5CB624C47FDDEAB2FC509.web07-pub?0,1620586385,14:53:05,20210509
74,2002-06-30,AINN.DE,USD,2002-06-30,2002-06-30,Q2,6379000000,0.0,0.0,0.0,0.0,0.0,0.0,0.0,-9728000000.0,3612000000.0,0.0,411000000.0,0.0,0.0,0.0,0.4337670481266656,-7896000000.0,2767000000.0,0.4337670481266656,872000000.0,1801000000,0.28233265402100644,13.8,13.6,130650000,132000000,https://www.bundesanzeiger.de/pub/de/suche;wwwsid=627BFD7A56A5CB624C47FDDEAB2FC509.web07-pub?0,https://www.bundesanzeiger.de/pub/de/suche;wwwsid=627BFD7A56A5CB624C47FDDEAB2FC509.web07-pub?0,1620586385,14:53:05,20210509
75,2002-03-31,AINN.DE,USD,2002-03-31,2002-03-31,Q1,6130000000,0.0,0.0,0.0,0.0,0.0,0.0,0.0,-9549000000.0,3171000000.0,0.0,388000000.0,0.0,0.0,0.0,0.4827079934747145,-7657000000.0,2959000000.0,0.4827079934747145,892000000.0,1980000000,0.32300163132137033,15.2,15.0,130750000,132050000,https://www.bundesanzeiger.de/pub/de/suche;wwwsid=627BFD7A56A5CB624C47FDDEAB2FC509.web07-pub?0,https://www.bundesanzeiger.de/pub/de/suche;wwwsid=627BFD7A56A5CB624C47FDDEAB2FC509.web07-pub?0,1620586385,14:53:05,20210509
76,2001-12-31,AINN.DE,USD,2001-12-31,2001-12-31,Q4,5819000000,0.0,0.0,0.0,0.0,0.0,0.0,0.0,-9945000000.0,3102000000.0,0.0,361000000.0,0.0,0.0,0.0,0.4669187145557656,-7975000000.0,2717000000.0,0.4669187145557656,804000000.0,1866000000,0.320673655267228,2.1504798679427424,2.1504798679427424,867713308,867713308,https://www.bundesanzeiger.de/pub/de/suche;wwwsid=627BFD7A56A5CB624C47FDDEAB2FC509.web07-pub?0,https://www.bundesanzeiger.de/pub/de/suche;wwwsid=627BFD7A56A5CB624C47FDDEAB2FC509.web07-pub?0,1620586385,14:53:05,20210509
77,2001-09-30,AINN.DE,USD,2001-09-30,2001-09-30,Q3,5480000000,0.0,0.0,0.0,0.0,0.0,0.0,0.0,-6410000000.0,4863000000.0,0.0,445000000.0,0.0,0.0,0.0,0.11259124087591241,-7825000000.0,617000000.0,0.11259124087591241,164000000.0,327000000,0.05967153284671533,2.49618320610687,2.4669935873255375,131000000,132550000,https://www.bundesanzeiger.de/pub/de/suche;wwwsid=627BFD7A56A5CB624C47FDDEAB2FC509.web07-pub?0,https://www.bundesanzeiger.de/pub/de/suche;wwwsid=627BFD7A56A5CB624C47FDDEAB2FC509.web07-pub?0,1620586385,14:53:05,20210509
78,2001-06-30,AINN.DE,USD,2001-06-30,2001-06-30,Q2,5412000000,0.0,0.0,0.0,0.0,0.0,0.0,0.0,-6945000000.0,3027000000.0,0.0,338000000.0,0.0,0.0,0.0,0.4406873614190687,-5797000000.0,2385000000.0,0.4406873614190687,704000000.0,1627000000,0.3006282335550628,13.95368782161235,13.799830364715861,116600000,117900000,https://www.bundesanzeiger.de/pub/de/suche;wwwsid=627BFD7A56A5CB624C47FDDEAB2FC509.web07-pub?0,https://www.bundesanzeiger.de/pub/de/suche;wwwsid=627BFD7A56A5CB624C47FDDEAB2FC509.web07-pub?0,1620586385,14:53:05,20210509
79,2001-03-31,AINN.DE,USD,2001-03-31,2001-03-31,Q1,5417000000,0.0,0.0,0.0,0.0,0.0,0.0,0.0,-7086000000.0,3145000000.0,0.0,293000000.0,0.0,0.0,0.0,0.4194203433634853,-5409000000.0,2272000000.0,0.4194203433634853,362000000.0,1532000000,0.2828133653313642,13.2,13.0,116700000,117950000,https://www.bundesanzeiger.de/pub/de/suche;wwwsid=627BFD7A56A5CB624C47FDDEAB2FC509.web07-pub?0,https://www.bundesanzeiger.de/pub/de/suche;wwwsid=627BFD7A56A5CB624C47FDDEAB2FC509.web07-pub?0,1620586385,14:53:05,20210509
80,2000-12-31,AINN.DE,USD,2000-12-31,2000-12-31,Q4,5484000000,0.0,0.0,0.0,0.0,0.0,0.0,0.0,-12770000000.0,3286000000.0,0.0,325000000.0,0.0,0.0,0.0,0.4008023340627279,-5568000000.0,2198000000.0,0.4008023340627279,634000000.0,1497000000,0.27297592997811815,1.7252242027386309,1.7252242027386309,867713308,867713308,https://www.bundesanzeiger.de/pub/de/suche;wwwsid=627BFD7A56A5CB624C47FDDEAB2FC509.web07-pub?0,https://www.bundesanzeiger.de/pub/de/suche;wwwsid=627BFD7A56A5CB624C47FDDEAB2FC509.web07-pub?0,1620586385,14:53:05,20210509
81,2000-09-30,AINN.DE,USD,2000-09-30,2000-09-30,Q3,4821000000,0.0,0.0,0.0,0.0,0.0,0.0,0.0,-6376000000.0,2757000000.0,0.0,294000000.0,0.0,0.0,0.0,0.42812694461729933,-4985000000.0,2064000000.0,0.42812694461729933,611000000.0,1386000000,0.2874922215308027,11.979256698357823,11.846153846153847,115700000,117000000,https://www.bundesanzeiger.de/pub/de/suche;wwwsid=627BFD7A56A5CB624C47FDDEAB2FC509.web07-pub?0,https://www.bundesanzeiger.de/pub/de/suche;wwwsid=627BFD7A56A5CB624C47FDDEAB2FC509.web07-pub?0,1620586385,14:53:05,20210509
82,2000-06-30,AINN.DE,USD,2000-06-30,2000-06-30,Q2,5059000000,0.0,0.0,0.0,0.0,0.0,0.0,0.0,-6440000000.0,2963000000.0,0.0,282000000.0,0.0,0.0,0.0,0.4143111286815576,-5098000000.0,2096000000.0,0.4143111286815576,623000000.0,1407000000,0.27811820517888913,12.2,12.0,115650000,116950000,https://www.bundesanzeiger.de/pub/de/suche;wwwsid=627BFD7A56A5CB624C47FDDEAB2FC509.web07-pub?0,https://www.bundesanzeiger.de/pub/de/suche;wwwsid=627BFD7A56A5CB624C47FDDEAB2FC509.web07-pub?0,1620586385,14:53:05,20210509
83,2000-03-31,AINN.DE,USD,2000-03-31,2000-03-31,Q1,4782000000,0.0,0.0,0.0,0.0,0.0,0.0,0.0,-6469000000.0,2791000000.0,0.0,275000000.0,0.0,0.0,0.0,0.41635299038059387,-4920000000.0,1991000000.0,0.41635299038059387,308000000.0,1346000000,0.2814721873693016,11.6,11.466667,115950000,117300000,https://www.bundesanzeiger.de/pub/de/suche;wwwsid=627BFD7A56A5CB624C47FDDEAB2FC509.web07-pub?0,https://www.bundesanzeiger.de/pub/de/suche;wwwsid=627BFD7A56A5CB624C47FDDEAB2FC509.web07-pub?0,1620586385,14:53:05,20210509
84,1999-12-31,AINN.DE,USD,1999-12-31,1999-12-31,Q4,-9034000000,0.0,0.0,0.0,0.0,0.0,0.0,0.0,0.0,1179000000.0,0.0,143000000.0,0.0,0.0,0.0,-0.8315253486827541,-25388000000.0,7512000000.0,-0.8315253486827541,579000000.0,1312000000,-0.14522913438122648,1.5120201429479516,1.5120201429479516,867713308,867713308,https://www.bundesanzeiger.de/pub/de/suche;wwwsid=627BFD7A56A5CB624C47FDDEAB2FC509.web07-pub?0,https://www.bundesanzeiger.de/pub/de/suche;wwwsid=627BFD7A56A5CB624C47FDDEAB2FC509.web07-pub?0,1620586385,14:53:05,20210509
85,1999-09-30,AINN.DE,USD,1999-09-30,1999-09-30,Q3,8879000000,0.0,0.0,0.0,0.0,0.0,0.0,0.0,0.0,3028000000.0,0.0,412000000.0,0.0,0.0,0.0,0.0,2487000000.0,0.0,0.0,51000000.0,1267000000,0.14269624957765514,10.938,10.806,116041979,117541229,https://www.bundesanzeiger.de/pub/de/suche;wwwsid=627BFD7A56A5CB624C47FDDEAB2FC509.web07-pub?0,https://www.bundesanzeiger.de/pub/de/suche;wwwsid=627BFD7A56A5CB624C47FDDEAB2FC509.web07-pub?0,1620586385,14:53:05,20210509
86,1999-06-30,AINN.DE,USD,1999-06-30,1999-06-30,Q2,9424000000,0.0,0.0,0.0,0.0,0.0,0.0,0.0,0.0,3373000000.0,0.0,267000000.0,0.0,0.0,0.0,0.0,2462000000.0,0.0,0.0,569000000.0,1277000000,0.1355050933786078,11.072,10.806,116116941,117616191,https://www.bundesanzeiger.de/pub/de/suche;wwwsid=627BFD7A56A5CB624C47FDDEAB2FC509.web07-pub?0,https://www.bundesanzeiger.de/pub/de/suche;wwwsid=627BFD7A56A5CB624C47FDDEAB2FC509.web07-pub?0,1620586385,14:53:05,20210509
87,1999-03-31,AINN.DE,USD,1999-03-31,1999-03-31,Q1,9087000000,0.0,0.0,0.0,0.0,0.0,0.0,0.0,0.0,3264000000.0,0.0,249000000.0,0.0,0.0,0.0,0.0,2439000000.0,0.0,0.0,522000000.0,1199000000,0.13194673709695168,10.352,10.246,116004497,117597451,https://www.bundesanzeiger.de/pub/de/suche;wwwsid=627BFD7A56A5CB624C47FDDEAB2FC509.web07-pub?0,https://www.bundesanzeiger.de/pub/de/suche;wwwsid=627BFD7A56A5CB624C47FDDEAB2FC509.web07-pub?0,1620586385,14:53:05,20210509
88,1998-12-31,AINN.DE,USD,1998-12-31,1998-12-31,Q4,-5853100000,0.0,0.0,0.0,0.0,0.0,0.0,0.0,0.0,3680200000.0,0.0,254200000.0,0.0,0.0,0.0,-0.9446276332200031,-18118300000.0,5529000000.0,-0.9446276332200031,416600000.0,1006400000,-0.17194307290153935,1.1598300852612946,1.1598300852612946,867713308,867713308,https://www.bundesanzeiger.de/pub/de/suche;wwwsid=627BFD7A56A5CB624C47FDDEAB2FC509.web07-pub?0,https://www.bundesanzeiger.de/pub/de/suche;wwwsid=627BFD7A56A5CB624C47FDDEAB2FC509.web07-pub?0,1620586385,14:53:05,20210509
89,1998-09-30,AINN.DE,USD,1998-09-30,1998-09-30,Q3,7711200000,0.0,0.0,0.0,0.0,0.0,0.0,0.0,0.0,2404500000.0,0.0,239600000.0,0.0,0.0,0.0,0.0,1605000000.0,0.0,0.0,415500000.0,931100000,0.12074644672683889,9.4,9.4,99053191,99053191,https://www.bundesanzeiger.de/pub/de/suche;wwwsid=627BFD7A56A5CB624C47FDDEAB2FC509.web07-pub?0,https://www.bundesanzeiger.de/pub/de/suche;wwwsid=627BFD7A56A5CB624C47FDDEAB2FC509.web07-pub?0,1620586385,14:53:05,20210509
90,1998-06-30,AINN.DE,USD,1998-06-30,1998-06-30,Q2,7529500000,0.0,0.0,0.0,0.0,0.0,0.0,0.0,0.0,2490000000.0,0.0,225600000.0,0.0,0.0,0.0,0.0,1542800000.0,0.0,0.0,389700000.0,942000000,0.12510790889169268,9.6,9.4,98125000,100212766,https://www.bundesanzeiger.de/pub/de/suche;wwwsid=627BFD7A56A5CB624C47FDDEAB2FC509.web07-pub?0,https://www.bundesanzeiger.de/pub/de/suche;wwwsid=627BFD7A56A5CB624C47FDDEAB2FC509.web07-pub?0,1620586385,14:53:05,20210509
91,1998-03-31,AINN.DE,USD,1998-03-31,1998-03-31,Q1,7107400000,0.0,0.0,0.0,0.0,0.0,0.0,0.0,0.0,1742600000.0,0.0,212600000.0,0.0,0.0,0.0,0.0,1491600000.0,0.0,0.0,372300000.0,886500000,0.1247291555280412,9.0,9.0,98500000,98500000,https://www.bundesanzeiger.de/pub/de/suche;wwwsid=627BFD7A56A5CB624C47FDDEAB2FC509.web07-pub?0,https://www.bundesanzeiger.de/pub/de/suche;wwwsid=627BFD7A56A5CB624C47FDDEAB2FC509.web07-pub?0,1620586385,14:53:05,20210509
92,1997-12-31,AINN.DE,USD,1997-12-31,1997-12-31,Q4,-6342162000,0.0,0.0,0.0,0.0,0.0,0.0,0.0,0.0,2443040000.0,0.0,222700000.0,0.0,0.0,0.0,-0.7408984507175944,-16961594000.0,4698898000.0,-0.7408984507175944,363063000.0,884635000,-0.13948476875866622,1.019501478015824,1.019501478015824,867713308,867713308,https://www.bundesanzeiger.de/pub/de/suche;wwwsid=627BFD7A56A5CB624C47FDDEAB2FC509.web07-pub?0,https://www.bundesanzeiger.de/pub/de/suche;wwwsid=627BFD7A56A5CB624C47FDDEAB2FC509.web07-pub?0,1620586385,14:53:05,20210509
93,1997-09-30,AINN.DE,USD,1997-09-30,1997-09-30,Q3,6984200000,0.0,0.0,0.0,0.0,0.0,0.0,0.0,0.0,2460500000.0,0.0,228700000.0,0.0,0.0,0.0,0.0,1414500000.0,0.0,0.0,344300000.0,840300000,0.12031442398556742,8.4,8.4,100035714,100035714,https://www.bundesanzeiger.de/pub/de/suche;wwwsid=627BFD7A56A5CB624C47FDDEAB2FC509.web07-pub?0,https://www.bundesanzeiger.de/pub/de/suche;wwwsid=627BFD7A56A5CB624C47FDDEAB2FC509.web07-pub?0,1620586385,14:53:05,20210509
94,1997-06-30,AINN.DE,USD,1997-06-30,1997-06-30,Q2,7143900000,0.0,0.0,0.0,0.0,0.0,0.0,0.0,0.0,2489800000.0,0.0,217500000.0,0.0,0.0,0.0,0.0,1382200000.0,0.0,0.0,343900000.0,826500000,0.1156931088061143,8.4,8.4,98392857,98392857,https://www.bundesanzeiger.de/pub/de/suche;wwwsid=627BFD7A56A5CB624C47FDDEAB2FC509.web07-pub?0,https://www.bundesanzeiger.de/pub/de/suche;wwwsid=627BFD7A56A5CB624C47FDDEAB2FC509.web07-pub?0,1620586385,14:53:05,20210509
95,1997-03-31,AINN.DE,USD,1997-03-31,1997-03-31,Q1,6616600000,0.0,0.0,0.0,0.0,0.0,0.0,0.0,0.0,2310600000.0,0.0,204000000.0,0.0,0.0,0.0,0.0,1321400000.0,0.0,0.0,315300000.0,780900000,0.1180213402653931,7.8,7.8,100115385,100115385,https://www.bundesanzeiger.de/pub/de/suche;wwwsid=627BFD7A56A5CB624C47FDDEAB2FC509.web07-pub?0,https://www.bundesanzeiger.de/pub/de/suche;wwwsid=627BFD7A56A5CB624C47FDDEAB2FC509.web07-pub?0,1620586385,14:53:05,20210509
96,1996-12-31,AINN.DE,USD,1996-12-31,1996-12-31,Q4,-5451429000,0.0,0.0,0.0,0.0,0.0,0.0,0.0,0.0,2879149000.0,0.0,201700000.0,0.0,0.0,0.0,-0.7361779819566576,-15477125000.0,4013222000.0,-0.7361779819566576,299165000.0,770257000,-0.14129451195273754,0.8876860512550765,0.8876860512550765,867713308,867713308,https://www.bundesanzeiger.de/pub/de/suche;wwwsid=627BFD7A56A5CB624C47FDDEAB2FC509.web07-pub?0,https://www.bundesanzeiger.de/pub/de/suche;wwwsid=627BFD7A56A5CB624C47FDDEAB2FC509.web07-pub?0,1620586385,14:53:05,20210509
97,1996-09-30,AINN.DE,USD,1996-09-30,1996-09-30,Q3,6553100000,0.0,0.0,0.0,0.0,0.0,0.0,0.0,0.0,2290400000.0,0.0,210300000.0,0.0,0.0,0.0,0.0,1303000000.0,0.0,0.0,286600000.0,731400000,0.11161129846942669,7.4,7.4,98837838,98837838,https://www.bundesanzeiger.de/pub/de/suche;wwwsid=627BFD7A56A5CB624C47FDDEAB2FC509.web07-pub?0,https://www.bundesanzeiger.de/pub/de/suche;wwwsid=627BFD7A56A5CB624C47FDDEAB2FC509.web07-pub?0,1620586385,14:53:05,20210509
98,1996-06-30,AINN.DE,USD,1996-06-30,1996-06-30,Q2,6423700000,0.0,0.0,0.0,0.0,0.0,0.0,0.0,0.0,2249700000.0,0.0,205300000.0,0.0,0.0,0.0,0.0,1268700000.0,0.0,0.0,283700000.0,724400000,0.11276989896788456,7.4,7.2,97891892,100611111,https://www.bundesanzeiger.de/pub/de/suche;wwwsid=627BFD7A56A5CB624C47FDDEAB2FC509.web07-pub?0,https://www.bundesanzeiger.de/pub/de/suche;wwwsid=627BFD7A56A5CB624C47FDDEAB2FC509.web07-pub?0,1620586385,14:53:05,20210509
99,1996-03-31,AINN.DE,USD,1996-03-31,1996-03-31,Q1,6083700000,0.0,0.0,0.0,0.0,0.0,0.0,0.0,0.0,2176800000.0,0.0,188300000.0,0.0,0.0,0.0,0.0,1216400000.0,0.0,0.0,246500000.0,671200000,0.11032759669280208,6.6,6.6,101696970,101696970,https://www.bundesanzeiger.de/pub/de/suche;wwwsid=627BFD7A56A5CB624C47FDDEAB2FC509.web07-pub?0,https://www.bundesanzeiger.de/pub/de/suche;wwwsid=627BFD7A56A5CB624C47FDDEAB2FC509.web07-pub?0,1620586385,14:53:05,20210509
100,1995-12-31,AINN.DE,USD,1995-12-31,1995-12-31,Q4,-4531977000,0.0,0.0,0.0,0.0,0.0,0.0,0.0,0.0,3499940000.0,0.0,193600000.0,0.0,0.0,0.0,-0.7647618246959329,-13509858000.0,3465883000.0,-0.7647618246959329,248200000.0,673783000,-0.14867308461627232,0.7765041676645577,0.7765041676645577,867713308,867713308,https://www.bundesanzeiger.de/pub/de/suche;wwwsid=627BFD7A56A5CB624C47FDDEAB2FC509.web07-pub?0,https://www.bundesanzeiger.de/pub/de/suche;wwwsid=627BFD7A56A5CB624C47FDDEAB2FC509.web07-pub?0,1620586385,14:53:05,20210509
101,1995-09-30,AINN.DE,USD,1995-09-30,1995-09-30,Q3,6031200000,0.0,0.0,0.0,0.0,0.0,0.0,0.0,0.0,2097700000.0,0.0,190200000.0,0.0,0.0,0.0,0.0,1093600000.0,0.0,0.0,248200000.0,630700000,0.10457288765088207,6.2,6.2,101725806,101725806,https://www.bundesanzeiger.de/pub/de/suche;wwwsid=627BFD7A56A5CB624C47FDDEAB2FC509.web07-pub?0,https://www.bundesanzeiger.de/pub/de/suche;wwwsid=627BFD7A56A5CB624C47FDDEAB2FC509.web07-pub?0,1620586385,14:53:05,20210509
102,1995-06-30,AINN.DE,USD,1995-06-30,1995-06-30,Q2,5968500000,0.0,0.0,0.0,0.0,0.0,0.0,0.0,0.0,2087200000.0,0.0,181000000.0,0.0,0.0,0.0,0.0,1082300000.0,0.0,0.0,245500000.0,633800000,0.10619083521822903,6.2,6.2,102225806,102225806,https://www.bundesanzeiger.de/pub/de/suche;wwwsid=627BFD7A56A5CB624C47FDDEAB2FC509.web07-pub?0,https://www.bundesanzeiger.de/pub/de/suche;wwwsid=627BFD7A56A5CB624C47FDDEAB2FC509.web07-pub?0,1620586385,14:53:05,20210509
103,1995-03-31,AINN.DE,USD,1995-03-31,1995-03-31,Q1,5551800000,0.0,0.0,0.0,0.0,0.0,0.0,0.0,0.0,1868700000.0,0.0,169800000.0,0.0,0.0,0.0,0.0,998200000.0,0.0,0.0,213600000.0,572200000,0.1030656723945387,5.8,5.8,98655172,98655172,https://www.bundesanzeiger.de/pub/de/suche;wwwsid=627BFD7A56A5CB624C47FDDEAB2FC509.web07-pub?0,https://www.bundesanzeiger.de/pub/de/suche;wwwsid=627BFD7A56A5CB624C47FDDEAB2FC509.web07-pub?0,1620586385,14:53:05,20210509
104,1994-12-31,AINN.DE,USD,1994-12-31,1994-12-31,Q4,-3482090000,0.0,0.0,0.0,0.0,0.0,0.0,0.0,0.0,1759231000.0,0.0,163600000.0,0.0,0.0,0.0,-0.8477606839570487,-11294355000.0,2951979000.0,-0.8477606839570487,206864000.0,577715000,-0.16591041587092809,0.6657901805512011,0.6657901805512011,867713308,867713308,https://www.bundesanzeiger.de/pub/de/suche;wwwsid=627BFD7A56A5CB624C47FDDEAB2FC509.web07-pub?0,https://www.bundesanzeiger.de/pub/de/suche;wwwsid=627BFD7A56A5CB624C47FDDEAB2FC509.web07-pub?0,1620586385,14:53:05,20210509
105,1994-09-30,AINN.DE,USD,1994-09-30,1994-09-30,Q3,5227500000,0.0,0.0,0.0,0.0,0.0,0.0,0.0,0.0,2453500000.0,0.0,155200000.0,0.0,0.0,0.0,0.0,910900000.0,0.0,0.0,205800000.0,542500000,0.10377809660449545,5.4,5.4,100462963,100462963,https://www.bundesanzeiger.de/pub/de/suche;wwwsid=627BFD7A56A5CB624C47FDDEAB2FC509.web07-pub?0,https://www.bundesanzeiger.de/pub/de/suche;wwwsid=627BFD7A56A5CB624C47FDDEAB2FC509.web07-pub?0,1620586385,14:53:05,20210509
106,1994-06-30,AINN.DE,USD,1994-06-30,1994-06-30,Q2,5180900000,0.0,0.0,0.0,0.0,0.0,0.0,0.0,0.0,2417400000.0,0.0,134700000.0,0.0,0.0,0.0,0.0,927300000.0,0.0,0.0,191000000.0,549700000,0.10610125653843927,5.4,5.4,101796296,101796296,https://www.bundesanzeiger.de/pub/de/suche;wwwsid=627BFD7A56A5CB624C47FDDEAB2FC509.web07-pub?0,https://www.bundesanzeiger.de/pub/de/suche;wwwsid=627BFD7A56A5CB624C47FDDEAB2FC509.web07-pub?0,1620586385,14:53:05,20210509
107,1994-03-31,AINN.DE,USD,1994-03-31,1994-03-31,Q1,4848100000,0.0,0.0,0.0,0.0,0.0,0.0,0.0,0.0,2192300000.0,0.0,128400000.0,0.0,0.0,0.0,0.0,896600000.0,0.0,0.0,172800000.0,505600000,0.10428827788205688,5.0,5.0,101120000,101120000,https://www.bundesanzeiger.de/pub/de/suche;wwwsid=627BFD7A56A5CB624C47FDDEAB2FC509.web07-pub?0,https://www.bundesanzeiger.de/pub/de/suche;wwwsid=627BFD7A56A5CB624C47FDDEAB2FC509.web07-pub?0,1620586385,14:53:05,20210509
108,1993-12-31,AINN.DE,USD,1993-12-31,1993-12-31,Q4,4993700000,0.0,0.0,0.0,0.0,0.0,0.0,0.0,0.0,2346100000.0,0.0,130500000.0,0.0,0.0,0.0,0.0,885500000.0,0.0,0.0,180200000.0,510200000,0.10216873260307988,0.5879822232713757,0.5879822232713757,867713308,867713308,https://www.bundesanzeiger.de/pub/de/suche;wwwsid=627BFD7A56A5CB624C47FDDEAB2FC509.web07-pub?0,https://www.bundesanzeiger.de/pub/de/suche;wwwsid=627BFD7A56A5CB624C47FDDEAB2FC509.web07-pub?0,1620586385,14:53:05,20210509
109,1993-09-30,AINN.DE,USD,1993-09-30,1993-09-30,Q3,4744200000,0.0,0.0,0.0,0.0,0.0,0.0,0.0,0.0,2179600000.0,0.0,115600000.0,0.0,0.0,0.0,0.0,840000000.0,0.0,0.0,169200000.0,451100000,0.09508452426120316,4.6,4.6,98065217,98065217,https://www.bundesanzeiger.de/pub/de/suche;wwwsid=627BFD7A56A5CB624C47FDDEAB2FC509.web07-pub?0,https://www.bundesanzeiger.de/pub/de/suche;wwwsid=627BFD7A56A5CB624C47FDDEAB2FC509.web07-pub?0,1620586385,14:53:05,20210509
110,1993-06-30,AINN.DE,USD,1993-06-30,1993-06-30,Q2,4642500000,0.0,0.0,0.0,0.0,0.0,0.0,0.0,0.0,2113000000.0,0.0,118100000.0,0.0,0.0,0.0,0.0,834100000.0,0.0,0.0,168600000.0,481600000,0.10373721055465805,4.8,4.8,100333333,100333333,https://www.bundesanzeiger.de/pub/de/suche;wwwsid=627BFD7A56A5CB624C47FDDEAB2FC509.web07-pub?0,https://www.bundesanzeiger.de/pub/de/suche;wwwsid=627BFD7A56A5CB624C47FDDEAB2FC509.web07-pub?0,1620586385,14:53:05,20210509
111,1993-03-31,AINN.DE,USD,1993-03-31,1993-03-31,Q1,4316600000,0.0,0.0,0.0,0.0,0.0,0.0,0.0,0.0,1860200000.0,0.0,108000000.0,0.0,0.0,0.0,0.0,824700000.0,0.0,0.0,165000000.0,495900000,0.11488208312097484,4.6,4.6,107804348,107804348,https://www.bundesanzeiger.de/pub/de/suche;wwwsid=627BFD7A56A5CB624C47FDDEAB2FC509.web07-pub?0,https://www.bundesanzeiger.de/pub/de/suche;wwwsid=627BFD7A56A5CB624C47FDDEAB2FC509.web07-pub?0,1620586385,14:53:05,20210509
112,1992-12-31,AINN.DE,USD,1992-12-31,1992-12-31,Q4,4494200000,0.0,0.0,0.0,0.0,0.0,0.0,0.0,0.0,2056100000.0,0.0,103500000.0,0.0,0.0,0.0,0.0,797800000.0,0.0,0.0,145800000.0,472800000,0.10520226069155801,0.5448804295623411,0.5448804295623411,867713308,867713308,https://www.bundesanzeiger.de/pub/de/suche;wwwsid=627BFD7A56A5CB624C47FDDEAB2FC509.web07-pub?0,https://www.bundesanzeiger.de/pub/de/suche;wwwsid=627BFD7A56A5CB624C47FDDEAB2FC509.web07-pub?0,1620586385,14:53:05,20210509
113,1992-09-30,AINN.DE,USD,1992-09-30,1992-09-30,Q3,4295300000,0.0,0.0,0.0,0.0,0.0,0.0,0.0,0.0,1885700000.0,0.0,104200000.0,0.0,0.0,0.0,0.0,770300000.0,0.0,0.0,96100000.0,344600000,0.08022722510651177,3.4,3.4,101352941,101352941,https://www.bundesanzeiger.de/pub/de/suche;wwwsid=627BFD7A56A5CB624C47FDDEAB2FC509.web07-pub?0,https://www.bundesanzeiger.de/pub/de/suche;wwwsid=627BFD7A56A5CB624C47FDDEAB2FC509.web07-pub?0,1620586385,14:53:05,20210509
114,1992-06-30,AINN.DE,USD,1992-06-30,1992-06-30,Q2,4207400000,0.0,0.0,0.0,0.0,0.0,0.0,0.0,0.0,1808700000.0,0.0,95100000.0,0.0,0.0,0.0,0.0,737600000.0,0.0,0.0,135600000.0,425600000,0.10115510766744308,4.2,4.2,101333333,101333333,https://www.bundesanzeiger.de/pub/de/suche;wwwsid=627BFD7A56A5CB624C47FDDEAB2FC509.web07-pub?0,https://www.bundesanzeiger.de/pub/de/suche;wwwsid=627BFD7A56A5CB624C47FDDEAB2FC509.web07-pub?0,1620586385,14:53:05,20210509
115,1992-03-31,AINN.DE,USD,1992-03-31,1992-03-31,Q1,4087100000,0.0,0.0,0.0,0.0,0.0,0.0,0.0,0.0,1693400000.0,0.0,89100000.0,0.0,0.0,0.0,0.0,715900000.0,0.0,0.0,134600000.0,413900000,0.10126984903721466,4.0,4.0,103475000,103475000,https://www.bundesanzeiger.de/pub/de/suche;wwwsid=627BFD7A56A5CB624C47FDDEAB2FC509.web07-pub?0,https://www.bundesanzeiger.de/pub/de/suche;wwwsid=627BFD7A56A5CB624C47FDDEAB2FC509.web07-pub?0,1620586385,14:53:05,20210509
116,1991-12-31,AINN.DE,USD,1991-12-31,1991-12-31,Q4,4214400000,0.0,0.0,0.0,0.0,0.0,0.0,0.0,0.0,1823400000.0,0.0,0.0,0.0,0.0,0.0,0.0,686400000.0,0.0,0.0,119100000.0,399800000,0.0948652239939256,0.46075126002331634,0.46075126002331634,867713308,867713308,https://www.bundesanzeiger.de/pub/de/suche;wwwsid=627BFD7A56A5CB624C47FDDEAB2FC509.web07-pub?0,https://www.bundesanzeiger.de/pub/de/suche;wwwsid=627BFD7A56A5CB624C47FDDEAB2FC509.web07-pub?0,1620586385,14:53:05,20210509
117,1991-09-30,AINN.DE,USD,1991-09-30,1991-09-30,Q3,3912500000,0.0,0.0,0.0,0.0,0.0,0.0,0.0,0.0,1618900000.0,0.0,0.0,0.0,0.0,0.0,0.0,674600000.0,0.0,0.0,110200000.0,376800000,0.09630670926517572,3.8,3.8,99157895,99157895,https://www.bundesanzeiger.de/pub/de/suche;wwwsid=627BFD7A56A5CB624C47FDDEAB2FC509.web07-pub?0,https://www.bundesanzeiger.de/pub/de/suche;wwwsid=627BFD7A56A5CB624C47FDDEAB2FC509.web07-pub?0,1620586385,14:53:05,20210509
118,1991-06-30,AINN.DE,USD,1991-06-30,1991-06-30,Q2,3850900000,0.0,0.0,0.0,0.0,0.0,0.0,0.0,0.0,1596500000.0,0.0,0.0,0.0,0.0,0.0,0.0,647100000.0,0.0,0.0,119500000.0,401000000,0.10413150172686904,4.0,4.0,100250000,100250000,https://www.bundesanzeiger.de/pub/de/suche;wwwsid=627BFD7A56A5CB624C47FDDEAB2FC509.web07-pub?0,https://www.bundesanzeiger.de/pub/de/suche;wwwsid=627BFD7A56A5CB624C47FDDEAB2FC509.web07-pub?0,1620586385,14:53:05,20210509
119,1991-03-31,AINN.DE,USD,1991-03-31,1991-03-31,Q1,3814700000,0.0,0.0,0.0,0.0,0.0,0.0,0.0,0.0,1544500000.0,0.0,0.0,0.0,0.0,0.0,0.0,620500000.0,0.0,0.0,120800000.0,375400000,0.09840878706058144,3.8,3.8,98789474,98789474,https://www.bundesanzeiger.de/pub/de/suche;wwwsid=627BFD7A56A5CB624C47FDDEAB2FC509.web07-pub?0,https://www.bundesanzeiger.de/pub/de/suche;wwwsid=627BFD7A56A5CB624C47FDDEAB2FC509.web07-pub?0,1620586385,14:53:05,20210509
120,1990-12-31,AINN.DE,USD,1990-12-31,1990-12-31,Q4,4038700000,0.0,0.0,0.0,0.0,0.0,0.0,0.0,0.0,1680800000.0,0.0,0.0,0.0,0.0,0.0,0.0,592300000.0,0.0,0.0,85200000.0,382000000,0.09458489117785426,0.44023757210832126,0.44023757210832126,867713308,867713308,https://www.bundesanzeiger.de/pub/de/suche;wwwsid=627BFD7A56A5CB624C47FDDEAB2FC509.web07-pub?0,https://www.bundesanzeiger.de/pub/de/suche;wwwsid=627BFD7A56A5CB624C47FDDEAB2FC509.web07-pub?0,1620586385,14:53:05,20210509
121,1990-09-30,AINN.DE,USD,1990-09-30,1990-09-30,Q3,3700400000,0.0,0.0,0.0,0.0,0.0,0.0,0.0,0.0,1472300000.0,0.0,0.0,0.0,0.0,0.0,0.0,552400000.0,0.0,0.0,93100000.0,336800000,0.09101718733109934,3.4,3.4,99058824,99058824,https://www.bundesanzeiger.de/pub/de/suche;wwwsid=627BFD7A56A5CB624C47FDDEAB2FC509.web07-pub?0,https://www.bundesanzeiger.de/pub/de/suche;wwwsid=627BFD7A56A5CB624C47FDDEAB2FC509.web07-pub?0,1620586385,14:53:05,20210509
122,1990-06-30,AINN.DE,USD,1990-06-30,1990-06-30,Q2,3637100000,0.0,0.0,0.0,0.0,0.0,0.0,0.0,0.0,1424900000.0,0.0,0.0,0.0,0.0,0.0,0.0,558000000.0,0.0,0.0,95100000.0,367900000,0.10115201671661489,3.8,3.8,96815789,96815789,https://www.bundesanzeiger.de/pub/de/suche;wwwsid=627BFD7A56A5CB624C47FDDEAB2FC509.web07-pub?0,https://www.bundesanzeiger.de/pub/de/suche;wwwsid=627BFD7A56A5CB624C47FDDEAB2FC509.web07-pub?0,1620586385,14:53:05,20210509
123,1990-03-31,AINN.DE,USD,1990-03-31,1990-03-31,Q1,3495200000,0.0,0.0,0.0,0.0,0.0,0.0,0.0,0.0,1329900000.0,0.0,0.0,0.0,0.0,0.0,0.0,541700000.0,0.0,0.0,95800000.0,355700000,0.1017681391622797,3.6,3.6,98805556,98805556,https://www.bundesanzeiger.de/pub/de/suche;wwwsid=627BFD7A56A5CB624C47FDDEAB2FC509.web07-pub?0,https://www.bundesanzeiger.de/pub/de/suche;wwwsid=627BFD7A56A5CB624C47FDDEAB2FC509.web07-pub?0,1620586385,14:53:05,20210509
124,1989-12-31,AINN.DE,USD,1989-12-31,1989-12-31,Q4,3545400000,0.0,0.0,0.0,0.0,0.0,0.0,0.0,0.0,0.0,0.0,0.0,0.0,0.0,0.0,0.0,0.0,0.0,0.0,0.0,348100000,0.09818356179838664,0.40116936871965087,0.40116936871965087,867713308,867713308,https://www.bundesanzeiger.de/pub/de/suche;wwwsid=627BFD7A56A5CB624C47FDDEAB2FC509.web07-pub?0,https://www.bundesanzeiger.de/pub/de/suche;wwwsid=627BFD7A56A5CB624C47FDDEAB2FC509.web07-pub?0,1620586385,14:53:05,20210509
125,1989-09-30,AINN.DE,USD,1989-09-30,1989-09-30,Q3,3336600000,0.0,0.0,0.0,0.0,0.0,0.0,0.0,0.0,0.0,0.0,0.0,0.0,0.0,0.0,0.0,0.0,0.0,0.0,0.0,323800000,0.09704489600191812,3.4,3.4,95235294,95235294,https://www.bundesanzeiger.de/pub/de/suche;wwwsid=627BFD7A56A5CB624C47FDDEAB2FC509.web07-pub?0,https://www.bundesanzeiger.de/pub/de/suche;wwwsid=627BFD7A56A5CB624C47FDDEAB2FC509.web07-pub?0,1620586385,14:53:05,20210509
126,1989-06-30,AINN.DE,USD,1989-06-30,1989-06-30,Q2,3340000000,0.0,0.0,0.0,0.0,0.0,0.0,0.0,0.0,0.0,0.0,0.0,0.0,0.0,0.0,0.0,0.0,0.0,0.0,0.0,352200000,0.10544910179640718,3.6,3.6,97833333,97833333,https://www.bundesanzeiger.de/pub/de/suche;wwwsid=627BFD7A56A5CB624C47FDDEAB2FC509.web07-pub?0,https://www.bundesanzeiger.de/pub/de/suche;wwwsid=627BFD7A56A5CB624C47FDDEAB2FC509.web07-pub?0,1620586385,14:53:05,20210509
127,1989-03-31,AINN.DE,USD,1989-03-31,1989-03-31,Q1,3253600000,0.0,0.0,0.0,0.0,0.0,0.0,0.0,0.0,0.0,0.0,0.0,0.0,0.0,0.0,0.0,0.0,0.0,0.0,0.0,343400000,0.10554462748955004,3.4,3.4,101000000,101000000,https://www.bundesanzeiger.de/pub/de/suche;wwwsid=627BFD7A56A5CB624C47FDDEAB2FC509.web07-pub?0,https://www.bundesanzeiger.de/pub/de/suche;wwwsid=627BFD7A56A5CB624C47FDDEAB2FC509.web07-pub?0,1620586385,14:53:05,20210509
128,1988-12-31,AINN.DE,USD,1988-12-31,1988-12-31,Q4,3430900000,0.0,0.0,0.0,0.0,0.0,0.0,0.0,0.0,0.0,0.0,0.0,0.0,0.0,0.0,0.0,0.0,0.0,0.0,0.0,329200000,0.09595149960651723,0.37938798098968424,0.37938798098968424,867713308,867713308,https://www.bundesanzeiger.de/pub/de/suche;wwwsid=627BFD7A56A5CB624C47FDDEAB2FC509.web07-pub?0,https://www.bundesanzeiger.de/pub/de/suche;wwwsid=627BFD7A56A5CB624C47FDDEAB2FC509.web07-pub?0,1620586385,14:53:05,20210509
129,1988-09-30,AINN.DE,USD,1988-09-30,1988-09-30,Q3,3431000000,0.0,0.0,0.0,0.0,0.0,0.0,0.0,0.0,0.0,0.0,0.0,0.0,0.0,0.0,0.0,0.0,0.0,0.0,0.0,273900000,0.07983095307490527,2.8,2.8,97821429,97821429,https://www.bundesanzeiger.de/pub/de/suche;wwwsid=627BFD7A56A5CB624C47FDDEAB2FC509.web07-pub?0,https://www.bundesanzeiger.de/pub/de/suche;wwwsid=627BFD7A56A5CB624C47FDDEAB2FC509.web07-pub?0,1620586385,14:53:05,20210509
130,1988-06-30,AINN.DE,USD,1988-06-30,1988-06-30,Q2,3153200000,0.0,0.0,0.0,0.0,0.0,0.0,0.0,0.0,0.0,0.0,0.0,0.0,0.0,0.0,0.0,0.0,0.0,0.0,0.0,313500000,0.09942280857541545,3.2,3.2,97968750,97968750,https://www.bundesanzeiger.de/pub/de/suche;wwwsid=627BFD7A56A5CB624C47FDDEAB2FC509.web07-pub?0,https://www.bundesanzeiger.de/pub/de/suche;wwwsid=627BFD7A56A5CB624C47FDDEAB2FC509.web07-pub?0,1620586385,14:53:05,20210509
131,1988-03-31,AINN.DE,USD,1988-03-31,1988-03-31,Q1,3196100000,0.0,0.0,0.0,0.0,0.0,0.0,0.0,0.0,0.0,0.0,0.0,0.0,0.0,0.0,0.0,0.0,0.0,0.0,0.0,300400000,0.0939895497637746,3.0,3.0,100133333,100133333,https://www.bundesanzeiger.de/pub/de/suche;wwwsid=627BFD7A56A5CB624C47FDDEAB2FC509.web07-pub?0,https://www.bundesanzeiger.de/pub/de/suche;wwwsid=627BFD7A56A5CB624C47FDDEAB2FC509.web07-pub?0,1620586385,14:53:05,20210509
132,1987-12-31,AINN.DE,USD,1987-12-31,1987-12-31,Q4,3304100000,0.0,0.0,0.0,0.0,0.0,0.0,0.0,0.0,0.0,0.0,0.0,0.0,0.0,0.0,0.0,0.0,0.0,0.0,0.0,269900000,0.08168638963711752,0.31104743641894217,0.31104743641894217,867713308,867713308,https://www.bundesanzeiger.de/pub/de/suche;wwwsid=627BFD7A56A5CB624C47FDDEAB2FC509.web07-pub?0,https://www.bundesanzeiger.de/pub/de/suche;wwwsid=627BFD7A56A5CB624C47FDDEAB2FC509.web07-pub?0,1620586385,14:53:05,20210509
133,1987-09-30,AINN.DE,USD,1987-09-30,1987-09-30,Q3,2652500000,0.0,0.0,0.0,0.0,0.0,0.0,0.0,0.0,0.0,0.0,0.0,0.0,0.0,0.0,0.0,0.0,0.0,0.0,0.0,232000000,0.08746465598491988,2.4,2.4,96666667,96666667,https://www.bundesanzeiger.de/pub/de/suche;wwwsid=627BFD7A56A5CB624C47FDDEAB2FC509.web07-pub?0,https://www.bundesanzeiger.de/pub/de/suche;wwwsid=627BFD7A56A5CB624C47FDDEAB2FC509.web07-pub?0,1620586385,14:53:05,20210509
134,1987-06-30,AINN.DE,USD,1987-06-30,1987-06-30,Q2,2684200000,0.0,0.0,0.0,0.0,0.0,0.0,0.0,0.0,0.0,0.0,0.0,0.0,0.0,0.0,0.0,0.0,0.0,0.0,0.0,235200000,0.08762387303479621,2.4,2.4,98000000,98000000,https://www.bundesanzeiger.de/pub/de/suche;wwwsid=627BFD7A56A5CB624C47FDDEAB2FC509.web07-pub?0,https://www.bundesanzeiger.de/pub/de/suche;wwwsid=627BFD7A56A5CB624C47FDDEAB2FC509.web07-pub?0,1620586385,14:53:05,20210509
135,1987-03-31,AINN.DE,USD,1987-03-31,1987-03-31,Q1,2504200000,0.0,0.0,0.0,0.0,0.0,0.0,0.0,0.0,0.0,0.0,0.0,0.0,0.0,0.0,0.0,0.0,0.0,0.0,0.0,207400000,0.08282086095359796,2.2,2.2,94272727,94272727,https://www.bundesanzeiger.de/pub/de/suche;wwwsid=627BFD7A56A5CB624C47FDDEAB2FC509.web07-pub?0,https://www.bundesanzeiger.de/pub/de/suche;wwwsid=627BFD7A56A5CB624C47FDDEAB2FC509.web07-pub?0,1620586385,14:53:05,20210509
136,1986-12-31,AINN.DE,USD,1986-12-31,1986-12-31,Q4,2568600000,0.0,0.0,0.0,0.0,0.0,0.0,0.0,0.0,0.0,0.0,0.0,0.0,0.0,0.0,0.0,0.0,0.0,0.0,0.0,202600000,0.07887565210620572,0.23348725683022484,0.23348725683022484,867713308,867713308,https://www.bundesanzeiger.de/pub/de/suche;wwwsid=627BFD7A56A5CB624C47FDDEAB2FC509.web07-pub?0,https://www.bundesanzeiger.de/pub/de/suche;wwwsid=627BFD7A56A5CB624C47FDDEAB2FC509.web07-pub?0,1620586385,14:53:05,20210509
137,1986-09-30,AINN.DE,USD,1986-09-30,1986-09-30,Q3,2249100000,0.0,0.0,0.0,0.0,0.0,0.0,0.0,0.0,0.0,0.0,0.0,0.0,0.0,0.0,0.0,0.0,0.0,0.0,0.0,176200000,0.07834244809034725,1.8,1.8,97888889,97888889,https://www.bundesanzeiger.de/pub/de/suche;wwwsid=627BFD7A56A5CB624C47FDDEAB2FC509.web07-pub?0,https://www.bundesanzeiger.de/pub/de/suche;wwwsid=627BFD7A56A5CB624C47FDDEAB2FC509.web07-pub?0,1620586385,14:53:05,20210509
138,1986-06-30,AINN.DE,USD,1986-06-30,1986-06-30,Q2,2129200000,0.0,0.0,0.0,0.0,0.0,0.0,0.0,0.0,0.0,0.0,0.0,0.0,0.0,0.0,0.0,0.0,0.0,0.0,0.0,153900000,0.07228066879579184,1.6,1.6,96187500,96187500,https://www.bundesanzeiger.de/pub/de/suche;wwwsid=627BFD7A56A5CB624C47FDDEAB2FC509.web07-pub?0,https://www.bundesanzeiger.de/pub/de/suche;wwwsid=627BFD7A56A5CB624C47FDDEAB2FC509.web07-pub?0,1620586385,14:53:05,20210509
139,1986-03-31,AINN.DE,USD,1986-03-31,1986-03-31,Q1,1773400000,0.0,0.0,0.0,0.0,0.0,0.0,0.0,0.0,0.0,0.0,0.0,0.0,0.0,0.0,0.0,0.0,0.0,0.0,0.0,123900000,0.06986579451900304,1.4,1.4,88500000,88500000,https://www.bundesanzeiger.de/pub/de/suche;wwwsid=627BFD7A56A5CB624C47FDDEAB2FC509.web07-pub?0,https://www.bundesanzeiger.de/pub/de/suche;wwwsid=627BFD7A56A5CB624C47FDDEAB2FC509.web07-pub?0,1620586385,14:53:05,20210509
140,1985-12-31,AINN.DE,USD,1985-12-31,1985-12-31,Q4,1795600000,0.0,0.0,0.0,0.0,0.0,0.0,0.0,0.0,0.0,0.0,0.0,0.0,0.0,0.0,0.0,0.0,0.0,0.0,0.0,108500000,0.06042548451770996,0.1250412999312902,0.1250412999312902,867713308,867713308,https://www.bundesanzeiger.de/pub/de/suche;wwwsid=627BFD7A56A5CB624C47FDDEAB2FC509.web07-pub?0,https://www.bundesanzeiger.de/pub/de/suche;wwwsid=627BFD7A56A5CB624C47FDDEAB2FC509.web07-pub?0,1620586385,14:53:05,20210509
141,1985-09-30,AINN.DE,USD,1985-09-30,1985-09-30,Q3,1446500000,0.0,0.0,0.0,0.0,0.0,0.0,0.0,0.0,0.0,0.0,0.0,0.0,0.0,0.0,0.0,0.0,0.0,0.0,0.0,100500000,0.06947805046664363,1.0,1.0,100500000,100500000,https://www.bundesanzeiger.de/pub/de/suche;wwwsid=627BFD7A56A5CB624C47FDDEAB2FC509.web07-pub?0,https://www.bundesanzeiger.de/pub/de/suche;wwwsid=627BFD7A56A5CB624C47FDDEAB2FC509.web07-pub?0,1620586385,14:53:05,20210509
