,date,symbol,reportedCurrency,fillingDate,acceptedDate,period,revenue,costOfRevenue,grossProfit,grossProfitRatio,researchAndDevelopmentExpenses,generalAndAdministrativeExpenses,sellingAndMarketingExpenses,otherExpenses,operatingExpenses,costAndExpenses,interestExpense,depreciationAndAmortization,ebitda,ebitdaratio,operatingIncome,operatingIncomeRatio,totalOtherIncomeExpensesNet,incomeBeforeTax,incomeBeforeTaxRatio,incomeTaxExpense,netIncome,netIncomeRatio,eps,epsdiluted,weightedAverageShsOut,weightedAverageShsOutDil,link,finalLink,timestamp,est_time,est_date
0,2020-09-30,PHI.L,GBP,2020-09-30,2020-09-30,Q3,20355500.0,0.0,0.0,0.0,0.0,119750.0,0.0,0.0,0.0,0.0,84250.0,0.0,0.0,0.0,0.0,0.0,0.0,20235750.0,0.9941170690968043,72250.0,20163500.0,0.9905676598462332,0.3442905263937231,0.3442905263937231,58565364,58565364,https://find-and-update.company-information.service.gov.uk/search/companies?q=Pacific+Horizon+Investment+Trust+PLC,https://find-and-update.company-information.service.gov.uk/search/companies?q=Pacific+Horizon+Investment+Trust+PLC,1620596546,17:42:26,20210509
1,2020-06-30,PHI.L,GBP,2020-06-30,2020-06-30,Q2,20355500.0,0.0,0.0,0.0,0.0,119750.0,0.0,0.0,0.0,0.0,84250.0,0.0,0.0,0.0,0.0,0.0,0.0,20235750.0,0.9941170690968043,72250.0,20163500.0,0.9905676598462332,0.3442905263937231,0.3442905263937231,58565364,58565364,https://find-and-update.company-information.service.gov.uk/search/companies?q=Pacific+Horizon+Investment+Trust+PLC,https://find-and-update.company-information.service.gov.uk/search/companies?q=Pacific+Horizon+Investment+Trust+PLC,1620596546,17:42:26,20210509
2,2020-03-31,PHI.L,GBP,2020-03-31,2020-03-31,Q1,20355500.0,0.0,0.0,0.0,0.0,119750.0,0.0,0.0,0.0,0.0,84250.0,0.0,0.0,0.0,0.0,0.0,0.0,20235750.0,0.9941170690968043,72250.0,20163500.0,0.9905676598462332,0.3442905263937231,0.3442905263937231,58565364,58565364,https://find-and-update.company-information.service.gov.uk/search/companies?q=Pacific+Horizon+Investment+Trust+PLC,https://find-and-update.company-information.service.gov.uk/search/companies?q=Pacific+Horizon+Investment+Trust+PLC,1620596546,17:42:26,20210509
3,2020-01-31,PHI.L,GBP,2020-01-31,2020-01-31,Q1,20355500.0,0.0,0.0,0.0,0.0,119750.0,0.0,0.0,0.0,0.0,84250.0,0.0,0.0,0.0,0.0,0.0,0.0,20235750.0,0.9941170690968043,72250.0,20163500.0,0.9905676598462332,0.3442905263937231,0.3442905263937231,58565364,58565364,https://find-and-update.company-information.service.gov.uk/search/companies?q=Pacific+Horizon+Investment+Trust+PLC,https://find-and-update.company-information.service.gov.uk/search/companies?q=Pacific+Horizon+Investment+Trust+PLC,1620596546,17:42:26,20210509
4,2019-06-30,PHI.L,GBP,2019-06-30,2019-06-30,Q2,-790250.0,0.0,0.0,0.0,0.0,135500.0,0.0,0.0,0.0,0.0,110000.0,0.0,0.0,0.0,0.0,0.0,0.0,-925750.0,1.17146472635242,46500.0,-972250.0,1.2303068649161657,-0.0166,-0.0166,58565364,58565364,https://find-and-update.company-information.service.gov.uk/search/companies?q=Pacific+Horizon+Investment+Trust+PLC,https://find-and-update.company-information.service.gov.uk/search/companies?q=Pacific+Horizon+Investment+Trust+PLC,1620596546,17:42:26,20210509
5,2019-03-31,PHI.L,GBP,2019-03-31,2019-03-31,Q1,-790250.0,0.0,0.0,0.0,0.0,135500.0,0.0,0.0,0.0,0.0,110000.0,0.0,0.0,0.0,0.0,0.0,0.0,-925750.0,1.17146472635242,46500.0,-972250.0,1.2303068649161657,-0.0166,-0.0166,58565364,58565364,https://find-and-update.company-information.service.gov.uk/search/companies?q=Pacific+Horizon+Investment+Trust+PLC,https://find-and-update.company-information.service.gov.uk/search/companies?q=Pacific+Horizon+Investment+Trust+PLC,1620596546,17:42:26,20210509
6,2019-01-31,PHI.L,GBP,2019-01-31,2019-01-31,Q1,-790250.0,0.0,0.0,0.0,0.0,135500.0,0.0,0.0,0.0,0.0,110000.0,0.0,0.0,0.0,0.0,0.0,0.0,-925750.0,1.17146472635242,46500.0,-972250.0,1.2303068649161657,-0.0166,-0.0166,58565364,58565364,https://find-and-update.company-information.service.gov.uk/search/companies?q=Pacific+Horizon+Investment+Trust+PLC,https://find-and-update.company-information.service.gov.uk/search/companies?q=Pacific+Horizon+Investment+Trust+PLC,1620596546,17:42:26,20210509
7,2018-06-30,PHI.L,GBP,2018-06-30,2018-06-30,Q2,5701000.0,0.0,0.0,0.0,0.0,133500.0,0.0,0.0,0.0,0.0,68750.0,0.0,0.0,0.0,0.0,0.0,0.0,5567500.0,0.9765830556042799,38750.0,5528750.0,0.9697860024557096,0.10075,0.10075,54868308,54868308,https://find-and-update.company-information.service.gov.uk/search/companies?q=Pacific+Horizon+Investment+Trust+PLC,https://find-and-update.company-information.service.gov.uk/search/companies?q=Pacific+Horizon+Investment+Trust+PLC,1620596546,17:42:26,20210509
8,2018-03-31,PHI.L,GBP,2018-03-31,2018-03-31,Q1,5701000.0,0.0,0.0,0.0,0.0,133500.0,0.0,0.0,0.0,0.0,68750.0,0.0,0.0,0.0,0.0,0.0,0.0,5567500.0,0.9765830556042799,38750.0,5528750.0,0.9697860024557096,0.10075,0.10075,54868308,54868308,https://find-and-update.company-information.service.gov.uk/search/companies?q=Pacific+Horizon+Investment+Trust+PLC,https://find-and-update.company-information.service.gov.uk/search/companies?q=Pacific+Horizon+Investment+Trust+PLC,1620596546,17:42:26,20210509
9,2018-01-31,PHI.L,GBP,2018-01-31,2018-01-31,Q1,5701000.0,0.0,0.0,0.0,0.0,133500.0,0.0,0.0,0.0,0.0,68750.0,0.0,0.0,0.0,0.0,0.0,0.0,5567500.0,0.9765830556042799,38750.0,5528750.0,0.9697860024557096,0.10075,0.10075,54868308,54868308,https://find-and-update.company-information.service.gov.uk/search/companies?q=Pacific+Horizon+Investment+Trust+PLC,https://find-and-update.company-information.service.gov.uk/search/companies?q=Pacific+Horizon+Investment+Trust+PLC,1620596546,17:42:26,20210509
10,2017-06-30,PHI.L,GBP,2017-06-30,2017-06-30,Q2,12004250.0,0.0,0.0,0.0,0.0,106250.0,0.0,0.0,303500.0,0.0,29750.0,0.0,0.0,0.0,11898000.0,0.9911489680738071,0.0,11898000.0,0.9911489680738071,32750.0,11865250.0,0.9884207676447925,0.2159,0.2159,54958654,54958654,https://find-and-update.company-information.service.gov.uk/search/companies?q=Pacific+Horizon+Investment+Trust+PLC,https://find-and-update.company-information.service.gov.uk/search/companies?q=Pacific+Horizon+Investment+Trust+PLC,1620596546,17:42:26,20210509
11,2017-03-31,PHI.L,GBP,2017-03-31,2017-03-31,Q1,12004250.0,0.0,0.0,0.0,0.0,106250.0,0.0,0.0,303500.0,0.0,29750.0,0.0,0.0,0.0,11898000.0,0.9911489680738071,0.0,11898000.0,0.9911489680738071,32750.0,11865250.0,0.9884207676447925,0.2159,0.2159,54958654,54958654,https://find-and-update.company-information.service.gov.uk/search/companies?q=Pacific+Horizon+Investment+Trust+PLC,https://find-and-update.company-information.service.gov.uk/search/companies?q=Pacific+Horizon+Investment+Trust+PLC,1620596546,17:42:26,20210509
12,2017-01-31,PHI.L,GBP,2017-01-31,2017-01-31,Q1,12004250.0,0.0,0.0,0.0,0.0,106250.0,0.0,0.0,303500.0,0.0,29750.0,0.0,0.0,0.0,11898000.0,0.9911489680738071,0.0,11898000.0,0.9911489680738071,32750.0,11865250.0,0.9884207676447925,0.2159,0.2159,54958654,54958654,https://find-and-update.company-information.service.gov.uk/search/companies?q=Pacific+Horizon+Investment+Trust+PLC,https://find-and-update.company-information.service.gov.uk/search/companies?q=Pacific+Horizon+Investment+Trust+PLC,1620596546,17:42:26,20210509
13,2016-06-30,PHI.L,GBP,2016-06-30,2016-06-30,Q2,3714750.0,0.0,0.0,0.0,0.0,97250.0,0.0,0.0,0.0,0.0,31750.0,0.0,0.0,0.0,0.0,0.0,0.0,3617500.0,0.9738205801197927,24500.0,3593000.0,0.9672252506898176,0.059875,0.059875,60007258,60007258,https://find-and-update.company-information.service.gov.uk/search/companies?q=Pacific+Horizon+Investment+Trust+PLC,https://find-and-update.company-information.service.gov.uk/search/companies?q=Pacific+Horizon+Investment+Trust+PLC,1620596546,17:42:26,20210509
14,2016-03-31,PHI.L,GBP,2016-03-31,2016-03-31,Q1,3714750.0,0.0,0.0,0.0,0.0,97250.0,0.0,0.0,0.0,0.0,31750.0,0.0,0.0,0.0,0.0,0.0,0.0,3617500.0,0.9738205801197927,24500.0,3593000.0,0.9672252506898176,0.059875,0.059875,60007258,60007258,https://find-and-update.company-information.service.gov.uk/search/companies?q=Pacific+Horizon+Investment+Trust+PLC,https://find-and-update.company-information.service.gov.uk/search/companies?q=Pacific+Horizon+Investment+Trust+PLC,1620596546,17:42:26,20210509
15,2016-01-31,PHI.L,GBP,2016-01-31,2016-01-31,Q1,3714750.0,0.0,0.0,0.0,0.0,97250.0,0.0,0.0,0.0,0.0,31750.0,0.0,0.0,0.0,0.0,0.0,0.0,3617500.0,0.9738205801197927,24500.0,3593000.0,0.9672252506898176,0.059875,0.059875,60007258,60007258,https://find-and-update.company-information.service.gov.uk/search/companies?q=Pacific+Horizon+Investment+Trust+PLC,https://find-and-update.company-information.service.gov.uk/search/companies?q=Pacific+Horizon+Investment+Trust+PLC,1620596546,17:42:26,20210509
16,2015-09-30,PHI.L,GBP,2015-09-30,2015-09-30,Q3,25250.0,0.0,0.0,0.0,0.0,99250.0,0.0,0.0,281250.0,0.0,23250.0,0.0,0.0,0.0,-74000.0,-2.9306930693069306,0.0,-74000.0,-2.9306930693069306,33250.0,-107250.0,-4.247524752475248,-0.0016,-0.0016,66526663,66526663,https://find-and-update.company-information.service.gov.uk/search/companies?q=Pacific+Horizon+Investment+Trust+PLC,https://find-and-update.company-information.service.gov.uk/search/companies?q=Pacific+Horizon+Investment+Trust+PLC,1620596546,17:42:26,20210509
17,2015-06-30,PHI.L,GBP,2015-06-30,2015-06-30,Q2,25250.0,0.0,0.0,0.0,0.0,99250.0,0.0,0.0,281250.0,0.0,23250.0,0.0,0.0,0.0,-74000.0,-2.9306930693069306,0.0,-74000.0,-2.9306930693069306,33250.0,-107250.0,-4.247524752475248,-0.0016,-0.0016,66526663,66526663,https://find-and-update.company-information.service.gov.uk/search/companies?q=Pacific+Horizon+Investment+Trust+PLC,https://find-and-update.company-information.service.gov.uk/search/companies?q=Pacific+Horizon+Investment+Trust+PLC,1620596546,17:42:26,20210509
18,2015-03-31,PHI.L,GBP,2015-03-31,2015-03-31,Q1,25250.0,0.0,0.0,0.0,0.0,99250.0,0.0,0.0,281250.0,0.0,23250.0,0.0,0.0,0.0,-74000.0,-2.9306930693069306,0.0,-74000.0,-2.9306930693069306,33250.0,-107250.0,-4.247524752475248,-0.0016,-0.0016,66526663,66526663,https://find-and-update.company-information.service.gov.uk/search/companies?q=Pacific+Horizon+Investment+Trust+PLC,https://find-and-update.company-information.service.gov.uk/search/companies?q=Pacific+Horizon+Investment+Trust+PLC,1620596546,17:42:26,20210509
19,2015-01-31,PHI.L,GBP,2015-01-31,2015-01-31,Q1,25250.0,0.0,0.0,0.0,0.0,99250.0,0.0,0.0,281250.0,0.0,23250.0,0.0,0.0,0.0,-74000.0,-2.9306930693069306,0.0,-74000.0,-2.9306930693069306,33250.0,-107250.0,-4.247524752475248,-0.0016,-0.0016,66526663,66526663,https://find-and-update.company-information.service.gov.uk/search/companies?q=Pacific+Horizon+Investment+Trust+PLC,https://find-and-update.company-information.service.gov.uk/search/companies?q=Pacific+Horizon+Investment+Trust+PLC,1620596546,17:42:26,20210509
20,2014-09-30,PHI.L,GBP,2014-09-30,2014-09-30,Q3,3712500.0,0.0,0.0,0.0,0.0,85500.0,0.0,0.0,258750.0,0.0,1500.0,0.0,0.0,0.0,3627000.0,0.9769696969696969,0.0,3627000.0,0.9769696969696969,38500.0,3588500.0,0.9665993265993266,0.0493,0.0493,72777640,72777640,https://find-and-update.company-information.service.gov.uk/search/companies?q=Pacific+Horizon+Investment+Trust+PLC,https://find-and-update.company-information.service.gov.uk/search/companies?q=Pacific+Horizon+Investment+Trust+PLC,1620596546,17:42:26,20210509
21,2014-06-30,PHI.L,GBP,2014-06-30,2014-06-30,Q2,3712500.0,0.0,0.0,0.0,0.0,85500.0,0.0,0.0,258750.0,0.0,1500.0,0.0,0.0,0.0,3627000.0,0.9769696969696969,0.0,3627000.0,0.9769696969696969,38500.0,3588500.0,0.9665993265993266,0.0493,0.0493,72777640,72777640,https://find-and-update.company-information.service.gov.uk/search/companies?q=Pacific+Horizon+Investment+Trust+PLC,https://find-and-update.company-information.service.gov.uk/search/companies?q=Pacific+Horizon+Investment+Trust+PLC,1620596546,17:42:26,20210509
22,2014-03-31,PHI.L,GBP,2014-03-31,2014-03-31,Q1,3712500.0,0.0,0.0,0.0,0.0,85500.0,0.0,0.0,258750.0,0.0,1500.0,0.0,0.0,0.0,3627000.0,0.9769696969696969,0.0,3627000.0,0.9769696969696969,38500.0,3588500.0,0.9665993265993266,0.0493,0.0493,72777640,72777640,https://find-and-update.company-information.service.gov.uk/search/companies?q=Pacific+Horizon+Investment+Trust+PLC,https://find-and-update.company-information.service.gov.uk/search/companies?q=Pacific+Horizon+Investment+Trust+PLC,1620596546,17:42:26,20210509
23,2014-01-31,PHI.L,GBP,2014-01-31,2014-01-31,Q1,3712500.0,0.0,0.0,0.0,0.0,85500.0,0.0,0.0,258750.0,0.0,1500.0,0.0,0.0,0.0,3627000.0,0.9769696969696969,0.0,3627000.0,0.9769696969696969,38500.0,3588500.0,0.9665993265993266,0.0493,0.0493,72777640,72777640,https://find-and-update.company-information.service.gov.uk/search/companies?q=Pacific+Horizon+Investment+Trust+PLC,https://find-and-update.company-information.service.gov.uk/search/companies?q=Pacific+Horizon+Investment+Trust+PLC,1620596546,17:42:26,20210509
24,2013-09-30,PHI.L,GBP,2013-09-30,2013-09-30,Q3,2224750.0,0.0,0.0,0.0,0.0,78500.0,0.0,0.0,311500.0,0.0,0.0,0.0,0.0,0.0,2146250.0,0.9647151365321947,0.0,2146250.0,0.9647151365321947,41250.0,2105000.0,0.9461737273850994,0.0282,0.0282,74625072,74625072,https://find-and-update.company-information.service.gov.uk/search/companies?q=Pacific+Horizon+Investment+Trust+PLC,https://find-and-update.company-information.service.gov.uk/search/companies?q=Pacific+Horizon+Investment+Trust+PLC,1620596546,17:42:26,20210509
25,2013-06-30,PHI.L,GBP,2013-06-30,2013-06-30,Q2,2224750.0,0.0,0.0,0.0,0.0,78500.0,0.0,0.0,311500.0,0.0,0.0,0.0,0.0,0.0,2146250.0,0.9647151365321947,0.0,2146250.0,0.9647151365321947,41250.0,2105000.0,0.9461737273850994,0.0282,0.0282,74625072,74625072,https://find-and-update.company-information.service.gov.uk/search/companies?q=Pacific+Horizon+Investment+Trust+PLC,https://find-and-update.company-information.service.gov.uk/search/companies?q=Pacific+Horizon+Investment+Trust+PLC,1620596546,17:42:26,20210509
26,2013-03-31,PHI.L,GBP,2013-03-31,2013-03-31,Q1,2224750.0,0.0,0.0,0.0,0.0,78500.0,0.0,0.0,311500.0,0.0,0.0,0.0,0.0,0.0,2146250.0,0.9647151365321947,0.0,2146250.0,0.9647151365321947,41250.0,2105000.0,0.9461737273850994,0.0282,0.0282,74625072,74625072,https://find-and-update.company-information.service.gov.uk/search/companies?q=Pacific+Horizon+Investment+Trust+PLC,https://find-and-update.company-information.service.gov.uk/search/companies?q=Pacific+Horizon+Investment+Trust+PLC,1620596546,17:42:26,20210509
27,2013-01-31,PHI.L,GBP,2013-01-31,2013-01-31,Q1,2224750.0,0.0,0.0,0.0,0.0,78500.0,0.0,0.0,311500.0,0.0,0.0,0.0,0.0,0.0,2146250.0,0.9647151365321947,0.0,2146250.0,0.9647151365321947,41250.0,2105000.0,0.9461737273850994,0.0282,0.0282,74625072,74625072,https://find-and-update.company-information.service.gov.uk/search/companies?q=Pacific+Horizon+Investment+Trust+PLC,https://find-and-update.company-information.service.gov.uk/search/companies?q=Pacific+Horizon+Investment+Trust+PLC,1620596546,17:42:26,20210509
28,2012-09-30,PHI.L,GBP,2012-09-30,2012-09-30,Q3,-969500.0,0.0,0.0,0.0,0.0,75500.0,0.0,0.0,320500.0,0.0,0.0,0.0,0.0,0.0,-1045000.0,1.077875193398659,0.0,-1045000.0,1.077875193398659,39750.0,-1084750.0,1.1188757091284167,-0.01435,-0.01435,75638600,75638600,https://find-and-update.company-information.service.gov.uk/search/companies?q=Pacific+Horizon+Investment+Trust+PLC,https://find-and-update.company-information.service.gov.uk/search/companies?q=Pacific+Horizon+Investment+Trust+PLC,1620596546,17:42:26,20210509
29,2012-06-30,PHI.L,GBP,2012-06-30,2012-06-30,Q2,-969500.0,0.0,0.0,0.0,0.0,75500.0,0.0,0.0,320500.0,0.0,0.0,0.0,0.0,0.0,-1045000.0,1.077875193398659,0.0,-1045000.0,1.077875193398659,39750.0,-1084750.0,1.1188757091284167,-0.01435,-0.01435,75638600,75638600,https://find-and-update.company-information.service.gov.uk/search/companies?q=Pacific+Horizon+Investment+Trust+PLC,https://find-and-update.company-information.service.gov.uk/search/companies?q=Pacific+Horizon+Investment+Trust+PLC,1620596546,17:42:26,20210509
30,2012-03-31,PHI.L,GBP,2012-03-31,2012-03-31,Q1,-969500.0,0.0,0.0,0.0,0.0,75500.0,0.0,0.0,320500.0,0.0,0.0,0.0,0.0,0.0,-1045000.0,1.077875193398659,0.0,-1045000.0,1.077875193398659,39750.0,-1084750.0,1.1188757091284167,-0.01435,-0.01435,75638600,75638600,https://find-and-update.company-information.service.gov.uk/search/companies?q=Pacific+Horizon+Investment+Trust+PLC,https://find-and-update.company-information.service.gov.uk/search/companies?q=Pacific+Horizon+Investment+Trust+PLC,1620596546,17:42:26,20210509
31,2012-01-31,PHI.L,GBP,2012-01-31,2012-01-31,Q1,-969500.0,0.0,0.0,0.0,0.0,75500.0,0.0,0.0,320500.0,0.0,0.0,0.0,0.0,0.0,-1045000.0,1.077875193398659,0.0,-1045000.0,1.077875193398659,39750.0,-1084750.0,1.1188757091284167,-0.01435,-0.01435,75638600,75638600,https://find-and-update.company-information.service.gov.uk/search/companies?q=Pacific+Horizon+Investment+Trust+PLC,https://find-and-update.company-information.service.gov.uk/search/companies?q=Pacific+Horizon+Investment+Trust+PLC,1620596546,17:42:26,20210509
32,2011-09-30,PHI.L,GBP,2011-09-30,2011-09-30,Q3,3634250.0,0.0,0.0,0.0,0.0,76750.0,0.0,0.0,348500.0,0.0,0.0,0.0,0.0,0.0,3209000.0,0.8829882369127056,0.0,3209000.0,0.8829882369127056,48500.0,3160500.0,0.8696429799821146,0.040525,0.040525,77973139,77973139,https://find-and-update.company-information.service.gov.uk/search/companies?q=Pacific+Horizon+Investment+Trust+PLC,https://find-and-update.company-information.service.gov.uk/search/companies?q=Pacific+Horizon+Investment+Trust+PLC,1620596546,17:42:26,20210509
33,2011-06-30,PHI.L,GBP,2011-06-30,2011-06-30,Q2,3634250.0,0.0,0.0,0.0,0.0,76750.0,0.0,0.0,348500.0,0.0,0.0,0.0,0.0,0.0,3209000.0,0.8829882369127056,0.0,3209000.0,0.8829882369127056,48500.0,3160500.0,0.8696429799821146,0.040525,0.040525,77973139,77973139,https://find-and-update.company-information.service.gov.uk/search/companies?q=Pacific+Horizon+Investment+Trust+PLC,https://find-and-update.company-information.service.gov.uk/search/companies?q=Pacific+Horizon+Investment+Trust+PLC,1620596546,17:42:26,20210509
34,2011-03-31,PHI.L,GBP,2011-03-31,2011-03-31,Q1,3634250.0,0.0,0.0,0.0,0.0,76750.0,0.0,0.0,348500.0,0.0,0.0,0.0,0.0,0.0,3209000.0,0.8829882369127056,0.0,3209000.0,0.8829882369127056,48500.0,3160500.0,0.8696429799821146,0.040525,0.040525,77973139,77973139,https://find-and-update.company-information.service.gov.uk/search/companies?q=Pacific+Horizon+Investment+Trust+PLC,https://find-and-update.company-information.service.gov.uk/search/companies?q=Pacific+Horizon+Investment+Trust+PLC,1620596546,17:42:26,20210509
35,2011-01-31,PHI.L,GBP,2011-01-31,2011-01-31,Q1,3634250.0,0.0,0.0,0.0,0.0,76750.0,0.0,0.0,348500.0,0.0,0.0,0.0,0.0,0.0,3209000.0,0.8829882369127056,0.0,3209000.0,0.8829882369127056,48500.0,3160500.0,0.8696429799821146,0.040525,0.040525,77973139,77973139,https://find-and-update.company-information.service.gov.uk/search/companies?q=Pacific+Horizon+Investment+Trust+PLC,https://find-and-update.company-information.service.gov.uk/search/companies?q=Pacific+Horizon+Investment+Trust+PLC,1620596546,17:42:26,20210509
36,2010-09-30,PHI.L,GBP,2010-09-30,2010-09-30,Q3,6300250.0,0.0,0.0,0.0,0.0,73250.0,0.0,0.0,306000.0,0.0,0.0,0.0,0.0,0.0,5921000.0,0.9398039760326972,0.0,5921000.0,0.9398039760326972,46750.0,5874250.0,0.932383635570017,0.075025,0.075025,78287002,78287002,https://find-and-update.company-information.service.gov.uk/search/companies?q=Pacific+Horizon+Investment+Trust+PLC,https://find-and-update.company-information.service.gov.uk/search/companies?q=Pacific+Horizon+Investment+Trust+PLC,1620596546,17:42:26,20210509
37,2010-06-30,PHI.L,GBP,2010-06-30,2010-06-30,Q2,6300250.0,0.0,0.0,0.0,0.0,73250.0,0.0,0.0,306000.0,0.0,0.0,0.0,0.0,0.0,5921000.0,0.9398039760326972,0.0,5921000.0,0.9398039760326972,46750.0,5874250.0,0.932383635570017,0.075025,0.075025,78287002,78287002,https://find-and-update.company-information.service.gov.uk/search/companies?q=Pacific+Horizon+Investment+Trust+PLC,https://find-and-update.company-information.service.gov.uk/search/companies?q=Pacific+Horizon+Investment+Trust+PLC,1620596546,17:42:26,20210509
38,2010-03-31,PHI.L,GBP,2010-03-31,2010-03-31,Q1,6300250.0,0.0,0.0,0.0,0.0,73250.0,0.0,0.0,306000.0,0.0,0.0,0.0,0.0,0.0,5921000.0,0.9398039760326972,0.0,5921000.0,0.9398039760326972,46750.0,5874250.0,0.932383635570017,0.075025,0.075025,78287002,78287002,https://find-and-update.company-information.service.gov.uk/search/companies?q=Pacific+Horizon+Investment+Trust+PLC,https://find-and-update.company-information.service.gov.uk/search/companies?q=Pacific+Horizon+Investment+Trust+PLC,1620596546,17:42:26,20210509
39,2010-01-31,PHI.L,GBP,2010-01-31,2010-01-31,Q1,6300250.0,0.0,0.0,0.0,0.0,73250.0,0.0,0.0,306000.0,0.0,0.0,0.0,0.0,0.0,5921000.0,0.9398039760326972,0.0,5921000.0,0.9398039760326972,46750.0,5874250.0,0.932383635570017,0.075025,0.075025,78287002,78287002,https://find-and-update.company-information.service.gov.uk/search/companies?q=Pacific+Horizon+Investment+Trust+PLC,https://find-and-update.company-information.service.gov.uk/search/companies?q=Pacific+Horizon+Investment+Trust+PLC,1620596546,17:42:26,20210509
40,2009-09-30,PHI.L,GBP,2009-09-30,2009-09-30,Q3,841250.0,0.0,0.0,0.0,0.0,62250.0,0.0,0.0,203500.0,0.0,0.0,0.0,0.0,0.0,575500.0,0.6841010401188707,0.0,575500.0,0.6841010401188707,150250.0,425250.0,0.5054977711738484,0.005425,0.005425,78287002,78287002,https://find-and-update.company-information.service.gov.uk/search/companies?q=Pacific+Horizon+Investment+Trust+PLC,https://find-and-update.company-information.service.gov.uk/search/companies?q=Pacific+Horizon+Investment+Trust+PLC,1620596546,17:42:26,20210509
41,2009-06-30,PHI.L,GBP,2009-06-30,2009-06-30,Q2,841250.0,0.0,0.0,0.0,0.0,62250.0,0.0,0.0,203500.0,0.0,0.0,0.0,0.0,0.0,575500.0,0.6841010401188707,0.0,575500.0,0.6841010401188707,150250.0,425250.0,0.5054977711738484,0.005425,0.005425,78287002,78287002,https://find-and-update.company-information.service.gov.uk/search/companies?q=Pacific+Horizon+Investment+Trust+PLC,https://find-and-update.company-information.service.gov.uk/search/companies?q=Pacific+Horizon+Investment+Trust+PLC,1620596546,17:42:26,20210509
42,2009-03-31,PHI.L,GBP,2009-03-31,2009-03-31,Q1,841250.0,0.0,0.0,0.0,0.0,62250.0,0.0,0.0,203500.0,0.0,0.0,0.0,0.0,0.0,575500.0,0.6841010401188707,0.0,575500.0,0.6841010401188707,150250.0,425250.0,0.5054977711738484,0.005425,0.005425,78287002,78287002,https://find-and-update.company-information.service.gov.uk/search/companies?q=Pacific+Horizon+Investment+Trust+PLC,https://find-and-update.company-information.service.gov.uk/search/companies?q=Pacific+Horizon+Investment+Trust+PLC,1620596546,17:42:26,20210509
43,2009-01-31,PHI.L,GBP,2009-01-31,2009-01-31,Q1,841250.0,0.0,0.0,0.0,0.0,62250.0,0.0,0.0,203500.0,0.0,0.0,0.0,0.0,0.0,575500.0,0.6841010401188707,0.0,575500.0,0.6841010401188707,150250.0,425250.0,0.5054977711738484,0.005425,0.005425,78287002,78287002,https://find-and-update.company-information.service.gov.uk/search/companies?q=Pacific+Horizon+Investment+Trust+PLC,https://find-and-update.company-information.service.gov.uk/search/companies?q=Pacific+Horizon+Investment+Trust+PLC,1620596546,17:42:26,20210509
44,2008-09-30,PHI.L,GBP,2008-09-30,2008-09-30,Q3,-5631750.0,0.0,0.0,0.0,0.0,63500.0,0.0,0.0,312250.0,0.0,0.0,0.0,0.0,0.0,-6007500.0,1.066719936076708,0.0,-6007500.0,1.066719936076708,152000.0,-6159500.0,1.093709770497625,-0.07895,-0.07895,78025936,78025936,https://find-and-update.company-information.service.gov.uk/search/companies?q=Pacific+Horizon+Investment+Trust+PLC,https://find-and-update.company-information.service.gov.uk/search/companies?q=Pacific+Horizon+Investment+Trust+PLC,1620596546,17:42:26,20210509
45,2008-06-30,PHI.L,GBP,2008-06-30,2008-06-30,Q2,-5631750.0,0.0,0.0,0.0,0.0,63500.0,0.0,0.0,312250.0,0.0,0.0,0.0,0.0,0.0,-6007500.0,1.066719936076708,0.0,-6007500.0,1.066719936076708,152000.0,-6159500.0,1.093709770497625,-0.07895,-0.07895,78025936,78025936,https://find-and-update.company-information.service.gov.uk/search/companies?q=Pacific+Horizon+Investment+Trust+PLC,https://find-and-update.company-information.service.gov.uk/search/companies?q=Pacific+Horizon+Investment+Trust+PLC,1620596546,17:42:26,20210509
46,2008-03-31,PHI.L,GBP,2008-03-31,2008-03-31,Q1,-5631750.0,0.0,0.0,0.0,0.0,63500.0,0.0,0.0,312250.0,0.0,0.0,0.0,0.0,0.0,-6007500.0,1.066719936076708,0.0,-6007500.0,1.066719936076708,152000.0,-6159500.0,1.093709770497625,-0.07895,-0.07895,78025936,78025936,https://find-and-update.company-information.service.gov.uk/search/companies?q=Pacific+Horizon+Investment+Trust+PLC,https://find-and-update.company-information.service.gov.uk/search/companies?q=Pacific+Horizon+Investment+Trust+PLC,1620596546,17:42:26,20210509
47,2008-01-31,PHI.L,GBP,2008-01-31,2008-01-31,Q1,-5631750.0,0.0,0.0,0.0,0.0,63500.0,0.0,0.0,312250.0,0.0,0.0,0.0,0.0,0.0,-6007500.0,1.066719936076708,0.0,-6007500.0,1.066719936076708,152000.0,-6159500.0,1.093709770497625,-0.07895,-0.07895,78025936,78025936,https://find-and-update.company-information.service.gov.uk/search/companies?q=Pacific+Horizon+Investment+Trust+PLC,https://find-and-update.company-information.service.gov.uk/search/companies?q=Pacific+Horizon+Investment+Trust+PLC,1620596546,17:42:26,20210509
48,2007-09-30,PHI.L,GBP,2007-09-30,2007-09-30,Q3,12410000.0,0.0,0.0,0.0,0.0,67500.0,0.0,0.0,0.0,0.0,25750.0,0.0,0.0,0.0,0.0,0.0,0.0,12053750.0,0.9712933118452861,120500.0,11933250.0,0.961583400483481,0.15405,0.15405,77461796,77461796,https://find-and-update.company-information.service.gov.uk/search/companies?q=Pacific+Horizon+Investment+Trust+PLC,https://find-and-update.company-information.service.gov.uk/search/companies?q=Pacific+Horizon+Investment+Trust+PLC,1620596546,17:42:26,20210509
49,2007-06-30,PHI.L,GBP,2007-06-30,2007-06-30,Q2,12410000.0,0.0,0.0,0.0,0.0,67500.0,0.0,0.0,0.0,0.0,25750.0,0.0,0.0,0.0,0.0,0.0,0.0,12053750.0,0.9712933118452861,120500.0,11933250.0,0.961583400483481,0.15405,0.15405,77461796,77461796,https://find-and-update.company-information.service.gov.uk/search/companies?q=Pacific+Horizon+Investment+Trust+PLC,https://find-and-update.company-information.service.gov.uk/search/companies?q=Pacific+Horizon+Investment+Trust+PLC,1620596546,17:42:26,20210509
50,2007-03-31,PHI.L,GBP,2007-03-31,2007-03-31,Q1,12410000.0,0.0,0.0,0.0,0.0,67500.0,0.0,0.0,0.0,0.0,25750.0,0.0,0.0,0.0,0.0,0.0,0.0,12053750.0,0.9712933118452861,120500.0,11933250.0,0.961583400483481,0.15405,0.15405,77461796,77461796,https://find-and-update.company-information.service.gov.uk/search/companies?q=Pacific+Horizon+Investment+Trust+PLC,https://find-and-update.company-information.service.gov.uk/search/companies?q=Pacific+Horizon+Investment+Trust+PLC,1620596546,17:42:26,20210509
51,2007-01-31,PHI.L,GBP,2007-01-31,2007-01-31,Q1,12410000.0,0.0,0.0,0.0,0.0,67500.0,0.0,0.0,0.0,0.0,25750.0,0.0,0.0,0.0,0.0,0.0,0.0,12053750.0,0.9712933118452861,120500.0,11933250.0,0.961583400483481,0.15405,0.15405,77461796,77461796,https://find-and-update.company-information.service.gov.uk/search/companies?q=Pacific+Horizon+Investment+Trust+PLC,https://find-and-update.company-information.service.gov.uk/search/companies?q=Pacific+Horizon+Investment+Trust+PLC,1620596546,17:42:26,20210509
52,2006-09-30,PHI.L,GBP,2006-09-30,2006-09-30,Q3,4146000.0,0.0,0.0,0.0,0.0,60250.0,0.0,0.0,255500.0,0.0,64250.0,0.0,0.0,0.0,3830250.0,0.9238422575976846,0.0,3830250.0,0.9238422575976846,116000.0,3714250.0,0.8958634828750603,0.04855,0.04855,76487002,76487002,https://find-and-update.company-information.service.gov.uk/search/companies?q=Pacific+Horizon+Investment+Trust+PLC,https://find-and-update.company-information.service.gov.uk/search/companies?q=Pacific+Horizon+Investment+Trust+PLC,1620596546,17:42:26,20210509
53,2006-06-30,PHI.L,GBP,2006-06-30,2006-06-30,Q2,4146000.0,0.0,0.0,0.0,0.0,60250.0,0.0,0.0,255500.0,0.0,64250.0,0.0,0.0,0.0,3830250.0,0.9238422575976846,0.0,3830250.0,0.9238422575976846,116000.0,3714250.0,0.8958634828750603,0.04855,0.04855,76487002,76487002,https://find-and-update.company-information.service.gov.uk/search/companies?q=Pacific+Horizon+Investment+Trust+PLC,https://find-and-update.company-information.service.gov.uk/search/companies?q=Pacific+Horizon+Investment+Trust+PLC,1620596546,17:42:26,20210509
54,2006-03-31,PHI.L,GBP,2006-03-31,2006-03-31,Q1,4146000.0,0.0,0.0,0.0,0.0,60250.0,0.0,0.0,255500.0,0.0,64250.0,0.0,0.0,0.0,3830250.0,0.9238422575976846,0.0,3830250.0,0.9238422575976846,116000.0,3714250.0,0.8958634828750603,0.04855,0.04855,76487002,76487002,https://find-and-update.company-information.service.gov.uk/search/companies?q=Pacific+Horizon+Investment+Trust+PLC,https://find-and-update.company-information.service.gov.uk/search/companies?q=Pacific+Horizon+Investment+Trust+PLC,1620596546,17:42:26,20210509
55,2006-01-31,PHI.L,GBP,2006-01-31,2006-01-31,Q1,4146000.0,0.0,0.0,0.0,0.0,60250.0,0.0,0.0,255500.0,0.0,64250.0,0.0,0.0,0.0,3830250.0,0.9238422575976846,0.0,3830250.0,0.9238422575976846,116000.0,3714250.0,0.8958634828750603,0.04855,0.04855,76487002,76487002,https://find-and-update.company-information.service.gov.uk/search/companies?q=Pacific+Horizon+Investment+Trust+PLC,https://find-and-update.company-information.service.gov.uk/search/companies?q=Pacific+Horizon+Investment+Trust+PLC,1620596546,17:42:26,20210509
56,2005-09-30,PHI.L,GBP,2005-09-30,2005-09-30,Q3,5383500.0,0.0,0.0,0.0,0.0,47250.0,0.0,0.0,0.0,0.0,1750.0,0.0,0.0,0.0,0.0,0.0,0.0,5189500.0,0.963963963963964,121250.0,5068250.0,0.9414414414414415,0.066275,0.066275,76487002,76487002,https://find-and-update.company-information.service.gov.uk/search/companies?q=Pacific+Horizon+Investment+Trust+PLC,https://find-and-update.company-information.service.gov.uk/search/companies?q=Pacific+Horizon+Investment+Trust+PLC,1620596546,17:42:26,20210509
57,2005-06-30,PHI.L,GBP,2005-06-30,2005-06-30,Q2,5383500.0,0.0,0.0,0.0,0.0,47250.0,0.0,0.0,0.0,0.0,1750.0,0.0,0.0,0.0,0.0,0.0,0.0,5189500.0,0.963963963963964,121250.0,5068250.0,0.9414414414414415,0.066275,0.066275,76487002,76487002,https://find-and-update.company-information.service.gov.uk/search/companies?q=Pacific+Horizon+Investment+Trust+PLC,https://find-and-update.company-information.service.gov.uk/search/companies?q=Pacific+Horizon+Investment+Trust+PLC,1620596546,17:42:26,20210509
58,2005-03-31,PHI.L,GBP,2005-03-31,2005-03-31,Q1,5383500.0,0.0,0.0,0.0,0.0,47250.0,0.0,0.0,0.0,0.0,1750.0,0.0,0.0,0.0,0.0,0.0,0.0,5189500.0,0.963963963963964,121250.0,5068250.0,0.9414414414414415,0.066275,0.066275,76487002,76487002,https://find-and-update.company-information.service.gov.uk/search/companies?q=Pacific+Horizon+Investment+Trust+PLC,https://find-and-update.company-information.service.gov.uk/search/companies?q=Pacific+Horizon+Investment+Trust+PLC,1620596546,17:42:26,20210509
59,2005-01-31,PHI.L,GBP,2005-01-31,2005-01-31,Q1,5383500.0,0.0,0.0,0.0,0.0,47250.0,0.0,0.0,0.0,0.0,1750.0,0.0,0.0,0.0,0.0,0.0,0.0,5189500.0,0.963963963963964,121250.0,5068250.0,0.9414414414414415,0.066275,0.066275,76487002,76487002,https://find-and-update.company-information.service.gov.uk/search/companies?q=Pacific+Horizon+Investment+Trust+PLC,https://find-and-update.company-information.service.gov.uk/search/companies?q=Pacific+Horizon+Investment+Trust+PLC,1620596546,17:42:26,20210509
60,2004-09-30,PHI.L,GBP,2004-09-30,2004-09-30,Q3,2027750.0,0.0,0.0,0.0,0.0,52000.0,0.0,0.0,137750.0,0.0,14500.0,0.0,0.0,0.0,1838000.0,0.9064233756626803,0.0,1838000.0,0.9064233756626803,78250.0,1759750.0,0.8678338059425471,0.023,0.023,76487002,76487002,https://find-and-update.company-information.service.gov.uk/search/companies?q=Pacific+Horizon+Investment+Trust+PLC,https://find-and-update.company-information.service.gov.uk/search/companies?q=Pacific+Horizon+Investment+Trust+PLC,1620596546,17:42:26,20210509
61,2004-06-30,PHI.L,GBP,2004-06-30,2004-06-30,Q2,2027750.0,0.0,0.0,0.0,0.0,52000.0,0.0,0.0,137750.0,0.0,14500.0,0.0,0.0,0.0,1838000.0,0.9064233756626803,0.0,1838000.0,0.9064233756626803,78250.0,1759750.0,0.8678338059425471,0.023,0.023,76487002,76487002,https://find-and-update.company-information.service.gov.uk/search/companies?q=Pacific+Horizon+Investment+Trust+PLC,https://find-and-update.company-information.service.gov.uk/search/companies?q=Pacific+Horizon+Investment+Trust+PLC,1620596546,17:42:26,20210509
62,2004-03-31,PHI.L,GBP,2004-03-31,2004-03-31,Q1,2027750.0,0.0,0.0,0.0,0.0,52000.0,0.0,0.0,137750.0,0.0,14500.0,0.0,0.0,0.0,1838000.0,0.9064233756626803,0.0,1838000.0,0.9064233756626803,78250.0,1759750.0,0.8678338059425471,0.023,0.023,76487002,76487002,https://find-and-update.company-information.service.gov.uk/search/companies?q=Pacific+Horizon+Investment+Trust+PLC,https://find-and-update.company-information.service.gov.uk/search/companies?q=Pacific+Horizon+Investment+Trust+PLC,1620596546,17:42:26,20210509
63,2004-01-31,PHI.L,GBP,2004-01-31,2004-01-31,Q1,2027750.0,0.0,0.0,0.0,0.0,52000.0,0.0,0.0,137750.0,0.0,14500.0,0.0,0.0,0.0,1838000.0,0.9064233756626803,0.0,1838000.0,0.9064233756626803,78250.0,1759750.0,0.8678338059425471,0.023,0.023,76487002,76487002,https://find-and-update.company-information.service.gov.uk/search/companies?q=Pacific+Horizon+Investment+Trust+PLC,https://find-and-update.company-information.service.gov.uk/search/companies?q=Pacific+Horizon+Investment+Trust+PLC,1620596546,17:42:26,20210509
64,2003-09-30,PHI.L,GBP,2003-09-30,2003-09-30,Q3,0.0,0.0,0.0,0.0,0.0,0.0,0.0,0.0,0.0,0.0,0.0,0.0,0.0,0.0,0.0,0.0,0.0,0.0,0.0,0.0,0.0,0.0,0.0,0.0,76487002,76487002,https://find-and-update.company-information.service.gov.uk/search/companies?q=Pacific+Horizon+Investment+Trust+PLC,https://find-and-update.company-information.service.gov.uk/search/companies?q=Pacific+Horizon+Investment+Trust+PLC,1620596546,17:42:26,20210509
65,2003-06-30,PHI.L,GBP,2003-06-30,2003-06-30,Q2,0.0,0.0,0.0,0.0,0.0,0.0,0.0,0.0,0.0,0.0,0.0,0.0,0.0,0.0,0.0,0.0,0.0,0.0,0.0,0.0,0.0,0.0,0.0,0.0,76487002,76487002,https://find-and-update.company-information.service.gov.uk/search/companies?q=Pacific+Horizon+Investment+Trust+PLC,https://find-and-update.company-information.service.gov.uk/search/companies?q=Pacific+Horizon+Investment+Trust+PLC,1620596546,17:42:26,20210509
66,2003-03-31,PHI.L,GBP,2003-03-31,2003-03-31,Q1,0.0,0.0,0.0,0.0,0.0,0.0,0.0,0.0,0.0,0.0,0.0,0.0,0.0,0.0,0.0,0.0,0.0,0.0,0.0,0.0,0.0,0.0,0.0,0.0,76487002,76487002,https://find-and-update.company-information.service.gov.uk/search/companies?q=Pacific+Horizon+Investment+Trust+PLC,https://find-and-update.company-information.service.gov.uk/search/companies?q=Pacific+Horizon+Investment+Trust+PLC,1620596546,17:42:26,20210509
67,2003-01-31,PHI.L,GBP,2003-01-31,2003-01-31,Q1,0.0,0.0,0.0,0.0,0.0,0.0,0.0,0.0,0.0,0.0,0.0,0.0,0.0,0.0,0.0,0.0,0.0,0.0,0.0,0.0,0.0,0.0,0.0,0.0,76487002,76487002,https://find-and-update.company-information.service.gov.uk/search/companies?q=Pacific+Horizon+Investment+Trust+PLC,https://find-and-update.company-information.service.gov.uk/search/companies?q=Pacific+Horizon+Investment+Trust+PLC,1620596546,17:42:26,20210509
68,2002-09-30,PHI.L,GBP,2002-09-30,2002-09-30,Q3,0.0,0.0,0.0,0.0,0.0,0.0,0.0,0.0,0.0,0.0,0.0,0.0,0.0,0.0,0.0,0.0,0.0,0.0,0.0,0.0,0.0,0.0,0.0,0.0,76929958,76929958,https://find-and-update.company-information.service.gov.uk/search/companies?q=Pacific+Horizon+Investment+Trust+PLC,https://find-and-update.company-information.service.gov.uk/search/companies?q=Pacific+Horizon+Investment+Trust+PLC,1620596546,17:42:26,20210509
69,2002-06-30,PHI.L,GBP,2002-06-30,2002-06-30,Q2,0.0,0.0,0.0,0.0,0.0,0.0,0.0,0.0,0.0,0.0,0.0,0.0,0.0,0.0,0.0,0.0,0.0,0.0,0.0,0.0,0.0,0.0,0.0,0.0,76929958,76929958,https://find-and-update.company-information.service.gov.uk/search/companies?q=Pacific+Horizon+Investment+Trust+PLC,https://find-and-update.company-information.service.gov.uk/search/companies?q=Pacific+Horizon+Investment+Trust+PLC,1620596546,17:42:26,20210509
70,2002-03-31,PHI.L,GBP,2002-03-31,2002-03-31,Q1,0.0,0.0,0.0,0.0,0.0,0.0,0.0,0.0,0.0,0.0,0.0,0.0,0.0,0.0,0.0,0.0,0.0,0.0,0.0,0.0,0.0,0.0,0.0,0.0,76929958,76929958,https://find-and-update.company-information.service.gov.uk/search/companies?q=Pacific+Horizon+Investment+Trust+PLC,https://find-and-update.company-information.service.gov.uk/search/companies?q=Pacific+Horizon+Investment+Trust+PLC,1620596546,17:42:26,20210509
71,2002-01-31,PHI.L,GBP,2002-01-31,2002-01-31,Q1,0.0,0.0,0.0,0.0,0.0,0.0,0.0,0.0,0.0,0.0,0.0,0.0,0.0,0.0,0.0,0.0,0.0,0.0,0.0,0.0,0.0,0.0,0.0,0.0,76929958,76929958,https://find-and-update.company-information.service.gov.uk/search/companies?q=Pacific+Horizon+Investment+Trust+PLC,https://find-and-update.company-information.service.gov.uk/search/companies?q=Pacific+Horizon+Investment+Trust+PLC,1620596546,17:42:26,20210509
