,date,symbol,reportedCurrency,fillingDate,acceptedDate,period,revenue,costOfRevenue,grossProfit,grossProfitRatio,researchAndDevelopmentExpenses,generalAndAdministrativeExpenses,sellingAndMarketingExpenses,otherExpenses,operatingExpenses,costAndExpenses,interestExpense,depreciationAndAmortization,ebitda,ebitdaratio,operatingIncome,operatingIncomeRatio,totalOtherIncomeExpensesNet,incomeBeforeTax,incomeBeforeTaxRatio,incomeTaxExpense,netIncome,netIncomeRatio,eps,epsdiluted,weightedAverageShsOut,weightedAverageShsOutDil,link,finalLink,timestamp,est_time,est_date
0,2021-02-28,CCL,USD,2021-04-07,2021-04-07 11:32:27,Q1,26000000,535000000.0,-509000000.0,-19.576923076923077,0.0,0.0,0.0,-61000000.0,1014000000.0,1549000000.0,398000000.0,552000000.0,-971000000,-37.34615384615385,-1523000000,-76.11538461538461,-61000000.0,-1979000000.0,-76.11538461538461,-6000000.0,-1973000000,-75.88461538461539,-1.8,-1.8,1095000000,1095000000,https://www.sec.gov/Archives/edgar/data/815097/000081509721000052/0000815097-21-000052-index.htm,https://www.sec.gov/Archives/edgar/data/815097/000081509721000052/ccl-20210228.htm,1620590030,15:53:50,20210509
1,2020-11-30,CCL,USD,2021-01-26,2021-01-26 10:40:20,Q4,33000000,689000000.0,-656000000.0,-19.87878787878788,0.0,443000000.0,1878000.0,-251000000.0,986000000.0,1675000000.0,348000000.0,543000000.0,-1099000000,-33.303030303030305,-1642000000,-49.75757575757576,-251000000.0,-2237000000.0,-67.78787878787878,-15000000.0,-2222000000,-67.33333333333333,-2.8670967741935485,-2.8670967741935485,775000000,775000000,https://www.sec.gov/Archives/edgar/data/815097/000081509721000027/0000815097-21-000027-index.htm,https://www.sec.gov/Archives/edgar/data/815097/000081509721000027/ccl-20201130.htm,1620590030,15:53:50,20210509
2,2020-08-31,CCL,USD,2020-10-08,2020-10-08 08:53:34,Q3,31000000,1549000000.0,-1518000000.0,-48.96774193548387,0.0,265000000.0,0.0,-221000000.0,816000000.0,2365000000.0,310000000.0,551000000.0,-1783000000,-57.516129032258064,-2334000000,-75.29032258064517,-221000000.0,-2861000000.0,-92.29032258064517,-2000000.0,-2858000000,-92.19354838709677,-3.69,-3.69,775000000,775000000,https://www.sec.gov/Archives/edgar/data/815097/000081509720000101/0000815097-20-000101-index.htm,https://www.sec.gov/Archives/edgar/data/815097/000081509720000101/ccl-20200831.htm,1620590030,15:53:50,20210509
3,2020-05-31,CCL,USD,2020-07-10,2020-07-10 11:49:26,Q2,740000000,2484000000.0,-1744000000.0,-2.3567567567567567,0.0,492000000.0,0.0,-32000000.0,1069000000.0,3553000000.0,182000000.0,577000000.0,-2236000000,-3.0216216216216214,-2813000000,-3.8013513513513515,-1396000000.0,-4385000000.0,-5.925675675675675,-11000000.0,-4374000000,-5.910810810810811,-6.07,-6.07,721000000,721000000,https://www.sec.gov/Archives/edgar/data/815097/000081509720000059/0000815097-20-000059-index.htm,https://www.sec.gov/Archives/edgar/data/815097/000081509720000059/ccl-20200531.htm,1620590030,15:53:50,20210509
4,2020-02-29,CCL,USD,2020-04-03,2020-04-03 12:51:04,Q1,4790000000,3523000000.0,1267000000.0,0.26450939457202505,0.0,678000000.0,0.0,-7000000.0,1248000000.0,4771000000.0,55000000.0,570000000.0,589000000,0.12296450939457203,19000000,0.003966597077244259,-738000000.0,-770000000.0,-0.16075156576200417,11000000.0,-781000000,-0.16304801670146138,-1.14,-1.14,684000000,684000000,https://www.sec.gov/Archives/edgar/data/815097/000081509720000030/0000815097-20-000030-index.htm,https://www.sec.gov/Archives/edgar/data/815097/000081509720000003/a2019form10-kfrontpart.htm,1620590030,15:53:50,20210509
5,2019-11-30,CCL,USD,2020-01-28,2020-01-28 11:19:47,Q4,4781000000,3076000000.0,1705000000.0,0.35661995398452206,0.0,667000000.0,0.0,-5000000.0,1220000000.0,4296000000.0,49000000.0,553000000.0,1038000000,0.21710939134072368,485000000,0.10144321271700481,-5000000.0,436000000.0,0.09119431081363731,15000000.0,423000000,0.08847521439029492,0.62,0.61,686000000,688000000,https://www.sec.gov/Archives/edgar/data/815097/000081509720000003/0000815097-20-000003-index.htm,https://www.sec.gov/Archives/edgar/data/815097/000081509720000003/a2019form10-kfrontpart.htm,1620590030,15:53:50,20210509
6,2019-08-31,CCL,USD,2019-09-26,2019-09-26 11:48:11,Q3,6532000000,3532000000.0,3000000000.0,0.45927740355174523,0.0,563000000.0,0.0,-19000000.0,1111000000.0,4643000000.0,52000000.0,548000000.0,2437000000,0.37308634415186775,1889000000,0.2891916717697489,-19000000.0,1827000000.0,0.27969993876301286,47000000.0,1780000000,0.2725045927740355,2.583454281567489,2.5759768451519536,689000000,691000000,https://www.sec.gov/Archives/edgar/data/815097/000081509719000034/0000815097-19-000034-index.htm,https://www.sec.gov/Archives/edgar/data/815097/000081509719000034/a3q201910-q.htm,1620590030,15:53:50,20210509
7,2019-05-31,CCL,USD,2019-06-24,2019-06-24 16:33:56,Q2,4838000000,3159000000.0,1679000000.0,0.34704423315419597,0.0,621000000.0,0.0,-7000000.0,1163000000.0,4322000000.0,54000000.0,543000000.0,1059000000,0.21889210417527905,516000000,0.10665564282761472,-7000000.0,459000000.0,0.09487391484084333,8000000.0,451000000,0.09322033898305085,0.6526772793053546,0.6507936507936508,691000000,693000000,https://www.sec.gov/Archives/edgar/data/815097/000081509719000019/0000815097-19-000019-index.htm,https://www.sec.gov/Archives/edgar/data/815097/000081509719000019/a2q201910-q.htm,1620590030,15:53:50,20210509
8,2019-02-28,CCL,USD,2019-04-09,2019-04-09 11:49:33,Q1,4674000000,3142000000.0,1532000000.0,0.3277706461275139,0.0,629000000.0,0.0,-2000000.0,1145000000.0,4287000000.0,51000000.0,516000000.0,903000000,0.193196405648267,387000000,0.08279845956354301,-2000000.0,338000000.0,0.07231493367565255,2000000.0,336000000,0.07188703465982028,0.48484848484848486,0.48345323741007196,693000000,695000000,https://www.sec.gov/Archives/edgar/data/815097/000081509719000011/0000815097-19-000011-index.htm,https://www.sec.gov/Archives/edgar/data/815097/000081509719000004/a2018form10-kfrontpart.htm,1620590030,15:53:50,20210509
9,2018-11-30,CCL,USD,2019-01-28,2019-01-28 10:54:24,Q4,4456000000,2741000000.0,1715000000.0,0.38487432675044886,0.0,656000000.0,0.0,1000000.0,1163000000.0,3904000000.0,47000000.0,507000000.0,1059000000,0.23765709156193895,552000000,0.12387791741472172,-1000000.0,508000000.0,0.11400359066427289,14000000.0,493000000,0.11063734290843806,0.7063037249283668,0.7052932761087267,698000000,699000000,https://www.sec.gov/Archives/edgar/data/815097/000081509719000004/0000815097-19-000004-index.htm,https://www.sec.gov/Archives/edgar/data/815097/000081509719000004/a2018form10-kfrontpart.htm,1620590030,15:53:50,20210509
10,2018-08-31,CCL,USD,2018-09-27,2018-09-27 11:28:35,Q3,5836000000,2958000000.0,2878000000.0,0.49314599040438656,0.0,573000000.0,0.0,-9000000.0,1084000000.0,4042000000.0,49000000.0,510000000.0,2304000000,0.3947909527073338,1794000000,0.30740233036326253,-5000000.0,1744000000.0,0.2988348183687457,37000000.0,1707000000,0.2924948594928033,2.42,2.41,706000000,707000000,https://www.sec.gov/Archives/edgar/data/815097/000081509718000035/0000815097-18-000035-index.htm,https://www.sec.gov/Archives/edgar/data/815097/000081509718000035/a3q10-q.htm,1620590030,15:53:50,20210509
11,2018-05-31,CCL,USD,2018-06-25,2018-06-25 11:35:19,Q2,4357000000,2681000000.0,1676000000.0,0.3846683497819601,0.0,605000000.0,0.0,10000000.0,1117000000.0,3798000000.0,49000000.0,512000000.0,1071000000,0.24581133807665825,559000000,0.12829928850126235,51000000.0,564000000.0,0.12944686711039707,3000000.0,561000000,0.12875831994491624,0.79,0.78,714000000,715000000,https://www.sec.gov/Archives/edgar/data/815097/000081509718000026/0000815097-18-000026-index.htm,https://www.sec.gov/Archives/edgar/data/815097/000081509718000026/q2201810-q.htm,1620590030,15:53:50,20210509
12,2018-02-28,CCL,USD,2018-03-22,2018-03-22 12:55:45,Q1,4232000000,2709000000.0,1523000000.0,0.3598771266540643,0.0,616000000.0,0.0,1000000.0,1104000000.0,3813000000.0,48000000.0,488000000.0,907000000,0.21431947069943288,419000000,0.09900756143667297,17000000.0,390000000.0,0.09215500945179585,0.0,391000000,0.09239130434782608,0.5453277545327755,0.5438108484005564,717000000,719000000,https://www.sec.gov/Archives/edgar/data/815097/000081509718000018/0000815097-18-000018-index.htm,https://www.sec.gov/Archives/edgar/data/815097/000081509718000005/a2017form10-kfrontpart.htm,1620590030,15:53:50,20210509
13,2017-11-30,CCL,USD,2018-01-29,2018-01-29 09:27:30,Q4,4259000000,2617000000.0,1642000000.0,0.3855365109180559,0.0,616000000.0,0.0,4000000.0,1094000000.0,3711000000.0,48000000.0,478000000.0,1026000000,0.2409016200986147,548000000,0.12866870157313923,58000000.0,560000000.0,0.13148626438131017,14000000.0,546000000,0.12819910777177743,0.7583333333333333,0.7562326869806094,720000000,722000000,https://www.sec.gov/Archives/edgar/data/815097/000081509718000005/0000815097-18-000005-index.htm,https://www.sec.gov/Archives/edgar/data/815097/000081509718000005/a2017form10-kfrontpart.htm,1620590030,15:53:50,20210509
14,2017-08-31,CCL,USD,2017-09-29,2017-09-29 12:33:13,Q3,5515000000,3013000000.0,2502000000.0,0.4536718041704442,0.0,547000000.0,0.0,14000000.0,1020000000.0,4033000000.0,49000000.0,472000000.0,1954000000,0.3543064369900272,1482000000,0.2687216681776972,-68000000.0,1368000000.0,0.24805077062556663,39000000.0,1329000000,0.24097914777878512,1.84,1.83,723000000,726000000,https://www.sec.gov/Archives/edgar/data/815097/000081509717000023/0000815097-17-000023-index.htm,https://www.sec.gov/Archives/edgar/data/815097/000081509717000023/q3201710-q.htm,1620590030,15:53:50,20210509
15,2017-05-31,CCL,USD,2017-06-30,2017-06-30 09:25:40,Q2,3945000000,2436000000.0,1509000000.0,0.38250950570342207,0.0,553000000.0,0.0,-15000000.0,1009000000.0,3445000000.0,50000000.0,457000000.0,957000000,0.24258555133079848,500000000,0.1267427122940431,-68000000.0,384000000.0,0.09733840304182509,5000000.0,379000000,0.09607097591888467,0.5234806629834254,0.5213204951856947,724000000,727000000,https://www.sec.gov/Archives/edgar/data/815097/000081509717000016/0000815097-17-000016-index.htm,https://www.sec.gov/Archives/edgar/data/815097/000081509717000016/q2201710-q.htm,1620590030,15:53:50,20210509
16,2017-02-28,CCL,USD,2017-03-30,2017-03-30 09:22:38,Q1,3791000000,2435000000.0,1356000000.0,0.35768926404642576,0.0,549000000.0,0.0,8000000.0,988000000.0,3423000000.0,51000000.0,439000000.0,807000000,0.21287259298338168,368000000,0.09707201266156687,35000000.0,354000000.0,0.0933790556581377,2000000.0,352000000,0.09285149037193352,0.48551724137931035,0.4835164835164835,725000000,728000000,https://www.sec.gov/Archives/edgar/data/815097/000081509717000008/0000815097-17-000008-index.htm,https://www.sec.gov/Archives/edgar/data/815097/000081509717000001/a2016form10-kfrontpart.htm,1620590030,15:53:50,20210509
17,2016-11-30,CCL,USD,2017-01-30,2017-01-30 09:27:06,Q4,3935000000,2319000000.0,1616000000.0,0.41067344345616263,0.0,584000000.0,0.0,15000000.0,1019000000.0,3338000000.0,55000000.0,435000000.0,1032000000,0.2622617534942821,597000000,0.151715374841169,70000000.0,613000000.0,0.15578144853875475,5000000.0,608000000,0.15451080050825922,0.84,0.83,727000000,729000000,https://www.sec.gov/Archives/edgar/data/815097/000081509717000001/0000815097-17-000001-index.htm,https://www.sec.gov/Archives/edgar/data/815097/000081509717000001/a2016form10-kfrontpart.htm,1620590030,15:53:50,20210509
18,2016-08-31,CCL,USD,2016-09-30,2016-09-30 10:05:41,Q3,5097000000,2563000000.0,2534000000.0,0.49715518932705516,0.0,529000000.0,0.0,-2000000.0,972000000.0,3535000000.0,61000000.0,442000000.0,2004000000,0.3931724543849323,1562000000,0.30645477731999216,-38000000.0,1465000000.0,0.2874239748871885,41000000.0,1424000000,0.2793800274671375,1.932157394843962,1.9269282814614344,737000000,739000000,https://www.sec.gov/Archives/edgar/data/815097/000081509716000045/0000815097-16-000045-index.htm,https://www.sec.gov/Archives/edgar/data/815097/000081509716000045/q3201610-q.htm,1620590030,15:53:50,20210509
19,2016-05-31,CCL,USD,2016-07-01,2016-07-01 09:21:46,Q2,3705000000,2258000000.0,1447000000.0,0.39055330634278,0.0,532000000.0,0.0,13000000.0,969000000.0,3227000000.0,57000000.0,438000000.0,916000000,0.24723346828609988,478000000,0.1290148448043185,184000000.0,607000000.0,0.16383265856950066,2000000.0,605000000,0.1632928475033738,0.81,0.8,751000000,753000000,https://www.sec.gov/Archives/edgar/data/815097/000081509716000040/0000815097-16-000040-index.htm,https://www.sec.gov/Archives/edgar/data/815097/000081509716000040/q2201610-q.htm,1620590030,15:53:50,20210509
20,2016-02-29,CCL,USD,2016-03-31,2016-03-31 09:13:03,Q1,3651000000,2243000000.0,1408000000.0,0.38564776773486714,0.0,551000000.0,0.0,-5000000.0,974000000.0,3217000000.0,52000000.0,423000000.0,857000000,0.23473021090112298,434000000,0.11887154204327581,-241000000.0,143000000.0,0.03916735141057245,1000000.0,142000000,0.03889345384826075,0.185378590078329,0.1846553966189857,766000000,769000000,https://www.sec.gov/Archives/edgar/data/815097/000081509716000035/0000815097-16-000035-index.htm,https://www.sec.gov/Archives/edgar/data/815097/000081509716000030/a2015form10-kfrontpart.htm,1620590030,15:53:50,20210509
21,2015-11-30,CCL,USD,2016-01-29,2016-01-29 09:13:08,Q4,3711000000,2218000000.0,1493000000.0,0.40231743465373215,0.0,563000000.0,0.0,7000000.0,983000000.0,3201000000.0,50000000.0,420000000.0,930000000,0.25060630557801133,510000000,0.137429264349232,-191000000.0,271000000.0,0.07302613850714093,1000000.0,270000000,0.07275666936135812,0.3488372093023256,0.3474903474903475,774000000,777000000,https://www.sec.gov/Archives/edgar/data/815097/000081509716000030/0000815097-16-000030-index.htm,https://www.sec.gov/Archives/edgar/data/815097/000081509716000030/a2015form10-kfrontpart.htm,1620590030,15:53:50,20210509
22,2015-08-31,CCL,USD,2015-10-02,2015-10-02 09:09:28,Q3,4883000000,2490000000.0,2393000000.0,0.49006758140487405,0.0,484000000.0,0.0,-12000000.0,883000000.0,3373000000.0,53000000.0,399000000.0,1909000000,0.39094818758959654,1510000000,0.3092361253327872,-209000000.0,1250000000.0,0.25599016997747287,34000000.0,1216000000,0.2490272373540856,1.562982005141388,1.5569782330345712,778000000,781000000,https://www.sec.gov/Archives/edgar/data/815097/000081509715000025/0000815097-15-000025-index.htm,https://www.sec.gov/Archives/edgar/data/815097/000081509715000025/a2015q310-q.htm,1620590030,15:53:50,20210509
23,2015-05-31,CCL,USD,2015-07-01,2015-07-01 09:07:06,Q2,3590000000,2404000000.0,1186000000.0,0.3303621169916435,0.0,491000000.0,0.0,5000000.0,897000000.0,3301000000.0,57000000.0,406000000.0,695000000,0.1935933147632312,289000000,0.08050139275766016,-8000000.0,226000000.0,0.06295264623955432,4000000.0,222000000,0.06183844011142061,0.2853470437017995,0.2846153846153846,778000000,780000000,https://www.sec.gov/Archives/edgar/data/815097/000081509715000021/0000815097-15-000021-index.htm,https://www.sec.gov/Archives/edgar/data/815097/000081509715000021/a2015q210-q.htm,1620590030,15:53:50,20210509
24,2015-02-28,CCL,USD,2015-04-02,2015-04-02 09:05:26,Q1,3531000000,2335000000.0,1196000000.0,0.33871424525630134,0.0,529000000.0,0.0,10000000.0,930000000.0,3265000000.0,57000000.0,401000000.0,667000000,0.18889832908524498,266000000,0.07533276692155197,-159000000.0,52000000.0,0.014726706315491363,3000000.0,49000000,0.013877088643443784,0.06306306306306306,0.06290115532734275,777000000,779000000,https://www.sec.gov/Archives/edgar/data/815097/000081509715000012/0000815097-15-000012-index.htm,https://www.sec.gov/Archives/edgar/data/815097/000081509715000007/a2014form10-kfrontpart.htm,1620590030,15:53:50,20210509
25,2014-11-30,CCL,USD,2015-01-29,2015-01-29 09:44:08,Q4,3719000000,2497000000.0,1222000000.0,0.3285829524065609,0.0,547000000.0,0.0,-8000000.0,955000000.0,3452000000.0,75000000.0,408000000.0,675000000,0.18150040333422962,267000000,0.07179349287442861,-289000000.0,-95000000.0,-0.02554450121000269,7000000.0,-102000000,-0.027426727614950255,-0.13,-0.13,776000000,776000000,https://www.sec.gov/Archives/edgar/data/815097/000081509715000007/0000815097-15-000007-index.htm,https://www.sec.gov/Archives/edgar/data/815097/000081509715000007/a2014form10-kfrontpart.htm,1620590030,15:53:50,20210509
26,2014-08-31,CCL,USD,2014-10-03,2014-10-03 09:08:01,Q3,4947000000,2754000000.0,2193000000.0,0.44329896907216493,0.0,481000000.0,0.0,1000000.0,895000000.0,3649000000.0,69000000.0,413000000.0,1711000000,0.34586618152415605,1298000000,0.26238124115625633,16000000.0,1247000000.0,0.25207196280574085,0.0,1247000000,0.25207196280574085,1.61,1.6,776000000,778000000,https://www.sec.gov/Archives/edgar/data/815097/000081509714000006/0000815097-14-000006-index.htm,https://www.sec.gov/Archives/edgar/data/815097/000081509714000006/a2014q310-q.htm,1620590030,15:53:50,20210509
27,2014-05-31,CCL,USD,2014-07-02,2014-07-02 09:10:33,Q2,3633000000,2565000000.0,1068000000.0,0.2939719240297275,0.0,504000000.0,0.0,11000000.0,913000000.0,3478000000.0,72000000.0,410000000.0,565000000,0.15551885494082027,155000000,0.04266446462978255,22000000.0,107000000.0,0.029452243325075695,1000000.0,106000000,0.02917698871456097,0.13659793814432988,0.13624678663239073,776000000,778000000,https://www.sec.gov/Archives/edgar/data/815097/000119312514258411/0001193125-14-258411-index.htm,https://www.sec.gov/Archives/edgar/data/815097/000119312514258411/d739153d10q.htm,1620590030,15:53:50,20210509
28,2014-02-28,CCL,USD,2014-04-02,2014-04-02 09:05:23,Q1,3585000000,2588000000.0,997000000.0,0.2781032078103208,0.0,521000000.0,0.0,0.0,925000000.0,3513000000.0,72000000.0,404000000.0,476000000,0.13277545327754534,72000000,0.0200836820083682,-16000000.0,-14000000.0,-0.003905160390516039,1000000.0,-15000000,-0.0041841004184100415,-0.02,-0.02,776000000,776000000,https://www.sec.gov/Archives/edgar/data/815097/000119312514127172/0001193125-14-127172-index.htm,https://www.sec.gov/Archives/edgar/data/815097/000119312514025514/d645418d10k.htm,1620590030,15:53:50,20210509
29,2013-11-30,CCL,USD,2014-01-29,2014-01-29 09:07:42,Q4,3658000000,2621000000.0,1037000000.0,0.28348824494259156,0.0,532000000.0,0.0,1000000.0,934000000.0,3555000000.0,82000000.0,402000000.0,505000000,0.13805358119190814,103000000,0.028157463094587207,32000000.0,57000000.0,0.01558228540185894,-9000000.0,66000000,0.018042646254784037,0.09,0.08,775000000,777000000,https://www.sec.gov/Archives/edgar/data/815097/000119312514025514/0001193125-14-025514-index.htm,https://www.sec.gov/Archives/edgar/data/815097/000119312514025514/d645418d10k.htm,1620590030,15:53:50,20210509
30,2013-08-31,CCL,USD,2013-10-03,2013-10-03 09:07:59,Q3,4726000000,2917000000.0,1809000000.0,0.38277613203554806,0.0,439000000.0,0.0,-6000000.0,845000000.0,3762000000.0,76000000.0,406000000.0,1370000000,0.2898857384680491,964000000,0.20397799407532796,45000000.0,935000000.0,0.19784172661870503,1000000.0,934000000,0.1976301311891663,1.2051612903225806,1.202059202059202,775000000,777000000,https://www.sec.gov/Archives/edgar/data/815097/000119312513389562/0001193125-13-389562-index.htm,https://www.sec.gov/Archives/edgar/data/815097/000119312513389562/d603807d10q.htm,1620590030,15:53:50,20210509
31,2013-05-31,CCL,USD,2013-07-02,2013-07-02 11:21:00,Q2,3479000000,2487000000.0,992000000.0,0.28513940787582637,0.0,449000000.0,0.0,-5000000.0,840000000.0,3327000000.0,78000000.0,391000000.0,543000000,0.15607933314170738,152000000,0.043690715722908884,-36000000.0,41000000.0,0.01178499568841621,0.0,41000000,0.01178499568841621,0.05290322580645161,0.05276705276705277,775000000,777000000,https://www.sec.gov/Archives/edgar/data/815097/000119312513280538/0001193125-13-280538-index.htm,https://www.sec.gov/Archives/edgar/data/815097/000119312513280538/d561258d10q.htm,1620590030,15:53:50,20210509
32,2013-02-28,CCL,USD,2013-04-03,2013-04-03 09:20:45,Q1,3593000000,2599000000.0,994000000.0,0.27664903979961036,0.0,460000000.0,0.0,3000000.0,849000000.0,3448000000.0,83000000.0,389000000.0,534000000,0.14862232118007238,145000000,0.04035624826050654,-25000000.0,39000000.0,0.010854439187308655,2000000.0,37000000,0.010297801280267187,0.04768041237113402,0.04755784061696658,776000000,778000000,https://www.sec.gov/Archives/edgar/data/815097/000119312513139632/0001193125-13-139632-index.htm,https://www.sec.gov/Archives/edgar/data/815097/000119312513027239/d387954d10k.htm,1620590030,15:53:50,20210509
33,2012-11-30,CCL,USD,2013-01-29,2013-01-29 09:18:27,Q4,3578000000,2551000000.0,1027000000.0,0.28703186137506986,0.0,459000000.0,0.0,-1000000.0,851000000.0,3402000000.0,77000000.0,392000000.0,568000000,0.1587479038569033,176000000,0.049189491335941866,-8000000.0,93000000.0,0.025992174399105644,0.0,93000000,0.025992174399105644,0.11969111969111969,0.11938382541720154,777000000,779000000,https://www.sec.gov/Archives/edgar/data/815097/000119312513027239/0001193125-13-027239-index.htm,https://www.sec.gov/Archives/edgar/data/815097/000119312513027239/d387954d10k.htm,1620590030,15:53:50,20210509
34,2012-08-31,CCL,USD,2012-10-05,2012-10-05 09:22:01,Q3,4684000000,2597000000.0,2087000000.0,0.4455593509820666,0.0,409000000.0,0.0,0.0,792000000.0,3389000000.0,84000000.0,383000000.0,1678000000,0.3582408198121264,1295000000,0.2764730999146029,123000000.0,1336000000.0,0.2852263023057216,6000000.0,1330000000,0.2839453458582408,1.7095115681233932,1.7073170731707317,778000000,779000000,https://www.sec.gov/Archives/edgar/data/815097/000119312512416139/0001193125-12-416139-index.htm,https://www.sec.gov/Archives/edgar/data/815097/000119312512416139/d382688d10q.htm,1620590030,15:53:50,20210509
35,2012-05-31,CCL,USD,2012-07-02,2012-07-02 09:18:35,Q2,3538000000,2478000000.0,1060000000.0,0.29960429621254947,0.0,431000000.0,0.0,0.0,807000000.0,3285000000.0,87000000.0,376000000.0,629000000,0.177784058790277,253000000,0.07150932730356134,-155000000.0,14000000.0,0.00395703787450537,0.0,14000000,0.00395703787450537,0.02,0.02,779000000,779000000,https://www.sec.gov/Archives/edgar/data/815097/000119312512290985/0001193125-12-290985-index.htm,https://www.sec.gov/Archives/edgar/data/815097/000119312512290985/d334963d10q.htm,1620590030,15:53:50,20210509
36,2012-02-29,CCL,USD,2012-03-30,2012-03-30 09:14:44,Q1,3582000000,2694000000.0,888000000.0,0.24790619765494137,0.0,421000000.0,0.0,0.0,797000000.0,3491000000.0,88000000.0,376000000.0,467000000,0.13037409268565048,91000000,0.025404801786711336,-147000000.0,-141000000.0,-0.03936348408710218,-2000000.0,-139000000,-0.03880513679508654,-0.18,-0.18,778000000,778000000,https://www.sec.gov/Archives/edgar/data/815097/000119312512141856/0001193125-12-141856-index.htm,https://www.sec.gov/Archives/edgar/data/815097/000119312512028375/d254914d10k.htm,1620590030,15:53:50,20210509
37,2011-11-30,CCL,USD,2012-01-30,2012-01-30 09:17:14,Q4,3697000000,2569000000.0,1128000000.0,0.30511225317825263,0.0,435000000.0,0.0,0.0,820000000.0,3389000000.0,92000000.0,385000000.0,693000000,0.1874492832025967,308000000,0.08331079253448742,-10000000.0,209000000.0,0.05653232350554504,-8000000.0,217000000,0.0586962401947525,0.27892030848329047,0.2782051282051282,778000000,780000000,https://www.sec.gov/Archives/edgar/data/815097/000119312512028375/0001193125-12-028375-index.htm,https://www.sec.gov/Archives/edgar/data/815097/000119312512028375/d254914d10k.htm,1620590030,15:53:50,20210509
38,2011-08-31,CCL,USD,2011-09-30,2011-09-30 09:34:55,Q3,5058000000,2814000000.0,2244000000.0,0.44365361803084225,0.0,421000000.0,0.0,0.0,811000000.0,3625000000.0,96000000.0,390000000.0,1823000000,0.36041913799920916,1433000000,0.2833135626729933,2000000.0,1342000000.0,0.2653222617635429,5000000.0,1337000000,0.26433372874654015,1.6924050632911392,1.6881313131313131,790000000,792000000,https://www.sec.gov/Archives/edgar/data/815097/000119312511260770/0001193125-11-260770-index.htm,https://www.sec.gov/Archives/edgar/data/815097/000119312511260770/d225963d10q.htm,1620590030,15:53:50,20210509
39,2011-05-31,CCL,USD,2011-07-01,2011-07-01 09:31:02,Q2,3620000000,2521000000.0,1099000000.0,0.30359116022099447,0.0,440000000.0,0.0,0.0,820000000.0,3341000000.0,91000000.0,380000000.0,659000000,0.18204419889502763,279000000,0.0770718232044199,13000000.0,204000000.0,0.056353591160221,-2000000.0,206000000,0.0569060773480663,0.2604298356510746,0.2597730138713745,791000000,793000000,https://www.sec.gov/Archives/edgar/data/815097/000119312511179975/0001193125-11-179975-index.htm,https://www.sec.gov/Archives/edgar/data/815097/000119312511179975/d10q.htm,1620590030,15:53:50,20210509
40,2011-02-28,CCL,USD,2011-04-01,2011-04-01 09:33:57,Q1,3419000000,2395000000.0,1024000000.0,0.29950277859023106,0.0,422000000.0,0.0,0.0,789000000.0,3184000000.0,86000000.0,367000000.0,602000000,0.17607487569464755,235000000,0.06873354782100029,6000000.0,157000000.0,0.04591985960807254,5000000.0,152000000,0.044457443696987425,0.19240506329113924,0.19143576826196473,790000000,794000000,https://www.sec.gov/Archives/edgar/data/815097/000119312511085959/0001193125-11-085959-index.htm,https://www.sec.gov/Archives/edgar/data/815097/000119312511018320/d10k.htm,1620590030,15:53:50,20210509
41,2010-11-30,CCL,USD,2011-01-31,2011-01-31 09:35:28,Q4,3753000000,7113000000.0,-3360000000.0,-0.8952837729816147,0.0,433000000.0,0.0,0.0,3156000000.0,3412000000.0,93000000.0,367000000.0,708000000,0.18864908073541167,341000000,0.09086064481747935,5000000.0,255000000.0,0.06794564348521183,7000000.0,248000000,0.0660804689581668,0.3139240506329114,0.3139240506329114,790000000,790000000,https://www.sec.gov/Archives/edgar/data/815097/000119312511018320/0001193125-11-018320-index.htm,https://www.sec.gov/Archives/edgar/data/815097/000119312511018320/d10k.htm,1620590030,15:53:50,20210509
42,2010-08-31,CCL,USD,2010-10-01,2010-10-01 09:34:44,Q3,4426000000,776000000.0,3650000000.0,0.824672390420244,0.0,381000000.0,0.0,0.0,2248000000.0,3024000000.0,90000000.0,355000000.0,1757000000,0.39697243560777223,1402000000,0.3167645729778581,-2000000.0,1313000000.0,0.2966561229100768,10000000.0,1303000000,0.29439674649796654,1.65,1.62,789000000,806000000,https://www.sec.gov/Archives/edgar/data/815097/000119312510221654/0001193125-10-221654-index.htm,https://www.sec.gov/Archives/edgar/data/815097/000119312510221654/d10q.htm,1620590030,15:53:50,20210509
43,2010-05-31,CCL,USD,2010-07-01,2010-07-01 12:06:42,Q2,3195000000,2093000000.0,1102000000.0,0.3449139280125196,0.0,404000000.0,0.0,0.0,753000000.0,2846000000.0,99000000.0,349000000.0,698000000,0.2184663536776213,349000000,0.10923317683881065,-2000000.0,251000000.0,0.0785602503912363,-1000000.0,252000000,0.07887323943661972,0.3197969543147208,0.31265508684863524,788000000,806000000,https://www.sec.gov/Archives/edgar/data/815097/000119312510152337/0001193125-10-152337-index.htm,https://www.sec.gov/Archives/edgar/data/815097/000119312510152337/d10q.htm,1620590030,15:53:50,20210509
44,2010-02-28,CCL,USD,2010-04-01,2010-04-01 12:02:00,Q1,3095000000,2099000000.0,996000000.0,0.32180936995153475,0.0,396000000.0,0.0,0.0,741000000.0,2840000000.0,96000000.0,345000000.0,600000000,0.1938610662358643,255000000,0.08239095315024232,-3000000.0,160000000.0,0.051696284329563816,-15000000.0,175000000,0.05654281098546042,0.22236340533672172,0.21739130434782608,787000000,805000000,https://www.sec.gov/Archives/edgar/data/815097/000119312510074655/0001193125-10-074655-index.htm,https://www.sec.gov/Archives/edgar/data/815097/000119312510016470/d10k.htm,1620590030,15:53:50,20210509
45,2009-11-30,CCL,USD,2010-01-29,2010-01-29 09:02:19,Q4,3206000000,2143000000.0,1063000000.0,0.33156581409856517,0.0,424000000.0,0.0,0.0,769000000.0,2912000000.0,99000000.0,345000000.0,639000000,0.1993137866500312,294000000,0.09170305676855896,2000000.0,201000000.0,0.06269494697442296,8000000.0,193000000,0.06019962570180911,0.24523506988564167,0.24523506988564167,787000000,787000000,https://www.sec.gov/Archives/edgar/data/815097/000119312510016470/0001193125-10-016470-index.htm,https://www.sec.gov/Archives/edgar/data/815097/000119312510016470/d10k.htm,1620590030,15:53:50,20210509
46,2009-08-31,CCL,USD,2009-10-01,2009-10-01 09:01:02,Q3,4139000000,2226000000.0,1913000000.0,0.4621889345252476,0.0,381000000.0,0.0,0.0,717000000.0,2943000000.0,95000000.0,336000000.0,1532000000,0.37013771442377386,1196000000,0.28895868567286787,-8000000.0,1097000000.0,0.2650398647016187,24000000.0,1073000000,0.2592413626479826,1.36,1.33,787000000,809000000,https://www.sec.gov/Archives/edgar/data/815097/000119312509201646/0001193125-09-201646-index.htm,https://www.sec.gov/Archives/edgar/data/815097/000119312509201646/d10q.htm,1620590030,15:53:50,20210509
47,2009-05-31,CCL,USD,2009-06-30,2009-06-30 09:00:55,Q2,2948000000,1885000000.0,1063000000.0,0.3605834464043419,0.0,393000000.0,0.0,0.0,710000000.0,2595000000.0,90000000.0,317000000.0,670000000,0.22727272727272727,353000000,0.11974219810040705,5000000.0,270000000.0,0.09158751696065129,6000000.0,264000000,0.08955223880597014,0.34,0.33,787000000,804000000,https://www.sec.gov/Archives/edgar/data/815097/000119312509141248/0001193125-09-141248-index.htm,https://www.sec.gov/Archives/edgar/data/815097/000119312509141248/d10q.htm,1620590030,15:53:50,20210509
48,2009-02-28,CCL,USD,2009-04-02,2009-04-02 09:11:20,Q1,2864000000,1850000000.0,1014000000.0,0.3540502793296089,0.0,392000000.0,0.0,0.0,703000000.0,2553000000.0,96000000.0,311000000.0,622000000,0.21717877094972068,311000000,0.10858938547486034,19000000.0,238000000.0,0.08310055865921788,-22000000.0,260000000,0.09078212290502793,0.3303684879288437,0.32378580323785805,787000000,803000000,https://www.sec.gov/Archives/edgar/data/815097/000119312509071231/0001193125-09-071231-index.htm,https://www.sec.gov/Archives/edgar/data/815097/000119312509013746/d10k.htm,1620590030,15:53:50,20210509
49,2008-11-30,CCL,USD,2009-01-29,2009-01-29 10:10:27,Q4,3302000000,2132000000.0,1170000000.0,0.3543307086614173,0.0,407000000.0,0.0,0.0,720000000.0,2852000000.0,106000000.0,2185000000.0,2635000000,0.7980012113870382,450000000,0.1362810417928528,21000000.0,370000000.0,0.11205330102967898,-1000000.0,371000000,0.11235614778921865,0.4714104193138501,0.4714104193138501,787000000,787000000,https://www.sec.gov/Archives/edgar/data/815097/000119312509013746/0001193125-09-013746-index.htm,https://www.sec.gov/Archives/edgar/data/815097/000119312509013746/d10k.htm,1620590030,15:53:50,20210509
50,2008-08-31,CCL,USD,2008-09-26,2008-09-26 09:05:18,Q3,4814000000,2634000000.0,2180000000.0,0.45284586622351475,0.0,372000000.0,0.0,0.0,695000000.0,3329000000.0,108000000.0,323000000.0,1808000000,0.37557125051931867,1485000000,0.3084752804320731,0.0,1385000000.0,0.2877025342750312,52000000.0,1333000000,0.2769007062733693,1.7,1.65,786000000,814000000,https://www.sec.gov/Archives/edgar/data/815097/000119312508201731/0001193125-08-201731-index.htm,https://www.sec.gov/Archives/edgar/data/815097/000119312508201731/d10q.htm,1620590030,15:53:50,20210509
51,2008-05-31,CCL,USD,2008-06-27,2008-06-27 09:01:21,Q2,3378000000,2159000000.0,1219000000.0,0.36086441681468323,0.0,425000000.0,0.0,0.0,737000000.0,2896000000.0,102000000.0,312000000.0,794000000,0.2350503256364713,482000000,0.14268798105387803,4000000.0,396000000.0,0.1172291296625222,6000000.0,390000000,0.11545293072824156,0.5,0.49,780000000,795918367,https://www.sec.gov/Archives/edgar/data/815097/000116923208002427/0001169232-08-002427-index.htm,https://www.sec.gov/Archives/edgar/data/815097/000116923208002427/d74455_10-q.htm,1620590030,15:53:50,20210509
52,2008-02-29,CCL,USD,2008-03-28,2008-03-28 09:01:16,Q1,3152000000,2114000000.0,1038000000.0,0.3293147208121827,0.0,425000000.0,0.0,0.0,726000000.0,2840000000.0,0.0,301000000.0,613000000,0.1944796954314721,312000000,0.09898477157360407,2000000.0,226000000.0,0.0717005076142132,-10000000.0,236000000,0.07487309644670051,0.3,0.3,786666667,786666667,https://www.sec.gov/Archives/edgar/data/815097/000116923208001477/0001169232-08-001477-index.htm,https://www.sec.gov/Archives/edgar/data/815097/000116923208000308/d73197_10-k.htm,1620590030,15:53:50,20210509
53,2007-11-30,CCL,USD,2008-01-29,2008-01-29 09:11:11,Q4,3124000000,1985000000.0,1139000000.0,0.3645966709346991,0.0,426000000.0,0.0,0.0,716000000.0,2701000000.0,0.0,290000000.0,713000000,0.22823303457106275,423000000,0.1354033290653009,0.0,348000000.0,0.11139564660691421,-10000000.0,358000000,0.11459667093469911,0.4550847455698793,0.4550847455698793,786666667,786666667,https://www.sec.gov/Archives/edgar/data/815097/000116923208000308/0001169232-08-000308-index.htm,https://www.sec.gov/Archives/edgar/data/815097/000116923208000308/d73197_10-k.htm,1620590030,15:53:50,20210509
54,2007-08-31,CCL,USD,2007-08-31,2007-08-31,Q3,4321000000,2189000000.0,2132000000.0,0.4934043045591298,0.0,363000000.0,0.0,0.0,642000000.0,2831000000.0,0.0,279000000.0,1769000000,0.40939597315436244,1490000000,0.3448275862068966,1000000.0,1416000000.0,0.3277019208516547,39000000.0,1377000000,0.31867623235362186,1.73,1.67,795953757,824550898,,,1620590030,15:53:50,20210509
55,2007-05-31,CCL,USD,2007-05-31,2007-05-31,Q2,2900000000,1763000000.0,1137000000.0,0.39206896551724135,0.0,406000000.0,0.0,0.0,678000000.0,2441000000.0,0.0,272000000.0,731000000,0.2520689655172414,459000000,0.15827586206896552,-1000000.0,381000000.0,0.13137931034482758,-9000000.0,390000000,0.13448275862068965,0.49,0.48,795918367,812500000,,,1620590030,15:53:50,20210509
56,2007-02-28,CCL,USD,2007-02-28,2007-02-28,Q1,2688000000,1691000000.0,997000000.0,0.3709077380952381,0.0,384000000.0,0.0,0.0,644000000.0,2335000000.0,0.0,260000000.0,613000000,0.22805059523809523,353000000,0.13132440476190477,0.0,279000000.0,0.10379464285714286,-4000000.0,283000000,0.1052827380952381,0.36,0.35,786111111,808571429,,,1620590030,15:53:50,20210509
57,2006-11-30,CCL,USD,2006-11-30,2006-11-30,Q4,2810000000,1680000000.0,1130000000.0,0.40213523131672596,0.0,393000000.0,0.0,0.0,654000000.0,2334000000.0,0.0,261000000.0,737000000,0.26227758007117435,476000000,0.1693950177935943,9000000.0,413000000.0,0.14697508896797154,-3000000.0,416000000,0.1480427046263345,0.5291872792267402,0.5291872792267402,786111111,786111111,,,1620590030,15:53:50,20210509
58,2006-08-31,CCL,USD,2006-08-31,2006-08-31,Q3,3905000000,1975000000.0,1930000000.0,0.4942381562099872,0.0,335000000.0,0.0,0.0,590000000.0,2565000000.0,0.0,255000000.0,1595000000,0.4084507042253521,1340000000,0.34314980793854033,-1000000.0,1263000000.0,0.3234314980793854,31000000.0,1232000000,0.3154929577464789,1.55,1.49,794838710,826845638,,,1620590030,15:53:50,20210509
59,2006-05-31,CCL,USD,2006-05-31,2006-05-31,Q2,2662000000,1620000000.0,1042000000.0,0.391435011269722,0.0,354000000.0,0.0,0.0,594000000.0,2214000000.0,0.0,240000000.0,688000000,0.25845229151014276,448000000,0.16829451540195342,-1000000.0,377000000.0,0.1416228399699474,-3000000.0,380000000,0.14274981217129978,0.47,0.46,808510638,826086957,,,1620590030,15:53:50,20210509
60,2006-02-28,CCL,USD,2006-02-28,2006-02-28,Q1,2461000000,1487000000.0,974000000.0,0.39577407557903294,0.0,365000000.0,0.0,0.0,597000000.0,2084000000.0,0.0,232000000.0,609000000,0.24746038195855344,377000000,0.1531897602600569,-14000000.0,294000000.0,0.11946363266964649,14000000.0,280000000,0.11377488825680618,0.35,0.34,800000000,823529412,,,1620590030,15:53:50,20210509
61,2005-11-30,CCL,USD,2005-11-30,2005-11-30,Q4,2567000000,1533000000.0,1034000000.0,0.40280483054148813,0.0,356000000.0,0.0,0.0,586000000.0,2119000000.0,0.0,230000000.0,678000000,0.2641215426567978,448000000,0.1745227892481496,6000000.0,383000000.0,0.14920140241527075,30000000.0,353000000,0.13751460849240357,0.44125,0.44125,800000000,800000000,,,1620590030,15:53:50,20210509
62,2005-08-31,CCL,USD,2005-10-07,2005-10-07,Q3,3605000000,1790000000.0,1815000000.0,0.5034674063800277,0.0,298000000.0,0.0,0.0,524000000.0,2314000000.0,0.0,226000000.0,1517000000,0.42080443828016645,1291000000,0.3581137309292649,-23000000.0,1196000000.0,0.3317614424410541,45000000.0,1151000000,0.31927877947295424,1.43,1.36,804895105,846323529,https://www.sec.gov/Archives/edgar/data/815097/000116923205004831/0001169232-05-004831-index.htm,https://www.sec.gov/Archives/edgar/data/815097/000116923205004831/d65276_10q.txt,1620590030,15:53:50,20210509
63,2005-05-31,CCL,USD,2005-05-31,2005-05-31,Q2,2519000000,1470000000.0,1049000000.0,0.4164350932909885,0.0,342000000.0,0.0,0.0,567000000.0,2037000000.0,0.0,225000000.0,707000000,0.28066693132195314,482000000,0.19134577213179832,3000000.0,409000000.0,0.16236601826121477,0.0,409000000,0.16236601826121477,0.51,0.49,801960784,834693878,,,1620590030,15:53:50,20210509
64,2005-02-28,CCL,USD,2005-02-28,2005-02-28,Q1,2396000000,1423000000.0,973000000.0,0.40609348914858096,0.0,334000000.0,0.0,0.0,555000000.0,1978000000.0,0.0,221000000.0,639000000,0.26669449081803004,418000000,0.17445742904841402,7000000.0,342000000.0,0.14273789649415694,-3000000.0,345000000,0.1439899833055092,0.43,0.42,802325581,821428571,,,1620590030,15:53:50,20210509
65,2004-11-30,CCL,USD,2004-11-30,2004-11-30,Q4,2242000000,1341000000.0,901000000.0,0.40187332738626225,0.0,341000000.0,0.0,0.0,554000000.0,1895000000.0,0.0,213000000.0,560000000,0.24977698483496877,347000000,0.15477252453166815,4000000.0,284000000.0,0.12667261373773417,-9000000.0,293000000,0.13068688670829617,0.3651884059770494,0.3651884059770494,802325581,802325581,,,1620590030,15:53:50,20210509
66,2004-08-31,CCL,USD,2004-08-31,2004-08-31,Q3,3245000000,1569000000.0,1676000000.0,0.5164869029275809,0.0,306000000.0,0.0,0.0,516000000.0,2085000000.0,0.0,210000000.0,1370000000,0.4221879815100154,1160000000,0.3574730354391371,-2000000.0,1085000000.0,0.33436055469953774,60000000.0,1025000000,0.31587057010785824,1.28,1.23,800781250,833333333,,,1620590030,15:53:50,20210509
67,2004-05-31,CCL,USD,2004-05-31,2004-05-31,Q2,2256000000,1329000000.0,927000000.0,0.4109042553191489,0.0,322000000.0,0.0,0.0,522000000.0,1851000000.0,0.0,200000000.0,605000000,0.26817375886524825,405000000,0.17952127659574468,-7000000.0,332000000.0,0.14716312056737588,0.0,332000000,0.14716312056737588,0.41,0.41,809756098,809756098,,,1620590030,15:53:50,20210509
68,2004-02-29,CCL,USD,2004-02-29,2004-02-29,Q1,1980000000,1216000000.0,764000000.0,0.38585858585858585,0.0,316000000.0,0.0,0.0,504000000.0,1720000000.0,0.0,188000000.0,448000000,0.22626262626262628,260000000,0.13131313131313133,0.0,199000000.0,0.1005050505050505,-4000000.0,203000000,0.10252525252525252,0.25,0.25,812000000,812000000,,,1620590030,15:53:50,20210509
69,2003-11-30,CCL,USD,2003-11-30,2003-11-30,Q4,1816749000,1090934000.0,725815000.0,0.399513086287649,0.0,283688000.0,0.0,0.0,451698000.0,1542632000.0,0.0,168010000.0,442127000,0.2433616311334147,274117000,0.15088325354795848,-506000.0,214229000.0,0.11791887597020832,9164000.0,205065000,0.11287470090805059,0.25254310344827585,0.25254310344827585,812000000,812000000,,,1620590030,15:53:50,20210509
70,2003-08-31,CCL,USD,2003-08-31,2003-08-31,Q3,2523740000,1279645000.0,1244095000.0,0.4929568814537155,0.0,259582000.0,0.0,0.0,435364000.0,1715009000.0,0.0,175782000.0,984513000,0.39010080277683123,808731000,0.32044941238003916,4934000.0,762628000.0,0.30218168274069435,28367000.0,734261000,0.2909416183917519,0.92,0.9,798109783,815845556,,,1620590030,15:53:50,20210509
71,2003-05-31,CCL,USD,2003-05-31,2003-05-31,Q2,1334616000,819981000.0,514635000.0,0.38560529770360913,0.0,212068000.0,0.0,0.0,346793000.0,1166774000.0,0.0,134725000.0,302567000,0.22670715771427885,167842000,0.12576051838131716,-11156000.0,124268000.0,0.09311142680741127,-3527000.0,127795000,0.09575413452258927,0.19,0.19,672605263,672605263,,,1620590030,15:53:50,20210509
72,2003-02-28,CCL,USD,2003-02-28,2003-02-28,Q1,1031105000,615194000.0,415911000.0,0.40336435183613695,0.0,177118000.0,0.0,0.0,283601000.0,898795000.0,0.0,106483000.0,238793000,0.23158941135965785,132310000,0.12831864844026555,14729000.0,121876000.0,0.11819940743183284,-5003000.0,126879000,0.12305148360254291,0.22,0.22,576722727,576722727,,,1620590030,15:53:50,20210509
73,2002-11-30,CCL,USD,2003-02-18,2003-02-18,Q4,1035681000,578056000.0,457625000.0,0.4418590280211764,0.0,169301000.0,0.0,0.0,270213000.0,848269000.0,0.0,100912000.0,288324000,0.27839074000585123,187412000,0.18095533277138423,21261000.0,171246000.0,0.1653462794045657,-20090000.0,191336000,0.18474414419111676,0.3317642795096577,0.3317642795096577,576722727,576722727,https://www.sec.gov/Archives/edgar/data/815097/000081509703000005/0000815097-03-000005-index.htm,https://www.sec.gov/Archives/edgar/data/815097/000081509703000005/nov02_10k.txt,1620590030,15:53:50,20210509
74,2002-08-31,CCL,USD,2002-08-31,2002-08-31,Q3,1437655000,682243000.0,755412000.0,0.5254473430690951,0.0,147900000.0,0.0,0.0,246988000.0,929231000.0,0.0,99088000.0,607512000,0.422571479249194,508424000,0.35364812837572296,10552000.0,472091000.0,0.3283757229655237,-28673000.0,500764000,0.3483200072340026,0.85,0.85,589134118,589134118,,,1620590030,15:53:50,20210509
75,2002-05-31,CCL,USD,2002-07-12 00:00:00,2002-07-11 17:39:27,Q2,989157000,533455000.0,455702000.0,0.4606973412714059,0.0,142702000.0,0.0,0.0,235291000.0,768746000.0,0.0,92589000.0,313000000,0.3164310620053237,220411000,0.22282711440145497,-5951000.0,188065000.0,0.19012654209594634,-6136000.0,194201000,0.19632980406548203,0.33,0.33,588487879,588487879,https://www.sec.gov/Archives/edgar/data/815097/000081509702000028/0000815097-02-000028-index.html,https://www.sec.gov/Archives/edgar/data/815097/000081509702000028/may-10q_2q02.txt,1620590030,15:53:50,20210509
76,2002-02-28,CCL,USD,2002-02-28,2002-02-28,Q1,905776000,518165000.0,387611000.0,0.42793251311582553,0.0,152045000.0,0.0,0.0,241799000.0,759964000.0,0.0,89754000.0,235566000,0.26007092261221315,145812000,0.16098019819469714,6620000.0,127979000.0,0.14129210754093727,-1661000.0,129640000,0.1431258942608327,0.22,0.22,589272727,589272727,,,1620590030,15:53:50,20210509
77,2001-11-30,CCL,USD,2002-02-28,2002-02-28,Q4,959102000,2424706000.0,-1465604000.0,-1.528100243769693,0.0,161412000.0,0.0,0.0,-1668154000.0,756552000.0,0.0,91266000.0,293816000,0.30634489345241694,202550000,0.21118713129573288,-23542000.0,102360000.0,0.10672483218677471,-13952000.0,116312000,0.12127177297096658,0.19738228950819914,0.19738228950819914,589272727,589272727,https://www.sec.gov/Archives/edgar/data/815097/000081509702000012/0000815097-02-000012-index.htm,https://www.sec.gov/Archives/edgar/data/815097/000081509702000012/nov-10k_fy2001.txt,1620590030,15:53:50,20210509
78,2001-08-31,CCL,USD,2001-09-28 00:00:00,2001-09-28 00:00:00,Q3,1489918000,820767000.0,669151000.0,0.4491193475077152,0.0,146797000.0,0.0,0.0,142416000.0,963183000.0,0.0,97008000.0,623743000,0.4186425024732905,526735000,0.3535328789906559,-8256000.0,501351000.0,0.3364956997633427,6376000.0,494975000,0.3322162696202073,0.84,0.84,589255952,589255952,https://www.sec.gov/Archives/edgar/data/815097/000081509701500010/0000815097-01-500010-index.html,https://www.sec.gov/Archives/edgar/data/815097/000081509701500010/aug-10q_3q01.txt,1620590030,15:53:50,20210509
79,2001-05-31,CCL,USD,2001-07-13 00:00:00,2001-07-13 00:00:00,Q2,1079125000,22961000.0,1056164000.0,0.9787225761612417,0.0,154564000.0,0.0,0.0,848257000.0,871218000.0,0.0,92359000.0,300266000,0.2782495077030001,207907000,0.19266257384455,3294000.0,184049000.0,0.17055392100081085,-2914000.0,186963000,0.17325425692111665,0.32,0.32,584259375,584259375,https://www.sec.gov/Archives/edgar/data/815097/000081509701500005/0000815097-01-500005-index.html,https://www.sec.gov/Archives/edgar/data/815097/000081509701500005/may-10q_2q01.txt,1620590030,15:53:50,20210509
80,2001-02-28,CCL,USD,2001-04-16 00:00:00,2001-04-16 00:00:00,Q1,1007606000,21063000.0,986543000.0,0.9790959958555229,0.0,155891000.0,0.0,0.0,847602000.0,868665000.0,0.0,91591000.0,230532000,0.22879180949696606,138941000,0.13789219198774125,17103000.0,122793000.0,0.12186608654573315,-5157000.0,127950000,0.1269841584905211,0.22,0.22,581590909,581590909,https://www.sec.gov/Archives/edgar/data/815097/000081509701000004/0000815097-01-000004-index.html,https://www.sec.gov/Archives/edgar/data/815097/000081509701000004/0000815097-01-000004-0001.txt,1620590030,15:53:50,20210509
81,2000-11-30,CCL,USD,2000-11-30,2000-11-30,Q4,850326000,2053981000.0,-1203655000.0,-1.4155218116345967,0.0,126368000.0,0.0,0.0,-1374390000.0,679591000.0,0.0,76527000.0,247262000,0.29078494600894245,170735000,0.2007876978946898,-3781000.0,191063000.0,0.2246938233101187,-2732000.0,193795000,0.22790670872112578,0.33321531853586794,0.33321531853586794,581590909,581590909,,,1620590030,15:53:50,20210509
82,2000-08-31,CCL,USD,2000-10-13 00:00:00,2000-10-13 00:00:00,Q3,1228211000,614724000.0,613487000.0,0.4994964220317193,0.0,119329000.0,0.0,0.0,809301000.0,1424025000.0,0.0,75248000.0,-120566000,-0.09816391483222345,-195814000,-0.15943026076138384,0.0,401807000.0,0.3271481854502199,5617000.0,396190000,0.3225748670220345,0.67,0.67,591328358,591328358,https://www.sec.gov/Archives/edgar/data/815097/000081509700000004/0000815097-00-000004-index.html,https://www.sec.gov/Archives/edgar/data/815097/000081509700000004/0000815097-00-000004-0001.txt,1620590030,15:53:50,20210509
83,2000-05-31,CCL,USD,2000-07-17 00:00:00,2000-07-17 00:00:00,Q2,875127000,497121000.0,378006000.0,0.4319441635328358,0.0,120827000.0,0.0,0.0,686236000.0,1183357000.0,0.0,68288000.0,-239942000,-0.27417963335607287,-308230000,-0.3522117361251567,9349000.0,206495000.0,0.23596003780022784,2539000.0,203956000,0.23305874461649567,0.34,0.34,599870588,599870588,https://www.sec.gov/Archives/edgar/data/815097/000081509700000003/0000815097-00-000003-index.html,https://www.sec.gov/Archives/edgar/data/815097/000081509700000003/0000815097-00-000003-0001.txt,1620590030,15:53:50,20210509
84,2000-02-29,CCL,USD,2000-04-14 00:00:00,2000-04-14 00:00:00,Q1,824878000,11437000.0,813441000.0,0.9861349193456487,0.0,120879000.0,0.0,0.0,653923000.0,665360000.0,0.0,67604000.0,227122000,0.27534011090124844,159518000,0.1933837488695298,8897000.0,176269000.0,0.21369099430461233,4752000.0,171517000,0.20793014239681504,0.28,0.28,612560714,612560714,https://www.sec.gov/Archives/edgar/data/815097/000081509700000002/0000815097-00-000002-index.html,https://www.sec.gov/Archives/edgar/data/815097/0000815097-00-000002.txt,1620590030,15:53:50,20210509
85,1999-11-30,CCL,USD,1999-11-30,1999-11-30,Q4,783870000,434336000.0,349534000.0,0.44590812252031586,0.0,121035000.0,0.0,0.0,-1243507000.0,-809171000.0,0.0,63758000.0,1656799000,2.1136145024047357,1593041000,2.032277035732966,-9135000.0,248218000.0,0.31665709875361986,-2822000.0,251040000,0.32025718550269816,0.40982060106453383,0.40982060106453383,612560714,612560714,,,1620590030,15:53:50,20210509
86,1999-08-31,CCL,USD,1999-08-31,1999-08-31,Q3,1169100000,579700000.0,589400000.0,0.5041484902916774,0.0,109900000.0,0.0,0.0,752700000.0,1332400000.0,0.0,63100000.0,-100200000,-0.08570695406723121,-163300000,-0.13968009580018817,20800000.0,428400000.0,0.36643571978444955,13300000.0,415100000,0.35505944743820034,0.68,0.67,610441176,619552239,,,1620590030,15:53:50,20210509
87,1999-05-31,CCL,USD,1999-05-31,1999-05-31,Q2,796100000,432400000.0,363700000.0,0.4568521542519784,0.0,105500000.0,0.0,0.0,596800000.0,1029200000.0,0.0,58900000.0,-174200000,-0.21881673156638612,-233100000,-0.2928024117573169,3700000.0,200500000.0,0.25185278231377967,-2800000.0,203300000,0.2553699284009546,0.33,0.33,616060606,616060606,,,1620590030,15:53:50,20210509
88,1999-02-28,CCL,USD,1999-02-28,1999-02-28,Q1,748300000,416100000.0,332200000.0,0.4439395964185487,0.0,110800000.0,0.0,0.0,584800000.0,1000900000.0,0.0,57900000.0,-194700000,-0.2601897634638514,-252600000,-0.33756514766804757,-2900000.0,153000000.0,0.20446345048777229,-4800000.0,157800000,0.21087799011091807,0.26,0.26,606923077,606923077,,,1620590030,15:53:50,20210509
89,1998-11-30,CCL,USD,1998-11-30,1998-11-30,Q4,728606000,409077000.0,319529000.0,0.438548406134454,0.0,106869000.0,0.0,0.0,-1049463000.0,-640386000.0,0.0,53968000.0,1422960000,1.9529896816660857,1368992000,1.8789194708800092,-16224000.0,218500000.0,0.2998877308174789,-2085000.0,220585000,0.3027493597362635,0.3634480354418951,0.3634480354418951,606923077,606923077,,,1620590030,15:53:50,20210509
90,1998-08-31,CCL,USD,1998-08-31,1998-08-31,Q3,1061500000,540300000.0,521200000.0,0.4910032972209138,0.0,98800000.0,0.0,0.0,696500000.0,1236800000.0,0.0,57400000.0,-117900000,-0.11106924163918983,-175300000,-0.1651436646255299,16800000.0,357500000.0,0.33678756476683935,12700000.0,344800000,0.32482336316533206,0.58,0.58,594482759,594482759,,,1620590030,15:53:50,20210509
91,1998-05-31,CCL,USD,1998-05-31,1998-05-31,Q2,661400000,362400000.0,299000000.0,0.45207136377381313,0.0,85000000.0,0.0,0.0,493700000.0,856100000.0,0.0,46300000.0,-148400000,-0.22437254309041427,-194700000,-0.2943755669791352,200000.0,158000000.0,0.2388872089507106,-2600000.0,160600000,0.2428182642878742,0.135,0.135,594777972,594777972,,,1620590030,15:53:50,20210509
92,1998-02-28,CCL,USD,1998-02-28,1998-02-28,Q1,557800000,307600000.0,250200000.0,0.4485478666188598,0.0,78800000.0,0.0,0.0,429400000.0,737000000.0,0.0,43000000.0,-136200000,-0.24417353890283255,-179200000,-0.3212621011115095,-14000000.0,105600000.0,0.18931516672642523,-4300000.0,109900000,0.19702402294729293,0.09,0.09,594777972,594777972,,,1620590030,15:53:50,20210509
93,1997-11-30,CCL,USD,1997-11-30,1997-11-30,Q4,524368000,299969000.0,224399000.0,0.4279418271137827,0.0,74833000.0,0.0,0.0,-906480000.0,-606511000.0,0.0,41387000.0,1172266000,2.235578830134562,1130879000,2.1566514356329907,1136000.0,152983000.0,0.2917473987733805,-2367000.0,155350000,0.29626140420468067,0.26118990163273903,0.26118990163273903,594777972,594777972,,,1620590030,15:53:50,20210509
94,1997-08-31,CCL,USD,1997-08-31,1997-08-31,Q3,805400000,388100000.0,417300000.0,0.5181276384405265,0.0,65500000.0,0.0,0.0,496800000.0,884900000.0,0.0,43200000.0,-36300000,-0.04507077228706233,-79500000,-0.09870871616588031,13900000.0,312800000.0,0.3883784454929228,14900000.0,297900000,0.36987832133101567,0.25,0.25,1191600000,1191600000,,,1620590030,15:53:50,20210509
95,1997-05-31,CCL,USD,1997-07-15 00:00:00,1997-07-15 00:00:00,Q2,596600000,337700000.0,258900000.0,0.43395910157559503,0.0,76700000.0,0.0,0.0,456400000.0,794100000.0,0.0,42000000.0,-155500000,-0.26064364733489775,-197500000,-0.3310425745893396,-2200000.0,125100000.0,0.2096882333221589,-2300000.0,127400000,0.2135434126718069,0.105,0.105,1213333333,1213333333,https://www.sec.gov/Archives/edgar/data/815097/000081509797000008/0000815097-97-000008-index.html,https://www.sec.gov/Archives/edgar/data/815097/0000815097-97-000008.txt,1620590030,15:53:50,20210509
96,1997-02-28,CCL,USD,1997-04-14 00:00:00,1997-04-14 00:00:00,Q1,521100000,296900000.0,224200000.0,0.43024371521780846,0.0,79500000.0,0.0,0.0,417100000.0,714000000.0,0.0,40700000.0,-152200000,-0.2920744578775667,-192900000,-0.3701784686240645,-7400000.0,81400000.0,0.1562080214929956,-4000000.0,85400000,0.16388409134523124,0.07,0.07,594072188,594072188,https://www.sec.gov/Archives/edgar/data/815097/000081509797000004/0000815097-97-000004-index.html,https://www.sec.gov/Archives/edgar/data/815097/0000815097-97-000004.txt,1620590030,15:53:50,20210509
97,1996-11-30,CCL,USD,1996-11-30,1996-11-30,Q4,474972000,278869000.0,196103000.0,0.4128727588152565,0.0,65655000.0,0.0,0.0,-859358000.0,-580489000.0,0.0,37387000.0,1092848000,2.3008682617080587,1055461000,2.2221541480339893,-13386000.0,112847000.0,0.237586636685952,-1955000.0,114802000,0.24170266878889704,0.19324587536489757,0.19324587536489757,594072188,594072188,,,1620590030,15:53:50,20210509
98,1996-08-31,CCL,USD,1996-10-11 00:00:00,1996-10-11 00:00:00,Q3,772000000,396200000.0,375800000.0,0.4867875647668394,0.0,69000000.0,0.0,0.0,504900000.0,901100000.0,0.0,39700000.0,-89400000,-0.11580310880829016,-129100000,-0.1672279792746114,31500000.0,284100000.0,0.36800518134715027,16000000.0,268100000,0.347279792746114,0.23,0.23,1165652174,1165652174,https://www.sec.gov/Archives/edgar/data/815097/000081509796000007/0000815097-96-000007-index.html,https://www.sec.gov/Archives/edgar/data/815097/0000815097-96-000007.txt,1620590030,15:53:50,20210509
99,1996-05-31,CCL,USD,1996-07-02 00:00:00,1996-07-02 00:00:00,Q2,516800000,302500000.0,214300000.0,0.4146671826625387,0.0,69000000.0,0.0,0.0,406600000.0,709100000.0,0.0,35100000.0,-157200000,-0.3041795665634675,-192300000,-0.37209752321981426,4500000.0,104800000.0,0.20278637770897834,-1500000.0,106300000,0.20568885448916407,0.095,0.095,1118947368,1118947368,https://www.sec.gov/Archives/edgar/data/815097/000081509796000005/0000815097-96-000005-index.html,https://www.sec.gov/Archives/edgar/data/815097/0000815097-96-000005.txt,1620590030,15:53:50,20210509
100,1996-02-29,CCL,USD,1996-04-12 00:00:00,1996-04-12 00:00:00,Q1,448800000,263700000.0,185100000.0,0.4124331550802139,0.0,71300000.0,0.0,0.0,367800000.0,631500000.0,0.0,32800000.0,-149900000,-0.3340017825311943,-182700000,-0.4070855614973262,800000.0,73600000.0,0.16399286987522282,-3500000.0,77100000,0.17179144385026737,0.07,0.07,569710310,569710310,https://www.sec.gov/Archives/edgar/data/815097/000081509796000003/0000815097-96-000003-index.html,https://www.sec.gov/Archives/edgar/data/815097/0000815097-96-000003.txt,1620590030,15:53:50,20210509
101,1995-11-30,CCL,USD,1996-01-26 00:00:00,1996-01-26 00:00:00,Q4,452950000,265813000.0,187137000.0,0.41315156198255876,0.0,60666000.0,0.0,0.0,-771001000.0,-505188000.0,0.0,33633000.0,991771000,2.1895816315266585,958138000,2.115328402693454,-9170000.0,82465000.0,0.1820620377525113,-1726000.0,84191000,0.18587261287117784,0.14777861401174222,0.14777861401174222,569710310,569710310,https://www.sec.gov/Archives/edgar/data/815097/000081509796000001/0000815097-96-000001-index.html,https://www.sec.gov/Archives/edgar/data/815097/0000815097-96-000001.txt,1620590030,15:53:50,20210509
102,1995-08-31,CCL,USD,1995-10-13 00:00:00,1995-10-13 00:00:00,Q3,672600000,352100000.0,320500000.0,0.47650906928337794,0.0,63600000.0,0.0,0.0,448400000.0,800500000.0,0.0,32700000.0,-95200000,-0.1415402914064823,-127900000,-0.19015759738328872,13700000.0,226000000.0,0.336009515313708,16500000.0,209500000,0.31147784716027355,0.185,0.185,1132432432,1132432432,https://www.sec.gov/Archives/edgar/data/815097/000081509795000004/0000815097-95-000004-index.html,https://www.sec.gov/Archives/edgar/data/815097/0000815097-95-000004.txt,1620590030,15:53:50,20210509
103,1995-05-31,CCL,USD,1995-07-14 00:00:00,1995-07-14 00:00:00,Q2,452800000,265900000.0,186900000.0,0.4127650176678445,0.0,60100000.0,0.0,0.0,356500000.0,622400000.0,0.0,30500000.0,-139100000,-0.30719964664310956,-169600000,-0.3745583038869258,3800000.0,89300000.0,0.19721731448763252,-500000.0,89800000,0.19832155477031801,0.08,0.08,1122500000,1122500000,https://www.sec.gov/Archives/edgar/data/815097/000081509795000003/0000815097-95-000003-index.html,https://www.sec.gov/Archives/edgar/data/815097/0000815097-95-000003.txt,1620590030,15:53:50,20210509
104,1995-02-28,CCL,USD,1995-03-24 00:00:00,1995-03-24 00:00:00,Q1,419800000,247200000.0,172600000.0,0.4111481657932349,0.0,64200000.0,0.0,0.0,342900000.0,590100000.0,0.0,31500000.0,-138800000,-0.33063363506431637,-170300000,-0.40566936636493567,1400000.0,62800000.0,0.14959504525964745,-4800000.0,67600000,0.16102906145783707,0.06,0.06,565229398,565229398,https://www.sec.gov/Archives/edgar/data/815097/000095014495000740/0000950144-95-000740-index.html,https://www.sec.gov/Archives/edgar/data/815097/0000950144-95-000740.txt,1620590030,15:53:50,20210509
105,1994-08-31,CCL,USD,1994-08-31,1994-08-31,Q1,600800000,314500000.0,286300000.0,0.47653129161118507,0.0,53500000.0,0.0,0.0,81300000.0,395800000.0,0.0,27800000.0,232800000,0.38748335552596536,205000000,0.34121171770972036,-6800000.0,186300000.0,0.31008655126498,17500000.0,168800000,0.2809587217043941,0.075,0.075,564948000,564948000,,,1620590030,15:53:50,20210509
106,1994-05-31,CCL,USD,1994-05-31,1994-05-31,Q2,409400000,245800000.0,163600000.0,0.39960918417195895,0.0,51600000.0,0.0,0.0,77800000.0,323600000.0,0.0,26200000.0,112000000,0.27357107962872496,85800000,0.20957498778700537,1900000.0,76000000.0,0.18563751831949193,-1900000.0,77900000,0.19027845627747925,0.035,0.035,564816000,564816000,,,1620590030,15:53:50,20210509
107,1994-02-28,CCL,USD,1994-02-28,1994-02-28,Q1,385300000,230300000.0,155000000.0,0.40228393459641837,0.0,56500000.0,0.0,0.0,83000000.0,313300000.0,0.0,26500000.0,98500000,0.2556449519854659,72000000,0.18686737607059434,2000000.0,60800000.0,0.15779911757072412,-4300000.0,65100000,0.1689592525304957,0.03,0.03,564772000,564772000,,,1620590030,15:53:50,20210509
108,1993-08-31,CCL,USD,1993-08-31,1993-08-31,Q1,529300000,281100000.0,248200000.0,0.4689212167013036,0.0,52700000.0,0.0,0.0,76300000.0,357400000.0,0.0,23600000.0,195500000,0.3693557528811638,171900000,0.324768562252031,3100000.0,166700000.0,0.3149442660117136,14500000.0,152200000,0.2875495938031362,0.0675,0.0675,454736000,454736000,,,1620590030,15:53:50,20210509
109,1993-05-31,CCL,USD,1993-05-31,1993-05-31,Q2,378200000,232500000.0,145700000.0,0.38524590163934425,0.0,52200000.0,0.0,0.0,75500000.0,308000000.0,0.0,23300000.0,93500000,0.2472236911686938,70200000,0.18561607615018508,2700000.0,62400000.0,0.16499206768905342,-2700000.0,65100000,0.1721311475409836,0.03,0.03,564576000,564576000,,,1620590030,15:53:50,20210509
110,1993-02-28,CCL,USD,1993-02-28,1993-02-28,Q1,323600000,199200000.0,124400000.0,0.38442521631644005,0.0,50400000.0,0.0,0.0,72700000.0,271900000.0,0.0,22300000.0,74000000,0.22867737948084055,51700000,0.15976514215080345,2800000.0,46000000.0,0.14215080346106304,-4700000.0,50700000,0.15667490729295427,0.0225,0.0225,564364000,564364000,,,1620590030,15:53:50,20210509
111,1992-08-31,CCL,USD,1992-08-31,1992-08-31,Q1,487800000,0.0,0.0,0.0,0.0,0.0,0.0,0.0,0.0,0.0,0.0,0.0,487800000,1.0,487800000,1.0,0.0,0.0,0.0,0.0,134800000,0.27634276342763425,0.0575,0.0575,562480000,562480000,,,1620590030,15:53:50,20210509
112,1992-05-31,CCL,USD,1992-05-31,1992-05-31,Q2,346000000,0.0,0.0,0.0,0.0,0.0,0.0,0.0,0.0,0.0,0.0,0.0,346000000,1.0,346000000,1.0,0.0,0.0,0.0,0.0,57100000,0.16502890173410403,0.0275,0.0275,562416000,562416000,,,1620590030,15:53:50,20210509
113,1992-02-29,CCL,USD,1992-02-29,1992-02-29,Q1,328800000,0.0,0.0,0.0,0.0,0.0,0.0,0.0,0.0,0.0,0.0,0.0,328800000,1.0,328800000,1.0,0.0,0.0,0.0,0.0,46800000,0.14233576642335766,0.0225,0.0225,562332000,562332000,,,1620590030,15:53:50,20210509
114,1991-08-31,CCL,USD,1991-08-31,1991-08-31,Q1,499200000,0.0,0.0,0.0,0.0,0.0,0.0,0.0,0.0,0.0,0.0,0.0,499200000,1.0,499200000,1.0,0.0,0.0,0.0,0.0,123100000,0.2465945512820513,0.055,0.055,452420000,452420000,,,1620590030,15:53:50,20210509
115,1991-05-31,CCL,USD,1991-05-31,1991-05-31,Q2,307000000,0.0,0.0,0.0,0.0,0.0,0.0,0.0,0.0,0.0,0.0,0.0,307000000,1.0,307000000,1.0,0.0,0.0,0.0,0.0,43400000,0.14136807817589578,0.02,0.02,538792000,538792000,,,1620590030,15:53:50,20210509
116,1991-02-28,CCL,USD,1991-02-28,1991-02-28,Q1,292900000,0.0,0.0,0.0,0.0,0.0,0.0,0.0,0.0,0.0,0.0,0.0,292900000,1.0,292900000,1.0,0.0,0.0,0.0,0.0,30500000,0.10413110276544896,0.0125,0.0125,544988000,544988000,,,1620590030,15:53:50,20210509
117,1990-08-31,CCL,USD,1990-08-31,1990-08-31,Q1,482900000,0.0,0.0,0.0,0.0,0.0,0.0,0.0,0.0,0.0,0.0,0.0,482900000,1.0,482900000,1.0,0.0,0.0,0.0,0.0,107200000,0.22199213087595776,0.05,0.05,538988000,538988000,,,1620590030,15:53:50,20210509
118,1990-05-31,CCL,USD,1990-05-31,1990-05-31,Q2,352500000,0.0,0.0,0.0,0.0,0.0,0.0,0.0,0.0,0.0,0.0,0.0,352500000,1.0,352500000,1.0,0.0,0.0,0.0,0.0,54600000,0.1548936170212766,0.0275,0.0275,538712000,538712000,,,1620590030,15:53:50,20210509
119,1990-02-28,CCL,USD,1990-02-28,1990-02-28,Q1,259400000,0.0,0.0,0.0,0.0,0.0,0.0,0.0,0.0,0.0,0.0,0.0,259400000,1.0,259400000,1.0,0.0,0.0,0.0,0.0,25200000,0.09714726291441789,0.0125,0.0125,538712000,538712000,,,1620590030,15:53:50,20210509
120,1989-08-31,CCL,USD,1989-08-31,1989-08-31,Q1,405200000,0.0,0.0,0.0,0.0,0.0,0.0,0.0,0.0,0.0,0.0,0.0,405200000,1.0,405200000,1.0,0.0,0.0,0.0,0.0,84400000,0.20829220138203355,0.04,0.04,538460000,538460000,,,1620590030,15:53:50,20210509
121,1989-05-31,CCL,USD,1989-05-31,1989-05-31,Q2,284700000,0.0,0.0,0.0,0.0,0.0,0.0,0.0,0.0,0.0,0.0,0.0,284700000,1.0,284700000,1.0,0.0,0.0,0.0,0.0,41600000,0.1461187214611872,0.02,0.02,538444000,538444000,,,1620590030,15:53:50,20210509
122,1989-02-28,CCL,USD,1989-02-28,1989-02-28,Q1,231800000,0.0,0.0,0.0,0.0,0.0,0.0,0.0,0.0,0.0,0.0,0.0,231800000,1.0,231800000,1.0,0.0,0.0,0.0,0.0,46300000,0.1997411561691113,0.0225,0.0225,538444000,538444000,,,1620590030,15:53:50,20210509
123,1988-08-31,CCL,USD,1988-08-31,1988-08-31,Q1,157600000,0.0,0.0,0.0,0.0,0.0,0.0,0.0,0.0,0.0,0.0,0.0,157600000,1.0,157600000,1.0,0.0,0.0,0.0,0.0,56300000,0.35723350253807107,0.0275,0.0275,538476000,538476000,,,1620590030,15:53:50,20210509
124,1988-05-31,CCL,USD,1988-05-31,1988-05-31,Q2,158700000,0.0,0.0,0.0,0.0,0.0,0.0,0.0,0.0,0.0,0.0,0.0,158700000,1.0,158700000,1.0,0.0,0.0,0.0,0.0,52000000,0.3276622558286074,0.025,0.025,538892000,538892000,,,1620590030,15:53:50,20210509
125,1988-02-29,CCL,USD,1988-02-29,1988-02-29,Q1,152900000,0.0,0.0,0.0,0.0,0.0,0.0,0.0,0.0,0.0,0.0,0.0,152900000,1.0,152900000,1.0,0.0,0.0,0.0,0.0,46000000,0.30085022890778285,0.0225,0.0225,544988000,544988000,,,1620590030,15:53:50,20210509
126,1987-08-31,CCL,USD,1987-08-31,1987-08-31,Q1,160100000,0.0,0.0,0.0,0.0,0.0,0.0,0.0,0.0,0.0,0.0,0.0,160100000,1.0,160100000,1.0,0.0,0.0,0.0,0.0,50100000,0.31292941911305433,0.0275,0.0275,538892000,538892000,,,1620590030,15:53:50,20210509
127,1987-05-31,CCL,USD,1987-05-31,1987-05-31,Q2,156700000,0.0,0.0,0.0,0.0,0.0,0.0,0.0,0.0,0.0,0.0,0.0,156700000,1.0,156700000,1.0,0.0,0.0,0.0,0.0,42200000,0.2693044033184429,0.025,0.025,538892000,538892000,,,1620590030,15:53:50,20210509
128,1987-02-28,CCL,USD,1987-02-28,1987-02-28,Q1,121400000,0.0,0.0,0.0,0.0,0.0,0.0,0.0,0.0,0.0,0.0,0.0,121400000,1.0,121400000,1.0,0.0,0.0,0.0,0.0,26100000,0.21499176276771004,0.015,0.015,538892000,538892000,,,1620590030,15:53:50,20210509
129,1986-08-31,CCL,USD,1986-08-31,1986-08-31,Q1,105200000,0.0,0.0,0.0,0.0,0.0,0.0,0.0,0.0,0.0,0.0,0.0,105200000,1.0,105200000,1.0,0.0,0.0,0.0,0.0,23200000,0.22053231939163498,0.015,0.015,434296000,434296000,,,1620590030,15:53:50,20210509
130,1986-05-31,CCL,USD,1986-05-31,1986-05-31,Q2,105200000,0.0,0.0,0.0,0.0,0.0,0.0,0.0,0.0,0.0,0.0,0.0,105200000,1.0,105200000,1.0,0.0,0.0,0.0,0.0,23200000,0.22053231939163498,0.015,0.015,434296000,434296000,,,1620590030,15:53:50,20210509
131,1986-02-28,CCL,USD,1986-02-28,1986-02-28,Q1,105200000,0.0,0.0,0.0,0.0,0.0,0.0,0.0,0.0,0.0,0.0,0.0,105200000,1.0,105200000,1.0,0.0,0.0,0.0,0.0,23100000,0.21958174904942965,0.015,0.015,434296000,434296000,,,1620590030,15:53:50,20210509
