,date,symbol,reportedCurrency,fillingDate,acceptedDate,period,revenue,costOfRevenue,grossProfit,grossProfitRatio,researchAndDevelopmentExpenses,generalAndAdministrativeExpenses,sellingAndMarketingExpenses,otherExpenses,operatingExpenses,costAndExpenses,interestExpense,depreciationAndAmortization,ebitda,ebitdaratio,operatingIncome,operatingIncomeRatio,totalOtherIncomeExpensesNet,incomeBeforeTax,incomeBeforeTaxRatio,incomeTaxExpense,netIncome,netIncomeRatio,eps,epsdiluted,weightedAverageShsOut,weightedAverageShsOutDil,link,finalLink,timestamp,est_time,est_date
0,2018-09-30,TSI.L,GBP,2018-09-30,2018-09-30,Q3,0.0,0.0,0.0,0.0,0.0,0.0,0.0,0.0,0.0,0.0,0.0,0.0,0.0,0.0,0.0,0.0,0.0,0.0,0.0,0.0,0.0,0.0,0.0,0.0,0.0,0.0,https://find-and-update.company-information.service.gov.uk/search/companies?q=Two+Shields+Investments+PLC,https://find-and-update.company-information.service.gov.uk/search/companies?q=Two+Shields+Investments+PLC,1620599077,18:24:37,20210509
1,2017-09-30,TSI.L,GBP,2017-09-30,2017-09-30,Q3,0.0,0.0,0.0,0.0,0.0,0.0,0.0,0.0,0.0,0.0,0.0,0.0,0.0,0.0,0.0,0.0,0.0,0.0,0.0,0.0,0.0,0.0,0.0,0.0,0.0,0.0,https://find-and-update.company-information.service.gov.uk/search/companies?q=Two+Shields+Investments+PLC,https://find-and-update.company-information.service.gov.uk/search/companies?q=Two+Shields+Investments+PLC,1620599077,18:24:37,20210509
2,2016-10-31,TSI.L,GBP,2016-10-31,2016-10-31,Q4,0.0,0.0,0.0,0.0,0.0,0.0,0.0,0.0,0.0,0.0,0.0,0.0,0.0,0.0,0.0,0.0,0.0,0.0,0.0,0.0,0.0,0.0,0.0,0.0,0.0,0.0,https://find-and-update.company-information.service.gov.uk/search/companies?q=Two+Shields+Investments+PLC,https://find-and-update.company-information.service.gov.uk/search/companies?q=Two+Shields+Investments+PLC,1620599077,18:24:37,20210509
3,2015-10-31,TSI.L,GBP,2015-10-31,2015-10-31,Q4,0.0,0.0,0.0,0.0,0.0,0.0,0.0,0.0,0.0,0.0,0.0,0.0,0.0,0.0,0.0,0.0,0.0,0.0,0.0,0.0,0.0,0.0,0.0,0.0,0.0,0.0,https://find-and-update.company-information.service.gov.uk/search/companies?q=Two+Shields+Investments+PLC,https://find-and-update.company-information.service.gov.uk/search/companies?q=Two+Shields+Investments+PLC,1620599077,18:24:37,20210509
4,2014-10-31,TSI.L,GBP,2014-10-31,2014-10-31,Q4,0.0,0.0,0.0,0.0,0.0,0.0,0.0,0.0,0.0,0.0,0.0,0.0,0.0,0.0,0.0,0.0,0.0,0.0,0.0,0.0,0.0,0.0,0.0,0.0,0.0,0.0,https://find-and-update.company-information.service.gov.uk/search/companies?q=Two+Shields+Investments+PLC,https://find-and-update.company-information.service.gov.uk/search/companies?q=Two+Shields+Investments+PLC,1620599077,18:24:37,20210509
5,2012-10-31,TSI.L,GBP,2012-10-31,2012-10-31,Q4,0.0,0.0,0.0,0.0,0.0,0.0,0.0,0.0,0.0,0.0,0.0,0.0,0.0,0.0,0.0,0.0,0.0,0.0,0.0,0.0,0.0,0.0,0.0,0.0,0.0,0.0,https://find-and-update.company-information.service.gov.uk/search/companies?q=Two+Shields+Investments+PLC,https://find-and-update.company-information.service.gov.uk/search/companies?q=Two+Shields+Investments+PLC,1620599077,18:24:37,20210509
6,2011-10-31,TSI.L,GBP,2011-10-31,2011-10-31,Q4,0.0,0.0,0.0,0.0,0.0,0.0,0.0,0.0,0.0,0.0,0.0,0.0,0.0,0.0,0.0,0.0,0.0,0.0,0.0,0.0,0.0,0.0,0.0,0.0,0.0,0.0,https://find-and-update.company-information.service.gov.uk/search/companies?q=Two+Shields+Investments+PLC,https://find-and-update.company-information.service.gov.uk/search/companies?q=Two+Shields+Investments+PLC,1620599077,18:24:37,20210509
7,2010-10-31,TSI.L,GBP,2010-10-31,2010-10-31,Q4,0.0,0.0,0.0,0.0,0.0,0.0,0.0,0.0,0.0,0.0,0.0,0.0,0.0,0.0,0.0,0.0,0.0,0.0,0.0,0.0,0.0,0.0,0.0,0.0,0.0,0.0,https://find-and-update.company-information.service.gov.uk/search/companies?q=Two+Shields+Investments+PLC,https://find-and-update.company-information.service.gov.uk/search/companies?q=Two+Shields+Investments+PLC,1620599077,18:24:37,20210509
