,date,symbol,reportedCurrency,fillingDate,acceptedDate,period,revenue,costOfRevenue,grossProfit,grossProfitRatio,researchAndDevelopmentExpenses,generalAndAdministrativeExpenses,sellingAndMarketingExpenses,otherExpenses,operatingExpenses,costAndExpenses,interestExpense,depreciationAndAmortization,ebitda,ebitdaratio,operatingIncome,operatingIncomeRatio,totalOtherIncomeExpensesNet,incomeBeforeTax,incomeBeforeTaxRatio,incomeTaxExpense,netIncome,netIncomeRatio,eps,epsdiluted,weightedAverageShsOut,weightedAverageShsOutDil,link,finalLink,timestamp,est_time,est_date
0,2021-03-31,LHA.DE,EUR,2021-03-31,2021-03-31,Q1,2560000000,3347000000,-787000000,-0.307421875,0.0,0.0,0.0,0.0,311000000,3658000000,118000000,569000000,-529000000,-0.206640625,-1098000000,-0.512890625,0.0,-1313000000.0,-0.512890625,-259000000.0,-1049000000.0,-0.409765625,-1.75,-1.75,597742822,597742822,https://www.bundesanzeiger.de/pub/de/suche;wwwsid=627BFD7A56A5CB624C47FDDEAB2FC509.web07-pub?0,https://www.bundesanzeiger.de/pub/de/suche;wwwsid=627BFD7A56A5CB624C47FDDEAB2FC509.web07-pub?0,1620594423,17:07:03,20210509
1,2020-12-31,LHA.DE,EUR,2020-12-31,2020-12-31,Q4,2594000000,1269000000,1325000000,0.5107941403238242,0.0,0.0,0.0,0.0,1109000000,2378000000,108000000,977000000,1193000000,0.4599074787972244,216000000,0.08326908249807248,0.0,-1719000000.0,-0.6626831148804935,-553000000.0,-1141000000.0,-0.43986121819583657,-2.204270462409327,-2.204270462409327,517631579,517631579,https://www.bundesanzeiger.de/pub/de/suche;wwwsid=627BFD7A56A5CB624C47FDDEAB2FC509.web07-pub?0,https://www.bundesanzeiger.de/pub/de/suche;wwwsid=627BFD7A56A5CB624C47FDDEAB2FC509.web07-pub?0,1620594423,17:07:03,20210509
2,2020-09-30,LHA.DE,EUR,2020-09-30,2020-09-30,Q3,2660000000,4797000000,-2137000000,-0.8033834586466165,0.0,0.0,0.0,0.0,208000000,5005000000,114000000,1837000000,-508000000,-0.19097744360902255,-2345000000,-0.881578947368421,0.0,-2493000000.0,-0.937218045112782,-520000000.0,-1967000000.0,-0.7394736842105263,-3.8,-3.8,517631579,517631579,https://www.bundesanzeiger.de/pub/de/suche;wwwsid=627BFD7A56A5CB624C47FDDEAB2FC509.web07-pub?0,https://www.bundesanzeiger.de/pub/de/suche;wwwsid=627BFD7A56A5CB624C47FDDEAB2FC509.web07-pub?0,1620594423,17:07:03,20210509
3,2020-06-30,LHA.DE,EUR,2020-06-30,2020-06-30,Q2,1894000000,3202000000,-1308000000,-0.6906019007391764,0.0,0.0,0.0,0.0,392000000,3594000000,106000000,659000000,-1041000000,-0.5496304118268216,-1700000000,-0.8975712777191129,0.0,-1743000000.0,-0.9202745512143612,-239000000.0,-1493000000.0,-0.7882787750791974,-3.12,-3.12,478525641,478525641,https://www.bundesanzeiger.de/pub/de/suche;wwwsid=627BFD7A56A5CB624C47FDDEAB2FC509.web07-pub?0,https://www.bundesanzeiger.de/pub/de/suche;wwwsid=627BFD7A56A5CB624C47FDDEAB2FC509.web07-pub?0,1620594423,17:07:03,20210509
4,2020-03-31,LHA.DE,EUR,2020-03-31,2020-03-31,Q1,6441000000,7170000000,-729000000,-0.11318118304611086,0.0,0.0,0.0,0.0,870000000,8040000000,92000000,1123000000,-476000000,-0.07390156807949076,-1599000000,-0.24825337680484397,0.0,-2676000000.0,-0.4154634373544481,-553000000.0,-2124000000.0,-0.32976245924545877,-4.44,-4.44,478194257,478194257,https://www.bundesanzeiger.de/pub/de/suche;wwwsid=627BFD7A56A5CB624C47FDDEAB2FC509.web07-pub?0,https://www.bundesanzeiger.de/pub/de/suche;wwwsid=627BFD7A56A5CB624C47FDDEAB2FC509.web07-pub?0,1620594423,17:07:03,20210509
5,2019-12-31,LHA.DE,EUR,2019-12-31,2019-12-31,Q4,8724000000,7173000000,1551000000,0.17778541953232463,0.0,0.0,0.0,0.0,1461000000,8634000000,81000000,696000000,786000000,0.09009628610729023,90000000,0.01031636863823934,0.0,227000000.0,0.026020174232003666,43000000.0,175000000.0,0.020059605685465384,0.3380782917805716,0.3380782917805716,517631579,517631579,https://www.bundesanzeiger.de/pub/de/suche;wwwsid=627BFD7A56A5CB624C47FDDEAB2FC509.web07-pub?0,https://www.bundesanzeiger.de/pub/de/suche;wwwsid=627BFD7A56A5CB624C47FDDEAB2FC509.web07-pub?0,1620594423,17:07:03,20210509
6,2019-09-30,LHA.DE,EUR,2019-09-30,2019-09-30,Q3,10177000000,8130000000,2047000000,0.20113982509580428,0.0,0.0,0.0,0.0,914000000,9044000000,53000000,738000000,1871000000,0.18384592709049818,1133000000,0.1113294684091579,0.0,1521000000.0,0.14945465264812813,359000000.0,1154000000.0,0.1133929448757001,2.43,2.43,474897119,474897119,https://www.bundesanzeiger.de/pub/de/suche;wwwsid=627BFD7A56A5CB624C47FDDEAB2FC509.web07-pub?0,https://www.bundesanzeiger.de/pub/de/suche;wwwsid=627BFD7A56A5CB624C47FDDEAB2FC509.web07-pub?0,1620594423,17:07:03,20210509
7,2019-06-30,LHA.DE,EUR,2019-06-30,2019-06-30,Q2,9633000000,7958000000,1675000000,0.1738814491850929,0.0,0.0,0.0,0.0,997000000,8955000000,208000000,657000000,1335000000,0.13858611024602926,678000000,0.07038305823730925,0.0,524000000.0,0.0543963458943216,290000000.0,226000000.0,0.023461019412436418,0.48,0.48,470833333,470833333,https://www.bundesanzeiger.de/pub/de/suche;wwwsid=627BFD7A56A5CB624C47FDDEAB2FC509.web07-pub?0,https://www.bundesanzeiger.de/pub/de/suche;wwwsid=627BFD7A56A5CB624C47FDDEAB2FC509.web07-pub?0,1620594423,17:07:03,20210509
8,2019-03-31,LHA.DE,EUR,2019-03-31,2019-03-31,Q1,7890000000,7310000000,580000000,0.07351077313054499,0.0,0.0,0.0,0.0,929000000,8239000000,55000000,647000000,298000000,0.03776932826362484,-349000000,-0.04423320659062104,0.0,-412000000.0,-0.05221799746514576,-77000000.0,-342000000.0,-0.04334600760456274,-0.72,-0.72,475210728,475210728,https://www.bundesanzeiger.de/pub/de/suche;wwwsid=627BFD7A56A5CB624C47FDDEAB2FC509.web07-pub?0,https://www.bundesanzeiger.de/pub/de/suche;wwwsid=627BFD7A56A5CB624C47FDDEAB2FC509.web07-pub?0,1620594423,17:07:03,20210509
9,2018-12-31,LHA.DE,EUR,2018-12-31,2018-12-31,Q4,8947000000,8663000000,284000000,0.031742483514027045,0.0,0.0,0.0,0.0,-179000000,8484000000,53000000,809000000,1272000000,0.14217055996423383,463000000,0.051749189672515926,0.0,518000000.0,0.05789650162065497,89000000.0,421000000.0,0.04705487873030066,0.8133197762264037,0.8133197762264037,517631579,517631579,https://www.bundesanzeiger.de/pub/de/suche;wwwsid=627BFD7A56A5CB624C47FDDEAB2FC509.web07-pub?0,https://www.bundesanzeiger.de/pub/de/suche;wwwsid=627BFD7A56A5CB624C47FDDEAB2FC509.web07-pub?0,1620594423,17:07:03,20210509
10,2018-09-30,LHA.DE,EUR,2018-09-30,2018-09-30,Q3,9959000000,7742000000,2217000000,0.22261271211969072,0.0,0.0,0.0,0.0,956000000,8698000000,47000000,473000000,1734000000,0.17411386685410182,1261000000,0.12661913846771763,0.0,1311000000.0,0.13163972286374134,239000000.0,1065000000.0,0.10693844763530475,2.26,2.26,471238938,471238938,https://www.bundesanzeiger.de/pub/de/suche;wwwsid=627BFD7A56A5CB624C47FDDEAB2FC509.web07-pub?0,https://www.bundesanzeiger.de/pub/de/suche;wwwsid=627BFD7A56A5CB624C47FDDEAB2FC509.web07-pub?0,1620594423,17:07:03,20210509
11,2018-06-30,LHA.DE,EUR,2018-06-30,2018-06-30,Q2,9298000000,7364000000,1934000000,0.20800172080017207,0.0,0.0,0.0,0.0,991000000,8355000000,62000000,450000000,1393000000,0.1498171649817165,943000000,0.10141966014196602,0.0,994000000.0,0.10690471069047107,250000000.0,734000000.0,0.07894170789417079,1.56,1.56,470512821,470512821,https://www.bundesanzeiger.de/pub/de/suche;wwwsid=627BFD7A56A5CB624C47FDDEAB2FC509.web07-pub?0,https://www.bundesanzeiger.de/pub/de/suche;wwwsid=627BFD7A56A5CB624C47FDDEAB2FC509.web07-pub?0,1620594423,17:07:03,20210509
12,2018-03-31,LHA.DE,EUR,2018-03-31,2018-03-31,Q1,7640000000,6611000000,1029000000,0.13468586387434556,0.0,0.0,0.0,0.0,1005000000,7616000000,50000000,446000000,470000000,0.061518324607329845,24000000,0.0031413612565445027,0.0,-39000000.0,-0.005104712041884817,10000000.0,-57000000.0,-0.007460732984293194,-0.12,-0.12,471259542,471259542,https://www.bundesanzeiger.de/pub/de/suche;wwwsid=627BFD7A56A5CB624C47FDDEAB2FC509.web07-pub?0,https://www.bundesanzeiger.de/pub/de/suche;wwwsid=627BFD7A56A5CB624C47FDDEAB2FC509.web07-pub?0,1620594423,17:07:03,20210509
13,2017-12-31,LHA.DE,EUR,2017-12-31,2017-12-31,Q4,8818000000,8196000000,622000000,0.07053753685643004,0.0,0.0,0.0,0.0,37000000,8233000000,126000000,575000000,1160000000,0.1315491041052393,585000000,0.06634157405307325,0.0,837000000.0,0.09491948287593559,319000000.0,511000000.0,0.05794964844635972,0.9871886119992691,0.9871886119992691,517631579,517631579,https://www.bundesanzeiger.de/pub/de/suche;wwwsid=627BFD7A56A5CB624C47FDDEAB2FC509.web07-pub?0,https://www.bundesanzeiger.de/pub/de/suche;wwwsid=627BFD7A56A5CB624C47FDDEAB2FC509.web07-pub?0,1620594423,17:07:03,20210509
14,2017-09-30,LHA.DE,EUR,2017-09-30,2017-09-30,Q3,9810000000,7701000000,2109000000,0.21498470948012233,0.0,0.0,0.0,0.0,801000000,8502000000,78000000,540000000,1848000000,0.18837920489296636,1308000000,0.13333333333333333,0.0,1468000000.0,0.14964322120285423,279000000.0,1181000000.0,0.12038735983690112,2.54,2.54,464960630,464960630,https://www.bundesanzeiger.de/pub/de/suche;wwwsid=627BFD7A56A5CB624C47FDDEAB2FC509.web07-pub?0,https://www.bundesanzeiger.de/pub/de/suche;wwwsid=627BFD7A56A5CB624C47FDDEAB2FC509.web07-pub?0,1620594423,17:07:03,20210509
15,2017-06-30,LHA.DE,EUR,2017-06-30,2017-06-30,Q2,9260000000,7514000000,1746000000,0.18855291576673866,0.0,0.0,0.0,0.0,769000000,8283000000,75000000,434000000,1411000000,0.1523758099352052,977000000,0.10550755939524838,0.0,937000000.0,0.10118790496760259,187000000.0,740000000.0,0.07991360691144708,1.58,1.58,468354430,468354430,https://www.bundesanzeiger.de/pub/de/suche;wwwsid=627BFD7A56A5CB624C47FDDEAB2FC509.web07-pub?0,https://www.bundesanzeiger.de/pub/de/suche;wwwsid=627BFD7A56A5CB624C47FDDEAB2FC509.web07-pub?0,1620594423,17:07:03,20210509
16,2017-03-31,LHA.DE,EUR,2017-03-31,2017-03-31,Q1,7691000000,6834000000,857000000,0.11142894292029645,0.0,0.0,0.0,0.0,847000000,7681000000,94000000,421000000,431000000,0.05603952671954232,10000000,0.001300221037576388,0.0,-55000000.0,-0.007151215706670134,4000000.0,-68000000.0,-0.008841503055519439,-0.15,-0.15,468817760,468817760,https://www.bundesanzeiger.de/pub/de/suche;wwwsid=627BFD7A56A5CB624C47FDDEAB2FC509.web07-pub?0,https://www.bundesanzeiger.de/pub/de/suche;wwwsid=627BFD7A56A5CB624C47FDDEAB2FC509.web07-pub?0,1620594423,17:07:03,20210509
17,2016-12-31,LHA.DE,EUR,2016-12-31,2016-12-31,Q4,7790000000,7909000000,-119000000,-0.01527599486521181,0.0,735000000.0,0.0,0.0,-70000000,7839000000,55000000,482000000,433000000,0.05558408215661104,-49000000,-0.006290115532734275,0.0,-55000000.0,-0.007060333761232349,11000000.0,-75000000.0,-0.009627727856225931,-0.14489069647738784,-0.14489069647738784,517631579,517631579,https://www.bundesanzeiger.de/pub/de/suche;wwwsid=627BFD7A56A5CB624C47FDDEAB2FC509.web07-pub?0,https://www.bundesanzeiger.de/pub/de/suche;wwwsid=627BFD7A56A5CB624C47FDDEAB2FC509.web07-pub?0,1620594423,17:07:03,20210509
18,2016-09-30,LHA.DE,EUR,2016-09-30,2016-09-30,Q3,8828000000,6254000000,2574000000,0.29157227004984143,0.0,0.0,0.0,0.0,860000000,7114000000,71000000,440000000,2154000000,0.2439963751699139,1714000000,0.19415496148618033,0.0,1805000000.0,0.20446307204349795,376000000.0,1422000000.0,0.1610783869506117,3.061101,3.061101,468818054,468818054,https://www.bundesanzeiger.de/pub/de/suche;wwwsid=627BFD7A56A5CB624C47FDDEAB2FC509.web07-pub?0,https://www.bundesanzeiger.de/pub/de/suche;wwwsid=627BFD7A56A5CB624C47FDDEAB2FC509.web07-pub?0,1620594423,17:07:03,20210509
19,2016-06-30,LHA.DE,EUR,2016-06-30,2016-06-30,Q2,8126000000,6798000000,1328000000,0.16342603987201576,0.0,0.0,0.0,0.0,779000000,7577000000,80000000,451000000,1000000000,0.12306177701206006,549000000,0.06756091557962098,0.0,523000000.0,0.06436130937730741,80000000.0,437000000.0,0.05377799655427024,0.940718,0.940718,464893617,464893617,https://www.bundesanzeiger.de/pub/de/suche;wwwsid=627BFD7A56A5CB624C47FDDEAB2FC509.web07-pub?0,https://www.bundesanzeiger.de/pub/de/suche;wwwsid=627BFD7A56A5CB624C47FDDEAB2FC509.web07-pub?0,1620594423,17:07:03,20210509
20,2016-03-31,LHA.DE,EUR,2016-03-31,2016-03-31,Q1,6916000000,6254000000,662000000,0.09572006940427993,0.0,0.0,0.0,0.0,683000000,6937000000,76000000,392000000,371000000,0.053643724696356275,-21000000,-0.003036437246963563,0.0,-25000000.0,-0.003614806246385194,-22000000.0,-8000000.0,-0.001156737998843262,-0.02,-0.02,462772161,462772161,https://www.bundesanzeiger.de/pub/de/suche;wwwsid=627BFD7A56A5CB624C47FDDEAB2FC509.web07-pub?0,https://www.bundesanzeiger.de/pub/de/suche;wwwsid=627BFD7A56A5CB624C47FDDEAB2FC509.web07-pub?0,1620594423,17:07:03,20210509
21,2015-12-31,LHA.DE,EUR,2015-12-31,2015-12-31,Q4,7752000000,7953000000,-201000000,-0.025928792569659444,0.0,0.0,0.0,0.0,-251000000,7702000000,103000000,464000000,514000000,0.06630546955624356,50000000,0.006449948400412796,0.0,31000000.0,0.003998968008255934,77000000.0,-50000000.0,-0.006449948400412796,-0.09659379765159189,-0.09659379765159189,517631579,517631579,https://www.bundesanzeiger.de/pub/de/suche;wwwsid=627BFD7A56A5CB624C47FDDEAB2FC509.web07-pub?0,https://www.bundesanzeiger.de/pub/de/suche;wwwsid=627BFD7A56A5CB624C47FDDEAB2FC509.web07-pub?0,1620594423,17:07:03,20210509
22,2015-09-30,LHA.DE,EUR,2015-09-30,2015-09-30,Q3,8939000000,6996000000,1943000000,0.21736212104262223,0.0,0.0,0.0,0.0,826000000,7822000000,82000000,397000000,1514000000,0.16937017563485848,1117000000,0.12495804899876943,0.0,1014000000.0,0.11343550732744155,214000000.0,794000000.0,0.08882425327217809,1.72,1.72,461627907,461627907,https://www.bundesanzeiger.de/pub/de/suche;wwwsid=627BFD7A56A5CB624C47FDDEAB2FC509.web07-pub?0,https://www.bundesanzeiger.de/pub/de/suche;wwwsid=627BFD7A56A5CB624C47FDDEAB2FC509.web07-pub?0,1620594423,17:07:03,20210509
23,2015-06-30,LHA.DE,EUR,2015-06-30,2015-06-30,Q2,8392000000,7122000000,1270000000,0.1513346043851287,0.0,0.0,0.0,0.0,707000000,7829000000,79000000,474000000,1037000000,0.12357006673021925,563000000,0.06708770257387989,0.0,625000000.0,0.07447569113441373,88000000.0,529000000.0,0.06303622497616777,1.14,1.14,464035088,464035088,https://www.bundesanzeiger.de/pub/de/suche;wwwsid=627BFD7A56A5CB624C47FDDEAB2FC509.web07-pub?0,https://www.bundesanzeiger.de/pub/de/suche;wwwsid=627BFD7A56A5CB624C47FDDEAB2FC509.web07-pub?0,1620594423,17:07:03,20210509
24,2015-03-31,LHA.DE,EUR,2015-03-31,2015-03-31,Q1,6973000000,6197000000,776000000,0.11128639036282804,0.0,0.0,0.0,0.0,909000000,7106000000,92000000,373000000,240000000,0.03441847124623548,-133000000,-0.01907356948228883,0.0,356000000.0,0.051054065681915964,-75000000.0,425000000.0,0.06094937616520866,0.918378,0.918378,462772266,462772266,https://www.bundesanzeiger.de/pub/de/suche;wwwsid=627BFD7A56A5CB624C47FDDEAB2FC509.web07-pub?0,https://www.bundesanzeiger.de/pub/de/suche;wwwsid=627BFD7A56A5CB624C47FDDEAB2FC509.web07-pub?0,1620594423,17:07:03,20210509
25,2014-12-31,LHA.DE,EUR,2014-12-31,2014-12-31,Q4,7387000000,7510000000,-123000000,-0.016650873155543523,0.0,0.0,0.0,0.0,-364000000,7146000000,104000000,461000000,702000000,0.09503181264383376,241000000,0.03262488154866658,0.0,-454000000.0,-0.06145932042777853,-31000000.0,-427000000.0,-0.057804250710708,-0.8249110319445947,-0.8249110319445947,517631579,517631579,https://www.bundesanzeiger.de/pub/de/suche;wwwsid=627BFD7A56A5CB624C47FDDEAB2FC509.web07-pub?0,https://www.bundesanzeiger.de/pub/de/suche;wwwsid=627BFD7A56A5CB624C47FDDEAB2FC509.web07-pub?0,1620594423,17:07:03,20210509
26,2014-09-30,LHA.DE,EUR,2014-09-30,2014-09-30,Q3,8458000000,6840000000,1618000000,0.1912981792385907,0.0,0.0,0.0,0.0,934000000,7774000000,97000000,366000000,1050000000,0.12414282336249705,684000000,0.08087018207614093,0.0,693000000.0,0.08193426341924805,125000000.0,561000000.0,0.06632773705367699,1.22,1.22,459836066,459836066,https://www.bundesanzeiger.de/pub/de/suche;wwwsid=627BFD7A56A5CB624C47FDDEAB2FC509.web07-pub?0,https://www.bundesanzeiger.de/pub/de/suche;wwwsid=627BFD7A56A5CB624C47FDDEAB2FC509.web07-pub?0,1620594423,17:07:03,20210509
27,2014-06-30,LHA.DE,EUR,2014-06-30,2014-06-30,Q2,7704000000,6498000000,1206000000,0.15654205607476634,0.0,0.0,0.0,0.0,818000000,7316000000,102000000,349000000,737000000,0.09566458982346833,388000000,0.05036344755970924,0.0,248000000.0,0.032191069574247146,70000000.0,173000000.0,0.022455867082035307,0.38,0.38,455263158,455263158,https://www.bundesanzeiger.de/pub/de/suche;wwwsid=627BFD7A56A5CB624C47FDDEAB2FC509.web07-pub?0,https://www.bundesanzeiger.de/pub/de/suche;wwwsid=627BFD7A56A5CB624C47FDDEAB2FC509.web07-pub?0,1620594423,17:07:03,20210509
28,2014-03-31,LHA.DE,EUR,2014-03-31,2014-03-31,Q1,6462000000,6025000000,437000000,0.0676261219436707,0.0,0.0,0.0,0.0,620000000,6645000000,111000000,340000000,157000000,0.02429588362735995,-183000000,-0.028319405756731662,0.0,-307000000.0,-0.047508511296812134,-59000000.0,-252000000.0,-0.03899721448467967,-0.55,-0.55,461074820,461074820,https://www.bundesanzeiger.de/pub/de/suche;wwwsid=627BFD7A56A5CB624C47FDDEAB2FC509.web07-pub?0,https://www.bundesanzeiger.de/pub/de/suche;wwwsid=627BFD7A56A5CB624C47FDDEAB2FC509.web07-pub?0,1620594423,17:07:03,20210509
29,2013-12-31,LHA.DE,EUR,2013-12-31,2013-12-31,Q4,7260000000,7244000000,16000000,0.0022038567493112946,0.0,0.0,0.0,0.0,-128000000,7116000000,129000000,339000000,483000000,0.06652892561983471,144000000,0.019834710743801654,0.0,187000000.0,0.025757575757575757,119000000.0,66000000.0,0.00909090909090909,0.1275038129001013,0.1275038129001013,517631579,517631579,https://www.bundesanzeiger.de/pub/de/suche;wwwsid=627BFD7A56A5CB624C47FDDEAB2FC509.web07-pub?0,https://www.bundesanzeiger.de/pub/de/suche;wwwsid=627BFD7A56A5CB624C47FDDEAB2FC509.web07-pub?0,1620594423,17:07:03,20210509
30,2013-09-30,LHA.DE,EUR,2013-09-30,2013-09-30,Q3,8304000000,7088000000,1216000000,0.1464354527938343,0.0,0.0,0.0,0.0,633000000,7721000000,131000000,493000000,1076000000,0.1295761078998073,583000000,0.07020712909441233,0.0,599000000.0,0.07213391136801542,144000000.0,451000000.0,0.0543111753371869,0.98,0.98,460204082,460204082,https://www.bundesanzeiger.de/pub/de/suche;wwwsid=627BFD7A56A5CB624C47FDDEAB2FC509.web07-pub?0,https://www.bundesanzeiger.de/pub/de/suche;wwwsid=627BFD7A56A5CB624C47FDDEAB2FC509.web07-pub?0,1620594423,17:07:03,20210509
31,2013-06-30,LHA.DE,EUR,2013-06-30,2013-06-30,Q2,7836000000,6686000000,1150000000,0.1467585502807555,0.0,0.0,0.0,0.0,687000000,7373000000,124000000,441000000,904000000,0.1153649821337417,463000000,0.05908626850433895,0.0,339000000.0,0.04326186830015314,81000000.0,255000000.0,0.032542113323124046,0.55,0.55,463636364,463636364,https://www.bundesanzeiger.de/pub/de/suche;wwwsid=627BFD7A56A5CB624C47FDDEAB2FC509.web07-pub?0,https://www.bundesanzeiger.de/pub/de/suche;wwwsid=627BFD7A56A5CB624C47FDDEAB2FC509.web07-pub?0,1620594423,17:07:03,20210509
32,2013-03-31,LHA.DE,EUR,2013-03-31,2013-03-31,Q1,6628000000,6345000000,283000000,0.04269764634882318,0.0,0.0,0.0,0.0,747000000,7092000000,124000000,490000000,26000000,0.003922751961375981,-464000000,-0.0700060350030175,0.0,-580000000.0,-0.08750754375377187,-125000000.0,-459000000.0,-0.06925165962582981,-1.0,-1.0,459946960,459946960,https://www.bundesanzeiger.de/pub/de/suche;wwwsid=627BFD7A56A5CB624C47FDDEAB2FC509.web07-pub?0,https://www.bundesanzeiger.de/pub/de/suche;wwwsid=627BFD7A56A5CB624C47FDDEAB2FC509.web07-pub?0,1620594423,17:07:03,20210509
33,2012-12-31,LHA.DE,EUR,2012-12-31,2012-12-31,Q4,7314000000,14158000000,-6844000000,-0.9357396773311457,0.0,0.0,0.0,0.0,-6785000000,7373000000,126000000,444000000,385000000,0.05263877495214657,-59000000,-0.00806672135630298,0.0,583000000.0,0.07971014492753623,64000000.0,516000000.0,0.07054963084495489,0.9968479917644283,0.9968479917644283,517631579,517631579,https://www.bundesanzeiger.de/pub/de/suche;wwwsid=627BFD7A56A5CB624C47FDDEAB2FC509.web07-pub?0,https://www.bundesanzeiger.de/pub/de/suche;wwwsid=627BFD7A56A5CB624C47FDDEAB2FC509.web07-pub?0,1620594423,17:07:03,20210509
34,2012-09-30,LHA.DE,EUR,2012-09-30,2012-09-30,Q3,8312000000,4766000000,3546000000,0.4266121270452358,0.0,0.0,0.0,0.0,2857000000,7623000000,119000000,450000000,1139000000,0.13703079884504332,689000000,0.08289220404234841,0.0,783000000.0,0.09420115495668913,138000000.0,642000000.0,0.07723772858517805,1.4,1.4,458571429,458571429,https://www.bundesanzeiger.de/pub/de/suche;wwwsid=627BFD7A56A5CB624C47FDDEAB2FC509.web07-pub?0,https://www.bundesanzeiger.de/pub/de/suche;wwwsid=627BFD7A56A5CB624C47FDDEAB2FC509.web07-pub?0,1620594423,17:07:03,20210509
35,2012-06-30,LHA.DE,EUR,2012-06-30,2012-06-30,Q2,7890000000,4584000000,3306000000,0.4190114068441065,0.0,1665000000.0,0.0,-132000000.0,3429000000,8013000000,121000000,432000000,309000000,0.039163498098859315,-123000000,-0.0155893536121673,-78000000.0,174000000.0,0.022053231939163497,-25000000.0,229000000.0,0.02902408111533587,0.5,0.5,458000000,458000000,https://www.bundesanzeiger.de/pub/de/suche;wwwsid=627BFD7A56A5CB624C47FDDEAB2FC509.web07-pub?0,https://www.bundesanzeiger.de/pub/de/suche;wwwsid=627BFD7A56A5CB624C47FDDEAB2FC509.web07-pub?0,1620594423,17:07:03,20210509
36,2012-03-31,LHA.DE,EUR,2012-03-31,2012-03-31,Q1,6619000000,4170000000,2449000000,0.36999546759329205,0.0,1734000000.0,0.0,-16000000.0,3344000000,7514000000,120000000,463000000,-432000000,-0.06526665659465176,-895000000,-0.13521680012086418,-39000000.0,-501000000.0,-0.07569119202296419,-105000000.0,-397000000.0,-0.05997884876869618,-0.87,-0.87,457937292,457937292,https://www.bundesanzeiger.de/pub/de/suche;wwwsid=627BFD7A56A5CB624C47FDDEAB2FC509.web07-pub?0,https://www.bundesanzeiger.de/pub/de/suche;wwwsid=627BFD7A56A5CB624C47FDDEAB2FC509.web07-pub?0,1620594423,17:07:03,20210509
37,2011-12-31,LHA.DE,EUR,2011-12-31,2011-12-31,Q4,6596000000,3680000000,2916000000,0.4420861127956337,0.0,0.0,0.0,0.0,1052000000,4732000000,123000000,459000000,2323000000,0.35218314129775624,1864000000,0.28259551243177683,0.0,96000000.0,0.014554275318374773,106000000.0,-301000000.0,-0.045633717404487566,-0.5814946618625831,-0.5814946618625831,517631579,517631579,https://www.bundesanzeiger.de/pub/de/suche;wwwsid=627BFD7A56A5CB624C47FDDEAB2FC509.web07-pub?0,https://www.bundesanzeiger.de/pub/de/suche;wwwsid=627BFD7A56A5CB624C47FDDEAB2FC509.web07-pub?0,1620594423,17:07:03,20210509
38,2011-09-30,LHA.DE,EUR,2011-09-30,2011-09-30,Q3,8075000000,4559000000,3516000000,0.43541795665634675,0.0,1679000000.0,0.0,162000000.0,3423000000,7982000000,106000000,427000000,520000000,0.06439628482972136,93000000,0.01151702786377709,207000000.0,631000000.0,0.07814241486068112,133000000.0,494000000.0,0.0611764705882353,1.078839703356557,1.0780476962126189,457899351,458235755,https://www.bundesanzeiger.de/pub/de/suche;wwwsid=627BFD7A56A5CB624C47FDDEAB2FC509.web07-pub?0,https://www.bundesanzeiger.de/pub/de/suche;wwwsid=627BFD7A56A5CB624C47FDDEAB2FC509.web07-pub?0,1620594423,17:07:03,20210509
39,2011-06-30,LHA.DE,EUR,2011-06-30,2011-06-30,Q2,7624000000,4392000000,3232000000,0.42392444910807975,0.0,1700000000.0,0.0,80000000.0,3515000000,7907000000,121000000,419000000,136000000,0.017838405036726127,-283000000,-0.0371196222455404,111000000.0,381000000.0,0.04997376705141658,77000000.0,301000000.0,0.03948058761804827,0.6572948403684906,0.6568123416287154,457937567,458273971,https://www.bundesanzeiger.de/pub/de/suche;wwwsid=627BFD7A56A5CB624C47FDDEAB2FC509.web07-pub?0,https://www.bundesanzeiger.de/pub/de/suche;wwwsid=627BFD7A56A5CB624C47FDDEAB2FC509.web07-pub?0,1620594423,17:07:03,20210509
40,2011-03-31,LHA.DE,EUR,2011-03-31,2011-03-31,Q1,6439000000,5654000000,785000000,0.12191334058083553,0.0,0.0,0.0,-389000000.0,960000000,6614000000,128000000,417000000,242000000,0.037583475694983694,-175000000,-0.027178133250504735,-403000000.0,-662000000.0,-0.10281099549619506,-159000000.0,-507000000.0,-0.07873893461717658,-1.1071378329083212,-1.1063251190664407,457937562,458273966,https://www.bundesanzeiger.de/pub/de/suche;wwwsid=627BFD7A56A5CB624C47FDDEAB2FC509.web07-pub?0,https://www.bundesanzeiger.de/pub/de/suche;wwwsid=627BFD7A56A5CB624C47FDDEAB2FC509.web07-pub?0,1620594423,17:07:03,20210509
41,2010-12-31,LHA.DE,EUR,2010-12-31,2010-12-31,Q4,7131000000,-895000000,8026000000,1.1255083438507922,0.0,0.0,0.0,-2249000000.0,8158000000,7263000000,166000000,442000000,310000000,0.043472163791894544,-132000000,-0.01851072780816155,-2145000000.0,271000000.0,0.03800308512130136,-340000000.0,607000000.0,0.08512130136025803,1.1726487034903255,1.1726487034903255,517631579,517631579,https://www.bundesanzeiger.de/pub/de/suche;wwwsid=627BFD7A56A5CB624C47FDDEAB2FC509.web07-pub?0,https://www.bundesanzeiger.de/pub/de/suche;wwwsid=627BFD7A56A5CB624C47FDDEAB2FC509.web07-pub?0,1620594423,17:07:03,20210509
42,2010-09-30,LHA.DE,EUR,2010-09-30,2010-09-30,Q3,7568000000,5767000000,1801000000,0.23797568710359407,0.0,0.0,0.0,574000000.0,1482000000,7249000000,135000000,442000000,761000000,0.10055496828752643,319000000,0.04215116279069767,574000000.0,790000000.0,0.10438689217758985,160000000.0,628000000.0,0.08298097251585623,1.37,1.36,458394161,461764706,https://www.bundesanzeiger.de/pub/de/suche;wwwsid=627BFD7A56A5CB624C47FDDEAB2FC509.web07-pub?0,https://www.bundesanzeiger.de/pub/de/suche;wwwsid=627BFD7A56A5CB624C47FDDEAB2FC509.web07-pub?0,1620594423,17:07:03,20210509
43,2010-06-30,LHA.DE,EUR,2010-06-30,2010-06-30,Q2,6867000000,5479000000,1388000000,0.2021261103829911,0.0,0.0,0.0,65000000.0,1111000000,6590000000,126000000,395000000,672000000,0.09785932721712538,277000000,0.04033784767729722,93000000.0,301000000.0,0.04383282364933741,103000000.0,194000000.0,0.028251055773991555,0.42,0.42,461904762,461904762,https://www.bundesanzeiger.de/pub/de/suche;wwwsid=627BFD7A56A5CB624C47FDDEAB2FC509.web07-pub?0,https://www.bundesanzeiger.de/pub/de/suche;wwwsid=627BFD7A56A5CB624C47FDDEAB2FC509.web07-pub?0,1620594423,17:07:03,20210509
44,2010-03-31,LHA.DE,EUR,2010-03-31,2010-03-31,Q1,5758000000,5019000000,739000000,0.12834317471344217,0.0,0.0,0.0,43000000.0,1082000000,6101000000,128000000,403000000,60000000,0.010420284821118444,-343000000,-0.05956929489406044,37000000.0,-384000000.0,-0.06668982285515804,-88000000.0,-298000000.0,-0.051754081278221606,-0.6507437218975342,-0.6502660321257256,457937572,458273976,https://www.bundesanzeiger.de/pub/de/suche;wwwsid=627BFD7A56A5CB624C47FDDEAB2FC509.web07-pub?0,https://www.bundesanzeiger.de/pub/de/suche;wwwsid=627BFD7A56A5CB624C47FDDEAB2FC509.web07-pub?0,1620594423,17:07:03,20210509
45,2009-12-31,LHA.DE,EUR,2009-12-31,2009-12-31,Q4,6121000000,-1004000000,7125000000,1.164025486031694,0.0,0.0,0.0,-1798000000.0,5206000000,4202000000,145000000,414000000,2333000000,0.38114687142623754,1919000000,0.3135108642378696,0.0,-202000000.0,-0.033001143603986274,-59000000.0,-143000000.0,-0.02336219571965365,-0.2762582612835528,-0.2762582612835528,517631579,517631579,https://www.bundesanzeiger.de/pub/de/suche;wwwsid=627BFD7A56A5CB624C47FDDEAB2FC509.web07-pub?0,https://www.bundesanzeiger.de/pub/de/suche;wwwsid=627BFD7A56A5CB624C47FDDEAB2FC509.web07-pub?0,1620594423,17:07:03,20210509
46,2009-09-30,LHA.DE,EUR,2009-09-30,2009-09-30,Q3,5936000000,4861000000,1075000000,0.18109838274932616,0.0,0.0,0.0,660000000.0,1376000000,6237000000,142000000,387000000,86000000,0.014487870619946091,-301000000,-0.05070754716981132,660000000.0,262000000.0,0.04413746630727763,47000000.0,209000000.0,0.0352088948787062,0.46,0.45,454347826,464444444,https://www.bundesanzeiger.de/pub/de/suche;wwwsid=627BFD7A56A5CB624C47FDDEAB2FC509.web07-pub?0,https://www.bundesanzeiger.de/pub/de/suche;wwwsid=627BFD7A56A5CB624C47FDDEAB2FC509.web07-pub?0,1620594423,17:07:03,20210509
47,2009-06-30,LHA.DE,EUR,2009-06-30,2009-06-30,Q2,5211000000,4312000000,899000000,0.17251966992899637,0.0,0.0,0.0,-35000000.0,815000000,5127000000,111000000,355000000,439000000,0.08424486662828631,84000000,0.016119746689694875,-15000000.0,-1000000.0,-0.00019190174630589137,-92000000.0,89000000.0,0.017079255421224335,0.19,0.19,468421053,468421053,https://www.bundesanzeiger.de/pub/de/suche;wwwsid=627BFD7A56A5CB624C47FDDEAB2FC509.web07-pub?0,https://www.bundesanzeiger.de/pub/de/suche;wwwsid=627BFD7A56A5CB624C47FDDEAB2FC509.web07-pub?0,1620594423,17:07:03,20210509
