,date,symbol,reportedCurrency,fillingDate,acceptedDate,period,revenue,costOfRevenue,grossProfit,grossProfitRatio,researchAndDevelopmentExpenses,generalAndAdministrativeExpenses,sellingAndMarketingExpenses,otherExpenses,operatingExpenses,costAndExpenses,interestExpense,depreciationAndAmortization,ebitda,ebitdaratio,operatingIncome,operatingIncomeRatio,totalOtherIncomeExpensesNet,incomeBeforeTax,incomeBeforeTaxRatio,incomeTaxExpense,netIncome,netIncomeRatio,eps,epsdiluted,weightedAverageShsOut,weightedAverageShsOutDil,link,finalLink,timestamp,est_time,est_date
0,2016-09-30,LIME,USD,2016-11-14,2016-11-14 16:42:21,Q3,25721000,16998000.0,8723000.0,0.33913922475797986,0.0,8724000.0,0.0,186000.0,9059000.0,26057000,952000.0,788000.0,452000.0,0.017573189222814044,-336000.0,-0.013063255705454687,1422000.0,1086000.0,0.04222230861941604,32000.0,1065000.0,0.041405855137825125,0.11041,0.11041,9646000.0,9646000.0,https://www.sec.gov/Archives/edgar/data/1065860/000110465916156924/0001104659-16-156924-index.htm,https://www.sec.gov/Archives/edgar/data/1065860/000110465916156924/a16-17187_110q.htm,1620594442,17:07:22,20210509
1,2016-06-30,LIME,USD,2016-08-15,2016-08-15 16:19:03,Q2,21014000,14769000.0,6245000.0,0.2971828304939564,0.0,10209000.0,0.0,2708000.0,10545000.0,25313000,1084000.0,767000.0,-7000.0,-0.00033311125916055963,-774000.0,-0.03683258779861045,1119000.0,-3369000.0,-0.16032169030170362,2000.0,-3406000.0,-0.16208242124298086,-0.353099730458221,-0.3537598670544246,9646000.0,9628000.0,https://www.sec.gov/Archives/edgar/data/1065860/000110465916139766/0001104659-16-139766-index.htm,https://www.sec.gov/Archives/edgar/data/1065860/000110465916139766/a16-11578_110q.htm,1620594442,17:07:22,20210509
2,2016-03-31,LIME,USD,2016-05-13,2016-05-13 16:06:28,Q1,23149000,16212000.0,6937000.0,0.29966737224070156,0.0,9998000.0,0.0,-3708000.0,10333000.0,26545000,976000.0,720000.0,-6608000.0,-0.2854550952524947,-7328000.0,-0.31655795066741543,-3708000.0,-7322000.0,-0.3162987602056244,6000.0,-7340000.0,-0.31707633159099746,-0.7609371760315157,-0.7625974025974026,9646000.0,9625000.0,https://www.sec.gov/Archives/edgar/data/1065860/000110465916120878/0001104659-16-120878-index.htm,https://www.sec.gov/Archives/edgar/data/1065860/000110465916120878/a16-6668_110q.htm,1620594442,17:07:22,20210509
3,2015-12-31,LIME,USD,2016-03-30,2016-03-30 16:08:04,Q4,30214000,19857000.0,10357000.0,0.3427881114715033,0.0,10506000.0,0.0,-591000.0,10791000.0,30648000,488000.0,637000.0,-2660000.0,-0.08803865757595816,-3297000.0,-0.10912159925862183,2945000.0,-1499000.0,-0.04961276229562454,18000.0,-1882000.0,-0.062289005096974916,-0.1971093422706326,-0.19710395432215352,9548000.0,9548261.0,https://www.sec.gov/Archives/edgar/data/1065860/000110465916108701/0001104659-16-108701-index.htm,https://www.sec.gov/Archives/edgar/data/1065860/000110465916108701/a15-23302_110k.htm,1620594442,17:07:22,20210509
4,2015-09-30,LIME,USD,2015-11-12,2015-11-12 16:06:47,Q3,32160000,21125000.0,11035000.0,0.3431281094527363,0.0,9351000.0,0.0,993000.0,9637000.0,30761000,321000.0,590000.0,1459000.0,0.045366915422885574,869000.0,0.027021144278606964,993000.0,1862000.0,0.057898009950248755,4000.0,1812000.0,0.05634328358208955,0.18996,0.18996,9539000.0,9539000.0,https://www.sec.gov/Archives/edgar/data/1065860/000110465915078297/0001104659-15-078297-index.htm,https://www.sec.gov/Archives/edgar/data/1065860/000110465915078297/a15-18079_110q.htm,1620594442,17:07:22,20210509
5,2015-06-30,LIME,USD,2015-08-14,2015-08-14 16:06:40,Q2,31950000,21078000.0,10872000.0,0.3402816901408451,0.0,9414000.0,0.0,-1688000.0,9692000.0,30770000,444000.0,561000.0,1498000.0,0.046885758998435056,937000.0,0.029327073552425666,-1688000.0,-751000.0,-0.02350547730829421,77000.0,-986000.0,-0.030860719874804383,-0.1033651326134815,-0.10350619357547763,9539000.0,9526000.0,https://www.sec.gov/Archives/edgar/data/1065860/000110465915060050/0001104659-15-060050-index.htm,https://www.sec.gov/Archives/edgar/data/1065860/000110465915060050/a15-13390_110q.htm,1620594442,17:07:22,20210509
6,2015-03-31,LIME,USD,2015-05-18,2015-05-18 16:06:11,Q1,18299000,12800000.0,5499000.0,0.3005082244931417,0.0,5806000.0,0.0,-2250000.0,5837000.0,18637000,60000.0,216000.0,-1820000.0,-0.09945898682988141,-2036000.0,-0.11126291054155965,-2250000.0,-3282000.0,-0.1793540630635554,-1246000.0,-2099000.0,-0.11470572162413246,-0.22004402977251283,-220.87761759444385,9539000.0,9503.0,https://www.sec.gov/Archives/edgar/data/1065860/000110465915039037/0001104659-15-039037-index.htm,https://www.sec.gov/Archives/edgar/data/1065860/000110465915039037/a15-7903_110q.htm,1620594442,17:07:22,20210509
7,2014-12-31,LIME,USD,2015-03-31,2015-03-31 17:22:09,Q4,17360000,12700000.0,4660000.0,0.2684331797235023,0.0,5732000.0,0.0,-120000.0,5732000.0,18432000,154000.0,293000.0,-899000.0,-0.05178571428571429,-1192000.0,-0.06866359447004608,-31000.0,-1372000.0,-0.07903225806451612,0.0,-1372000.0,-0.07903225806451612,-0.14383059020861724,-0.35316897075956555,9539000.0,3884826.0,https://www.sec.gov/Archives/edgar/data/1065860/000110465915024737/0001104659-15-024737-index.htm,https://www.sec.gov/Archives/edgar/data/1065860/000110465915024737/a14-26771_110k.htm,1620594442,17:07:22,20210509
8,2014-09-30,LIME,USD,2014-11-12,2014-11-12 16:08:17,Q3,15585000,10735000.0,4850000.0,0.31119666345845365,0.0,4887000.0,0.0,-8000.0,4887000.0,15622000,35000.0,177000.0,132000.0,0.00846968238691049,-45000.0,-0.0028873917228103944,-8000.0,90000.0,0.005774783445620789,0.0,90000.0,0.005774783445620789,0.009434951252751862,24.077046548956663,9539000.0,3738.0,https://www.sec.gov/Archives/edgar/data/1065860/000110465914079764/0001104659-14-079764-index.htm,https://www.sec.gov/Archives/edgar/data/1065860/000110465914079764/a14-19886_110q.htm,1620594442,17:07:22,20210509
9,2014-06-30,LIME,USD,2014-08-14,2014-08-14 16:10:30,Q2,13591000,9176000.0,4415000.0,0.32484732543595024,0.0,4666000.0,0.0,23000.0,4666000.0,13842000,0.0,181000.0,-47000.0,-0.0034581708483555295,-228000.0,-0.01677580751968214,23000.0,-173000.0,-0.012729011846074608,0.0,-173000.0,-0.012729011846074608,-0.01813607296362302,-0.04640557939914163,9539000.0,3728000.0,https://www.sec.gov/Archives/edgar/data/1065860/000110465914061052/0001104659-14-061052-index.htm,https://www.sec.gov/Archives/edgar/data/1065860/000110465914061052/a14-14183_110q.htm,1620594442,17:07:22,20210509
10,2014-03-31,LIME,USD,2014-05-14,2014-05-14 16:09:29,Q1,12280000,8551000.0,3729000.0,0.3036644951140065,0.0,4910000.0,0.0,16000.0,4910000.0,13461000,0.0,188000.0,-977000.0,-0.07956026058631922,-1165000.0,-0.09486970684039088,16000.0,-1168000.0,-0.09511400651465798,0.0,-1168000.0,-0.09511400651465798,-0.1224447007023797,-0.31355704697986575,9539000.0,3725000.0,https://www.sec.gov/Archives/edgar/data/1065860/000110465914038659/0001104659-14-038659-index.htm,https://www.sec.gov/Archives/edgar/data/1065860/000110465914038659/a14-9810_110q.htm,1620594442,17:07:22,20210509
11,2013-12-31,LIME,USD,2014-03-31,2014-03-31 16:06:41,Q4,14052000,10325000.0,3727000.0,0.2652291488756049,0.0,5791000.0,0.0,12000.0,5791000.0,16116000,0.0,366000.0,-1686000.0,-0.11998292058070026,-2052000.0,-0.14602903501280956,12000.0,-3047000.0,-0.2168374608596641,0.0,-3047000.0,-0.2168374608596641,-0.3194255163014991,-0.8474767194223474,9539000.0,3595379.0,https://www.sec.gov/Archives/edgar/data/1065860/000110465914024492/0001104659-14-024492-index.htm,https://www.sec.gov/Archives/edgar/data/1065860/000110465914024492/a13-26720_110k.htm,1620594442,17:07:22,20210509
12,2013-09-30,LIME,USD,2013-11-14,2013-11-14 16:17:19,Q3,11773000,8276000.0,3497000.0,0.29703558990911405,0.0,5102000.0,0.0,-1418000.0,5697000.0,13378000,1431000.0,1624000.0,-1399000.0,-0.1188312239870891,-3023000.0,-0.2567739743480846,-1418000.0,-3843000.0,-0.32642487046632124,0.0,-3843000.0,-0.32642487046632124,-0.40287241849250444,-1.0692821368948247,9539000.0,3594000.0,https://www.sec.gov/Archives/edgar/data/1065860/000110465913084822/0001104659-13-084822-index.htm,https://www.sec.gov/Archives/edgar/data/1065860/000110465913084822/a13-22574_110q.htm,1620594442,17:07:22,20210509
13,2013-06-30,LIME,USD,2013-08-19,2013-08-19,Q2,13741000,9780000.0,3961000.0,0.2882614074667055,0.0,5799000.0,0.0,-291000.0,5802000.0,15583000,303000.0,356000.0,-1777000.0,-0.1293210101157121,-2133000.0,-0.15522887708318173,-291000.0,-2040000.0,-0.14846081071246633,0.0,-2040000.0,-0.14846081071246633,-0.21385889506237551,-0.08109075008943832,9539000.0,25157000.0,https://www.sec.gov/Archives/edgar/data/1065860/000110465913064884/0001104659-13-064884-index.htm,https://www.sec.gov/Archives/edgar/data/1065860/000110465913064884/a13-18460_110q.htm,1620594442,17:07:22,20210509
14,2013-03-31,LIME,USD,2013-08-09,2013-08-09,Q1,11999000,9377000.0,2622000.0,0.2185182098508209,0.0,6241000.0,0.0,-304000.0,6247000.0,15624000,318000.0,360000.0,-3569000.0,-0.29744145345445455,-3929000.0,-0.3274439536628052,-304000.0,-6706000.0,-0.5588799066588882,0.0,-6706000.0,-0.5588799066588882,-0.7030087011217109,-0.2665235880926831,9539000.0,25161000.0,https://www.sec.gov/Archives/edgar/data/1065860/000110465913062325/0001104659-13-062325-index.htm,https://www.sec.gov/Archives/edgar/data/1065860/000110465913062325/a13-17867_110q.htm,1620594442,17:07:22,20210509
15,2012-12-31,LIME,USD,2013-07-31,2013-07-31,Q4,23295000,18268000.0,3993000.0,0.17141017385705087,0.0,7141000.0,0.0,-2953000.0,-2645000.0,25267000,249000.0,500000.0,7564000.0,0.324704872290191,7064000.0,0.3032410388495385,-2953000.0,-10212000.0,-0.4383773341918867,0.0,-9178000.0,-0.3939901266366173,-0.9621553621972954,-0.3725472988534814,9539000.0,24635798.0,https://www.sec.gov/Archives/edgar/data/1065860/000110465913058403/0001104659-13-058403-index.htm,https://www.sec.gov/Archives/edgar/data/1065860/000110465913058403/a13-17295_110k.htm,1620594442,17:07:22,20210509
16,2012-09-30,LIME,USD,2013-07-31,2013-07-31,Q3,47352000,38786000.0,8566000.0,0.18090048994762628,0.0,18952000.0,0.0,-68000.0,9988000.0,58097000,170000.0,945000.0,-3328000.0,-0.07028214225375908,-4273000.0,-0.09023906065213719,-68000.0,-4273000.0,-0.09023906065213719,0.0,-4273000.0,-0.09023906065213719,-0.17442,-0.17442,24498000.0,24498000.0,https://www.sec.gov/Archives/edgar/data/1065860/000110465913058364/0001104659-13-058364-index.htm,https://www.sec.gov/Archives/edgar/data/1065860/000110465913058364/a13-12163_210q.htm,1620594442,17:07:22,20210509
17,2012-03-31,LIME,USD,2012-05-10,2012-05-10,Q1,18321000,14998000.0,3323000.0,0.18137656241471536,0.0,7662000.0,0.0,-52000.0,7848000.0,22846000,77000.0,483000.0,-4094000.0,-0.2234594181540309,-4577000.0,-0.24982260793624803,-52000.0,-4577000.0,-0.24982260793624803,0.0,-4577000.0,-0.24982260793624803,-0.19094,-0.19094,23971000.0,23971000.0,https://www.sec.gov/Archives/edgar/data/1065860/000110465912035918/0001104659-12-035918-index.htm,https://www.sec.gov/Archives/edgar/data/1065860/000110465912035918/a12-8753_110q.htm,1620594442,17:07:22,20210509
18,2011-12-31,LIME,USD,2012-03-16,2012-03-16,Q4,44653000,35386000.0,9267000.0,0.20753364835509372,0.0,7905000.0,0.0,12000.0,8080000.0,43466000,80000.0,413000.0,-4234000.0,-0.09482005688307617,-4647000.0,-0.10406915548787316,-48000.0,-4707000.0,-0.10541285020043446,0.0,-4707000.0,-0.10541285020043446,-0.19758,-0.19758,23823814.0,23823814.0,https://www.sec.gov/Archives/edgar/data/1065860/000110465912018932/0001104659-12-018932-index.htm,https://www.sec.gov/Archives/edgar/data/1065860/000110465912018932/a12-1355_110k.htm,1620594442,17:07:22,20210509
19,2011-09-30,LIME,USD,2011-11-08,2011-11-08,Q3,32190000,25139000.0,7051000.0,0.21904318111214663,0.0,6383000.0,0.0,0.0,6536000.0,31675000,19000.0,337000.0,680000.0,0.02112457284871078,343000.0,0.010655483069276172,15000.0,358000.0,0.011121466293880087,0.0,358000.0,0.011121466293880087,0.01503,0.01503,23817000.0,23817000.0,https://www.sec.gov/Archives/edgar/data/1065860/000110465911062122/0001104659-11-062122-index.htm,https://www.sec.gov/Archives/edgar/data/1065860/000110465911062122/a11-25834_110q.htm,1620594442,17:07:22,20210509
20,2011-06-30,LIME,USD,2011-08-08,2011-08-08,Q2,24260000,637568000.0,2211592000.0,91.16207749381698,0.0,6794000.0,0.0,-30000.0,6947000.0,26560000,-359370000.0,-673493000.0,-677041000.0,-27.907708161582853,-3548000.0,-0.14624896949711458,557745000.0,363370000.0,14.97815333882935,149000000.0,115170000.0,4.747320692497939,4.837856002688398,4.835621614812949,23806000.0,23817000.0,https://www.sec.gov/Archives/edgar/data/1065860/000110465911044836/0001104659-11-044836-index.htm,https://www.sec.gov/Archives/edgar/data/1065860/000110465911044836/a11-14078_110q.htm,1620594442,17:07:22,20210509
21,2011-03-31,LIME,USD,2011-05-12,2011-05-12 16:07:53,Q1,18980000,15366000.0,3614000.0,0.19041095890410958,0.0,7173000.0,0.0,30000.0,7326000.0,22539000,10000.0,288000.0,-3394000.0,-0.17881981032665964,-3682000.0,-0.1939936775553214,30000.0,-3682000.0,-0.1939936775553214,0.0,-3682000.0,-0.1939936775553214,-0.15471,-0.15471,23799000.0,23799000.0,https://www.sec.gov/Archives/edgar/data/1065860/000110465911028581/0001104659-11-028581-index.htm,https://www.sec.gov/Archives/edgar/data/1065860/000110465911028581/a11-9494_110q.htm,1620594442,17:07:22,20210509
22,2010-12-31,LIME,USD,2011-03-10,2011-03-10 16:07:59,Q4,38320000,29284000.0,9036000.0,0.23580375782881002,0.0,7095000.0,0.0,43000.0,7212000.0,36379000,8000.0,248000.0,2115000.0,0.05519311064718163,1867000.0,0.048721294363256784,43000.0,1867000.0,0.048721294363256784,0.0,1867000.0,0.048721294363256784,0.07904,0.07904,23622028.0,23622028.0,https://www.sec.gov/Archives/edgar/data/1065860/000110465911013593/0001104659-11-013593-index.htm,https://www.sec.gov/Archives/edgar/data/1065860/000110465911013593/a11-2469_110k.htm,1620594442,17:07:22,20210509
23,2010-09-30,LIME,USD,2010-11-08,2010-11-08 16:07:17,Q3,28077000,22100000.0,5977000.0,0.21287886882501691,0.0,6261000.0,0.0,49000.0,6408000.0,28361000,7000.0,276000.0,-106000.0,-0.003775332122377747,-382000.0,-0.013605442176870748,49000.0,-382000.0,-0.013605442176870748,0.0,-382000.0,-0.013605442176870748,-0.01618,-0.01618,23614000.0,23614000.0,https://www.sec.gov/Archives/edgar/data/1065860/000110465910056891/0001104659-10-056891-index.htm,https://www.sec.gov/Archives/edgar/data/1065860/000110465910056891/a10-17595_110q.htm,1620594442,17:07:22,20210509
24,2010-06-30,LIME,USD,2010-08-10,2010-08-10 16:10:22,Q2,17508000,13320000.0,4188000.0,0.23920493488690883,0.0,6094000.0,0.0,40000.0,6257000.0,19414000,8000.0,290000.0,-1738000.0,-0.09926890564313456,-2028000.0,-0.11583276216586703,40000.0,-2028000.0,-0.11583276216586703,0.0,-2028000.0,-0.11583276216586703,-0.08593,-0.08593,23601000.0,23601000.0,https://www.sec.gov/Archives/edgar/data/1065860/000110465910043502/0001104659-10-043502-index.htm,https://www.sec.gov/Archives/edgar/data/1065860/000110465910043502/a10-12957_110q.htm,1620594442,17:07:22,20210509
25,2010-03-31,LIME,USD,2010-05-13,2010-05-13 16:01:58,Q1,11813000,9953000.0,1860000.0,0.15745365275543893,0.0,6433000.0,0.0,40000.0,6596000.0,16386000,10000.0,281000.0,-4415000.0,-0.3737407940404639,-4696000.0,-0.39752814695674255,40000.0,-4696000.0,-0.39752814695674255,0.0,-4696000.0,-0.39752814695674255,-0.19905,-0.19905,23592000.0,23592000.0,https://www.sec.gov/Archives/edgar/data/1065860/000110465910028237/0001104659-10-028237-index.htm,https://www.sec.gov/Archives/edgar/data/1065860/000110465910028237/a10-6171_110q.htm,1620594442,17:07:22,20210509
26,2009-12-31,LIME,USD,2010-03-23,2010-03-23 16:12:13,Q4,20279000,16795000.0,3484000.0,0.17180334336012623,0.0,7427000.0,0.0,-258000.0,7721000.0,24222000,303000.0,411000.0,50000.0,0.0024656048128605945,-361000.0,-0.017801666748853494,-258000.0,-7508000.0,-0.3702352186991469,0.0,-6474000.0,-0.3192465111691898,-0.40736,-0.40736,15892768.0,15892768.0,https://www.sec.gov/Archives/edgar/data/1065860/000110465910015873/0001104659-10-015873-index.htm,https://www.sec.gov/Archives/edgar/data/1065860/000110465910015873/a10-6777_110k.htm,1620594442,17:07:22,20210509
27,2009-09-30,LIME,USD,2009-11-12,2009-11-12 16:10:32,Q3,50523000,40397000.0,10126000.0,0.2004235694634127,0.0,16513000.0,0.0,-2815000.0,6000000.0,56910000,2907000.0,-1093513000.0,-1094938000.0,-21.672070146270016,-1425000.0,-0.02820497595154682,-2815000.0,-11554000.0,-0.22868792431169963,0.0,-11554000.0,-0.22868792431169963,-0.8645,-0.8645,13365000.0,13365000.0,https://www.sec.gov/Archives/edgar/data/1065860/000110465909064576/0001104659-09-064576-index.htm,https://www.sec.gov/Archives/edgar/data/1065860/000110465909064576/a09-31273_110q.htm,1620594442,17:07:22,20210509
28,2009-06-30,LIME,USD,2009-08-12,2009-08-12 16:04:25,Q1,15795187000,12952804000.0,2842383000.0,0.17995247539646095,0.0,5549345000.0,0.0,-396616000.0,5862633.0,18502149000,426874000.0,1095008000.0,458113000.0,0.029003328672208818,-636895000.0,-0.04032209305277614,-396616000.0,-4053761000.0,-0.2566453312645175,0.0,-4053761000.0,-0.2566453312645175,-310.16908,-310.16908,13069520.0,13069520.0,https://www.sec.gov/Archives/edgar/data/1065860/000110465909049255/0001104659-09-049255-index.htm,https://www.sec.gov/Archives/edgar/data/1065860/000110465909049255/a09-22694_110q.htm,1620594442,17:07:22,20210509
29,2009-03-31,LIME,USD,2009-05-12,2009-05-12 16:06:41,Q1,13724758000,10919922000.0,2804836000.0,0.2043632390458178,0.0,5232638000.0,0.0,-443259000.0,5577551.0,16152560000,475941000.0,603057000.0,210728000.0,0.015353859062578735,-392329000.0,-0.02858549491364438,-443259000.0,-3608303000.0,-0.262904671980373,0.0,-3608303000.0,-0.262904671980373,-327.491,-327.491,11018022.0,11018022.0,https://www.sec.gov/Archives/edgar/data/1065860/000095013709003879/0000950137-09-003879-index.htm,https://www.sec.gov/Archives/edgar/data/1065860/000095013709003879/c51285e10vq.htm,1620594442,17:07:22,20210509
30,2008-12-31,LIME,USD,2009-03-11,2009-03-11 07:54:11,Q4,38889845000,31379454000.0,7510391000.0,0.1931195920168877,0.0,14389055000.0,0.0,-1659421000.0,6794465.0,45768509000,1733362000.0,852836000.0,3991538000.0,0.10263702516685268,3138702000.0,0.08070749574856881,-2591116000.0,-9896823000.0,-0.2544834776276429,0.0,-9896823000.0,-0.2544834776276429,-1.18077,-1.18077,8381697000.0,8381697000.0,https://www.sec.gov/Archives/edgar/data/1065860/000095015209002461/0000950152-09-002461-index.htm,https://www.sec.gov/Archives/edgar/data/1065860/000095015209002461/c49918e10vk.htm,1620594442,17:07:22,20210509
31,2008-09-30,LIME,USD,2008-11-14,2008-11-14 15:51:36,Q1,18332079000,13803648000.0,4528431000.0,0.2470222280844415,0.0,6002082000.0,0.0,-931695000.0,6735439.0,19805730000,944838000.0,1686768000.0,-1451935000.0,-0.07920187339362873,-3138703000.0,-0.17121369594796096,0.0,-3138703000.0,-0.17121369594796096,0.0,-3138703000.0,-0.17121369594796096,-0.36144,-0.36144,8683978000.0,8683978000.0,https://www.sec.gov/Archives/edgar/data/1065860/000095013708013718/0000950137-08-013718-index.htm,https://www.sec.gov/Archives/edgar/data/1065860/000095013708013718/c47662e10vq.htm,1620594442,17:07:22,20210509
32,2008-06-30,LIME,USD,2008-08-14,2008-08-14 17:02:48,Q1,6933769000,6024443000.0,909326000.0,0.1311445477921171,0.0,4509116000.0,0.0,-524986000.0,4914929.0,10533559000,538210000.0,815473000.0,-3715116000.0,-0.5358003706209422,-4530589000.0,-0.6534092785611981,0.0,-4530589000.0,-0.6534092785611981,0.0,-4530589000.0,-0.6534092785611981,-0.57038,-0.57038,7943116000.0,7943116000.0,https://www.sec.gov/Archives/edgar/data/1065860/000095013708010797/0000950137-08-010797-index.htm,https://www.sec.gov/Archives/edgar/data/1065860/000095013708010797/c34928e10vq.htm,1620594442,17:07:22,20210509
33,2008-03-31,LIME,USD,2008-05-14,2008-05-14 11:20:57,Q1,2907479000,2758401000.0,149078000.0,0.05127397308802574,0.0,3800552000.0,0.0,-344052000.0,4038399.0,6558953000,387952000.0,313878000.0,-3919495000.0,-1.348073365276241,-4233373000.0,-1.4560287451775231,-344052000.0,-4233373000.0,-1.4560287451775231,0.0,-4233373000.0,-1.4560287451775231,-0.54861,-0.54861,7716491000.0,7716491000.0,https://www.sec.gov/Archives/edgar/data/1065860/000095013408009482/0000950134-08-009482-index.htm,https://www.sec.gov/Archives/edgar/data/1065860/000095013408009482/c26715e10vq.htm,1620594442,17:07:22,20210509
34,2007-12-31,LIME,USD,2008-03-31,2008-03-31 15:15:25,Q4,14020040000,11055745000.0,2964295000.0,0.21143270632608752,0.0,10106416000.0,0.0,-365216000.0,8743769.0,21162161000,556747000.0,-1769325000.0,796098000.0,0.056782862245756786,2565423000.0,0.1829825735161954,-365216000.0,-12987303000.0,-0.9263385125862693,0.0,-12987303000.0,-0.9263385125862693,-1.72201,-1.72201,7541960000.0,7541960000.0,https://www.sec.gov/Archives/edgar/data/1065860/000095013708004814/0000950137-08-004814-index.htm,https://www.sec.gov/Archives/edgar/data/1065860/000095013708004814/c25302e10vk.htm,1620594442,17:07:22,20210509
35,2007-09-30,LIME,USD,2007-11-14,2007-11-14 08:50:27,Q1,5461090000,4026655000.0,1434435000.0,0.2626645962619184,0.0,2965965000.0,0.0,-320014000.0,3679846.0,6992620000,395346000.0,1771012000.0,-794413000.0,-0.14546784616257927,-2565425000.0,-0.46976427782732016,-320014000.0,-2565425000.0,-0.46976427782732016,0.0,-2565425000.0,-0.46976427782732016,-47.81625,-47.81625,53651740.0,53651740.0,https://www.sec.gov/Archives/edgar/data/1065860/000095012407005831/0000950124-07-005831-index.htm,https://www.sec.gov/Archives/edgar/data/1065860/000095012407005831/c21511e10vq.htm,1620594442,17:07:22,20210509
36,2007-06-30,LIME,USD,2007-08-13,2007-08-13 09:47:54,Q1,4102693000,2944724000.0,1157969000.0,0.28224607593110185,0.0,2647873000.0,0.0,-71629000.0,3129893.0,5592597000,145851000.0,1007629000.0,-1035924000.0,-0.25249854181143944,-2043553000.0,-0.4981003940582442,0.0,-2043553000.0,-0.4981003940582442,0.0,-2043553000.0,-0.4981003940582442,-38.2483,-38.2483,53428595.0,53428595.0,https://www.sec.gov/Archives/edgar/data/1065860/000095013707012159/0000950137-07-012159-index.htm,https://www.sec.gov/Archives/edgar/data/1065860/000095013707012159/c17652e10vq.htm,1620594442,17:07:22,20210509
37,2007-03-31,LIME,USD,2007-05-11,2007-05-11 10:05:58,Q1,2528547000,2156480000.0,372067000.0,0.14714656282837535,0.0,3255911000.0,0.0,29714000.0,3712720.0,5412391000,16398000.0,489205000.0,-2821734000.0,-1.1159507812194118,-3310939000.0,-1.3094235543179542,29714000.0,-3310939000.0,-1.3094235543179542,0.0,-3310939000.0,-1.3094235543179542,-65.94619,-65.94619,50206673.0,50206673.0,https://www.sec.gov/Archives/edgar/data/1065860/000095013707007295/0000950137-07-007295-index.htm,https://www.sec.gov/Archives/edgar/data/1065860/000095013707007295/c15063e10vq.htm,1620594442,17:07:22,20210509
38,2006-12-31,LIME,USD,2007-04-02,2007-04-02 16:25:11,Q4,6013466000,5338681000.0,674785000.0,0.11221232480569442,0.0,8191136000.0,0.0,-3159185000.0,5841007.0,13529817000,3256490000.0,519701000.0,4615786000.0,0.7675749725698956,4096085000.0,0.6811521009680607,-3159185000.0,-12330004000.0,-2.050398888095484,0.0,-12330004000.0,-2.050398888095484,-458.21783,-458.21783,26908608.0,26908608.0,https://www.sec.gov/Archives/edgar/data/1065860/000095013707005013/0000950137-07-005013-index.htm,https://www.sec.gov/Archives/edgar/data/1065860/000095013707005013/c13736e10vk.htm,1620594442,17:07:22,20210509
39,2006-09-30,LIME,USD,2006-11-13,2006-11-13 15:14:50,Q1,2130158000,1592613000.0,537545000.0,0.2523498256936809,0.0,3974564000.0,0.0,79997000.0,4735052.0,5567177000,16880000.0,866896000.0,-3250614000.0,-1.5259966631583197,-4117510000.0,-1.9329599025048847,79997000.0,-4117510000.0,-1.9329599025048847,0.0,-4117510000.0,-1.9329599025048847,-83.50533,-83.50533,49308350.0,49308350.0,https://www.sec.gov/Archives/edgar/data/1065860/000095013706012315/0000950137-06-012315-index.htm,https://www.sec.gov/Archives/edgar/data/1065860/000095013706012315/c10006e10vq.htm,1620594442,17:07:22,20210509
40,2006-06-30,LIME,USD,2006-08-14,2006-08-14 11:52:24,Q1,1334818000,973481000.0,361337000.0,0.2707013240756418,0.0,2057257000.0,0.0,-2963898000.0,2057257.0,3030738000,2971956000.0,406532000.0,-4253286000.0,-3.186416425310417,-4659818000.0,-3.490976297892297,0.0,-4659818000.0,-3.490976297892297,0.0,-4659818000.0,-3.490976297892297,-1.06553,-1.06553,4373236000.0,4373236000.0,https://www.sec.gov/Archives/edgar/data/1065860/000095013706009142/0000950137-06-009142-index.htm,https://www.sec.gov/Archives/edgar/data/1065860/000095013706009142/c07738e10vq.htm,1620594442,17:07:22,20210509
41,2006-03-31,LIME,USD,2006-05-15,2006-05-15 16:00:55,Q1,1146345000,908402000.0,237943000.0,0.20756665750712044,0.0,1925915000.0,0.0,-247208000.0,1925915.0,2834317000,267919000.0,221715000.0,-1713465000.0,-1.4947201758632873,-1935180000.0,-1.6881305366185573,0.0,-1956605000.0,-1.7068203725754463,0.0,-1956605000.0,-1.7068203725754463,-38.24719,-38.24719,51156828.0,51156828.0,https://www.sec.gov/Archives/edgar/data/1065860/000095013706005951/0000950137-06-005951-index.htm,https://www.sec.gov/Archives/edgar/data/1065860/000095013706005951/c05382e10vq.htm,1620594442,17:07:22,20210509
42,2005-12-31,LIME,USD,2006-03-21,2006-03-21 16:03:30,Q4,3542188000,3140866000.0,401322000.0,0.11329776962713442,0.0,4550051000.0,0.0,-467084000.0,2026051.0,7690917000,508941000.0,228722000.0,-4629921000.0,-1.3070794096756015,-4858643000.0,-1.3716502342619872,-467084000.0,-4858643000.0,-1.3716502342619872,0.0,-4858643000.0,-1.3716502342619872,-101.5179,-101.5179,47859964.0,47859964.0,https://www.sec.gov/Archives/edgar/data/1065860/000095013706003345/0000950137-06-003345-index.htm,https://www.sec.gov/Archives/edgar/data/1065860/000095013706003345/c03583e10vk.htm,1620594442,17:07:22,20210509
43,2005-09-30,LIME,USD,2005-11-10,2005-11-10 14:54:39,Q1,1312584000,1348361000.0,-35777000.0,-0.027256922223644352,0.0,1900785000.0,0.0,-77533000.0,1900785.0,3249146000,94413000.0,373147000.0,-1640948000.0,-1.2501660846086802,-2014095000.0,-1.5344503666051088,-77533000.0,-2014095000.0,-1.5344503666051088,0.0,-2014095000.0,-1.5344503666051088,-39.637,-39.637,50813503.0,50813503.0,https://www.sec.gov/Archives/edgar/data/1065860/000095013705013650/0000950137-05-013650-index.htm,https://www.sec.gov/Archives/edgar/data/1065860/000095013705013650/c99864e10vq.htm,1620594442,17:07:22,20210509
44,2005-06-30,LIME,USD,2005-08-15,2005-08-15 09:01:07,Q1,1791480000,1689905000.0,101575000.0,0.05669893049322348,0.0,1687210000.0,0.0,-238999000.0,1687210.0,3377115000,257302000.0,159500000.0,-1665134000.0,-0.9294739544957242,-1824634000.0,-1.0185064862571729,-238999000.0,-1824634000.0,-1.0185064862571729,0.0,-1824634000.0,-1.0185064862571729,-38.07039,-38.07039,47927901.0,47927901.0,https://www.sec.gov/Archives/edgar/data/1065860/000095013705010241/0000950137-05-010241-index.htm,https://www.sec.gov/Archives/edgar/data/1065860/000095013705010241/c97738e10vq.htm,1620594442,17:07:22,20210509
45,2005-03-31,LIME,USD,2005-05-16,2005-05-16 09:08:16,Q1,741274000,268961000.0,472313000.0,0.6371638557402526,0.0,1079620000.0,0.0,-67950000.0,1079620.0,1348581000,74934000.0,12603000.0,-662654000.0,-0.8939393530597323,-675257000.0,-0.9109411634564277,-67950000.0,-675257000.0,-0.9109411634564277,0.0,-675257000.0,-0.9109411634564277,-16.1674,-16.1674,41766577.0,41766577.0,https://www.sec.gov/Archives/edgar/data/1065860/000095013705006015/0000950137-05-006015-index.htm,https://www.sec.gov/Archives/edgar/data/1065860/000095013705006015/c95301e10vq.htm,1620594442,17:07:22,20210509
46,2004-12-31,LIME,USD,2005-03-31,2005-03-31 16:07:03,Q4,1840855000,1677012000.0,163843000.0,0.08900375097441135,0.0,3476372000.0,0.0,-549394000.0,1474263.0,5153384000,565975000.0,2077000.0,-3859846000.0,-2.096768077876856,-3861923000.0,-2.097896357942369,-549394000.0,-3861923000.0,-2.097896357942369,0.0,-3861923000.0,-2.097896357942369,-96.78669,-96.78669,39901387.0,39901387.0,https://www.sec.gov/Archives/edgar/data/1065860/000095013705003975/0000950137-05-003975-index.htm,https://www.sec.gov/Archives/edgar/data/1065860/000095013705003975/c93515e10vk.htm,1620594442,17:07:22,20210509
47,2004-09-30,LIME,USD,2004-11-15,2004-11-15 16:28:17,Q1,571780000,625092000.0,-53312000.0,-0.0932386582251915,0.0,1166831000.0,0.0,-77296000.0,1166831.0,1791923000,83220000.0,56801000.0,-1240638000.0,-2.169782084018329,-1297439000.0,-2.2691227395151983,-77296000.0,-1297439000.0,-2.2691227395151983,0.0,-1297439000.0,-2.2691227395151983,-31.28845,-31.28845,41467028.0,41467028.0,https://www.sec.gov/Archives/edgar/data/1065860/000095013704010042/0000950137-04-010042-index.htm,https://www.sec.gov/Archives/edgar/data/1065860/000095013704010042/c89720e10vq.htm,1620594442,17:07:22,20210509
48,2004-06-30,LIME,USD,2004-08-16,2004-08-16 10:01:36,Q1,555537000,597082000.0,-41545000.0,-0.07478349776882548,0.0,974470000.0,0.0,-129133000.0,974470.0,1571552000,136505000.0,28838000.0,-1116310000.0,-2.0094251147988342,-1145148000.0,-2.0613352485973033,-129133000.0,-1145148000.0,-2.0613352485973033,0.0,-1145148000.0,-2.0613352485973033,-27.97247,-27.97247,40938395.0,40938395.0,https://www.sec.gov/Archives/edgar/data/1065860/000095013704006814/0000950137-04-006814-index.htm,https://www.sec.gov/Archives/edgar/data/1065860/000095013704006814/c87541e10vq.htm,1620594442,17:07:22,20210509
49,2004-03-31,LIME,USD,2004-05-13,2004-05-13 14:33:45,Q1,816242000,786009000.0,30233000.0,0.03703926041541602,0.0,1027639000.0,0.0,-360322000.0,1027639.0,1813648000,364686000.0,14208000.0,-1343520000.0,-1.6459824414818154,-1357728000.0,-1.6633890439354995,-360322000.0,-1357728000.0,-1.6633890439354995,0.0,-1357728000.0,-1.6633890439354995,-38.1906,-38.1906,35551362.0,35551362.0,https://www.sec.gov/Archives/edgar/data/1065860/000095013704004044/0000950137-04-004044-index.htm,https://www.sec.gov/Archives/edgar/data/1065860/000095013704004044/c85483e10vq.htm,1620594442,17:07:22,20210509
50,2003-12-31,LIME,USD,2004-03-29,2004-03-29 16:31:25,Q4,3774812000,3572914000.0,201898000.0,0.05348557755988907,0.0,3230662000.0,0.0,-350573000.0,1106326.0,6803576000,357735000.0,15804000.0,829255000.0,0.21968113908719164,813451000.0,0.2154944405178324,-350573000.0,1075954000.0,0.28503512227893735,0.0,1075954000.0,0.28503512227893735,31.86927,31.86927,33761489.0,33761489.0,https://www.sec.gov/Archives/edgar/data/1065860/000095013704002296/0000950137-04-002296-index.htm,https://www.sec.gov/Archives/edgar/data/1065860/000095013704002296/c83451e10ksb.htm,1620594442,17:07:22,20210509
51,2003-09-30,LIME,USD,2003-11-13,2003-11-13 16:21:44,Q1,857021000,868773000.0,-11752000.0,-0.01371261614359508,0.0,1059416000.0,0.0,-4786000.0,1059416.0,1928189000,7953000.0,94828000.0,-981126000.0,-1.1448097537866633,-1075954000.0,-1.2554581509671292,-4786000.0,-1075954000.0,-1.2554581509671292,0.0,-1075954000.0,-1.2554581509671292,-31.50723,-31.50723,34149435.0,34149435.0,https://www.sec.gov/Archives/edgar/data/1065860/000095013703005916/0000950137-03-005916-index.htm,https://www.sec.gov/Archives/edgar/data/1065860/000095013703005916/c80828e10vq.htm,1620594442,17:07:22,20210509
52,2003-06-30,LIME,USD,2003-08-14,2003-08-14 12:03:40,Q1,1668721000,1499940000.0,168781000.0,0.10114392999189199,0.0,1103011000.0,0.0,-11018000.0,1103011.0,2602951000,12338000.0,79972000.0,-865276000.0,-0.5185264642801283,-945248000.0,-0.5664505929990693,-11018000.0,-1767087000.0,-1.0589469419992916,0.0,-1767087000.0,-1.0589469419992916,-52.02797,-52.02797,33964174.0,33964174.0,https://www.sec.gov/Archives/edgar/data/1065860/000110465903018507/0001104659-03-018507-index.htm,https://www.sec.gov/Archives/edgar/data/1065860/000110465903018507/a03-2484_110qsb.htm,1620594442,17:07:22,20210509
53,2003-03-31,LIME,USD,2003-05-15,2003-05-15 10:54:57,Q1,2548844000,2522558000.0,26286000.0,0.010312910480202005,0.0,1253701000.0,0.0,-16914000.0,1253701.0,3776259000,18581000.0,45015000.0,45015000.0,0.017660947472658194,0.0,0.0,-16914000.0,0.0,0.0,0.0,0.0,0.0,-0.06,-0.06,32681886.0,32681886.0,https://www.sec.gov/Archives/edgar/data/1065860/000110465903010109/0001104659-03-010109-index.htm,https://www.sec.gov/Archives/edgar/data/1065860/000110465903010109/j0990_10qsb.htm,1620594442,17:07:22,20210509
54,2002-12-31,LIME,USD,2003-03-31,2003-03-31 14:33:27,Q4,8391618000,8300768000.0,90850000.0,0.010826279270576902,0.0,5620649000.0,0.0,-44872000.0,1743220.0,13921417000,63365000.0,56647000.0,-9729896000.0,-1.1594779457310855,-9786543000.0,-1.1662283721685138,-44872000.0,-9786543000.0,-1.1662283721685138,0.0,-9786543000.0,-1.1662283721685138,-313.53895,-313.53895,31213165.0,31213165.0,https://www.sec.gov/Archives/edgar/data/1065860/000104746903011192/0001047469-03-011192-index.htm,https://www.sec.gov/Archives/edgar/data/1065860/000104746903011192/a2105730z10ksb.htm,1620594442,17:07:22,20210509
55,2002-09-30,LIME,USD,2002-11-14,2002-11-14 18:41:56,Q1,3374654000,3159655000.0,214999000.0,0.06370993885595383,0.0,1529394000.0,0.0,-10861000.0,1529394.0,4689049000,15643000.0,175404000.0,-1149852000.0,-0.34073182021030896,-1325256000.0,-0.39270870435902466,-10861000.0,-1325256000.0,-0.39270870435902466,0.0,-1325256000.0,-0.39270870435902466,-42.48109,-42.48109,31196378.0,31196378.0,https://www.sec.gov/Archives/edgar/data/1065860/000110465902006354/0001104659-02-006354-index.htm,https://www.sec.gov/Archives/edgar/data/1065860/000110465902006354/j6010_10qsb.htm,1620594442,17:07:22,20210509
56,2002-06-30,LIME,USD,2002-08-14,2002-08-14 16:14:35,Q1,3437811000,2897332000.0,540479000.0,0.15721603078237867,0.0,1889027000.0,0.0,-14742000.0,1889027.0,4786359000,20905000.0,116686000.0,116686000.0,0.03394194736127146,0.0,0.0,-14742000.0,0.0,0.0,0.0,0.0,0.0,-0.12,-0.12,31154225.0,31154225.0,https://www.sec.gov/Archives/edgar/data/1065860/000110465902004137/0001104659-02-004137-index.htm,https://www.sec.gov/Archives/edgar/data/1065860/000110465902004137/j4470_10qsb.htm,1620594442,17:07:22,20210509
57,2002-03-31,LIME,USD,2002-05-15,2002-05-15 16:41:23,Q1,3135993000,2731713000.0,404280000.0,0.1289161040856915,0.0,2096401000.0,0.0,-15077000.0,2096401.0,4828114000,25493000.0,57725000.0,57725000.0,0.01840724772025958,0.0,0.0,-15077000.0,0.0,0.0,0.0,0.0,0.0,-0.08,-0.08,31113842.0,31113842.0,https://www.sec.gov/Archives/edgar/data/1065860/000110465902002578/0001104659-02-002578-index.htm,https://www.sec.gov/Archives/edgar/data/1065860/000110465902002578/j3537_10qsb.htm,1620594442,17:07:22,20210509
58,2001-12-31,LIME,USD,2002-04-15,2002-04-15 00:00:00,Q4,8075723000,7365808000.0,709915000.0,0.08790729944551094,0.0,7248830000.0,0.0,-1832135000.0,2229146.0,14614638000,1849597000.0,210028000.0,-8161022000.0,-1.0105623979425744,-8371050000.0,-1.0365697288032292,-1832135000.0,-8371050000.0,-1.0365697288032292,0.0,-8371050000.0,-1.0365697288032292,-278.58886,-278.58886,30048043.0,30048043.0,https://www.sec.gov/Archives/edgar/data/1065860/000091205702015080/0000912057-02-015080-index.htm,https://www.sec.gov/Archives/edgar/data/1065860/000091205702015080/a2074565z10ksb.htm,1620594442,17:07:22,20210509
59,2001-09-30,LIME,USD,2001-11-14,2001-11-14 00:00:00,Q1,1548483000,1821533000.0,-273050000.0,-0.17633386998759432,0.0,2697494000.0,0.0,-1629483000.0,2697494.0,4519027000,1683343000.0,603713000.0,-3996314000.0,-2.5807929438037096,-4600027000.0,-2.970666775159947,-1629483000.0,-4600027000.0,-2.970666775159947,0.0,-4600027000.0,-2.970666775159947,-149.25272,-149.25272,30820389.0,30820389.0,https://www.sec.gov/Archives/edgar/data/1065860/000110465901503345/0001104659-01-503345-index.htm,https://www.sec.gov/Archives/edgar/data/1065860/000110465901503345/j1936_10qsb.htm,1620594442,17:07:22,20210509
60,2001-06-30,LIME,USD,2001-08-13,2001-08-13 00:00:00,Q1,2778099000,2590247000.0,187852000.0,0.06761890055034035,0.0,2433051000.0,0.0,-1708733000.0,2433051.0,5023298000,1709083000.0,395108000.0,-3558824000.0,-1.2810285018640444,-3953932000.0,-1.4232509352618463,-1708733000.0,-3953932000.0,-1.4232509352618463,0.0,-3953932000.0,-1.4232509352618463,-134.96747,-134.96747,29295445.0,29295445.0,https://www.sec.gov/Archives/edgar/data/1065860/000110465901501676/0001104659-01-501676-index.htm,https://www.sec.gov/Archives/edgar/data/1065860/000110465901501676/j1163_10qsb.htm,1620594442,17:07:22,20210509
