,date,symbol,reportedCurrency,fillingDate,acceptedDate,period,revenue,costOfRevenue,grossProfit,grossProfitRatio,researchAndDevelopmentExpenses,generalAndAdministrativeExpenses,sellingAndMarketingExpenses,otherExpenses,operatingExpenses,costAndExpenses,interestExpense,depreciationAndAmortization,ebitda,ebitdaratio,operatingIncome,operatingIncomeRatio,totalOtherIncomeExpensesNet,incomeBeforeTax,incomeBeforeTaxRatio,incomeTaxExpense,netIncome,netIncomeRatio,eps,epsdiluted,weightedAverageShsOut,weightedAverageShsOutDil,link,finalLink,timestamp,est_time,est_date
0,2019-06-30,3828.HK,HKD,2019-06-30,2019-06-30,Q2,510773750,386709750,124064000,0.24289423644030259,0.0,31953250,60867000.0,78250.0,0.0,477149750,438500.0,14215750.0,47839750,0.09366133243926494,33624000,0.06582953802931336,0.0,31775500,0.06221051884518341,8755500.0,24484000,0.04793511804394803,0.03375,0.0335,726910000,728919000,https://www1.hkexnews.hk/search/titlesearch.xhtml,https://www1.hkexnews.hk/search/titlesearch.xhtml,1620585635,14:40:35,20210509
1,2019-03-31,3828.HK,HKD,2019-03-31,2019-03-31,Q1,510773750,386709750,124064000,0.24289423644030259,0.0,31953250,60867000.0,78250.0,0.0,477149750,438500.0,14215750.0,47839750,0.09366133243926494,33624000,0.06582953802931336,0.0,31775500,0.06221051884518341,8755500.0,24484000,0.04793511804394803,0.03375,0.0335,726910000,728919000,https://www1.hkexnews.hk/search/titlesearch.xhtml,https://www1.hkexnews.hk/search/titlesearch.xhtml,1620585635,14:40:35,20210509
2,2019-01-31,3828.HK,HKD,2019-01-31,2019-01-31,Q1,510773750,386709750,124064000,0.24289423644030259,0.0,31953250,60867000.0,78250.0,0.0,477149750,438500.0,14215750.0,47839750,0.09366133243926494,33624000,0.06582953802931336,0.0,31775500,0.06221051884518341,8755500.0,24484000,0.04793511804394803,0.03375,0.0335,726910000,728919000,https://www1.hkexnews.hk/search/titlesearch.xhtml,https://www1.hkexnews.hk/search/titlesearch.xhtml,1620585635,14:40:35,20210509
3,2018-06-30,3828.HK,HKD,2018-06-30,2018-06-30,Q2,513177000,396843250,116333750,0.2266932267034571,0.0,30704250,57795250.0,77500.0,0.0,483906250,301500.0,11134250.0,40405000,0.07873501735268727,29270750,0.0570383123171927,0.0,32732750,0.0637845226890527,8712500.0,25062250,0.048837438154866644,0.03475,0.0345,723477000,728363000,https://www1.hkexnews.hk/search/titlesearch.xhtml,https://www1.hkexnews.hk/search/titlesearch.xhtml,1620585635,14:40:35,20210509
4,2018-03-31,3828.HK,HKD,2018-03-31,2018-03-31,Q1,513177000,396843250,116333750,0.2266932267034571,0.0,30704250,57795250.0,77500.0,0.0,483906250,301500.0,11134250.0,40405000,0.07873501735268727,29270750,0.0570383123171927,0.0,32732750,0.0637845226890527,8712500.0,25062250,0.048837438154866644,0.03475,0.0345,723477000,728363000,https://www1.hkexnews.hk/search/titlesearch.xhtml,https://www1.hkexnews.hk/search/titlesearch.xhtml,1620585635,14:40:35,20210509
5,2018-01-31,3828.HK,HKD,2018-01-31,2018-01-31,Q1,513177000,396843250,116333750,0.2266932267034571,0.0,30704250,57795250.0,77500.0,0.0,483906250,301500.0,11134250.0,40405000,0.07873501735268727,29270750,0.0570383123171927,0.0,32732750,0.0637845226890527,8712500.0,25062250,0.048837438154866644,0.03475,0.0345,723477000,728363000,https://www1.hkexnews.hk/search/titlesearch.xhtml,https://www1.hkexnews.hk/search/titlesearch.xhtml,1620585635,14:40:35,20210509
6,2017-06-30,3828.HK,HKD,2017-06-30,2017-06-30,Q2,465889750,355391250,110498500,0.23717735794788358,0.0,24305000,51891750.0,69500.0,0.0,430539000,153250.0,9840000.0,45190750,0.09699880712121269,35350750,0.0758779303472549,0.0,35812000,0.07686797144603418,8602000.0,27230750,0.05844891414760681,0.03775,0.03725,723696000,729680000,https://www1.hkexnews.hk/search/titlesearch.xhtml,https://www1.hkexnews.hk/search/titlesearch.xhtml,1620585635,14:40:35,20210509
7,2017-03-31,3828.HK,HKD,2017-03-31,2017-03-31,Q1,465889750,355391250,110498500,0.23717735794788358,0.0,24305000,51891750.0,69500.0,0.0,430539000,153250.0,9840000.0,45190750,0.09699880712121269,35350750,0.0758779303472549,0.0,35812000,0.07686797144603418,8602000.0,27230750,0.05844891414760681,0.03775,0.03725,723696000,729680000,https://www1.hkexnews.hk/search/titlesearch.xhtml,https://www1.hkexnews.hk/search/titlesearch.xhtml,1620585635,14:40:35,20210509
8,2017-01-31,3828.HK,HKD,2017-01-31,2017-01-31,Q1,465889750,355391250,110498500,0.23717735794788358,0.0,24305000,51891750.0,69500.0,0.0,430539000,153250.0,9840000.0,45190750,0.09699880712121269,35350750,0.0758779303472549,0.0,35812000,0.07686797144603418,8602000.0,27230750,0.05844891414760681,0.03775,0.03725,723696000,729680000,https://www1.hkexnews.hk/search/titlesearch.xhtml,https://www1.hkexnews.hk/search/titlesearch.xhtml,1620585635,14:40:35,20210509
9,2016-06-30,3828.HK,HKD,2016-06-30,2016-06-30,Q2,424501250,310945750,113555500,0.26750333479583394,0.0,39305750,46516250.0,1712000.0,0.0,395438250,226250.0,9635750.0,38698750,0.09116286465587557,29063000,0.0684638737812904,0.0,47859750,0.11274348426535846,10588750.0,39360750,0.09272234180700292,0.0555,0.05475,708509000,719085000,https://www1.hkexnews.hk/search/titlesearch.xhtml,https://www1.hkexnews.hk/search/titlesearch.xhtml,1620585635,14:40:35,20210509
10,2016-03-31,3828.HK,HKD,2016-03-31,2016-03-31,Q1,424501250,310945750,113555500,0.26750333479583394,0.0,39305750,46516250.0,1712000.0,0.0,395438250,226250.0,9635750.0,38698750,0.09116286465587557,29063000,0.0684638737812904,0.0,47859750,0.11274348426535846,10588750.0,39360750,0.09272234180700292,0.0555,0.05475,708509000,719085000,https://www1.hkexnews.hk/search/titlesearch.xhtml,https://www1.hkexnews.hk/search/titlesearch.xhtml,1620585635,14:40:35,20210509
11,2016-01-31,3828.HK,HKD,2016-01-31,2016-01-31,Q1,424501250,310945750,113555500,0.26750333479583394,0.0,39305750,46516250.0,1712000.0,0.0,395438250,226250.0,9635750.0,38698750,0.09116286465587557,29063000,0.0684638737812904,0.0,47859750,0.11274348426535846,10588750.0,39360750,0.09272234180700292,0.0555,0.05475,708509000,719085000,https://www1.hkexnews.hk/search/titlesearch.xhtml,https://www1.hkexnews.hk/search/titlesearch.xhtml,1620585635,14:40:35,20210509
12,2015-09-30,3828.HK,HKD,2015-09-30,2015-09-30,Q3,427721250,323253750,104467500,0.24424201509744956,0.0,34534500,46312000.0,1733500.0,0.0,403188000,126750.0,9794500.0,34327750,0.08025729373978964,24533250,0.0573580339999474,0.0,-49824750,-0.11648883472588747,6709750.0,-55466000,-0.12967791523100616,-0.079,-0.079,702836000,702836000,https://www1.hkexnews.hk/search/titlesearch.xhtml,https://www1.hkexnews.hk/search/titlesearch.xhtml,1620585635,14:40:35,20210509
13,2015-06-30,3828.HK,HKD,2015-06-30,2015-06-30,Q2,427721250,323253750,104467500,0.24424201509744956,0.0,34534500,46312000.0,1733500.0,0.0,403188000,126750.0,9794500.0,34327750,0.08025729373978964,24533250,0.0573580339999474,0.0,-49824750,-0.11648883472588747,6709750.0,-55466000,-0.12967791523100616,-0.079,-0.079,702836000,702836000,https://www1.hkexnews.hk/search/titlesearch.xhtml,https://www1.hkexnews.hk/search/titlesearch.xhtml,1620585635,14:40:35,20210509
14,2015-03-31,3828.HK,HKD,2015-03-31,2015-03-31,Q1,427721250,323253750,104467500,0.24424201509744956,0.0,34534500,46312000.0,1733500.0,0.0,403188000,126750.0,9794500.0,34327750,0.08025729373978964,24533250,0.0573580339999474,0.0,-49824750,-0.11648883472588747,6709750.0,-55466000,-0.12967791523100616,-0.079,-0.079,702836000,702836000,https://www1.hkexnews.hk/search/titlesearch.xhtml,https://www1.hkexnews.hk/search/titlesearch.xhtml,1620585635,14:40:35,20210509
15,2015-01-31,3828.HK,HKD,2015-01-31,2015-01-31,Q1,427721250,323253750,104467500,0.24424201509744956,0.0,34534500,46312000.0,1733500.0,0.0,403188000,126750.0,9794500.0,34327750,0.08025729373978964,24533250,0.0573580339999474,0.0,-49824750,-0.11648883472588747,6709750.0,-55466000,-0.12967791523100616,-0.079,-0.079,702836000,702836000,https://www1.hkexnews.hk/search/titlesearch.xhtml,https://www1.hkexnews.hk/search/titlesearch.xhtml,1620585635,14:40:35,20210509
16,2014-09-30,3828.HK,HKD,2014-09-30,2014-09-30,Q3,406504000,308874250,97629750,0.24016922342707575,0.0,31435500,49225000.0,1240250.0,0.0,388766250,102000.0,9804750.0,27542500,0.06775456084072974,17737750,0.04363487198157952,0.0,19554000,0.04810284769645563,4870750.0,15816000,0.0389073662251786,0.02275,0.0225,697968000,706380000,https://www1.hkexnews.hk/search/titlesearch.xhtml,https://www1.hkexnews.hk/search/titlesearch.xhtml,1620585635,14:40:35,20210509
17,2014-06-30,3828.HK,HKD,2014-06-30,2014-06-30,Q2,406504000,308874250,97629750,0.24016922342707575,0.0,31435500,49225000.0,1240250.0,0.0,388766250,102000.0,9804750.0,27542500,0.06775456084072974,17737750,0.04363487198157952,0.0,19554000,0.04810284769645563,4870750.0,15816000,0.0389073662251786,0.02275,0.0225,697968000,706380000,https://www1.hkexnews.hk/search/titlesearch.xhtml,https://www1.hkexnews.hk/search/titlesearch.xhtml,1620585635,14:40:35,20210509
18,2014-03-31,3828.HK,HKD,2014-03-31,2014-03-31,Q1,406504000,308874250,97629750,0.24016922342707575,0.0,31435500,49225000.0,1240250.0,0.0,388766250,102000.0,9804750.0,27542500,0.06775456084072974,17737750,0.04363487198157952,0.0,19554000,0.04810284769645563,4870750.0,15816000,0.0389073662251786,0.02275,0.0225,697968000,706380000,https://www1.hkexnews.hk/search/titlesearch.xhtml,https://www1.hkexnews.hk/search/titlesearch.xhtml,1620585635,14:40:35,20210509
19,2014-01-31,3828.HK,HKD,2014-01-31,2014-01-31,Q1,406504000,308874250,97629750,0.24016922342707575,0.0,31435500,49225000.0,1240250.0,0.0,388766250,102000.0,9804750.0,27542500,0.06775456084072974,17737750,0.04363487198157952,0.0,19554000,0.04810284769645563,4870750.0,15816000,0.0389073662251786,0.02275,0.0225,697968000,706380000,https://www1.hkexnews.hk/search/titlesearch.xhtml,https://www1.hkexnews.hk/search/titlesearch.xhtml,1620585635,14:40:35,20210509
20,2013-09-30,3828.HK,HKD,2013-09-30,2013-09-30,Q3,420999750,320382000,100617750,0.2389971728011715,0.0,29939750,49804750.0,1209000.0,0.0,399008750,199500.0,10543500.0,32534500,0.077279143277401,21991000,0.05223518541281794,0.0,15766000,0.037448953354485365,6996000.0,10002750,0.023759515296624286,0.01425,0.014,697391000,709580000,https://www1.hkexnews.hk/search/titlesearch.xhtml,https://www1.hkexnews.hk/search/titlesearch.xhtml,1620585635,14:40:35,20210509
21,2013-06-30,3828.HK,HKD,2013-06-30,2013-06-30,Q2,420999750,320382000,100617750,0.2389971728011715,0.0,29939750,49804750.0,1209000.0,0.0,399008750,199500.0,10543500.0,32534500,0.077279143277401,21991000,0.05223518541281794,0.0,15766000,0.037448953354485365,6996000.0,10002750,0.023759515296624286,0.01425,0.014,697391000,709580000,https://www1.hkexnews.hk/search/titlesearch.xhtml,https://www1.hkexnews.hk/search/titlesearch.xhtml,1620585635,14:40:35,20210509
22,2013-03-31,3828.HK,HKD,2013-03-31,2013-03-31,Q1,420999750,320382000,100617750,0.2389971728011715,0.0,29939750,49804750.0,1209000.0,0.0,399008750,199500.0,10543500.0,32534500,0.077279143277401,21991000,0.05223518541281794,0.0,15766000,0.037448953354485365,6996000.0,10002750,0.023759515296624286,0.01425,0.014,697391000,709580000,https://www1.hkexnews.hk/search/titlesearch.xhtml,https://www1.hkexnews.hk/search/titlesearch.xhtml,1620585635,14:40:35,20210509
23,2013-01-31,3828.HK,HKD,2013-01-31,2013-01-31,Q1,420999750,320382000,100617750,0.2389971728011715,0.0,29939750,49804750.0,1209000.0,0.0,399008750,199500.0,10543500.0,32534500,0.077279143277401,21991000,0.05223518541281794,0.0,15766000,0.037448953354485365,6996000.0,10002750,0.023759515296624286,0.01425,0.014,697391000,709580000,https://www1.hkexnews.hk/search/titlesearch.xhtml,https://www1.hkexnews.hk/search/titlesearch.xhtml,1620585635,14:40:35,20210509
24,2012-09-30,3828.HK,HKD,2012-09-30,2012-09-30,Q3,421430750,330368750,91062000,0.21607820501944863,0.0,30235250,41945000.0,988250.0,0.0,398935500,379750.0,10812750.0,33308000,0.07903552362992022,22495250,0.053378283383450305,0.0,25635250,0.06082909232418375,6840750.0,18812500,0.044639599744441996,0.028483417919306194,0.028445775736150213,660472000,661346000,https://www1.hkexnews.hk/search/titlesearch.xhtml,https://www1.hkexnews.hk/search/titlesearch.xhtml,1620585635,14:40:35,20210509
25,2012-06-30,3828.HK,HKD,2012-06-30,2012-06-30,Q2,421430750,330368750,91062000,0.21607820501944863,0.0,30235250,41945000.0,988250.0,0.0,398935500,379750.0,10812750.0,33308000,0.07903552362992022,22495250,0.053378283383450305,0.0,25635250,0.06082909232418375,6840750.0,18812500,0.044639599744441996,0.028483417919306194,0.028445775736150213,660472000,661346000,https://www1.hkexnews.hk/search/titlesearch.xhtml,https://www1.hkexnews.hk/search/titlesearch.xhtml,1620585635,14:40:35,20210509
26,2012-03-31,3828.HK,HKD,2012-03-31,2012-03-31,Q1,421430750,330368750,91062000,0.21607820501944863,0.0,30235250,41945000.0,988250.0,0.0,398935500,379750.0,10812750.0,33308000,0.07903552362992022,22495250,0.053378283383450305,0.0,25635250,0.06082909232418375,6840750.0,18812500,0.044639599744441996,0.028483417919306194,0.028445775736150213,660472000,661346000,https://www1.hkexnews.hk/search/titlesearch.xhtml,https://www1.hkexnews.hk/search/titlesearch.xhtml,1620585635,14:40:35,20210509
27,2012-01-31,3828.HK,HKD,2012-01-31,2012-01-31,Q1,421430750,330368750,91062000,0.21607820501944863,0.0,30235250,41945000.0,988250.0,0.0,398935500,379750.0,10812750.0,33308000,0.07903552362992022,22495250,0.053378283383450305,0.0,25635250,0.06082909232418375,6840750.0,18812500,0.044639599744441996,0.028483417919306194,0.028445775736150213,660472000,661346000,https://www1.hkexnews.hk/search/titlesearch.xhtml,https://www1.hkexnews.hk/search/titlesearch.xhtml,1620585635,14:40:35,20210509
28,2011-09-30,3828.HK,HKD,2011-09-30,2011-09-30,Q3,368842250,287963750,80878500,0.21927666909091895,0.0,21542750,39798500.0,1500000.0,-1696000.0,347609000,452250.0,9951750.0,31185000,0.08454834011016905,21233250,0.05756729333475219,0.0,22555250,0.06115148142600258,5690000.0,17916500,0.04857496666935526,0.02725,0.02675,655143000,667381000,https://www1.hkexnews.hk/search/titlesearch.xhtml,https://www1.hkexnews.hk/search/titlesearch.xhtml,1620585635,14:40:35,20210509
29,2011-06-30,3828.HK,HKD,2011-06-30,2011-06-30,Q2,368842250,287963750,80878500,0.21927666909091895,0.0,21542750,39798500.0,1500000.0,-1696000.0,347609000,452250.0,9951750.0,31185000,0.08454834011016905,21233250,0.05756729333475219,0.0,22555250,0.06115148142600258,5690000.0,17916500,0.04857496666935526,0.02725,0.02675,655143000,667381000,https://www1.hkexnews.hk/search/titlesearch.xhtml,https://www1.hkexnews.hk/search/titlesearch.xhtml,1620585635,14:40:35,20210509
30,2011-03-31,3828.HK,HKD,2011-03-31,2011-03-31,Q1,368842250,287963750,80878500,0.21927666909091895,0.0,21542750,39798500.0,1500000.0,-1696000.0,347609000,452250.0,9951750.0,31185000,0.08454834011016905,21233250,0.05756729333475219,0.0,22555250,0.06115148142600258,5690000.0,17916500,0.04857496666935526,0.02725,0.02675,655143000,667381000,https://www1.hkexnews.hk/search/titlesearch.xhtml,https://www1.hkexnews.hk/search/titlesearch.xhtml,1620585635,14:40:35,20210509
31,2011-01-31,3828.HK,HKD,2011-01-31,2011-01-31,Q1,368842250,287963750,80878500,0.21927666909091895,0.0,21542750,39798500.0,1500000.0,-1696000.0,347609000,452250.0,9951750.0,31185000,0.08454834011016905,21233250,0.05756729333475219,0.0,22555250,0.06115148142600258,5690000.0,17916500,0.04857496666935526,0.02725,0.02675,655143000,667381000,https://www1.hkexnews.hk/search/titlesearch.xhtml,https://www1.hkexnews.hk/search/titlesearch.xhtml,1620585635,14:40:35,20210509
32,2010-09-30,3828.HK,HKD,2010-09-30,2010-09-30,Q3,271483250,195640500,75842750,0.2793643806754192,0.0,18430500,28249500.0,3500000.0,-1223000.0,241097500,197750.0,7492500.0,37878250,0.1395233407585919,30385750,0.11192495301275493,0.0,33980500,0.12516610140772957,6544500.0,29032000,0.10693845752914774,0.0475,0.046,612377000,629587000,https://www1.hkexnews.hk/search/titlesearch.xhtml,https://www1.hkexnews.hk/search/titlesearch.xhtml,1620585635,14:40:35,20210509
33,2010-06-30,3828.HK,HKD,2010-06-30,2010-06-30,Q2,271483250,195640500,75842750,0.2793643806754192,0.0,18430500,28249500.0,3500000.0,-1223000.0,241097500,197750.0,7492500.0,37878250,0.1395233407585919,30385750,0.11192495301275493,0.0,33980500,0.12516610140772957,6544500.0,29032000,0.10693845752914774,0.0475,0.046,612377000,629587000,https://www1.hkexnews.hk/search/titlesearch.xhtml,https://www1.hkexnews.hk/search/titlesearch.xhtml,1620585635,14:40:35,20210509
34,2010-03-31,3828.HK,HKD,2010-03-31,2010-03-31,Q1,271483250,195640500,75842750,0.2793643806754192,0.0,18430500,28249500.0,3500000.0,-1223000.0,241097500,197750.0,7492500.0,37878250,0.1395233407585919,30385750,0.11192495301275493,0.0,33980500,0.12516610140772957,6544500.0,29032000,0.10693845752914774,0.0475,0.046,612377000,629587000,https://www1.hkexnews.hk/search/titlesearch.xhtml,https://www1.hkexnews.hk/search/titlesearch.xhtml,1620585635,14:40:35,20210509
35,2010-01-31,3828.HK,HKD,2010-01-31,2010-01-31,Q1,271483250,195640500,75842750,0.2793643806754192,0.0,18430500,28249500.0,3500000.0,-1223000.0,241097500,197750.0,7492500.0,37878250,0.1395233407585919,30385750,0.11192495301275493,0.0,33980500,0.12516610140772957,6544500.0,29032000,0.10693845752914774,0.0475,0.046,612377000,629587000,https://www1.hkexnews.hk/search/titlesearch.xhtml,https://www1.hkexnews.hk/search/titlesearch.xhtml,1620585635,14:40:35,20210509
36,2009-09-30,3828.HK,HKD,2009-09-30,2009-09-30,Q3,202834000,144192000,58642000,0.28911326503446166,0.0,14064500,18283750.0,2899250.0,-370000.0,176170250,126250.0,6349500.0,33013250,0.16275994162714338,26663750,0.13145601822179714,0.0,29928250,0.1475504599820543,6339250.0,24096750,0.11880034905390614,0.04,0.04,600000000,600000000,https://www1.hkexnews.hk/search/titlesearch.xhtml,https://www1.hkexnews.hk/search/titlesearch.xhtml,1620585635,14:40:35,20210509
37,2009-06-30,3828.HK,HKD,2009-06-30,2009-06-30,Q2,202834000,144192000,58642000,0.28911326503446166,0.0,14064500,18283750.0,2899250.0,-370000.0,176170250,126250.0,6349500.0,33013250,0.16275994162714338,26663750,0.13145601822179714,0.0,29928250,0.1475504599820543,6339250.0,24096750,0.11880034905390614,0.04,0.04,600000000,600000000,https://www1.hkexnews.hk/search/titlesearch.xhtml,https://www1.hkexnews.hk/search/titlesearch.xhtml,1620585635,14:40:35,20210509
38,2009-03-31,3828.HK,HKD,2009-03-31,2009-03-31,Q1,202834000,144192000,58642000,0.28911326503446166,0.0,14064500,18283750.0,2899250.0,-370000.0,176170250,126250.0,6349500.0,33013250,0.16275994162714338,26663750,0.13145601822179714,0.0,29928250,0.1475504599820543,6339250.0,24096750,0.11880034905390614,0.04,0.04,600000000,600000000,https://www1.hkexnews.hk/search/titlesearch.xhtml,https://www1.hkexnews.hk/search/titlesearch.xhtml,1620585635,14:40:35,20210509
39,2009-01-31,3828.HK,HKD,2009-01-31,2009-01-31,Q1,202834000,144192000,58642000,0.28911326503446166,0.0,14064500,18283750.0,2899250.0,-370000.0,176170250,126250.0,6349500.0,33013250,0.16275994162714338,26663750,0.13145601822179714,0.0,29928250,0.1475504599820543,6339250.0,24096750,0.11880034905390614,0.04,0.04,600000000,600000000,https://www1.hkexnews.hk/search/titlesearch.xhtml,https://www1.hkexnews.hk/search/titlesearch.xhtml,1620585635,14:40:35,20210509
40,2008-09-30,3828.HK,HKD,2008-09-30,2008-09-30,Q3,219011000,160882000,58129000,0.2654158923524389,0.0,12861750,16963750.0,0.0,-3282500.0,187425000,1237500.0,5487000.0,37073000,0.1692746026455292,31586000,0.14422106652177288,0.0,30379250,0.1387110693070211,5168250.0,25217500,0.11514261840729462,0.0425,0.0425,600000000,600000000,https://www1.hkexnews.hk/search/titlesearch.xhtml,https://www1.hkexnews.hk/search/titlesearch.xhtml,1620585635,14:40:35,20210509
41,2008-06-30,3828.HK,HKD,2008-06-30,2008-06-30,Q2,219011000,160882000,58129000,0.2654158923524389,0.0,12861750,16963750.0,0.0,-3282500.0,187425000,1237500.0,5487000.0,37073000,0.1692746026455292,31586000,0.14422106652177288,0.0,30379250,0.1387110693070211,5168250.0,25217500,0.11514261840729462,0.0425,0.0425,600000000,600000000,https://www1.hkexnews.hk/search/titlesearch.xhtml,https://www1.hkexnews.hk/search/titlesearch.xhtml,1620585635,14:40:35,20210509
42,2008-03-31,3828.HK,HKD,2008-03-31,2008-03-31,Q1,219011000,160882000,58129000,0.2654158923524389,0.0,12861750,16963750.0,0.0,-3282500.0,187425000,1237500.0,5487000.0,37073000,0.1692746026455292,31586000,0.14422106652177288,0.0,30379250,0.1387110693070211,5168250.0,25217500,0.11514261840729462,0.0425,0.0425,600000000,600000000,https://www1.hkexnews.hk/search/titlesearch.xhtml,https://www1.hkexnews.hk/search/titlesearch.xhtml,1620585635,14:40:35,20210509
43,2008-01-31,3828.HK,HKD,2008-01-31,2008-01-31,Q1,219011000,160882000,58129000,0.2654158923524389,0.0,12861750,16963750.0,0.0,-3282500.0,187425000,1237500.0,5487000.0,37073000,0.1692746026455292,31586000,0.14422106652177288,0.0,30379250,0.1387110693070211,5168250.0,25217500,0.11514261840729462,0.0425,0.0425,600000000,600000000,https://www1.hkexnews.hk/search/titlesearch.xhtml,https://www1.hkexnews.hk/search/titlesearch.xhtml,1620585635,14:40:35,20210509
44,2007-09-30,3828.HK,HKD,2007-09-30,2007-09-30,Q3,211504250,146897250,64607000,0.30546431100084276,0.0,11956750,0.0,0.0,14741250.0,173595250,0.0,0.0,37909000,5.579262180484846,37909000,0.17923516903324638,0.0,39010500,0.18444310220716606,7527500.0,31483000,0.14885280083024335,0.0675,0.0675,474658000,474658000,https://www1.hkexnews.hk/search/titlesearch.xhtml,https://www1.hkexnews.hk/search/titlesearch.xhtml,1620585635,14:40:35,20210509
45,2007-06-30,3828.HK,HKD,2007-06-30,2007-06-30,Q2,211504250,146897250,64607000,0.30546431100084276,0.0,11956750,0.0,0.0,14741250.0,173595250,0.0,0.0,37909000,5.579262180484846,37909000,0.17923516903324638,0.0,39010500,0.18444310220716606,7527500.0,31483000,0.14885280083024335,0.0675,0.0675,474658000,474658000,https://www1.hkexnews.hk/search/titlesearch.xhtml,https://www1.hkexnews.hk/search/titlesearch.xhtml,1620585635,14:40:35,20210509
46,2007-03-31,3828.HK,HKD,2007-03-31,2007-03-31,Q1,211504250,146897250,64607000,0.30546431100084276,0.0,11956750,0.0,0.0,14741250.0,173595250,0.0,0.0,37909000,5.579262180484846,37909000,0.17923516903324638,0.0,39010500,0.18444310220716606,7527500.0,31483000,0.14885280083024335,0.0675,0.0675,474658000,474658000,https://www1.hkexnews.hk/search/titlesearch.xhtml,https://www1.hkexnews.hk/search/titlesearch.xhtml,1620585635,14:40:35,20210509
47,2007-01-31,3828.HK,HKD,2007-01-31,2007-01-31,Q1,211504250,146897250,64607000,0.30546431100084276,0.0,11956750,0.0,0.0,14741250.0,173595250,0.0,0.0,37909000,5.579262180484846,37909000,0.17923516903324638,0.0,39010500,0.18444310220716606,7527500.0,31483000,0.14885280083024335,0.0675,0.0675,474658000,474658000,https://www1.hkexnews.hk/search/titlesearch.xhtml,https://www1.hkexnews.hk/search/titlesearch.xhtml,1620585635,14:40:35,20210509
48,2006-09-30,3828.HK,HKD,2006-09-30,2006-09-30,Q3,171851500,123025000,48826500,0.2841203015394105,0.0,10014000,0.0,0.0,11015750.0,144054750,0.0,0.0,27796750,6.1824313993542415,27796750,0.16174866090781867,0.0,27765000,0.16156390837438137,4676500.0,23088500,0.13435146041786078,0.0525,0.0525,450000000,450000000,https://www1.hkexnews.hk/search/titlesearch.xhtml,https://www1.hkexnews.hk/search/titlesearch.xhtml,1620585635,14:40:35,20210509
49,2006-06-30,3828.HK,HKD,2006-06-30,2006-06-30,Q2,171851500,123025000,48826500,0.2841203015394105,0.0,10014000,0.0,0.0,11015750.0,144054750,0.0,0.0,27796750,6.1824313993542415,27796750,0.16174866090781867,0.0,27765000,0.16156390837438137,4676500.0,23088500,0.13435146041786078,0.0525,0.0525,450000000,450000000,https://www1.hkexnews.hk/search/titlesearch.xhtml,https://www1.hkexnews.hk/search/titlesearch.xhtml,1620585635,14:40:35,20210509
50,2006-03-31,3828.HK,HKD,2006-03-31,2006-03-31,Q1,171851500,123025000,48826500,0.2841203015394105,0.0,10014000,0.0,0.0,11015750.0,144054750,0.0,0.0,27796750,6.1824313993542415,27796750,0.16174866090781867,0.0,27765000,0.16156390837438137,4676500.0,23088500,0.13435146041786078,0.0525,0.0525,450000000,450000000,https://www1.hkexnews.hk/search/titlesearch.xhtml,https://www1.hkexnews.hk/search/titlesearch.xhtml,1620585635,14:40:35,20210509
51,2006-01-31,3828.HK,HKD,2006-01-31,2006-01-31,Q1,171851500,123025000,48826500,0.2841203015394105,0.0,10014000,0.0,0.0,11015750.0,144054750,0.0,0.0,27796750,6.1824313993542415,27796750,0.16174866090781867,0.0,27765000,0.16156390837438137,4676500.0,23088500,0.13435146041786078,0.0525,0.0525,450000000,450000000,https://www1.hkexnews.hk/search/titlesearch.xhtml,https://www1.hkexnews.hk/search/titlesearch.xhtml,1620585635,14:40:35,20210509
