,date,symbol,reportedCurrency,fillingDate,acceptedDate,period,revenue,costOfRevenue,grossProfit,grossProfitRatio,researchAndDevelopmentExpenses,generalAndAdministrativeExpenses,sellingAndMarketingExpenses,otherExpenses,operatingExpenses,costAndExpenses,interestExpense,depreciationAndAmortization,ebitda,ebitdaratio,operatingIncome,operatingIncomeRatio,totalOtherIncomeExpensesNet,incomeBeforeTax,incomeBeforeTaxRatio,incomeTaxExpense,netIncome,netIncomeRatio,eps,epsdiluted,weightedAverageShsOut,weightedAverageShsOutDil,link,finalLink,timestamp,est_time,est_date
0,2021-03-31,PROV,USD,2021-05-07,2021-05-07,Q3,8656000.0,0.0,0.0,0.0,0.0,4395000.0,130000.0,0.0,0.0,0.0,973000.0,4537000.0,0.0,0.0,0.0,0.22493068391866913,0.0,1947000.0,0.22493068391866913,386000.0,1561000.0,0.1803373382624769,0.21,0.21,7462795.0,7579897.0,https://www.sec.gov/Archives/edgar/data/1010470/000093905721000174/0000939057-21-000174-index.htm,https://www.sec.gov/Archives/edgar/data/1010470/000093905721000174/prov10q33121.htm,1620596806,17:46:46,20210509
1,2020-12-31,PROV,USD,2021-02-08,2021-02-08 14:51:06,Q2,8909000.0,0.0,8909000.0,1.0,0.0,0.0,227000.0,0.0,227.0,227.0,-1271000.0,2796000.0,2797657.0,0.31402592883600855,1657.0,0.0001859916937927938,0.0,1657000.0,0.18599169379279382,481000.0,1176000.0,0.13200134695251992,0.15813941980045387,0.15769820693383996,7436476.0,7457282.0,https://www.sec.gov/Archives/edgar/data/1010470/000093905721000046/0000939057-21-000046-index.htm,https://www.sec.gov/Archives/edgar/data/1010470/000093905721000046/prov10q123120.htm,1620596806,17:46:46,20210509
2,2020-09-30,PROV,USD,2020-11-06,2020-11-06 13:46:14,Q1,9325000.0,0.0,9325000.0,1.0,0.0,4577000.0,113000.0,0.0,113.0,113.0,1353000.0,1266000.0,1268120.0,0.13599142091152816,2120.0,0.00022734584450402145,0.0,2120000.0,0.22734584450402145,635000.0,1485000.0,0.15924932975871314,0.19969135918679762,0.19913421538839485,7436476.0,7457282.0,https://www.sec.gov/Archives/edgar/data/1010470/000093905720000418/0000939057-20-000418-index.htm,https://www.sec.gov/Archives/edgar/data/1010470/000093905720000418/prov10q93020.htm,1620596806,17:46:46,20210509
3,2020-06-30,PROV,USD,2020-09-04,2020-09-04 16:59:57,Q4,9295000.0,0.0,0.0,0.0,0.0,4093000.0,267000.0,0.0,8000000.0,0.0,1437000.0,1044000.0,0.0,0.0,0.0,0.24142011834319527,0.0,2244000.0,0.24142011834319527,660000.0,1584000.0,0.17041420118343195,0.21300872811331956,0.21162270930775193,7436315.0,7485019.0,https://www.sec.gov/Archives/edgar/data/1010470/000093905720000363/0000939057-20-000363-index.htm,https://www.sec.gov/Archives/edgar/data/1010470/000093905720000363/prov10k2020.htm,1620596806,17:46:46,20210509
4,2020-03-31,PROV,USD,2020-05-08 00:00:00,2020-05-08 16:03:21,Q3,9991000.0,0.0,0.0,0.0,0.0,5020000.0,177000.0,0.0,10000000.0,0.0,1540000.0,991000.0,0.0,0.0,0.0,0.16134521068962066,0.0,1612000.0,0.16134521068962066,467000.0,1145000.0,0.1146031428285457,0.1533017036438409,0.1508494735682738,7468932.0,7590348.0,https://www.sec.gov/Archives/edgar/data/1010470/000093905720000222/0000939057-20-000222-index.html,https://www.sec.gov/Archives/edgar/data/1010470/000093905720000222/prov10q33120.htm,1620596806,17:46:46,20210509
5,2019-12-31,PROV,USD,2020-02-10 00:00:00,2020-02-10 15:30:56,Q2,10983000.0,0.0,0.0,0.0,0.0,5058000.0,212000.0,0.0,9000000.0,0.0,1582000.0,566000.0,0.0,0.0,0.0,0.31421287444231993,0.0,3451000.0,0.31421287444231993,1053000.0,2398000.0,0.21833743057452426,0.32,0.31,7482300.0,7658050.0,https://www.sec.gov/Archives/edgar/data/1010470/000093905720000050/0000939057-20-000050-index.html,https://www.sec.gov/Archives/edgar/data/1010470/000093905720000050/prov10q123119.htm,1620596806,17:46:46,20210509
6,2019-09-30,PROV,USD,2019-11-08 00:00:00,2019-11-08 15:51:58,Q1,10652000.0,0.0,0.0,0.0,0.0,4969000.0,117000.0,0.0,9000000.0,0.0,1496000.0,790000.0,0.0,0.0,0.0,0.337495306045813,0.0,3595000.0,0.337495306045813,1033000.0,2562000.0,0.2405182125422456,0.34,0.33,7482435.0,7647763.0,https://www.sec.gov/Archives/edgar/data/1010470/000093905719000405/0000939057-19-000405-index.html,https://www.sec.gov/Archives/edgar/data/1010470/000093905719000405/prov10q93019.htm,1620596806,17:46:46,20210509
7,2019-06-30,PROV,USD,2019-08-30,2019-08-30 16:49:46,Q4,10685000.0,0.0,0.0,0.0,0.0,5525000.0,312000.0,0.0,11000000.0,0.0,1435000.0,1030000.0,0.0,0.0,0.0,0.0985493682732803,0.0,1053000.0,0.0985493682732803,266000.0,787000.0,0.07365465605989706,0.1,0.1,7870000.0,7870000.0,https://www.sec.gov/Archives/edgar/data/1010470/000093905719000345/prov10k2019.htm,https://www.sec.gov/Archives/edgar/data/1010470/000093905719000345/prov10k2019.htm,1620596806,17:46:46,20210509
8,2019-03-31,PROV,USD,2019-05-09 00:00:00,2019-05-09 16:47:07,Q3,12664000.0,0.0,0.0,0.0,0.0,9416000.0,246000.0,0.0,15000000.0,0.0,1521000.0,381000.0,0.0,0.0,0.0,-0.026847757422615286,0.0,-340000.0,-0.026847757422615286,-189000.0,-151000.0,-0.011923562855337966,-0.02,-0.02,7506770.0,7506770.0,https://www.sec.gov/Archives/edgar/data/1010470/000093905719000212/0000939057-19-000212-index.html,https://www.sec.gov/Archives/edgar/data/1010470/000093905719000212/prov10q33119.htm,1620596806,17:46:46,20210509
9,2018-12-31,PROV,USD,2019-02-08 00:00:00,2019-02-08 16:26:14,Q2,13426000.0,0.0,0.0,0.0,0.0,7383000.0,253000.0,0.0,12000000.0,0.0,1609000.0,736000.0,0.0,0.0,0.0,0.206167138388202,0.0,2768000.0,0.206167138388202,810000.0,1958000.0,0.14583643676448682,0.26085429648875197,0.2575719645939841,7506106.0,7601759.0,https://www.sec.gov/Archives/edgar/data/1010470/000093905719000057/0000939057-19-000057-index.html,https://www.sec.gov/Archives/edgar/data/1010470/000093905719000057/prov10q123118.htm,1620596806,17:46:46,20210509
10,2018-09-30,PROV,USD,2018-11-08 00:00:00,2018-11-08 15:52:37,Q1,13906000.0,0.0,0.0,0.0,0.0,8415000.0,169000.0,0.0,13000000.0,0.0,1643000.0,928000.0,0.0,0.0,0.0,0.17539191715806127,0.0,2439000.0,0.17539191715806127,616000.0,1823000.0,0.1310944915863656,0.25,0.24,7430967.0,7557068.0,https://www.sec.gov/Archives/edgar/data/1010470/000093905718000550/0000939057-18-000550-index.html,https://www.sec.gov/Archives/edgar/data/1010470/000093905718000550/prov10q93018.htm,1620596806,17:46:46,20210509
11,2018-06-30,PROV,USD,2018-08-31 00:00:00,2018-08-31 16:50:45,Q4,13899000.0,0.0,0.0,0.0,0.0,8269000.0,322000.0,0.0,13000000.0,0.0,1603000.0,901000.0,0.0,0.0,0.0,0.16332110223757104,0.0,2270000.0,0.16332110223757104,870000.0,1400000.0,0.10072667098352399,0.19,0.18,7448037.0,7594698.0,https://www.sec.gov/Archives/edgar/data/1010470/000093905718000449/0000939057-18-000449-index.html,https://www.sec.gov/Archives/edgar/data/1010470/000093905718000449/prov-2018630x10k.htm,1620596806,17:46:46,20210509
12,2018-03-31,PROV,USD,2018-05-08 00:00:00,2018-05-08 16:50:05,Q3,14334000.0,0.0,0.0,0.0,0.0,8997000.0,213000.0,0.0,14000000.0,0.0,1568000.0,647000.0,0.0,0.0,0.0,0.1674340728338217,0.0,2400000.0,0.1674340728338217,667000.0,1733000.0,0.12090135342542208,0.23239051798411617,0.2275601169708899,7457275.0,7615570.0,https://www.sec.gov/Archives/edgar/data/1010470/000093905718000242/0000939057-18-000242-index.html,https://www.sec.gov/Archives/edgar/data/1010470/000093905718000242/prov-2018331x10q.htm,1620596806,17:46:46,20210509
13,2017-12-31,PROV,USD,2018-02-08 00:00:00,2018-02-08 16:05:55,Q2,14492000.0,0.0,0.0,0.0,0.0,8851000.0,301000.0,0.0,15000000.0,0.0,1614000.0,918000.0,0.0,0.0,0.0,0.08901462876069556,0.0,1290000.0,0.08901462876069556,2067000.0,-777000.0,-0.05361578802097709,-0.1,-0.1,7565950.0,7565950.0,https://www.sec.gov/Archives/edgar/data/1010470/000093905718000055/0000939057-18-000055-index.html,https://www.sec.gov/Archives/edgar/data/1010470/000093905718000055/prov-20171231x10q.htm,1620596806,17:46:46,20210509
14,2017-09-30,PROV,USD,2017-11-07 00:00:00,2017-11-07 17:28:58,Q1,15470000.0,0.0,0.0,0.0,0.0,9453000.0,203000.0,0.0,18000000.0,0.0,1627000.0,664000.0,0.0,0.0,0.0,-0.02798965740142211,0.0,-433000.0,-0.02798965740142211,-208000.0,-225000.0,-0.014544279250161603,-0.029242969697654986,-0.02863106480711506,7694157.0,7858597.0,https://www.sec.gov/Archives/edgar/data/1010470/000093905717000460/0000939057-17-000460-index.html,https://www.sec.gov/Archives/edgar/data/1010470/000093905717000460/prov-20170930x10q.htm,1620596806,17:46:46,20210509
15,2017-06-30,PROV,USD,2017-09-01 00:00:00,2017-09-01 16:29:08,Q4,15864000.0,0.0,0.0,0.0,0.0,9868000.0,353000.0,0.0,16000000.0,0.0,1612000.0,692000.0,0.0,0.0,0.0,0.09606656580937972,0.0,1524000.0,0.09606656580937972,560000.0,964000.0,0.060766515380736255,0.12288333769501197,0.1204633941860917,7844839.0,8002431.0,https://www.sec.gov/Archives/edgar/data/1010470/000093905717000379/0000939057-17-000379-index.html,https://www.sec.gov/Archives/edgar/data/1010470/000093905717000379/prov-2017630x10k.htm,1620596806,17:46:46,20210509
16,2017-03-31,PROV,USD,2017-05-08 00:00:00,2017-05-08 14:59:45,Q3,15438000.0,0.0,0.0,0.0,0.0,10559000.0,421000.0,0.0,15000000.0,0.0,1633000.0,614000.0,0.0,0.0,0.0,0.11886254696204171,0.0,1835000.0,0.11886254696204171,690000.0,1145000.0,0.07416763829511595,0.14446981533477063,0.1414703102005283,7925531.0,8093571.0,https://www.sec.gov/Archives/edgar/data/1010470/000093905717000217/0000939057-17-000217-index.html,https://www.sec.gov/Archives/edgar/data/1010470/000093905717000217/prov-20170331x10q.htm,1620596806,17:46:46,20210509
17,2016-12-31,PROV,USD,2017-02-07 00:00:00,2017-02-07 13:26:45,Q2,16917000.0,0.0,0.0,0.0,0.0,10526000.0,253000.0,0.0,16000000.0,0.0,1718000.0,637000.0,0.0,0.0,0.0,0.15363244074008395,0.0,2599000.0,0.15363244074008395,1095000.0,1504000.0,0.08890465212508128,0.19,0.18,7954381.0,8145362.0,https://www.sec.gov/Archives/edgar/data/1010470/000093905717000058/0000939057-17-000058-index.html,https://www.sec.gov/Archives/edgar/data/1010470/000093905717000058/prov-20161231x10q.htm,1620596806,17:46:46,20210509
18,2016-09-30,PROV,USD,2016-11-07 00:00:00,2016-11-07 14:30:34,Q1,18340000.0,0.0,0.0,0.0,0.0,11562000.0,296000.0,0.0,17000000.0,0.0,1716000.0,697000.0,0.0,0.0,0.0,0.15583424209378408,0.0,2858000.0,0.15583424209378408,1264000.0,1594000.0,0.08691384950926935,0.20055359838953196,0.1954868776060829,7948000.0,8154000.0,https://www.sec.gov/Archives/edgar/data/1010470/000093905716001073/0000939057-16-001073-index.html,https://www.sec.gov/Archives/edgar/data/1010470/000093905716001073/prov-20160930x10q.htm,1620596806,17:46:46,20210509
19,2016-06-30,PROV,USD,2016-09-12,2016-09-12 16:38:53,Q4,19352000.0,0.0,0.0,0.0,0.0,11470000.0,379000.0,0.0,17000000.0,0.0,1676000.0,577000.0,0.0,0.0,0.0,0.22829681686647374,0.0,4418000.0,0.22829681686647374,1863000.0,2555000.0,0.13202769739561804,0.3151487761249701,0.30767074341440104,8107282.0,8304332.0,https://www.sec.gov/Archives/edgar/data/1010470/000093905716000998/prov-2016630x10k.htm,https://www.sec.gov/Archives/edgar/data/1010470/000093905716000998/prov-2016630x10k.htm,1620596806,17:46:46,20210509
20,2016-03-31,PROV,USD,2016-05-10 00:00:00,2016-05-10 13:50:40,Q3,16336000.0,0.0,0.0,0.0,0.0,10882000.0,356000.0,0.0,16000000.0,0.0,1734000.0,471000.0,0.0,0.0,0.0,0.15579089128305582,0.0,2545000.0,0.15579089128305582,1051000.0,1494000.0,0.09145445641527913,0.17960886382967212,0.17542331148017587,8318075.0,8516542.0,https://www.sec.gov/Archives/edgar/data/1010470/000093905716000831/0000939057-16-000831-index.html,https://www.sec.gov/Archives/edgar/data/1010470/000093905716000831/prov-20160331x10q.htm,1620596806,17:46:46,20210509
21,2015-12-31,PROV,USD,2016-02-09 00:00:00,2016-02-09 13:24:41,Q2,15187000.0,0.0,0.0,0.0,0.0,10221000.0,334000.0,0.0,15000000.0,0.0,1774000.0,554000.0,0.0,0.0,0.0,0.11127938368341345,0.0,1690000.0,0.11127938368341345,708000.0,982000.0,0.064660564956871,0.12,0.11,8396093.0,8600255.0,https://www.sec.gov/Archives/edgar/data/1010470/000093905716000655/0000939057-16-000655-index.html,https://www.sec.gov/Archives/edgar/data/1010470/000093905716000655/prov-20151231x10q.htm,1620596806,17:46:46,20210509
22,2015-09-30,PROV,USD,2015-11-09 00:00:00,2015-11-09 15:37:38,Q1,18515000.0,0.0,0.0,0.0,0.0,11054000.0,262000.0,0.0,16000000.0,0.0,1791000.0,307000.0,0.0,0.0,0.0,0.2264650283553875,0.0,4193000.0,0.2264650283553875,1750000.0,2443000.0,0.13194706994328922,0.29,0.28,8565873.0,8744320.0,https://www.sec.gov/Archives/edgar/data/1010470/000093905715000521/0000939057-15-000521-index.html,https://www.sec.gov/Archives/edgar/data/1010470/000093905715000521/prov-2015930x10q.htm,1620596806,17:46:46,20210509
23,2015-06-30,PROV,USD,2015-09-14 00:00:00,2015-09-14 15:23:20,Q4,19361000.0,0.0,0.0,0.0,0.0,11373000.0,455000.0,0.0,17000000.0,0.0,1744000.0,378000.0,0.0,0.0,0.0,0.22287071948762976,0.0,4315000.0,0.22287071948762976,1830000.0,2485000.0,0.12835080832601622,0.29,0.28,8669375.0,8875220.0,https://www.sec.gov/Archives/edgar/data/1010470/000093905715000436/0000939057-15-000436-index.html,https://www.sec.gov/Archives/edgar/data/1010470/000093905715000436/prov-2015630x10k.htm,1620596806,17:46:46,20210509
24,2015-03-31,PROV,USD,2015-05-11 00:00:00,2015-05-11 14:42:27,Q3,19647000.0,0.0,0.0,0.0,0.0,11177000.0,458000.0,0.0,17000000.0,0.0,1559000.0,438000.0,0.0,0.0,0.0,0.233623453962437,0.0,4590000.0,0.233623453962437,1990000.0,2600000.0,0.13233572555606454,0.29082965983779985,0.2855261522188237,8939941.0,9105996.0,https://www.sec.gov/Archives/edgar/data/1010470/000093905715000254/0000939057-15-000254-index.html,https://www.sec.gov/Archives/edgar/data/1010470/000093905715000254/prov-2015331x10q.htm,1620596806,17:46:46,20210509
25,2014-12-31,PROV,USD,2015-02-09,2015-02-09 14:55:28,Q2,17607000.0,0.0,0.0,0.0,0.0,10188000.0,399000.0,0.0,15000000.0,0.0,1546000.0,430000.0,0.0,0.0,0.0,0.22996535468847618,0.0,4049000.0,0.22996535468847618,1721000.0,2328000.0,0.13222013971715796,0.26,0.25,9120326.0,9237941.0,https://www.sec.gov/Archives/edgar/data/1010470/000093905715000088/prov-20141231x10q.htm,https://www.sec.gov/Archives/edgar/data/1010470/000093905715000088/prov-20141231x10q.htm,1620596806,17:46:46,20210509
26,2014-09-30,PROV,USD,2014-11-10 00:00:00,2014-11-10 15:19:56,Q1,17047000.0,0.0,0.0,0.0,0.0,9854000.0,331000.0,0.0,14000000.0,0.0,1572000.0,611000.0,0.0,0.0,0.0,0.24203672200387166,0.0,4126000.0,0.24203672200387166,1736000.0,2390000.0,0.1402006218102892,0.26,0.25,9253369.0,9468493.0,https://www.sec.gov/Archives/edgar/data/1010470/000093905714000465/0000939057-14-000465-index.html,https://www.sec.gov/Archives/edgar/data/1010470/000093905714000465/prov-20140930x10q.htm,1620596806,17:46:46,20210509
27,2014-06-30,PROV,USD,2014-09-15 00:00:00,2014-09-15 16:47:43,Q4,17214000.0,0.0,0.0,0.0,0.0,10120000.0,537000.0,0.0,15000000.0,0.0,1615000.0,441000.0,0.0,0.0,0.0,0.2144184965725572,0.0,3691000.0,0.2144184965725572,1600000.0,2091000.0,0.12147089578250261,0.21960539504605517,0.21562184939200515,9521624.0,9697533.0,https://www.sec.gov/Archives/edgar/data/1010470/000093905714000399/0000939057-14-000399-index.html,https://www.sec.gov/Archives/edgar/data/1010470/000093905714000399/prov-2014630x10k.htm,1620596806,17:46:46,20210509
28,2014-03-31,PROV,USD,2014-05-12 00:00:00,2014-05-12 16:38:15,Q3,14241000.0,0.0,0.0,0.0,0.0,9062000.0,418000.0,0.0,13000000.0,0.0,1708000.0,354000.0,0.0,0.0,0.0,0.17814760199424198,0.0,2537000.0,0.17814760199424198,1138000.0,1399000.0,0.09823748332280037,0.1428635617244112,0.14029049860286105,9792560.0,9972165.0,https://www.sec.gov/Archives/edgar/data/1010470/000093905714000241/0000939057-14-000241-index.html,https://www.sec.gov/Archives/edgar/data/1010470/000093905714000241/prov-20140331x10q.htm,1620596806,17:46:46,20210509
29,2013-12-31,PROV,USD,2014-02-07,2014-02-07 15:39:51,Q2,14799000.0,0.0,0.0,0.0,0.0,9141000.0,391000.0,0.0,14000000.0,0.0,1858000.0,367000.0,0.0,0.0,0.0,0.19095884857084938,0.0,2826000.0,0.19095884857084938,1223000.0,1603000.0,0.10831812960335158,0.1590512883352797,0.1560631355702837,10078510.0,10271484.0,https://www.sec.gov/Archives/edgar/data/1010470/000093905714000048/prov-20131231x10q.htm,https://www.sec.gov/Archives/edgar/data/1010470/000093905714000048/prov-20131231x10q.htm,1620596806,17:46:46,20210509
30,2013-09-30,PROV,USD,2013-11-12 00:00:00,2013-11-12 15:37:38,Q1,16144000.0,0.0,0.0,0.0,0.0,10666000.0,415000.0,0.0,16000000.0,0.0,2155000.0,496000.0,0.0,0.0,0.0,0.1583250743310208,0.0,2556000.0,0.1583250743310208,1043000.0,1513000.0,0.09371902874132805,0.15,0.14,10305291.0,10525299.0,https://www.sec.gov/Archives/edgar/data/1010470/000093905713000502/0000939057-13-000502-index.html,https://www.sec.gov/Archives/edgar/data/1010470/000093905713000502/prov-2013930x10q.htm,1620596806,17:46:46,20210509
31,2013-06-30,PROV,USD,2013-09-13 00:00:00,2013-09-13 16:46:47,Q4,25201000.0,0.0,0.0,0.0,0.0,13258000.0,510000.0,0.0,18000000.0,0.0,2502000.0,485000.0,0.0,0.0,0.0,0.3658584976786635,0.0,9220000.0,0.3658584976786635,3963000.0,5257000.0,0.20860283322090392,0.51,0.49,10399348.0,10631654.0,https://www.sec.gov/Archives/edgar/data/1010470/000093905713000408/0000939057-13-000408-index.html,https://www.sec.gov/Archives/edgar/data/1010470/000093905713000408/prov-2013630x10k.htm,1620596806,17:46:46,20210509
32,2013-03-31,PROV,USD,2013-05-10 00:00:00,2013-05-10 14:22:02,Q3,23454000.0,0.0,0.0,0.0,0.0,11760000.0,513000.0,0.0,18000000.0,0.0,2546000.0,413000.0,0.0,0.0,0.0,0.3514112731303829,0.0,8242000.0,0.3514112731303829,3372000.0,4870000.0,0.2076404877632813,0.46,0.45,10548566.0,10807961.0,https://www.sec.gov/Archives/edgar/data/1010470/000093905713000182/0000939057-13-000182-index.html,https://www.sec.gov/Archives/edgar/data/1010470/000093905713000182/prov-2013331x10q.htm,1620596806,17:46:46,20210509
33,2012-12-31,PROV,USD,2013-02-08 00:00:00,2013-02-08 16:25:51,Q2,28807000.0,0.0,0.0,0.0,0.0,12974000.0,416000.0,0.0,20000000.0,0.0,2845000.0,368000.0,0.0,0.0,0.0,0.41708612490019786,0.0,12015000.0,0.41708612490019786,5075000.0,6940000.0,0.24091366681709306,0.65,0.64,10654044.0,10865407.0,https://www.sec.gov/Archives/edgar/data/1010470/000093905713000051/0000939057-13-000051-index.html,https://www.sec.gov/Archives/edgar/data/1010470/000093905713000051/q10123112.htm,1620596806,17:46:46,20210509
34,2012-09-30,PROV,USD,2012-11-09 00:00:00,2012-11-09 13:32:20,Q1,31095000.0,0.0,0.0,0.0,0.0,13524000.0,420000.0,0.0,21000000.0,0.0,2911000.0,480000.0,0.0,0.0,0.0,0.42566328991799324,0.0,13236000.0,0.42566328991799324,4506000.0,8730000.0,0.28075253256150506,0.73,0.72,10799286.0,10969332.0,https://www.sec.gov/Archives/edgar/data/1010470/000093905712000319/0000939057-12-000319-index.html,https://www.sec.gov/Archives/edgar/data/1010470/000093905712000319/provq93012.htm,1620596806,17:46:46,20210509
35,2012-06-30,PROV,USD,2012-09-13 00:00:00,2012-09-13 15:32:17,Q4,25430000.0,0.0,0.0,0.0,0.0,12000000.0,495000.0,0.0,21000000.0,0.0,3068000.0,235000.0,0.0,0.0,0.0,0.2905230043255997,0.0,7388000.0,0.2905230043255997,3082000.0,4306000.0,0.1693275658670861,0.39,0.39,11041026.0,11041026.0,https://www.sec.gov/Archives/edgar/data/1010470/000093905712000275/0000939057-12-000275-index.html,https://www.sec.gov/Archives/edgar/data/1010470/000093905712000275/prov10k2012.htm,1620596806,17:46:46,20210509
36,2012-03-31,PROV,USD,2012-05-09,2012-05-09 16:49:12,Q3,20285000.0,0.0,0.0,0.0,0.0,10713000.0,315000.0,0.0,20000000.0,0.0,3478000.0,330000.0,0.0,0.0,0.0,0.2004436775942815,0.0,4066000.0,0.2004436775942815,1734000.0,2332000.0,0.11496179442938131,0.20952380952380953,0.208325888869037,11130000.0,11194000.0,https://www.sec.gov/Archives/edgar/data/1010470/000093905712000138/prov10q33112.htm,https://www.sec.gov/Archives/edgar/data/1010470/000093905712000138/prov10q33112.htm,1620596806,17:46:46,20210509
37,2011-12-31,PROV,USD,2012-02-09 00:00:00,2012-02-09 16:21:27,Q2,16819000.0,0.0,0.0,0.0,0.0,8841000.0,178000.0,0.0,18000000.0,0.0,3946000.0,340000.0,0.0,0.0,0.0,0.19103394969974433,0.0,3213000.0,0.19103394969974433,1359000.0,1854000.0,0.11023247517688328,0.1633048533427288,0.1628601546029515,11353000.0,11384000.0,https://www.sec.gov/Archives/edgar/data/1010470/000093905712000052/0000939057-12-000052-index.html,https://www.sec.gov/Archives/edgar/data/1010470/000093905712000052/prov10q123111.htm,1620596806,17:46:46,20210509
38,2011-09-30,PROV,USD,2011-11-09 00:00:00,2011-11-09 15:10:25,Q1,17346000.0,0.0,0.0,0.0,0.0,9025000.0,199000.0,0.0,17000000.0,0.0,4213000.0,452000.0,0.0,0.0,0.0,0.23469387755102042,0.0,4071000.0,0.23469387755102042,1753000.0,2318000.0,0.1336331142626542,0.20212765957446807,0.2013026487190621,11468000.0,11515000.0,https://www.sec.gov/Archives/edgar/data/1010470/000093905711000323/0000939057-11-000323-index.html,https://www.sec.gov/Archives/edgar/data/1010470/000093905711000323/q1093011.htm,1620596806,17:46:46,20210509
39,2011-06-30,PROV,USD,2011-09-13 00:00:00,2011-09-13 16:29:40,Q4,16318000.0,0.0,0.0,0.0,0.0,8600000.0,0.0,0.0,17000000.0,0.0,4503000.0,390000.0,0.0,0.0,0.0,0.22447603873023655,0.0,3663000.0,0.22447603873023655,1562000.0,2101000.0,0.12875352371614168,0.18320544122776422,0.18320544122776422,11468000.0,11468000.0,https://www.sec.gov/Archives/edgar/data/1010470/000093905711000291/0000939057-11-000291-index.html,https://www.sec.gov/Archives/edgar/data/1010470/000093905711000291/k10prov63011.htm,1620596806,17:46:46,20210509
40,2011-03-31,PROV,USD,2011-05-10 00:00:00,2011-05-10 09:54:52,Q3,17836000.0,0.0,0.0,0.0,0.0,8067000.0,0.0,0.0,19000000.0,0.0,4854000.0,295000.0,0.0,0.0,0.0,0.2316102265081857,0.0,4131000.0,0.2316102265081857,1796000.0,2335000.0,0.13091500336398296,0.2048425300464953,0.20419763882815917,11399000.0,11435000.0,https://www.sec.gov/Archives/edgar/data/1010470/000093905711000105/0000939057-11-000105-index.html,https://www.sec.gov/Archives/edgar/data/1010470/000093905711000105/q311.htm,1620596806,17:46:46,20210509
41,2010-12-31,PROV,USD,2011-02-09,2011-02-09 14:46:02,Q2,19805000.0,0.0,0.0,0.0,0.0,8229000.0,160000.0,0.0,18000000.0,0.0,5492000.0,372000.0,0.0,0.0,0.0,0.3744004039383994,0.0,7415000.0,0.3744004039383994,3160000.0,4255000.0,0.2148447361777329,0.3740001757932671,0.37367173092122596,11377000.0,11387000.0,https://www.sec.gov/Archives/edgar/data/1010470/000093905711000037/q121310.htm,https://www.sec.gov/Archives/edgar/data/1010470/000093905711000037/q121310.htm,1620596806,17:46:46,20210509
42,2010-09-30,PROV,USD,2010-11-09 00:00:00,2010-11-09 14:47:57,Q1,20147000.0,0.0,0.0,0.0,0.0,8192000.0,0.0,0.0,18000000.0,0.0,6091000.0,360000.0,0.0,0.0,0.0,0.4000595622176999,0.0,8060000.0,0.4000595622176999,3531000.0,4529000.0,0.2247977366357274,0.4,0.4,11362000.0,11362000.0,https://www.sec.gov/Archives/edgar/data/1010470/000093905710000328/0000939057-10-000328-index.html,https://www.sec.gov/Archives/edgar/data/1010470/000093905710000328/q93010prov.htm,1620596806,17:46:46,20210509
43,2010-06-30,PROV,USD,2010-09-13 00:00:00,2010-09-13 16:48:37,Q4,15990000.0,0.0,0.0,0.0,0.0,7399000.0,0.0,0.0,17000000.0,0.0,6335000.0,320000.0,0.0,0.0,0.0,0.34527829893683554,0.0,5521000.0,0.34527829893683554,2319000.0,3202000.0,0.2002501563477173,0.28181658158774864,0.28181658158774864,11362000.0,11362000.0,https://www.sec.gov/Archives/edgar/data/1010470/000093905710000288/0000939057-10-000288-index.html,https://www.sec.gov/Archives/edgar/data/1010470/000093905710000288/k2010.htm,1620596806,17:46:46,20210509
44,2010-03-31,PROV,USD,2010-05-10 00:00:00,2010-05-10 15:32:54,Q3,12470000.0,0.0,0.0,0.0,0.0,6875000.0,0.0,0.0,19000000.0,0.0,6912000.0,382000.0,0.0,0.0,0.0,0.048115477145148355,0.0,600000.0,0.048115477145148355,229000.0,371000.0,0.0297514033680834,0.03,0.03,12366667.0,12366667.0,https://www.sec.gov/Archives/edgar/data/1010470/000093905710000118/0000939057-10-000118-index.html,https://www.sec.gov/Archives/edgar/data/1010470/000093905710000118/q51010.htm,1620596806,17:46:46,20210509
45,2009-12-31,PROV,USD,2010-02-09 00:00:00,2010-02-09 12:43:43,Q2,16265000.0,0.0,0.0,0.0,0.0,6810000.0,148000.0,0.0,20000000.0,0.0,8078000.0,399000.0,0.0,0.0,0.0,0.26922840454964647,0.0,4379000.0,0.26922840454964647,1821000.0,2558000.0,0.1572702121118967,0.37,0.37,6976000.0,6976000.0,https://www.sec.gov/Archives/edgar/data/1010470/000093905710000032/0000939057-10-000032-index.html,https://www.sec.gov/Archives/edgar/data/1010470/000093905710000032/q2910.htm,1620596806,17:46:46,20210509
46,2009-09-30,PROV,USD,2009-11-13 00:00:00,2009-11-13 09:22:59,Q1,17112000.0,0.0,0.0,0.0,0.0,5758000.0,0.0,0.0,35000000.0,0.0,9260000.0,433000.0,0.0,0.0,0.0,-0.5052010285179991,0.0,-8645000.0,-0.5052010285179991,-3629000.0,-5016000.0,-0.29312762973352036,-0.82,-0.82,6114000.0,6114000.0,https://www.sec.gov/Archives/edgar/data/1010470/000093905709000307/0000939057-09-000307-index.html,https://www.sec.gov/Archives/edgar/data/1010470/000093905709000307/provq93009.htm,1620596806,17:46:46,20210509
47,2009-06-30,PROV,USD,2009-09-14 00:00:00,2009-09-14 16:07:20,Q4,20585000.0,0.0,0.0,0.0,0.0,4484000.0,0.0,0.0,30000000.0,0.0,9521000.0,456000.0,0.0,0.0,0.0,0.014233665290259897,0.0,293000.0,0.014233665290259897,-1020000.0,1313000.0,0.06378430896283702,0.21475302584232908,0.21475302584232908,6114000.0,6114000.0,https://www.sec.gov/Archives/edgar/data/1010470/000093905709000247/0000939057-09-000247-index.html,https://www.sec.gov/Archives/edgar/data/1010470/000093905709000247/k1063009.htm,1620596806,17:46:46,20210509
48,2009-03-31,PROV,USD,2009-05-08 00:00:00,2009-05-08 16:04:08,Q3,17058000.0,0.0,0.0,0.0,0.0,5521000.0,0.0,0.0,31000000.0,0.0,9820000.0,528000.0,0.0,0.0,0.0,-0.259760816039395,0.0,-4431000.0,-0.259760816039395,-1861000.0,-2570000.0,-0.15066244577324422,-0.41,-0.41,6215000.0,6215000.0,https://www.sec.gov/Archives/edgar/data/1010470/000093905709000135/0000939057-09-000135-index.html,https://www.sec.gov/Archives/edgar/data/1010470/000093905709000135/q309.htm,1620596806,17:46:46,20210509
49,2008-12-31,PROV,USD,2009-02-09 00:00:00,2009-02-09 13:04:43,Q2,12565000.0,0.0,0.0,0.0,0.0,4525000.0,119000.0,0.0,35000000.0,0.0,11095000.0,533000.0,0.0,0.0,0.0,-0.8921607640270592,0.0,-11210000.0,-0.8921607640270592,-4699000.0,-6511000.0,-0.5181854357341823,-1.05,-1.05,6204000.0,6204000.0,https://www.sec.gov/Archives/edgar/data/1010470/000093905709000036/0000939057-09-000036-index.html,https://www.sec.gov/Archives/edgar/data/1010470/000093905709000036/q123108.htm,1620596806,17:46:46,20210509
50,2008-09-30,PROV,USD,2008-11-10 00:00:00,2008-11-10 17:16:49,Q1,13769000.0,0.0,0.0,0.0,0.0,4625000.0,181000.0,0.0,25000000.0,0.0,11720000.0,504000.0,0.0,0.0,0.0,0.04887791415498584,0.0,673000.0,0.04887791415498584,344000.0,329000.0,0.02389425521098119,0.05,0.05,6186000.0,6186000.0,https://www.sec.gov/Archives/edgar/data/1010470/000093905708000419/0000939057-08-000419-index.html,https://www.sec.gov/Archives/edgar/data/1010470/000093905708000419/q1110.htm,1620596806,17:46:46,20210509
51,2008-06-30,PROV,USD,2008-09-15 00:00:00,2008-09-15 17:14:51,Q4,12061000.0,0.0,0.0,0.0,0.0,4532000.0,109000.0,0.0,26000000.0,0.0,12171000.0,659000.0,0.0,0.0,0.0,-0.17925545145510322,0.0,-2162000.0,-0.17925545145510322,-409000.0,-1753000.0,-0.14534449879777797,-0.283381829938571,-0.283381829938571,6186000.0,6186000.0,https://www.sec.gov/Archives/edgar/data/1010470/000093905708000348/0000939057-08-000348-index.html,https://www.sec.gov/Archives/edgar/data/1010470/000093905708000348/k10630.htm,1620596806,17:46:46,20210509
52,2008-03-31,PROV,USD,2008-05-19 00:00:00,2008-05-19 16:43:18,Q3,12323000.0,0.0,0.0,0.0,0.0,4816000.0,112000.0,0.0,24000000.0,0.0,13308000.0,559000.0,0.0,0.0,0.0,0.1520733587600422,0.0,1874000.0,0.1520733587600422,917000.0,957000.0,0.07765966079688387,0.16,0.15,5981250.0,6380000.0,https://www.sec.gov/Archives/edgar/data/1010470/000093905708000187/0000939057-08-000187-index.html,https://www.sec.gov/Archives/edgar/data/1010470/000093905708000187/q308.htm,1620596806,17:46:46,20210509
53,2007-12-31,PROV,USD,2008-02-07,2008-02-07 16:54:43,Q2,11515000.0,0.0,0.0,0.0,0.0,4393000.0,130000.0,0.0,24000000.0,0.0,14471000.0,578000.0,0.0,0.0,0.0,0.18966565349544073,0.0,2184000.0,0.18966565349544073,1006000.0,1178000.0,0.10230134607034302,0.2,0.19,5890000.0,6200000.0,https://www.sec.gov/Archives/edgar/data/1010470/000093905708000025/q208.htm,https://www.sec.gov/Archives/edgar/data/1010470/000093905708000025/q208.htm,1620596806,17:46:46,20210509
54,2007-09-30,PROV,USD,2007-11-09 00:00:00,2007-11-09 13:44:22,Q1,10748000.0,0.0,0.0,0.0,0.0,4982000.0,173000.0,0.0,24000000.0,0.0,14363000.0,570000.0,0.0,0.0,0.0,0.14914402679568292,0.0,1603000.0,0.14914402679568292,845000.0,758000.0,0.07052474879047264,0.12,0.12,6316667.0,6316667.0,https://www.sec.gov/Archives/edgar/data/1010470/000093905707000400/0000939057-07-000400-index.html,https://www.sec.gov/Archives/edgar/data/1010470/000093905707000400/q108.htm,1620596806,17:46:46,20210509
55,2007-06-30,PROV,USD,2007-09-12 00:00:00,2007-09-12 16:06:51,Q4,12064000.0,0.0,0.0,0.0,0.0,5616000.0,221000.0,0.0,24000000.0,0.0,15298000.0,689000.0,0.0,0.0,0.0,0.3126657824933687,0.0,3772000.0,0.3126657824933687,1777000.0,1995000.0,0.1653680371352785,0.31583111789809404,0.31583111789809404,6316667.0,6316667.0,https://www.sec.gov/Archives/edgar/data/1010470/000093905707000321/0000939057-07-000321-index.html,https://www.sec.gov/Archives/edgar/data/1010470/000093905707000321/k07.htm,1620596806,17:46:46,20210509
56,2007-03-31,PROV,USD,2007-05-09 00:00:00,2007-05-09 16:36:45,Q3,14346000.0,0.0,0.0,0.0,0.0,5641000.0,247000.0,0.0,25000000.0,0.0,15497000.0,506000.0,0.0,0.0,0.0,0.31848598912588877,0.0,4569000.0,0.31848598912588877,2031000.0,2538000.0,0.17691342534504392,0.4,0.39,6345000.0,6507692.0,https://www.sec.gov/Archives/edgar/data/1010470/000093905707000155/0000939057-07-000155-index.html,https://www.sec.gov/Archives/edgar/data/1010470/000093905707000155/q307.htm,1620596806,17:46:46,20210509
57,2006-12-31,PROV,USD,2007-02-08,2007-02-08 17:06:45,Q2,14777000.0,0.0,0.0,0.0,0.0,5359000.0,216000.0,0.0,27000000.0,0.0,14966000.0,563000.0,0.0,0.0,0.0,0.1888069296880287,0.0,2790000.0,0.1888069296880287,1295000.0,1495000.0,0.10117073830953509,0.23,0.22,6500000.0,6795455.0,https://www.sec.gov/Archives/edgar/data/1010470/000093905707000055/q207.htm,https://www.sec.gov/Archives/edgar/data/1010470/000093905707000055/q207.htm,1620596806,17:46:46,20210509
58,2006-09-30,PROV,USD,2006-11-08,2006-11-08 17:18:26,Q1,18150000.0,0.0,0.0,0.0,0.0,5416000.0,261000.0,0.0,22000000.0,0.0,13431000.0,454000.0,0.0,0.0,0.0,0.5112396694214876,0.0,9279000.0,0.5112396694214876,4021000.0,5258000.0,0.2896969696969697,0.79,0.77,6655696.0,6828571.0,https://www.sec.gov/Archives/edgar/data/1010470/000093905706000312/q107.htm,https://www.sec.gov/Archives/edgar/data/1010470/000093905706000312/q107.htm,1620596806,17:46:46,20210509
59,2006-06-30,PROV,USD,2006-09-13,2006-09-13 11:20:46,Q4,15552000.0,0.0,0.0,0.0,0.0,5194000.0,409000.0,0.0,21000000.0,0.0,11765000.0,706000.0,0.0,0.0,0.0,0.43775720164609055,0.0,6808000.0,0.43775720164609055,2984000.0,3824000.0,0.24588477366255143,0.5745454720287706,0.5745454720287706,6655696.0,6655696.0,https://www.sec.gov/Archives/edgar/data/1010470/000093905706000264/k06.htm,https://www.sec.gov/Archives/edgar/data/1010470/000093905706000264/k06.htm,1620596806,17:46:46,20210509
60,2006-03-31,PROV,USD,2006-05-08,2006-05-08 15:03:32,Q3,15409000.0,0.0,0.0,0.0,0.0,5105000.0,242000.0,0.0,20000000.0,0.0,10215000.0,650000.0,0.0,0.0,0.0,0.39366603932766564,0.0,6066000.0,0.39366603932766564,2666000.0,3400000.0,0.22065026932312284,0.51,0.49,6666667.0,6938776.0,https://www.sec.gov/Archives/edgar/data/1010470/000093905706000109/q306.htm,https://www.sec.gov/Archives/edgar/data/1010470/000093905706000109/q306.htm,1620596806,17:46:46,20210509
61,2005-12-31,PROV,USD,2006-02-07 00:00:00,2006-02-07 13:32:05,Q2,22377000.0,0.0,0.0,0.0,0.0,4977000.0,255000.0,0.0,18000000.0,0.0,10262000.0,835000.0,0.0,0.0,0.0,0.6540197524243643,0.0,14635000.0,0.6540197524243643,6252000.0,8383000.0,0.3746257317781651,1.28,1.23,6549219.0,6815447.0,https://www.sec.gov/Archives/edgar/data/1010470/000093905706000032/0000939057-06-000032-index.html,https://www.sec.gov/Archives/edgar/data/1010470/000093905706000032/q206.htm,1620596806,17:46:46,20210509
62,2005-09-30,PROV,USD,2005-11-07,2005-11-07 15:44:51,Q1,16925000.0,0.0,0.0,0.0,0.0,5204000.0,219000.0,0.0,19000000.0,0.0,10331000.0,1004000.0,0.0,0.0,0.0,0.5144460856720827,0.0,8707000.0,0.5144460856720827,3774000.0,4933000.0,0.29146233382570164,0.75,0.71,6577333.0,6947887.0,https://www.sec.gov/Archives/edgar/data/1010470/000093905705000328/q105.htm,https://www.sec.gov/Archives/edgar/data/1010470/000093905705000328/q105.htm,1620596806,17:46:46,20210509
63,2005-06-30,PROV,USD,2005-09-13,2005-09-13 12:37:07,Q4,17613000.0,0.0,0.0,0.0,0.0,5953000.0,217000.0,0.0,19000000.0,0.0,9483000.0,838000.0,0.0,0.0,0.0,0.4746494066882416,0.0,8360000.0,0.4746494066882416,3530000.0,4830000.0,0.2742292624765798,0.7343401953344919,0.7343401953344919,6577333.0,6577333.0,https://www.sec.gov/Archives/edgar/data/1010470/000093905705000266/k05.htm,https://www.sec.gov/Archives/edgar/data/1010470/000093905705000266/k05.htm,1620596806,17:46:46,20210509
64,2005-03-31,PROV,USD,2005-05-09 00:00:00,2005-05-09 14:10:06,Q3,16401000.0,0.0,0.0,0.0,0.0,5289000.0,227000.0,0.0,17000000.0,0.0,8489000.0,838000.0,0.0,0.0,0.0,0.49082373026035,0.0,8050000.0,0.49082373026035,3470000.0,4580000.0,0.27925126516675813,0.69,0.64,6637681.0,7156250.0,https://www.sec.gov/Archives/edgar/data/1010470/000093905705000114/0000939057-05-000114-index.html,https://www.sec.gov/Archives/edgar/data/1010470/000093905705000114/q305.htm,1620596806,17:46:46,20210509
65,2004-12-31,PROV,USD,2005-02-08 00:00:00,2005-02-08 13:45:30,Q2,16872000.0,0.0,0.0,0.0,0.0,5314000.0,269000.0,0.0,0.0,0.0,7871000.0,932000.0,0.0,0.0,0.0,0.5081199620673305,0.0,8573000.0,0.5081199620673305,3539000.0,5034000.0,0.2983641536273115,0.77,0.71,6537662.0,7090141.0,https://www.sec.gov/Archives/edgar/data/1010470/000093905705000030/0000939057-05-000030-index.html,https://www.sec.gov/Archives/edgar/data/1010470/000093905705000030/q205.htm,1620596806,17:46:46,20210509
66,2004-09-30,PROV,USD,2004-11-09 00:00:00,2004-11-09 11:18:39,Q1,16045000.0,0.0,0.0,0.0,0.0,5077000.0,182000.0,0.0,0.0,0.0,7139000.0,901000.0,0.0,0.0,0.0,0.48569647865378623,0.0,7793000.0,0.48569647865378623,3538000.0,4255000.0,0.26519164848862575,0.64,0.6,6648438.0,7091667.0,https://www.sec.gov/Archives/edgar/data/1010470/000093905704000415/0000939057-04-000415-index.html,https://www.sec.gov/Archives/edgar/data/1010470/000093905704000415/q105.htm,1620596806,17:46:46,20210509
67,2004-06-30,PROV,USD,2004-09-10 00:00:00,2004-09-10 14:02:37,Q4,15825000.0,0.0,0.0,0.0,0.0,5035000.0,205000.0,0.0,0.0,0.0,6537000.0,1366000.0,0.0,0.0,0.0,0.5115955766192734,0.0,8096000.0,0.5115955766192734,3813000.0,4283000.0,0.2706477093206951,0.6442114674153538,0.6442114674153538,6648438.0,6648438.0,https://www.sec.gov/Archives/edgar/data/1010470/000093905704000289/0000939057-04-000289-index.html,https://www.sec.gov/Archives/edgar/data/1010470/000093905704000289/k04.htm,1620596806,17:46:46,20210509
68,2004-03-31,PROV,USD,2004-05-12 00:00:00,2004-05-12 15:15:02,Q3,14548000.0,0.0,0.0,0.0,0.0,4781000.0,170000.0,0.0,0.0,0.0,6443000.0,740000.0,0.0,0.0,0.0,0.48996425625515533,0.0,7128000.0,0.48996425625515533,3014000.0,4114000.0,0.28278801209788285,0.61,0.57,6744262.0,7217544.0,https://www.sec.gov/Archives/edgar/data/1010470/000093905704000147/0000939057-04-000147-index.html,https://www.sec.gov/Archives/edgar/data/1010470/000093905704000147/q304.htm,1620596806,17:46:46,20210509
69,2003-12-31,PROV,USD,2004-02-13 00:00:00,2004-02-13 11:12:02,Q2,12902000.0,0.0,0.0,0.0,0.0,4666000.0,306000.0,0.0,0.0,0.0,6461000.0,917000.0,0.0,0.0,0.0,0.4199348938149124,0.0,5418000.0,0.4199348938149124,2327000.0,3091000.0,0.23957525964966672,0.46,0.43,6719565.0,7188372.0,https://www.sec.gov/Archives/edgar/data/1010470/000093905704000040/0000939057-04-000040-index.html,https://www.sec.gov/Archives/edgar/data/1010470/000093905704000040/q203b.htm,1620596806,17:46:46,20210509
70,2003-09-30,PROV,USD,2003-11-10 00:00:00,2003-11-10 17:25:28,Q1,13109000.0,0.0,0.0,0.0,0.0,4581000.0,230000.0,0.0,0.0,0.0,6478000.0,1395000.0,0.0,0.0,0.0,0.4686856358227172,0.0,6144000.0,0.4686856358227172,2563000.0,3581000.0,0.2731711038218018,0.526667,0.493333,6799367.0,7258784.0,https://www.sec.gov/Archives/edgar/data/1010470/000093905703000337/0000939057-03-000337-index.html,https://www.sec.gov/Archives/edgar/data/1010470/000093905703000337/q103.htm,1620596806,17:46:46,20210509
71,2003-06-30,PROV,USD,2003-09-29 00:00:00,2003-09-29 14:42:33,Q4,15142000.0,0.0,0.0,0.0,0.0,4571000.0,249000.0,0.0,0.0,0.0,6693000.0,1571000.0,0.0,0.0,0.0,0.5217276449610355,0.0,7900000.0,0.5217276449610355,3182000.0,4718000.0,0.31158367454761593,0.6938881222325549,0.6938881222325549,6799367.0,6799367.0,https://www.sec.gov/Archives/edgar/data/1010470/000093905703000287/0000939057-03-000287-index.html,https://www.sec.gov/Archives/edgar/data/1010470/000093905703000287/k03.htm,1620596806,17:46:46,20210509
72,2003-03-31,PROV,USD,2003-05-14 00:00:00,2003-05-14 12:49:14,Q3,14869000.0,0.0,0.0,0.0,0.0,4557000.0,203000.0,0.0,0.0,0.0,6862000.0,1826000.0,0.0,0.0,0.0,0.5167798775976865,0.0,7684000.0,0.5167798775976865,3096000.0,4588000.0,0.3085614365458336,0.66,0.613333,6951515.0,7480435.0,https://www.sec.gov/Archives/edgar/data/1010470/000093905703000133/0000939057-03-000133-index.html,https://www.sec.gov/Archives/edgar/data/1010470/000093905703000133/q303.htm,1620596806,17:46:46,20210509
73,2002-12-31,PROV,USD,2003-02-14 00:00:00,2003-02-14 15:39:00,Q2,14071000.0,0.0,0.0,0.0,0.0,4560000.0,216000.0,0.0,0.0,0.0,7318000.0,1524000.0,0.0,0.0,0.0,0.4566128917632009,0.0,6425000.0,0.4566128917632009,2536000.0,3889000.0,0.2763840523061616,0.546667,0.506667,7114024.0,7675658.0,https://www.sec.gov/Archives/edgar/data/1010470/000093905703000035/0000939057-03-000035-index.html,https://www.sec.gov/Archives/edgar/data/1010470/000093905703000035/q2031204.htm,1620596806,17:46:46,20210509
74,2002-09-30,PROV,USD,2002-11-13 00:00:00,2002-11-13 12:11:53,Q1,13132000.0,0.0,0.0,0.0,0.0,4277000.0,232000.0,0.0,0.0,0.0,7540000.0,1052000.0,0.0,0.0,0.0,0.47494669509594883,0.0,6237000.0,0.47494669509594883,2543000.0,3694000.0,0.2812975936643314,0.493333,0.46,7487838.0,8030435.0,https://www.sec.gov/Archives/edgar/data/1010470/000093905702000104/0000939057-02-000104-index.html,https://www.sec.gov/Archives/edgar/data/1010470/000093905702000104/q1021204.htm,1620596806,17:46:46,20210509
75,2002-06-30,PROV,USD,2002-09-27 00:00:00,2002-09-27 16:07:30,Q4,11286000.0,0.0,0.0,0.0,0.0,4443000.0,225000.0,0.0,0.0,0.0,8404000.0,715000.0,0.0,0.0,0.0,0.366294524189261,0.0,4134000.0,0.366294524189261,1706000.0,2428000.0,0.2151337940811625,0.32425915197417465,0.32425915197417465,7487838.0,7487838.0,https://www.sec.gov/Archives/edgar/data/1010470/000093905702000091/0000939057-02-000091-index.html,https://www.sec.gov/Archives/edgar/data/1010470/000093905702000091/k10-1204.htm,1620596806,17:46:46,20210509
76,2002-03-31,PROV,USD,2002-05-13 00:00:00,2002-05-13 14:00:29,Q3,10145000.0,0.0,0.0,0.0,0.0,4256000.0,109000.0,0.0,0.0,0.0,8861000.0,466000.0,0.0,0.0,0.0,0.33760473139477576,0.0,3425000.0,0.33760473139477576,1428000.0,1997000.0,0.1968457368161656,0.257778,0.248889,7746983.0,8023661.0,https://www.sec.gov/Archives/edgar/data/1010470/000093905702000042/0000939057-02-000042-index.html,https://www.sec.gov/Archives/edgar/data/1010470/000093905702000042/q1-1204.txt,1620596806,17:46:46,20210509
77,2001-12-31,PROV,USD,2002-02-06 00:00:00,2002-02-06 00:00:00,Q2,10981000.0,0.0,0.0,0.0,0.0,4054000.0,260000.0,0.0,0.0,0.0,10168000.0,221000.0,0.0,0.0,0.0,0.38803387669611145,0.0,4261000.0,0.38803387669611145,1775000.0,2486000.0,0.2263910390674802,0.32,0.311111,7768750.0,7990714.0,https://www.sec.gov/Archives/edgar/data/1010470/000093905702000007/0000939057-02-000007-index.html,https://www.sec.gov/Archives/edgar/data/1010470/000093905702000007/q2-1204.txt,1620596806,17:46:46,20210509
78,2001-09-30,PROV,USD,2001-11-13 00:00:00,2001-11-13 00:00:00,Q1,10510000.0,0.0,0.0,0.0,0.0,4098000.0,186000.0,0.0,0.0,0.0,11755000.0,890000.0,0.0,0.0,0.0,0.3588011417697431,0.0,3771000.0,0.3588011417697431,1573000.0,2198000.0,0.20913415794481446,0.284444,0.262222,7727344.0,8382203.0,https://www.sec.gov/Archives/edgar/data/1010470/000093905701500117/0000939057-01-500117-index.html,https://www.sec.gov/Archives/edgar/data/1010470/000093905701500117/q1-1204.txt,1620596806,17:46:46,20210509
79,2001-06-30,PROV,USD,2001-06-30,2001-06-30,Q4,11215000.0,0.0,0.0,0.0,0.0,4367000.0,354000.0,0.0,0.0,0.0,13366000.0,859000.0,0.0,0.0,0.0,0.4247882300490415,0.0,4764000.0,0.4247882300490415,1986000.0,2778000.0,0.24770396790013374,0.3595025664704457,0.3595025664704457,7727344.0,7727344.0,,,1620596806,17:46:46,20210509
80,2001-03-31,PROV,USD,2001-05-14 00:00:00,2001-05-14 00:00:00,Q3,9893000.0,0.0,0.0,0.0,0.0,3670000.0,234000.0,0.0,0.0,0.0,13584000.0,453000.0,0.0,0.0,0.0,0.400283028403922,0.0,3960000.0,0.400283028403922,1620000.0,2340000.0,0.23653088042049936,0.297778,0.288889,7858209.0,8100000.0,https://www.sec.gov/Archives/edgar/data/1010470/000093905701500030/0000939057-01-500030-index.html,https://www.sec.gov/Archives/edgar/data/1010470/000093905701500030/q3-1238.txt,1620596806,17:46:46,20210509
81,2000-12-31,PROV,USD,2001-02-12 00:00:00,2001-02-12 00:00:00,Q2,9415000.0,0.0,0.0,0.0,0.0,3666000.0,274000.0,0.0,0.0,0.0,13837000.0,464000.0,0.0,0.0,0.0,0.37355284121083376,0.0,3517000.0,0.37355284121083376,1482000.0,2035000.0,0.21614445034519383,0.257778,0.253333,7894397.0,8032895.0,https://www.sec.gov/Archives/edgar/data/1010470/000093905701000003/0000939057-01-000003-index.html,https://www.sec.gov/Archives/edgar/data/1010470/000093905701000003/0000939057-01-000003-0001.txt,1620596806,17:46:46,20210509
82,2000-09-30,PROV,USD,2000-11-06 00:00:00,2000-11-06 00:00:00,Q1,9422000.0,0.0,0.0,0.0,0.0,3986000.0,268000.0,0.0,0.0,0.0,13669000.0,505000.0,0.0,0.0,0.0,0.3182976013585226,0.0,2999000.0,0.3182976013585226,1266000.0,1733000.0,0.18393122479303758,0.217778,0.213333,7957653.0,8123438.0,https://www.sec.gov/Archives/edgar/data/1010470/000093905700000082/0000939057-00-000082-index.html,https://www.sec.gov/Archives/edgar/data/1010470/000093905700000082/0000939057-00-000082-0001.txt,1620596806,17:46:46,20210509
83,2000-06-30,PROV,USD,2000-06-30,2000-06-30,Q4,10363000.0,0.0,0.0,0.0,0.0,4080000.0,192000.0,0.0,0.0,0.0,13355000.0,497000.0,0.0,0.0,0.0,0.37296149763581976,0.0,3865000.0,0.37296149763581976,1649000.0,2216000.0,0.21383769178809225,0.2784740676679418,0.2784740676679418,7957653.0,7957653.0,,,1620596806,17:46:46,20210509
84,2000-03-31,PROV,USD,2000-05-09 00:00:00,2000-05-09 00:00:00,Q3,8909000.0,0.0,0.0,0.0,0.0,3580000.0,237000.0,0.0,0.0,0.0,13363000.0,727000.0,0.0,0.0,0.0,0.30418677741609607,0.0,2710000.0,0.30418677741609607,1128000.0,1582000.0,0.17757324054327084,0.2,0.2,7910000.0,7910000.0,https://www.sec.gov/Archives/edgar/data/1010470/000093905700000034/0000939057-00-000034-index.html,https://www.sec.gov/Archives/edgar/data/1010470/0000939057-00-000034.txt,1620596806,17:46:46,20210509
85,1999-12-31,PROV,USD,2000-02-03 00:00:00,2000-02-03 00:00:00,Q2,9300000.0,0.0,0.0,0.0,0.0,3400000.0,200000.0,0.0,0.0,0.0,11900000.0,400000.0,0.0,0.0,0.0,0.34408602150537637,0.0,3200000.0,0.34408602150537637,1400000.0,1800000.0,0.1935483870967742,0.222222,0.217778,8100000.0,8265306.0,https://www.sec.gov/Archives/edgar/data/1010470/000093905700000001/0000939057-00-000001-index.html,https://www.sec.gov/Archives/edgar/data/1010470/0000939057-00-000001.txt,1620596806,17:46:46,20210509
86,1999-09-30,PROV,USD,1999-11-08 00:00:00,1999-11-08 00:00:00,Q1,9300000.0,0.0,0.0,0.0,0.0,4000000.0,300000.0,0.0,0.0,0.0,10100000.0,500000.0,0.0,0.0,0.0,0.3010752688172043,0.0,2800000.0,0.3010752688172043,1200000.0,1600000.0,0.17204301075268819,0.186853,0.182404,8562881.0,8771737.0,https://www.sec.gov/Archives/edgar/data/1010470/000093905799000108/0000939057-99-000108-index.html,https://www.sec.gov/Archives/edgar/data/1010470/0000939057-99-000108.txt,1620596806,17:46:46,20210509
87,1999-06-30,PROV,USD,1999-06-30,1999-06-30,Q4,16400000.0,0.0,0.0,0.0,0.0,4800000.0,0.0,0.0,0.0,0.0,8600000.0,100000.0,0.0,0.0,0.0,0.5609756097560976,0.0,9200000.0,0.5609756097560976,3800000.0,5400000.0,0.32926829268292684,0.6306288736232584,0.6306288736232584,8562881.0,8562881.0,,,1620596806,17:46:46,20210509
88,1999-03-31,PROV,USD,1999-05-10 00:00:00,1999-05-10 00:00:00,Q3,9300000.0,0.0,0.0,0.0,0.0,4000000.0,0.0,0.0,0.0,0.0,8300000.0,0.0,0.0,0.0,0.0,0.3655913978494624,0.0,3400000.0,0.3655913978494624,1400000.0,2000000.0,0.21505376344086022,0.213547,0.213547,9365620.0,9365620.0,https://www.sec.gov/Archives/edgar/data/1010470/000093905799000044/0000939057-99-000044-index.html,https://www.sec.gov/Archives/edgar/data/1010470/0000939057-99-000044.txt,1620596806,17:46:46,20210509
89,1998-12-31,PROV,USD,1999-02-12 00:00:00,1999-02-12 00:00:00,Q2,9400000.0,0.0,0.0,0.0,0.0,3800000.0,0.0,0.0,0.0,0.0,8700000.0,0.0,0.0,0.0,0.0,0.2978723404255319,0.0,2800000.0,0.2978723404255319,1200000.0,1600000.0,0.1702127659574468,0.173507,0.173507,9221530.0,9221530.0,https://www.sec.gov/Archives/edgar/data/1010470/000093905799000010/0000939057-99-000010-index.html,https://www.sec.gov/Archives/edgar/data/1010470/0000939057-99-000010.txt,1620596806,17:46:46,20210509
90,1998-09-30,PROV,USD,1998-11-12 00:00:00,1998-11-12 00:00:00,Q1,8300000.0,0.0,0.0,0.0,0.0,3400000.0,0.0,0.0,0.0,0.0,8700000.0,0.0,0.0,0.0,0.0,0.3373493975903614,0.0,2800000.0,0.3373493975903614,1200000.0,1600000.0,0.1927710843373494,0.169058,0.164609,9464208.0,9720003.0,https://www.sec.gov/Archives/edgar/data/1010470/000093905798000194/0000939057-98-000194-index.html,https://www.sec.gov/Archives/edgar/data/1010470/0000939057-98-000194.txt,1620596806,17:46:46,20210509
91,1998-06-30,PROV,USD,1998-09-28,1998-09-28,Q4,8000000.0,0.0,0.0,0.0,0.0,3500000.0,0.0,0.0,0.0,0.0,8100000.0,-400000.0,0.0,0.0,0.0,0.2625,0.0,2100000.0,0.2625,900000.0,1200000.0,0.15,0.1267934939722373,0.1267934939722373,9464208.0,9464208.0,https://www.sec.gov/Archives/edgar/data/1010470/0000939057-98-000170-index.html,https://www.sec.gov/Archives/edgar/data/1010470/,1620596806,17:46:46,20210509
92,1998-03-31,PROV,USD,1998-05-14 00:00:00,1998-05-14 00:00:00,Q3,7400000.0,0.0,0.0,0.0,0.0,3000000.0,0.0,0.0,0.0,0.0,7600000.0,-200000.0,0.0,0.0,0.0,0.28378378378378377,0.0,2100000.0,0.28378378378378377,900000.0,1200000.0,0.16216216216216217,0.124569,0.12012,9633215.0,9990010.0,https://www.sec.gov/Archives/edgar/data/1010470/000093905798000087/0000939057-98-000087-index.html,https://www.sec.gov/Archives/edgar/data/1010470/0000939057-98-000087.txt,1620596806,17:46:46,20210509
93,1997-12-31,PROV,USD,1998-02-13 00:00:00,1998-02-13 00:00:00,Q2,7200000.0,0.0,0.0,0.0,0.0,3100000.0,0.0,0.0,0.0,0.0,7200000.0,200000.0,0.0,0.0,0.0,0.2916666666666667,0.0,2100000.0,0.2916666666666667,900000.0,1200000.0,0.16666666666666666,0.115671,0.115671,10374251.0,10374251.0,https://www.sec.gov/Archives/edgar/data/1010470/000093905798000037/0000939057-98-000037-index.html,https://www.sec.gov/Archives/edgar/data/1010470/0000939057-98-000037.txt,1620596806,17:46:46,20210509
94,1997-09-30,PROV,USD,1997-11-13 00:00:00,1997-11-13 00:00:00,Q1,7300000.0,0.0,0.0,0.0,0.0,2900000.0,0.0,0.0,0.0,0.0,6500000.0,300000.0,0.0,0.0,0.0,0.3561643835616438,0.0,2600000.0,0.3561643835616438,1100000.0,1500000.0,0.2054794520547945,0.142364,0.142364,10536372.0,10536372.0,https://www.sec.gov/Archives/edgar/data/1010470/000093905797000171/0000939057-97-000171-index.html,https://www.sec.gov/Archives/edgar/data/1010470/0000939057-97-000171.txt,1620596806,17:46:46,20210509
95,1997-06-30,PROV,USD,1997-06-30,1997-06-30,Q4,6600000.0,0.0,0.0,0.0,0.0,2700000.0,0.0,0.0,0.0,0.0,6100000.0,1600000.0,0.0,0.0,0.0,0.25757575757575757,0.0,1700000.0,0.25757575757575757,600000.0,1100000.0,0.16666666666666666,0.10440026225345878,0.10440026225345878,10536372.0,10536372.0,,,1620596806,17:46:46,20210509
96,1997-03-31,PROV,USD,1997-05-15 00:00:00,1997-05-15 00:00:00,Q3,6200000.0,0.0,0.0,0.0,0.0,2400000.0,0.0,0.0,0.0,0.0,5900000.0,-1000000.0,0.0,0.0,0.0,0.3225806451612903,0.0,2000000.0,0.3225806451612903,900000.0,1100000.0,0.1774193548387097,0.106773,0.106773,10302230.0,10302230.0,https://www.sec.gov/Archives/edgar/data/1010470/000093905797000059/0000939057-97-000059-index.html,https://www.sec.gov/Archives/edgar/data/1010470/0000939057-97-000059.txt,1620596806,17:46:46,20210509
97,1996-12-31,PROV,USD,1997-02-14 00:00:00,1997-02-14 00:00:00,Q2,7000000.0,0.0,0.0,0.0,0.0,3100000.0,0.0,0.0,0.0,0.0,5800000.0,300000.0,0.0,0.0,0.0,0.2,0.0,1400000.0,0.2,600000.0,800000.0,0.11428571428571428,0.071182,0.071182,11238796.0,11238796.0,https://www.sec.gov/Archives/edgar/data/1010470/000093905797000017/0000939057-97-000017-index.html,https://www.sec.gov/Archives/edgar/data/1010470/0000939057-97-000017.txt,1620596806,17:46:46,20210509
98,1996-09-30,PROV,USD,1996-11-07 00:00:00,1996-11-07 00:00:00,Q1,6900000.0,0.0,0.0,0.0,0.0,3100000.0,0.0,0.0,0.0,0.0,5700000.0,300000.0,0.0,0.0,0.0,-0.2753623188405797,0.0,-1900000.0,-0.2753623188405797,-800000.0,-1100000.0,-0.15942028985507245,-0.106773,-0.106773,10302230.0,10302230.0,https://www.sec.gov/Archives/edgar/data/1010470/000093905796000085/0000939057-96-000085-index.html,https://www.sec.gov/Archives/edgar/data/1010470/0000939057-96-000085.txt,1620596806,17:46:46,20210509
