,date,symbol,reportedCurrency,fillingDate,acceptedDate,period,revenue,costOfRevenue,grossProfit,grossProfitRatio,researchAndDevelopmentExpenses,generalAndAdministrativeExpenses,sellingAndMarketingExpenses,otherExpenses,operatingExpenses,costAndExpenses,interestExpense,depreciationAndAmortization,ebitda,ebitdaratio,operatingIncome,operatingIncomeRatio,totalOtherIncomeExpensesNet,incomeBeforeTax,incomeBeforeTaxRatio,incomeTaxExpense,netIncome,netIncomeRatio,eps,epsdiluted,weightedAverageShsOut,weightedAverageShsOutDil,link,finalLink,timestamp,est_time,est_date
0,2019-06-30,1549.HK,HKD,2019-06-30,2019-06-30,Q2,84176000,72223750,11952250,0.14199118513590572,0.0,14766000,0.0,272250.0,0.0,85602000,339750.0,2049500.0,623500.0,0.007407099410758411,-1426000.0,-0.016940695685230944,0.0,628000.0,0.007460558829119939,227500.0,400500.0,0.004757888234176012,0.000275,0.000275,1400000000,1400000000,https://www1.hkexnews.hk/search/titlesearch.xhtml,https://www1.hkexnews.hk/search/titlesearch.xhtml,1620585252,14:34:12,20210509
1,2019-03-31,1549.HK,HKD,2019-03-31,2019-03-31,Q1,84176000,72223750,11952250,0.14199118513590572,0.0,14766000,0.0,272250.0,0.0,85602000,339750.0,2049500.0,623500.0,0.007407099410758411,-1426000.0,-0.016940695685230944,0.0,628000.0,0.007460558829119939,227500.0,400500.0,0.004757888234176012,0.000275,0.000275,1400000000,1400000000,https://www1.hkexnews.hk/search/titlesearch.xhtml,https://www1.hkexnews.hk/search/titlesearch.xhtml,1620585252,14:34:12,20210509
2,2019-01-31,1549.HK,HKD,2019-01-31,2019-01-31,Q1,84176000,72223750,11952250,0.14199118513590572,0.0,14766000,0.0,272250.0,0.0,85602000,339750.0,2049500.0,623500.0,0.007407099410758411,-1426000.0,-0.016940695685230944,0.0,628000.0,0.007460558829119939,227500.0,400500.0,0.004757888234176012,0.000275,0.000275,1400000000,1400000000,https://www1.hkexnews.hk/search/titlesearch.xhtml,https://www1.hkexnews.hk/search/titlesearch.xhtml,1620585252,14:34:12,20210509
3,2018-06-30,1549.HK,HKD,2018-06-30,2018-06-30,Q2,84240500,70791250,13449250,0.15965301725417108,0.0,15279000,0.0,62250.0,0.0,85917750,264750.0,1779250.0,102000.0,0.0012108190241036081,-1677250.0,-0.01991025694291938,0.0,-1286750.0,-0.015274719404561939,20750.0,-1307500.0,-0.0155210379805438,-0.000925,-0.000925,1400000000,1400000000,https://www1.hkexnews.hk/search/titlesearch.xhtml,https://www1.hkexnews.hk/search/titlesearch.xhtml,1620585252,14:34:12,20210509
4,2018-03-31,1549.HK,HKD,2018-03-31,2018-03-31,Q1,84240500,70791250,13449250,0.15965301725417108,0.0,15279000,0.0,62250.0,0.0,85917750,264750.0,1779250.0,102000.0,0.0012108190241036081,-1677250.0,-0.01991025694291938,0.0,-1286750.0,-0.015274719404561939,20750.0,-1307500.0,-0.0155210379805438,-0.000925,-0.000925,1400000000,1400000000,https://www1.hkexnews.hk/search/titlesearch.xhtml,https://www1.hkexnews.hk/search/titlesearch.xhtml,1620585252,14:34:12,20210509
5,2018-01-31,1549.HK,HKD,2018-01-31,2018-01-31,Q1,84240500,70791250,13449250,0.15965301725417108,0.0,15279000,0.0,62250.0,0.0,85917750,264750.0,1779250.0,102000.0,0.0012108190241036081,-1677250.0,-0.01991025694291938,0.0,-1286750.0,-0.015274719404561939,20750.0,-1307500.0,-0.0155210379805438,-0.000925,-0.000925,1400000000,1400000000,https://www1.hkexnews.hk/search/titlesearch.xhtml,https://www1.hkexnews.hk/search/titlesearch.xhtml,1620585252,14:34:12,20210509
6,2017-06-30,1549.HK,HKD,2017-06-30,2017-06-30,Q2,86251000,71688000,14563000,0.16884441919513976,0.0,15886250,0.0,0.0,0.0,86565250,169750.0,1102500.0,788250.0,0.00913902447507855,-314250.0,-0.003643436018133123,0.0,-35750.0,-0.0004144879479658207,254500.0,-290250.0,-0.0033651783747434814,-0.0002,-0.0002,1400000000,1400000000,https://www1.hkexnews.hk/search/titlesearch.xhtml,https://www1.hkexnews.hk/search/titlesearch.xhtml,1620585252,14:34:12,20210509
7,2017-03-31,1549.HK,HKD,2017-03-31,2017-03-31,Q1,86251000,71688000,14563000,0.16884441919513976,0.0,15886250,0.0,0.0,0.0,86565250,169750.0,1102500.0,788250.0,0.00913902447507855,-314250.0,-0.003643436018133123,0.0,-35750.0,-0.0004144879479658207,254500.0,-290250.0,-0.0033651783747434814,-0.0002,-0.0002,1400000000,1400000000,https://www1.hkexnews.hk/search/titlesearch.xhtml,https://www1.hkexnews.hk/search/titlesearch.xhtml,1620585252,14:34:12,20210509
8,2017-01-31,1549.HK,HKD,2017-01-31,2017-01-31,Q1,86251000,71688000,14563000,0.16884441919513976,0.0,15886250,0.0,0.0,0.0,86565250,169750.0,1102500.0,788250.0,0.00913902447507855,-314250.0,-0.003643436018133123,0.0,-35750.0,-0.0004144879479658207,254500.0,-290250.0,-0.0033651783747434814,-0.0002,-0.0002,1400000000,1400000000,https://www1.hkexnews.hk/search/titlesearch.xhtml,https://www1.hkexnews.hk/search/titlesearch.xhtml,1620585252,14:34:12,20210509
9,2016-06-30,1549.HK,HKD,2016-06-30,2016-06-30,Q2,91064750,73394750,17670000,0.1940377588474135,0.0,21222500,0.0,0.0,0.0,92045750,180000.0,1122750.0,141750.0,0.0015565847377827316,-981000.0,-0.010772554693226523,0.0,-760750.0,-0.008353945956036776,1041250.0,-1802000.0,-0.01978811779530499,-0.001475,-0.001475,1221000000,1221000000,https://www1.hkexnews.hk/search/titlesearch.xhtml,https://www1.hkexnews.hk/search/titlesearch.xhtml,1620585252,14:34:12,20210509
10,2016-03-31,1549.HK,HKD,2016-03-31,2016-03-31,Q1,91064750,73394750,17670000,0.1940377588474135,0.0,21222500,0.0,0.0,0.0,92045750,180000.0,1122750.0,141750.0,0.0015565847377827316,-981000.0,-0.010772554693226523,0.0,-760750.0,-0.008353945956036776,1041250.0,-1802000.0,-0.01978811779530499,-0.001475,-0.001475,1221000000,1221000000,https://www1.hkexnews.hk/search/titlesearch.xhtml,https://www1.hkexnews.hk/search/titlesearch.xhtml,1620585252,14:34:12,20210509
11,2016-01-31,1549.HK,HKD,2016-01-31,2016-01-31,Q1,91064750,73394750,17670000,0.1940377588474135,0.0,21222500,0.0,0.0,0.0,92045750,180000.0,1122750.0,141750.0,0.0015565847377827316,-981000.0,-0.010772554693226523,0.0,-760750.0,-0.008353945956036776,1041250.0,-1802000.0,-0.01978811779530499,-0.001475,-0.001475,1221000000,1221000000,https://www1.hkexnews.hk/search/titlesearch.xhtml,https://www1.hkexnews.hk/search/titlesearch.xhtml,1620585252,14:34:12,20210509
12,2015-09-30,1549.HK,HKD,2015-09-30,2015-09-30,Q3,114792750,94051000,20741750,0.18068867589634363,0.0,13782250,0.0,0.0,0.0,103771000,69500.0,1219750.0,12241500.0,0.10664000993094076,11021750.0,0.0960143388846421,0.0,11149750.0,0.09712939188232707,1357500.0,9557000.0,0.08325438670996209,0.00675,0.00675,1400000000,1400000000,https://www1.hkexnews.hk/search/titlesearch.xhtml,https://www1.hkexnews.hk/search/titlesearch.xhtml,1620585252,14:34:12,20210509
13,2015-06-30,1549.HK,HKD,2015-06-30,2015-06-30,Q2,114792750,94051000,20741750,0.18068867589634363,0.0,13782250,0.0,0.0,0.0,103771000,69500.0,1219750.0,12241500.0,0.10664000993094076,11021750.0,0.0960143388846421,0.0,11149750.0,0.09712939188232707,1357500.0,9557000.0,0.08325438670996209,0.00675,0.00675,1400000000,1400000000,https://www1.hkexnews.hk/search/titlesearch.xhtml,https://www1.hkexnews.hk/search/titlesearch.xhtml,1620585252,14:34:12,20210509
14,2015-03-31,1549.HK,HKD,2015-03-31,2015-03-31,Q1,114792750,94051000,20741750,0.18068867589634363,0.0,13782250,0.0,0.0,0.0,103771000,69500.0,1219750.0,12241500.0,0.10664000993094076,11021750.0,0.0960143388846421,0.0,11149750.0,0.09712939188232707,1357500.0,9557000.0,0.08325438670996209,0.00675,0.00675,1400000000,1400000000,https://www1.hkexnews.hk/search/titlesearch.xhtml,https://www1.hkexnews.hk/search/titlesearch.xhtml,1620585252,14:34:12,20210509
15,2015-01-31,1549.HK,HKD,2015-01-31,2015-01-31,Q1,114792750,94051000,20741750,0.18068867589634363,0.0,13782250,0.0,0.0,0.0,103771000,69500.0,1219750.0,12241500.0,0.10664000993094076,11021750.0,0.0960143388846421,0.0,11149750.0,0.09712939188232707,1357500.0,9557000.0,0.08325438670996209,0.00675,0.00675,1400000000,1400000000,https://www1.hkexnews.hk/search/titlesearch.xhtml,https://www1.hkexnews.hk/search/titlesearch.xhtml,1620585252,14:34:12,20210509
16,2014-09-30,1549.HK,HKD,2014-09-30,2014-09-30,Q3,148687750,129437500,19250250,0.1294676259476655,0.0,14380750,0.0,0.0,0.0,139076000,42250.0,1215250.0,10827000.0,0.07281702763005023,9611750.0,0.06464385936299392,0.0,10693000.0,0.07191581014575847,1089000.0,8649500.0,0.058172243510309356,0.008237619047619047,0.004942571428571429,1050000000,1750000000,https://www1.hkexnews.hk/search/titlesearch.xhtml,https://www1.hkexnews.hk/search/titlesearch.xhtml,1620585252,14:34:12,20210509
17,2014-06-30,1549.HK,HKD,2014-06-30,2014-06-30,Q2,148687750,129437500,19250250,0.1294676259476655,0.0,14380750,0.0,0.0,0.0,139076000,42250.0,1215250.0,10827000.0,0.07281702763005023,9611750.0,0.06464385936299392,0.0,10693000.0,0.07191581014575847,1089000.0,8649500.0,0.058172243510309356,0.008237619047619047,0.004942571428571429,1050000000,1750000000,https://www1.hkexnews.hk/search/titlesearch.xhtml,https://www1.hkexnews.hk/search/titlesearch.xhtml,1620585252,14:34:12,20210509
18,2014-03-31,1549.HK,HKD,2014-03-31,2014-03-31,Q1,148687750,129437500,19250250,0.1294676259476655,0.0,14380750,0.0,0.0,0.0,139076000,42250.0,1215250.0,10827000.0,0.07281702763005023,9611750.0,0.06464385936299392,0.0,10693000.0,0.07191581014575847,1089000.0,8649500.0,0.058172243510309356,0.008237619047619047,0.004942571428571429,1050000000,1750000000,https://www1.hkexnews.hk/search/titlesearch.xhtml,https://www1.hkexnews.hk/search/titlesearch.xhtml,1620585252,14:34:12,20210509
19,2014-01-31,1549.HK,HKD,2014-01-31,2014-01-31,Q1,148687750,129437500,19250250,0.1294676259476655,0.0,14380750,0.0,0.0,0.0,139076000,42250.0,1215250.0,10827000.0,0.07281702763005023,9611750.0,0.06464385936299392,0.0,10693000.0,0.07191581014575847,1089000.0,8649500.0,0.058172243510309356,0.008237619047619047,0.004942571428571429,1050000000,1750000000,https://www1.hkexnews.hk/search/titlesearch.xhtml,https://www1.hkexnews.hk/search/titlesearch.xhtml,1620585252,14:34:12,20210509
20,2013-09-30,1549.HK,HKD,2013-09-30,2013-09-30,Q3,147757000,126013500,21743500,0.1471571566829321,0.0,13683500,0.0,0.0,0.0,139055000,110000.0,821500.0,9523500.0,0.0644537991431878,8702000.0,0.0588939948699554,0.0,8601250.0,0.05821213208172878,779250.0,7816000.0,0.052897663054880646,0.0074438095238095235,0.004466285714285714,1050000000,1750000000,https://www1.hkexnews.hk/search/titlesearch.xhtml,https://www1.hkexnews.hk/search/titlesearch.xhtml,1620585252,14:34:12,20210509
21,2013-06-30,1549.HK,HKD,2013-06-30,2013-06-30,Q2,147757000,126013500,21743500,0.1471571566829321,0.0,13683500,0.0,0.0,0.0,139055000,110000.0,821500.0,9523500.0,0.0644537991431878,8702000.0,0.0588939948699554,0.0,8601250.0,0.05821213208172878,779250.0,7816000.0,0.052897663054880646,0.0074438095238095235,0.004466285714285714,1050000000,1750000000,https://www1.hkexnews.hk/search/titlesearch.xhtml,https://www1.hkexnews.hk/search/titlesearch.xhtml,1620585252,14:34:12,20210509
22,2013-03-31,1549.HK,HKD,2013-03-31,2013-03-31,Q1,147757000,126013500,21743500,0.1471571566829321,0.0,13683500,0.0,0.0,0.0,139055000,110000.0,821500.0,9523500.0,0.0644537991431878,8702000.0,0.0588939948699554,0.0,8601250.0,0.05821213208172878,779250.0,7816000.0,0.052897663054880646,0.0074438095238095235,0.004466285714285714,1050000000,1750000000,https://www1.hkexnews.hk/search/titlesearch.xhtml,https://www1.hkexnews.hk/search/titlesearch.xhtml,1620585252,14:34:12,20210509
23,2013-01-31,1549.HK,HKD,2013-01-31,2013-01-31,Q1,147757000,126013500,21743500,0.1471571566829321,0.0,13683500,0.0,0.0,0.0,139055000,110000.0,821500.0,9523500.0,0.0644537991431878,8702000.0,0.0588939948699554,0.0,8601250.0,0.05821213208172878,779250.0,7816000.0,0.052897663054880646,0.0074438095238095235,0.004466285714285714,1050000000,1750000000,https://www1.hkexnews.hk/search/titlesearch.xhtml,https://www1.hkexnews.hk/search/titlesearch.xhtml,1620585252,14:34:12,20210509
