,date,symbol,reportedCurrency,fillingDate,acceptedDate,period,revenue,costOfRevenue,grossProfit,grossProfitRatio,researchAndDevelopmentExpenses,generalAndAdministrativeExpenses,sellingAndMarketingExpenses,otherExpenses,operatingExpenses,costAndExpenses,interestExpense,depreciationAndAmortization,ebitda,ebitdaratio,operatingIncome,operatingIncomeRatio,totalOtherIncomeExpensesNet,incomeBeforeTax,incomeBeforeTaxRatio,incomeTaxExpense,netIncome,netIncomeRatio,eps,epsdiluted,weightedAverageShsOut,weightedAverageShsOutDil,link,finalLink,timestamp,est_time,est_date
0,2020-12-31,ARL,USD,2021-03-26,2021-03-26 11:21:24,Q4,24566000.0,5853000.0,18713000.0,0.7617438736465033,0.0,5010000.0,0.0,0.0,14775000.0,20628000,8709000.0,5556000.0,9494000.0,0.3864691036391761,3938000.0,0.1603028576080762,-1796000.0,72000.0,0.002930880078156802,-493000.0,403000.0,0.016404787104127655,0.03,0.03,16045796,16045796,https://www.sec.gov/Archives/edgar/data/1102238/000110223821000003/0001102238-21-000003-index.htm,https://www.sec.gov/Archives/edgar/data/1102238/000110223821000003/arl-20201231.htm,1620588722,15:32:02,20210509
1,2020-09-30,ARL,USD,2020-11-12,2020-11-12 13:47:35,Q2,11453000.0,6387000.0,5066000.0,0.44232952064961145,0.0,4327000.0,0.0,0.0,7369000.0,13756000,7622000.0,6211000.0,3908000.0,0.3412206408801187,-2303000.0,-0.20108268575918972,14192000.0,9688000.0,0.8458919060508164,50000.0,7987000.0,0.6973718676329346,0.5,0.5,15997076,15997076,https://www.sec.gov/Archives/edgar/data/1102238/000138713120009814/0001387131-20-009814-index.htm,https://www.sec.gov/Archives/edgar/data/1102238/000138713120009814/arl-10q_093020.htm,1620588722,15:32:02,20210509
2,2020-06-30,ARL,USD,2020-08-14 00:00:00,2020-08-14 14:56:29,Q2,11947000.0,5810000.0,6137000.0,0.51368544404453,0.0,3910000.0,0.0,2794000.0,7440000.0,13250000,9071000.0,3418000.0,2115000.0,0.17703189085125973,-1303000.0,-0.10906503724784465,1815000.0,-3275000.0,-0.27412739599899555,49000.0,-2306000.0,-0.1930191679919645,-0.14,-0.14,15997076,15997076,https://www.sec.gov/Archives/edgar/data/1102238/000138713120007520/0001387131-20-007520-index.htm,https://www.sec.gov/Archives/edgar/data/1102238/000138713120007520/arl-10q_063020.htm,1620588722,15:32:02,20210509
3,2020-03-31,ARL,USD,2020-05-15,2020-05-15 13:04:19,Q1,11918000.0,6310000.0,5608000.0,0.47054874979023326,0.0,5082000.0,0.0,1212000.0,10058000.0,16368000,9602000.0,3394000.0,-1056000.0,-0.08860547071656318,-4450000.0,-0.3733847961067293,12933000.0,4635000.0,0.3889075348212787,247000.0,2946000.0,0.24718912569223023,0.18,0.18,15997076,15997076,https://www.sec.gov/Archives/edgar/data/1102238/000138713120004866/0001387131-20-004866-index.htm,https://www.sec.gov/Archives/edgar/data/1102238/000138713120004866/arl-10q_033120.htm,1620588722,15:32:02,20210509
4,2019-12-31,ARL,USD,2020-03-30 00:00:00,2020-03-30 11:58:11,Q4,12258000.0,6491000.0,5767000.0,0.47046826562245064,0.0,5698000.0,0.0,2699000.0,9197000.0,15688000,10064000.0,3415000.0,-15000.0,-0.0012236906510034262,-3430000.0,-0.2798172621961168,5109000.0,-1944000.0,-0.15859030837004406,0.0,538000.0,0.043889704682656225,0.033631146091948304,0.033631146091948304,15997076,15997076,https://www.sec.gov/Archives/edgar/data/1102238/000138713120003381/0001387131-20-003381-index.html,https://www.sec.gov/Archives/edgar/data/1102238/000138713120003381/arl-10k_123119.htm,1620588722,15:32:02,20210509
5,2019-09-30,ARL,USD,2019-11-14 00:00:00,2019-11-14 11:15:25,Q3,11943000.0,5883000.0,6060000.0,0.5074101984426024,0.0,4427000.0,0.0,1288000.0,7926000.0,13809000,10420000.0,3416000.0,1550000.0,0.1297831365653521,-1866000.0,-0.1562421502135142,-4020000.0,-9450000.0,-0.7912584777694047,0.0,-7571000.0,-0.6339278238298585,-0.47,-0.47,15997076,15997076,https://www.sec.gov/Archives/edgar/data/1102238/000138713119008703/0001387131-19-008703-index.html,https://www.sec.gov/Archives/edgar/data/1102238/000138713119008703/arl-10q_093019.htm,1620588722,15:32:02,20210509
6,2019-06-30,ARL,USD,2019-08-14,2019-08-14 15:28:41,Q2,11840000.0,7323000.0,4517000.0,0.3815033783783784,0.0,5365000.0,0.0,3364000.0,8894000.0,16217000,9408000.0,3439000.0,-938000.0,-0.07922297297297297,-4377000.0,-0.36967905405405405,3413000.0,-3867000.0,-0.3266047297297297,0.0,-2778000.0,-0.23462837837837838,-0.17,-0.17,15997076,15997076,https://www.sec.gov/Archives/edgar/data/1102238/000138713119006120/arl-10q_063019.htm,https://www.sec.gov/Archives/edgar/data/1102238/000138713119006120/arl-10q_063019.htm,1620588722,15:32:02,20210509
7,2019-03-31,ARL,USD,2019-04-01 00:00:00,2019-04-01 16:05:53,Q1,11929000.0,5997000.0,5932000.0,0.4972755469863358,0.0,4458000.0,0.0,3667000.0,7667000.0,13664000,9968000.0,3109000.0,1374000.0,0.11518149048537178,-1735000.0,-0.14544387626791852,-932000.0,-6482000.0,-0.5433816749098834,0.0,-6147000.0,-0.515298851538268,-0.38,-0.38,15997076,15997076,https://www.sec.gov/Archives/edgar/data/1102238/000138713119002392/0001387131-19-002392-index.html,https://www.sec.gov/Archives/edgar/data/1102238/000138713119002392/arl-10k_123118.htm,1620588722,15:32:02,20210509
8,2018-12-31,ARL,USD,2019-04-01 00:00:00,2019-04-01 16:05:53,Q4,24857000.0,13668000.0,11189000.0,0.4501347708894879,0.0,8005000.0,0.0,805000.0,11049000.0,24717000,17010000.0,2902000.0,3042000.0,0.12238001367823953,140000.0,0.005632216277105041,165510000.0,154584000.0,6.218932292714326,418000.0,148154000.0,5.9602526451301445,9.26131750577418,9.26131750577418,15997076,15997076,https://www.sec.gov/Archives/edgar/data/1102238/000138713119002392/0001387131-19-002392-index.html,https://www.sec.gov/Archives/edgar/data/1102238/000138713119002392/arl-10k_123118.htm,1620588722,15:32:02,20210509
9,2018-09-30,ARL,USD,2018-11-14 00:00:00,2018-11-14 12:25:52,Q3,33409000.0,15945000.0,17464000.0,0.5227333951929121,0.0,4998000.0,0.0,18750000.0,12254000.0,28199000,17422000.0,6873000.0,12083000.0,0.36166901134424856,5210000.0,0.15594600257415667,29910000.0,23408000.0,0.7006495255769404,792000.0,20351000.0,0.6091472357747912,1.26,1.26,15997076,15997076,https://www.sec.gov/Archives/edgar/data/1102238/000138713118006174/0001387131-18-006174-index.html,https://www.sec.gov/Archives/edgar/data/1102238/000138713118006174/arl-10q_093018.htm,1620588722,15:32:02,20210509
10,2018-06-30,ARL,USD,2018-08-14 00:00:00,2018-08-14 11:20:08,Q2,31607000.0,15550000.0,16057000.0,0.5080203752333344,0.0,5883000.0,0.0,7537000.0,12440000.0,27990000,15907000.0,6504000.0,10121000.0,0.3202138766728889,3617000.0,0.1144366754200019,13703000.0,6295000.0,0.1991647419875344,0.0,5854000.0,0.18521213655202962,0.35,0.35,15997076,15997076,https://www.sec.gov/Archives/edgar/data/1102238/000138713118003960/0001387131-18-003960-index.html,https://www.sec.gov/Archives/edgar/data/1102238/000138713118003960/arl-10q_063018.htm,1620588722,15:32:02,20210509
11,2018-03-31,ARL,USD,2018-04-02 00:00:00,2018-04-02 16:46:57,Q1,31083000.0,14424000.0,16659000.0,0.5359521281729562,0.0,5297000.0,0.0,1901000.0,11741000.0,26165000,15724000.0,6391000.0,11309000.0,0.36383231991763987,4918000.0,0.15822153588778431,5312000.0,-385000.0,-0.012386191809027444,0.0,-660000.0,-0.02123347167261847,-0.06,-0.06,15938077,15938077,https://www.sec.gov/Archives/edgar/data/1102238/000138713118001363/0001387131-18-001363-index.html,https://www.sec.gov/Archives/edgar/data/1102238/000138713118001363/arl-10k_123117.htm,1620588722,15:32:02,20210509
12,2017-12-31,ARL,USD,2018-04-02 00:00:00,2018-04-02 16:46:57,Q4,31005000.0,16993000.0,14012000.0,0.45192710853088214,0.0,4666000.0,0.0,2565000.0,11293000.0,28286000,16312000.0,6566000.0,9285000.0,0.2994678277697146,2719000.0,0.08769553297855184,7389000.0,-1346000.0,-0.04341235284631511,180000.0,-1187000.0,-0.038284147718109986,-0.07447573505887818,-0.07447573505887818,15938077,15938077,https://www.sec.gov/Archives/edgar/data/1102238/000138713118001363/0001387131-18-001363-index.html,https://www.sec.gov/Archives/edgar/data/1102238/000138713118001363/arl-10k_123117.htm,1620588722,15:32:02,20210509
13,2017-09-30,ARL,USD,2017-11-14 00:00:00,2017-11-14 16:27:01,Q3,31807000.0,15403000.0,16404000.0,0.5157355299147987,0.0,4568000.0,0.0,190000.0,10994000.0,26397000,15717000.0,6374000.0,11784000.0,0.37048448454742666,5410000.0,0.17008834533278838,15959000.0,9884000.0,0.31074920614958973,0.0,9362000.0,0.29433772440028927,0.59,0.59,15514360,15514360,https://www.sec.gov/Archives/edgar/data/1102238/000138713117005526/0001387131-17-005526-index.html,https://www.sec.gov/Archives/edgar/data/1102238/000138713117005526/ari_10q-093017.htm,1620588722,15:32:02,20210509
14,2017-06-30,ARL,USD,2017-08-15 00:00:00,2017-08-14 19:32:59,Q2,31587000.0,15429000.0,16158000.0,0.5115395574128597,0.0,4844000.0,0.0,-116000.0,11330000.0,26759000,17347000.0,6409000.0,11237000.0,0.3557476176908222,4828000.0,0.15284769050558775,-3864000.0,-11324000.0,-0.3585019153449204,0.0,-10889000.0,-0.34473042707442936,-0.72,-0.72,15514360,15514360,https://www.sec.gov/Archives/edgar/data/1102238/000138713117004201/0001387131-17-004201-index.html,https://www.sec.gov/Archives/edgar/data/1102238/000138713117004201/ari_10q-063017.htm,1620588722,15:32:02,20210509
15,2017-03-31,ARL,USD,2017-05-16 00:00:00,2017-05-15 17:55:33,Q1,31822000.0,16265000.0,15557000.0,0.48887562063980894,0.0,4690000.0,0.0,1443000.0,11080000.0,27345000,16796000.0,6330000.0,10807000.0,0.3396078184903526,4477000.0,0.14068883162591916,1620000.0,-5907000.0,-0.18562629627301866,0.0,-5714000.0,-0.17956130978568285,-0.39,-0.39,15514360,15514360,https://www.sec.gov/Archives/edgar/data/1102238/000138713117002804/0001387131-17-002804-index.html,https://www.sec.gov/Archives/edgar/data/1102238/000138713117002804/arl_10q-033117.htm,1620588722,15:32:02,20210509
16,2016-12-31,ARL,USD,2017-03-31 00:00:00,2017-03-31 17:29:17,Q4,29557000.0,16872000.0,12685000.0,0.4291707548127347,0.0,3666000.0,0.0,639000.0,9792000.0,26664000,15811000.0,7125000.0,10018000.0,0.338938322563183,2893000.0,0.09787867510234462,11180000.0,2924000.0,0.09892749602463037,1000.0,1738000.0,0.05880163751395608,0.11202524628795515,0.11202524628795515,15514360,15514360,https://www.sec.gov/Archives/edgar/data/1102238/000138713117001817/0001387131-17-001817-index.html,https://www.sec.gov/Archives/edgar/data/1102238/000138713117001817/ari-10k_123116.htm,1620588722,15:32:02,20210509
17,2016-09-30,ARL,USD,2016-11-14 00:00:00,2016-11-14 17:35:39,Q3,30067000.0,15671000.0,14396000.0,0.4787973525792397,0.0,4509000.0,0.0,252000.0,10601000.0,26272000,15362000.0,6025000.0,9820000.0,0.32660391791665283,3795000.0,0.12621811288123191,953000.0,-4902000.0,-0.1630358865201051,46000.0,-3754000.0,-0.12485449163534772,-0.26,-0.26,15514360,15514360,https://www.sec.gov/Archives/edgar/data/1102238/000138713116007983/0001387131-16-007983-index.html,https://www.sec.gov/Archives/edgar/data/1102238/000138713116007983/ari-10q_093016.htm,1620588722,15:32:02,20210509
18,2016-06-30,ARL,USD,2016-08-15 00:00:00,2016-08-15 16:38:54,Q2,30834000.0,15191000.0,15643000.0,0.5073295712525134,0.0,5099000.0,0.0,902000.0,11021000.0,26212000,13975000.0,5341000.0,9963000.0,0.3231173380035026,4622000.0,0.14989946163326198,7918000.0,3353000.0,0.10874359473308685,0.0,2489000.0,0.08072257897126549,0.16,0.16,15514360,15514360,https://www.sec.gov/Archives/edgar/data/1102238/000138713116006600/0001387131-16-006600-index.html,https://www.sec.gov/Archives/edgar/data/1102238/000138713116006600/ari-10q_063016.htm,1620588722,15:32:02,20210509
19,2016-03-31,ARL,USD,2016-05-13 00:00:00,2016-05-13 16:18:10,Q1,29205000.0,15216000.0,13989000.0,0.4789933230611197,0.0,4763000.0,0.0,298000.0,10665000.0,25881000,13525000.0,5294000.0,8618000.0,0.2950864577983222,3324000.0,0.11381612737544941,1861000.0,-3738000.0,-0.12799178222907037,-1000.0,-3205000.0,-0.10974148262283856,-0.24,-0.24,15514360,15514360,https://www.sec.gov/Archives/edgar/data/1102238/000138713116005498/0001387131-16-005498-index.html,https://www.sec.gov/Archives/edgar/data/1102238/000138713116005498/ari-10q_033116.htm,1620588722,15:32:02,20210509
20,2015-12-31,ARL,USD,2016-03-30 00:00:00,2016-03-30 15:23:57,Q4,28965000.0,16535000.0,12430000.0,0.42913861557051614,0.0,3828000.0,0.0,66000.0,8761000.0,25296000,13309000.0,5008000.0,8677000.0,0.2995684446746073,3669000.0,0.1266701191092698,7820000.0,-1573000.0,-0.0543069221474193,624000.0,-1305000.0,-0.04505437597099948,-0.08411561933589268,-0.08411561933589268,15514360,15514360,https://www.sec.gov/Archives/edgar/data/1102238/000138713116004813/0001387131-16-004813-index.html,https://www.sec.gov/Archives/edgar/data/1102238/000138713116004813/ari-10k_123115.htm,1620588722,15:32:02,20210509
21,2015-09-30,ARL,USD,2015-11-13 00:00:00,2015-11-13 16:14:09,Q3,27826000.0,14499000.0,13327000.0,0.47894055918924744,0.0,4441000.0,0.0,-72000.0,11242000.0,25741000,13481000.0,6569000.0,8654000.0,0.3110040968878028,2085000.0,0.07492992165600518,2617000.0,-6374000.0,-0.2290663408323151,-16000.0,-5163000.0,-0.18554589233091354,-0.35,-0.35,15514360,15514360,https://www.sec.gov/Archives/edgar/data/1102238/000138713115003354/0001387131-15-003354-index.html,https://www.sec.gov/Archives/edgar/data/1102238/000138713115003354/ari-10q_093015.htm,1620588722,15:32:02,20210509
22,2015-06-30,ARL,USD,2015-08-13 00:00:00,2015-08-13 10:22:01,Q2,24241000.0,11301000.0,12940000.0,0.533806361123716,0.0,3905000.0,0.0,14000.0,9087000.0,20388000,9794000.0,5137000.0,8990000.0,0.37085928798316903,3853000.0,0.15894558805329814,3147000.0,1741000.0,0.07182046945258033,12000.0,1167000.0,0.04814157831772617,0.06,0.05,15367320,17844339,https://www.sec.gov/Archives/edgar/data/1102238/000138713115002426/0001387131-15-002426-index.html,https://www.sec.gov/Archives/edgar/data/1102238/000138713115002426/ari-10q_063015.htm,1620588722,15:32:02,20210509
23,2015-03-31,ARL,USD,2015-05-13 00:00:00,2015-05-13 16:31:07,Q1,23156000.0,11668000.0,11488000.0,0.49611331836241146,0.0,4493000.0,0.0,4097000.0,9487000.0,21155000,9193000.0,4704000.0,6705000.0,0.2895577820003455,2001000.0,0.08641388840905165,6945000.0,2539000.0,0.1096476075315253,-103000.0,3340000.0,0.14423907410606324,0.21,0.17,14027619,17426707,https://www.sec.gov/Archives/edgar/data/1102238/000101054915000178/0001010549-15-000178-index.html,https://www.sec.gov/Archives/edgar/data/1102238/000101054915000178/ari10q033115.htm,1620588722,15:32:02,20210509
24,2014-12-31,ARL,USD,2015-03-31,2015-03-31 09:31:42,Q4,21426000.0,11447000.0,9979000.0,0.4657425557733595,0.0,5785000.0,0.0,-323000.0,13434000.0,24881000,8843000.0,4582000.0,1127000.0,0.05259964529076822,-3455000.0,-0.161252683655372,-482000.0,-8696000.0,-0.4058620367777467,-15383000.0,27136000.0,1.2664986465042471,1.9344694206479374,1.9344694206479374,14027619,14027619,https://www.sec.gov/Archives/edgar/data/1102238/000101054915000092/ari10k123114.htm,https://www.sec.gov/Archives/edgar/data/1102238/000101054915000092/ari10k123114.htm,1620588722,15:32:02,20210509
25,2014-09-30,ARL,USD,2014-11-13 00:00:00,2014-11-13 10:09:11,Q3,19326000.0,10766000.0,8560000.0,0.44292662734140537,0.0,3815000.0,0.0,1332000.0,8092000.0,18858000,9053000.0,4617000.0,5085000.0,0.26311704439615025,468000.0,0.024216081962123565,1606000.0,-3765000.0,-0.1948152747593915,-786000.0,-1319000.0,-0.06825002587188243,-0.13,-0.13,13619647,13619647,https://www.sec.gov/Archives/edgar/data/1102238/000101054914000607/0001010549-14-000607-index.html,https://www.sec.gov/Archives/edgar/data/1102238/000101054914000607/ari10q093014.htm,1620588722,15:32:02,20210509
26,2014-06-30,ARL,USD,2014-08-14 00:00:00,2014-08-14 14:39:19,Q2,20848000.0,10319000.0,10529000.0,0.5050364543361473,0.0,5398000.0,0.0,232000.0,10089000.0,20408000,9746000.0,4504000.0,4944000.0,0.23714504988488105,440000.0,0.02110514198004605,-137000.0,-3745000.0,-0.17963353798925558,-2035000.0,1518000.0,0.07281273983115887,0.08,0.08,11525389,11525389,https://www.sec.gov/Archives/edgar/data/1102238/000101054914000413/0001010549-14-000413-index.html,https://www.sec.gov/Archives/edgar/data/1102238/000101054914000413/ari10q063014.htm,1620588722,15:32:02,20210509
27,2014-03-31,ARL,USD,2014-05-15 00:00:00,2014-05-15 09:27:01,Q1,20583000.0,10317000.0,10266000.0,0.4987611135403002,0.0,4236000.0,0.0,178000.0,9202000.0,19519000,8474000.0,4642000.0,5706000.0,0.2772190642763446,1064000.0,0.05169314482825633,4840000.0,-974000.0,-0.0473206043822572,-1870000.0,3550000.0,0.17247242870329885,0.25,0.25,11525389,11525389,https://www.sec.gov/Archives/edgar/data/1102238/000101054914000241/0001010549-14-000241-index.html,https://www.sec.gov/Archives/edgar/data/1102238/000101054914000241/ari10q033114.htm,1620588722,15:32:02,20210509
28,2013-12-31,ARL,USD,2014-03-31,2014-03-31 14:45:33,Q4,8181000.0,3996000.0,4185000.0,0.5115511551155115,0.0,4294000.0,0.0,7429000.0,10061000.0,14057000,5218000.0,5398000.0,-478000.0,-0.05842806502872509,-5876000.0,-0.7182496027380516,-28069000.0,-27954000.0,-3.416941694169417,-31222000.0,38974000.0,4.763965285417431,3.3815778365485105,3.3815778365485105,11525389,11525389,https://www.sec.gov/Archives/edgar/data/1102238/000101054914000141/ari10k123113.htm,https://www.sec.gov/Archives/edgar/data/1102238/000101054914000141/ari10k123113.htm,1620588722,15:32:02,20210509
29,2013-09-30,ARL,USD,2013-11-14 00:00:00,2013-11-14 09:51:18,Q3,27482000.0,14042000.0,13440000.0,0.489047376464595,0.0,4503000.0,0.0,64000.0,9807000.0,23849000,10723000.0,5304000.0,8937000.0,0.3251946728767921,3633000.0,0.13219561895058585,-3433000.0,-7058000.0,-0.2568226475511244,95000.0,-6426000.0,-0.2338257768721345,-0.62,-0.62,11525389,11525389,https://www.sec.gov/Archives/edgar/data/1102238/000101054913000654/0001010549-13-000654-index.html,https://www.sec.gov/Archives/edgar/data/1102238/000101054913000654/ari10q093013.htm,1620588722,15:32:02,20210509
30,2013-06-30,ARL,USD,2013-08-14 00:00:00,2013-08-14 13:18:11,Q2,27182000.0,12544000.0,14638000.0,0.5385181370024281,0.0,4530000.0,0.0,149000.0,9975000.0,22519000,11065000.0,5627000.0,10290000.0,0.3785593407401957,4663000.0,0.17154734750938122,-676000.0,-7906000.0,-0.29085424177764696,-6423000.0,8354000.0,0.3073357368847031,0.67,0.67,11525389,11525389,https://www.sec.gov/Archives/edgar/data/1102238/000101054913000519/0001010549-13-000519-index.html,https://www.sec.gov/Archives/edgar/data/1102238/000101054913000519/ari10q063013.htm,1620588722,15:32:02,20210509
31,2013-03-31,ARL,USD,2013-04-08 00:00:00,2013-04-08 10:10:32,Q1,28122000.0,13913000.0,14209000.0,0.5052627835858047,0.0,4781000.0,0.0,2536000.0,9824000.0,23737000,11498000.0,5189000.0,9574000.0,0.34044520304388026,4385000.0,0.15592774340374085,2714000.0,-7317000.0,-0.26018775336035843,-2557000.0,374000.0,0.013299196358722709,-0.02,-0.02,11525389,11525389,https://www.sec.gov/Archives/edgar/data/1102238/000101054913000237/0001010549-13-000237-index.html,https://www.sec.gov/Archives/edgar/data/1102238/000101054913000237/ari10k123112.htm,1620588722,15:32:02,20210509
32,2012-12-31,ARL,USD,2013-04-08,2013-04-08 10:10:32,Q4,30006000.0,12265000.0,17741000.0,0.59124841698327,0.0,8675000.0,0.0,0.0,9245000.0,21510000,15025000.0,5828000.0,14324000.0,0.47737119242818105,8496000.0,0.28314337132573486,-3166000.0,-5425000.0,-0.18079717389855363,61000.0,-4512000.0,-0.15036992601479704,-0.39148353257317386,-0.39148353257317386,11525389,11525389,https://www.sec.gov/Archives/edgar/data/1102238/000101054913000237/ari10k123112.htm,https://www.sec.gov/Archives/edgar/data/1102238/000101054913000237/ari10k123112.htm,1620588722,15:32:02,20210509
33,2012-09-30,ARL,USD,2012-11-14 00:00:00,2012-11-14 21:41:43,Q3,28918000.0,16045000.0,12873000.0,0.44515526661594856,0.0,3761000.0,0.0,0.0,9256000.0,25301000,9790000.0,5496000.0,9113000.0,0.31513244346082026,3617000.0,0.12507780621066464,4567000.0,674000.0,0.02330728266131821,13000.0,564000.0,0.019503423473269246,0.04893544157164673,0.04893544157164673,11525389,11525389,https://www.sec.gov/Archives/edgar/data/1102238/000101054912001221/0001010549-12-001221-index.html,https://www.sec.gov/Archives/edgar/data/1102238/000101054912001221/ari10q093012.htm,1620588722,15:32:02,20210509
34,2012-06-30,ARL,USD,2012-08-14 00:00:00,2012-08-14 14:34:07,Q2,31016000.0,15674000.0,15342000.0,0.4946479236523085,0.0,3635000.0,0.0,0.0,9028000.0,24702000,16641000.0,5493000.0,11807000.0,0.38067449058550423,6314000.0,0.2035723497549652,6942000.0,1338000.0,0.04313902501934486,-1537000.0,4665000.0,0.15040624193964405,0.35,0.16,11525389,25679951,https://www.sec.gov/Archives/edgar/data/1102238/000101054912000886/0001010549-12-000886-index.html,https://www.sec.gov/Archives/edgar/data/1102238/000101054912000886/ari10q063012.htm,1620588722,15:32:02,20210509
35,2012-03-31,ARL,USD,2012-05-15,2012-05-15 17:30:57,Q1,30318000.0,16208000.0,14110000.0,0.46540009235437696,0.0,5839000.0,0.0,0.0,11342000.0,27550000,17735000.0,5746000.0,8514000.0,0.28082327330298834,2768000.0,0.09129889834421796,362000.0,-11265000.0,-0.3715614486443697,-1125000.0,-6875000.0,-0.22676297908833037,-0.65,-0.65,11525389,11525389,https://www.sec.gov/Archives/edgar/data/1102238/000101054912000563/ari10q033112.htm,https://www.sec.gov/Archives/edgar/data/1102238/000101054912000563/ari10q033112.htm,1620588722,15:32:02,20210509
36,2011-12-31,ARL,USD,2012-04-04,2012-04-04 12:09:20,Q4,16383000.0,9813000.0,6570000.0,0.40102545321369715,0.0,0.0,0.0,0.0,52127000.0,61940000,13430000.0,4508000.0,-41049000.0,-2.5055850576817433,-45557000.0,-2.780748336690472,16511000.0,-34438000.0,-2.102057010315571,-23375000.0,-5294000.0,-0.3231398400781298,-0.45933373702180463,-0.45933373702180463,11525389,11525389,https://www.sec.gov/Archives/edgar/data/1102238/000119312512149436/d279082d10k.htm,https://www.sec.gov/Archives/edgar/data/1102238/000119312512149436/d279082d10k.htm,1620588722,15:32:02,20210509
37,2011-09-30,ARL,USD,2011-11-14 00:00:00,2011-11-14 17:01:33,Q3,34590000.0,19666000.0,14924000.0,0.4314541775079503,0.0,7057000.0,0.0,0.0,12825000.0,32491000,15041000.0,5874000.0,7973000.0,0.2305001445504481,2099000.0,0.06068227811506215,-766000.0,-12669000.0,-0.3662619254119688,2867000.0,353000.0,0.010205261636311072,-0.02,-0.02,11525389,11525389,https://www.sec.gov/Archives/edgar/data/1102238/000119312511311280/0001193125-11-311280-index.html,https://www.sec.gov/Archives/edgar/data/1102238/000119312511311280/d248976d10q.htm,1620588722,15:32:02,20210509
38,2011-06-30,ARL,USD,2011-08-15 00:00:00,2011-08-15 13:30:39,Q2,37528000.0,21169000.0,16359000.0,0.43591451716052015,0.0,7540000.0,0.0,0.0,13785000.0,34954000,17731000.0,6685000.0,9259000.0,0.2467224472393946,2574000.0,0.06858878703901088,14158000.0,204000.0,0.005435941163930932,-2469000.0,14433000.0,0.3845928373481134,1.2,1.2,11525389,11525389,https://www.sec.gov/Archives/edgar/data/1102238/000119312511222732/0001193125-11-222732-index.html,https://www.sec.gov/Archives/edgar/data/1102238/000119312511222732/d10q.htm,1620588722,15:32:02,20210509
39,2011-03-31,ARL,USD,2011-05-16 00:00:00,2011-05-16 12:38:41,Q1,38741000.0,23255000.0,15486000.0,0.399731550553677,0.0,7069000.0,0.0,0.0,14242000.0,37497000,17862000.0,7188000.0,8432000.0,0.21765055109573836,1244000.0,0.03211068377171472,657000.0,-15293000.0,-0.39474974832864407,-1372000.0,-9203000.0,-0.2375519475491082,-0.86,-0.86,11493115,11493115,https://www.sec.gov/Archives/edgar/data/1102238/000119312511140946/0001193125-11-140946-index.html,https://www.sec.gov/Archives/edgar/data/1102238/000119312511140946/d10q.htm,1620588722,15:32:02,20210509
40,2010-12-31,ARL,USD,2011-03-31,2011-03-31 16:03:52,Q4,34311000.0,20259000.0,14052000.0,0.40954795838069424,0.0,8903000.0,0.0,0.0,15351000.0,35610000,18226000.0,7178000.0,5879000.0,0.1713444667890764,-1299000.0,-0.0378595785608114,-60400000.0,-75325000.0,-2.195360088601323,-3872000.0,-60074000.0,-1.7508670688700416,-5.226955442454026,-5.226955442454026,11493115,11493115,https://www.sec.gov/Archives/edgar/data/1102238/000119312511084825/d10k.htm,https://www.sec.gov/Archives/edgar/data/1102238/000119312511084825/d10k.htm,1620588722,15:32:02,20210509
41,2010-09-30,ARL,USD,2010-11-12 00:00:00,2010-11-12 15:02:17,Q3,39775000.0,24949000.0,14826000.0,0.37274670018856065,0.0,6165000.0,0.0,0.0,13795000.0,38744000,19294000.0,7792000.0,8823000.0,0.2218227529855437,1031000.0,0.025920804525455688,555000.0,-16711000.0,-0.4201382778126964,-1945000.0,-9013000.0,-0.22659962287869265,-0.84,-0.84,11485444,11485444,https://www.sec.gov/Archives/edgar/data/1102238/000119312510258653/0001193125-10-258653-index.html,https://www.sec.gov/Archives/edgar/data/1102238/000119312510258653/d10q.htm,1620588722,15:32:02,20210509
42,2010-06-30,ARL,USD,2010-08-16 00:00:00,2010-08-16 10:46:21,Q2,41601000.0,26756000.0,14845000.0,0.3568423835965482,0.0,6717000.0,0.0,0.0,14666000.0,41422000,22480000.0,7964000.0,8143000.0,0.19574048700752386,179000.0,0.004302781183144636,-2263000.0,-23238000.0,-0.5585923415302517,-2081000.0,-13749000.0,-0.33049686305617654,-1.24,-1.24,11510322,11510322,https://www.sec.gov/Archives/edgar/data/1102238/000119312510189683/0001193125-10-189683-index.html,https://www.sec.gov/Archives/edgar/data/1102238/000119312510189683/d10q.htm,1620588722,15:32:02,20210509
43,2010-03-31,ARL,USD,2010-05-17 00:00:00,2010-05-17 14:23:36,Q1,44794000.0,26304000.0,18490000.0,0.41277849712015,0.0,6650000.0,0.0,0.0,14073000.0,40377000,20535000.0,7526000.0,11943000.0,0.2666205295352056,4417000.0,0.09860695628878868,178000.0,-14438000.0,-0.32231995356520965,-745000.0,-11910000.0,-0.2658838237263919,-1.09,-1.09,11514038,11514038,https://www.sec.gov/Archives/edgar/data/1102238/000119312510121918/0001193125-10-121918-index.html,https://www.sec.gov/Archives/edgar/data/1102238/000119312510121918/d10q.htm,1620588722,15:32:02,20210509
44,2009-12-31,ARL,USD,2010-03-31 00:00:00,2010-03-31 15:39:14,Q4,42413000.0,25104000.0,17309000.0,0.40810600523424423,0.0,8956000.0,0.0,0.0,16514000.0,41618000,21195000.0,9220000.0,10015000.0,0.23613043170725956,795000.0,0.018744252941315164,-14512000.0,-29490000.0,-0.6953056845778417,-71000.0,-25674000.0,-0.6053332704595289,-2.2297998321700865,-2.2297998321700865,11514038,11514038,https://www.sec.gov/Archives/edgar/data/1102238/000119312510073296/0001193125-10-073296-index.html,https://www.sec.gov/Archives/edgar/data/1102238/000119312510073296/d10k.htm,1620588722,15:32:02,20210509
45,2009-09-30,ARL,USD,2009-11-13 00:00:00,2009-11-13 16:02:21,Q3,46939000.0,27791000.0,19148000.0,0.4079337011866465,0.0,7784000.0,0.0,0.0,14635000.0,42426000,22126000.0,7163000.0,11676000.0,0.24874837555124737,4513000.0,0.09614606191013869,2910000.0,-14120000.0,-0.30081595261935706,-1056000.0,-9577000.0,-0.2040307633311319,-0.92,-0.92,11237066,11237066,https://www.sec.gov/Archives/edgar/data/1102238/000119312509234238/0001193125-09-234238-index.html,https://www.sec.gov/Archives/edgar/data/1102238/000119312509234238/d10q.htm,1620588722,15:32:02,20210509
46,2009-06-30,ARL,USD,2009-08-14 00:00:00,2009-08-14 12:26:51,Q2,46340000.0,23660000.0,22680000.0,0.48942598187311176,0.0,5958000.0,0.0,0.0,14167000.0,37827000,23073000.0,8214000.0,16727000.0,0.3609624514458351,8513000.0,0.18370738023306,-21019000.0,-35579000.0,-0.7677816141562365,-684000.0,-28286000.0,-0.6104013810962452,-2.57,-2.57,11237066,11237066,https://www.sec.gov/Archives/edgar/data/1102238/000119312509175607/0001193125-09-175607-index.html,https://www.sec.gov/Archives/edgar/data/1102238/000119312509175607/d10q.htm,1620588722,15:32:02,20210509
47,2009-03-31,ARL,USD,2009-05-15 00:00:00,2009-05-15 10:07:50,Q1,47497000.0,30501000.0,16996000.0,0.35783312630271386,0.0,6989000.0,0.0,0.0,14788000.0,45289000,21015000.0,7821000.0,10029000.0,0.211150177905973,2208000.0,0.04648714655662463,3806000.0,-12903000.0,-0.2716592626902752,-1521000.0,-6604000.0,-0.1390403604438175,-0.64,-0.64,11237066,11237066,https://www.sec.gov/Archives/edgar/data/1102238/000119312509112447/0001193125-09-112447-index.html,https://www.sec.gov/Archives/edgar/data/1102238/000119312509112447/d10q.htm,1620588722,15:32:02,20210509
48,2008-12-31,ARL,USD,2009-03-31 00:00:00,2009-03-31 12:10:34,Q4,44813000.0,0.0,0.0,0.0,0.0,21863000.0,0.0,0.0,-70631000.0,47342000,0.0,8475000.0,5946000.0,0.1326847120255283,-2529000.0,-0.056434516769687366,69898000.0,-30325000.0,-0.6767009573114944,-4386000.0,-17499000.0,-0.3904893669247763,-1.5572570277686364,-1.5572570277686364,11237066,11237066,https://www.sec.gov/Archives/edgar/data/1102238/000119312509068878/0001193125-09-068878-index.html,https://www.sec.gov/Archives/edgar/data/1102238/000119312509068878/d10k.htm,1620588722,15:32:02,20210509
49,2008-09-30,ARL,USD,2008-11-14 00:00:00,2008-11-14 14:39:45,Q3,46957000.0,0.0,0.0,0.0,0.0,3204000.0,0.0,0.0,42775000.0,42775000,0.0,5688000.0,9870000.0,0.2101923035969078,4182000.0,0.08906020401644058,-18093000.0,-11444000.0,-0.24371233255957578,-1266000.0,-7828000.0,-0.16670570947888494,-0.8,-0.8,10575107,10575107,https://www.sec.gov/Archives/edgar/data/1102238/000119312508236648/0001193125-08-236648-index.html,https://www.sec.gov/Archives/edgar/data/1102238/000119312508236648/d10q.htm,1620588722,15:32:02,20210509
50,2008-06-30,ARL,USD,2008-08-14 00:00:00,2008-08-14 16:55:49,Q2,44753000.0,0.0,0.0,0.0,0.0,3917000.0,0.0,0.0,42424000.0,42424000,0.0,6748000.0,9077000.0,0.20282439166089425,2329000.0,0.052041203941635195,2890000.0,-10350000.0,-0.23126941210645097,0.0,-12466000.0,-0.2785511585815476,-1.25,-1.25,10443041,10443041,https://www.sec.gov/Archives/edgar/data/1102238/000119312508178458/0001193125-08-178458-index.html,https://www.sec.gov/Archives/edgar/data/1102238/000119312508178458/d10q.htm,1620588722,15:32:02,20210509
51,2008-03-31,ARL,USD,2008-05-15 00:00:00,2008-05-15 12:20:30,Q1,44463000.0,0.0,0.0,0.0,0.0,4330000.0,0.0,0.0,45338000.0,45338000,0.0,7084000.0,6209000.0,0.13964419854710658,-875000.0,-0.01967928389897218,1275000.0,-37195000.0,-0.8365382452825945,-34168000.0,60427000.0,1.3590401007579336,5.72,5.72,10451042,10451042,https://www.sec.gov/Archives/edgar/data/1102238/000119312508115941/0001193125-08-115941-index.html,https://www.sec.gov/Archives/edgar/data/1102238/000119312508115941/d10q.htm,1620588722,15:32:02,20210509
52,2007-12-31,ARL,USD,2008-03-31,2008-03-31 14:44:16,Q4,25721000.0,0.0,0.0,0.0,0.0,3952000.0,0.0,0.0,-83757000.0,28697000,15828000.0,6193000.0,3217000.0,0.1250728976322849,-2976000.0,-0.11570312196259866,31720000.0,21519000.0,0.8366315462073792,2151000.0,60239000.0,2.3420162513121574,5.763922870083194,5.763922870083194,10451042,10451042,https://www.sec.gov/Archives/edgar/data/1102238/000119312508070818/d10k.htm,https://www.sec.gov/Archives/edgar/data/1102238/000119312508070818/d10k.htm,1620588722,15:32:02,20210509
53,2007-09-30,ARL,USD,2007-11-14 00:00:00,2007-11-14 14:55:13,Q3,50725000.0,0.0,0.0,0.0,0.0,3501000.0,0.0,0.0,45962000.0,45962000,24621000.0,8549000.0,13312000.0,0.2624346968950222,4763000.0,0.09389847215377033,2741000.0,-8680000.0,-0.17111877772301626,-2065000.0,-2779000.0,-0.05478560867422375,-0.33,-0.33,10150511,10150511,https://www.sec.gov/Archives/edgar/data/1102238/000119312507247155/0001193125-07-247155-index.html,https://www.sec.gov/Archives/edgar/data/1102238/000119312507247155/d10q.htm,1620588722,15:32:02,20210509
54,2007-06-30,ARL,USD,2007-08-14 00:00:00,2007-08-14 13:13:38,Q2,52111000.0,0.0,0.0,0.0,0.0,3773000.0,0.0,0.0,48894000.0,48894000,0.0,7427000.0,10644000.0,0.20425629905394255,3217000.0,0.06173360710790428,-23436000.0,-19023000.0,-0.3650476866688415,1196000.0,-22440000.0,-0.43061925505171655,-2.28,-2.28,10141525,10141525,https://www.sec.gov/Archives/edgar/data/1102238/000119312507182246/0001193125-07-182246-index.html,https://www.sec.gov/Archives/edgar/data/1102238/000119312507182246/d10q.htm,1620588722,15:32:02,20210509
55,2007-03-31,ARL,USD,2007-04-02 00:00:00,2007-04-02 15:57:04,Q1,51107000.0,0.0,0.0,0.0,0.0,4740000.0,0.0,0.0,47340000.0,47340000,0.0,6798000.0,10565000.0,0.2067231494707183,3767000.0,0.07370810260825328,3403000.0,0.0,0.0,0.0,-8458000.0,-0.16549592032402607,-0.8334772062017484,-0.645307777782186,10147848,13106924,https://www.sec.gov/Archives/edgar/data/1102238/000119312507072112/0001193125-07-072112-index.html,https://www.sec.gov/Archives/edgar/data/1102238/000119312507072112/d10k.htm,1620588722,15:32:02,20210509
56,2006-12-31,ARL,USD,2007-04-02 00:00:00,2007-04-02 15:57:04,Q4,18013000.0,102053000.0,-84040000.0,-4.665519347138178,0.0,-819000.0,0.0,0.0,-82601000.0,19452000,18608000.0,5191000.0,3752000.0,0.20829400988175206,-1439000.0,-0.07988674845944596,18570000.0,0.0,0.0,0.0,25207000.0,1.3993782268361739,2.483974927492016,2.483974927492016,10147848,10147848,https://www.sec.gov/Archives/edgar/data/1102238/000119312507072112/0001193125-07-072112-index.html,https://www.sec.gov/Archives/edgar/data/1102238/000119312507072112/d10k.htm,1620588722,15:32:02,20210509
57,2006-09-30,ARL,USD,2006-11-14,2006-11-14 11:26:37,Q3,53266000.0,7058000.0,46208000.0,0.8674952127060414,0.0,2262000.0,0.0,0.0,41362000.0,48420000,19011000.0,6586000.0,11432000.0,0.21462095896068786,4846000.0,0.09097735891563098,2462000.0,0.0,0.0,0.0,-4840000.0,-0.09086471670483987,-0.47689427529805895,-0.3662477846360114,10149000,13215097,https://www.sec.gov/Archives/edgar/data/1102238/000119312506234208/d10q.htm,https://www.sec.gov/Archives/edgar/data/1102238/000119312506234208/d10q.htm,1620588722,15:32:02,20210509
58,2006-06-30,ARL,USD,2006-08-14,2006-08-14 15:04:33,Q2,55849000.0,6890000.0,48959000.0,0.8766316317212484,0.0,4130000.0,0.0,0.0,45407000.0,52297000,0.0,6891000.0,10443000.0,0.18698633816182922,3552000.0,0.06360006445952479,311000.0,0.0,0.0,0.0,774000.0,0.013858797829862666,0.0762636712976648,0.05905275715339465,10149000,13106924,https://www.sec.gov/Archives/edgar/data/1102238/000119312506172446/d10q.htm,https://www.sec.gov/Archives/edgar/data/1102238/000119312506172446/d10q.htm,1620588722,15:32:02,20210509
59,2006-03-31,ARL,USD,2006-05-15,2006-05-15 16:23:00,Q1,55216000.0,6915000.0,48301000.0,0.8747645609968125,0.0,0.0,0.0,0.0,43369000.0,50284000,18704000.0,6726000.0,11658000.0,0.2111344537815126,4932000.0,0.08932193567082006,1704000.0,0.0,0.0,0.0,-8075000.0,-0.14624384236453203,-0.7956448911222781,-0.6160865814129998,10149000,13106924,https://www.sec.gov/Archives/edgar/data/1102238/000094996106000010/form10-q.htm,https://www.sec.gov/Archives/edgar/data/1102238/000094996106000010/form10-q.htm,1620588722,15:32:02,20210509
60,2005-12-31,ARL,USD,2006-03-31 00:00:00,2006-03-31 13:59:44,Q4,51258000.0,6998000.0,44260000.0,0.8634749697608178,0.0,6406000.0,0.0,0.0,40495000.0,47493000,0.0,7088000.0,10853000.0,0.21173280268445901,3765000.0,0.07345194896406415,-16772000.0,0.0,0.0,0.0,13381000.0,0.2610519333567443,1.3184550201990344,1.3184550201990344,10149000,10149000,https://www.sec.gov/Archives/edgar/data/1102238/000119312506070271/0001193125-06-070271-index.html,https://www.sec.gov/Archives/edgar/data/1102238/000119312506070271/d10k.htm,1620588722,15:32:02,20210509
61,2005-09-30,ARL,USD,2005-11-14,2005-11-14 15:26:41,Q3,54002000.0,7014000.0,46988000.0,0.8701159216325322,0.0,3643000.0,0.0,0.0,41547000.0,48561000,0.0,4922000.0,10363000.0,0.1919002999888893,5441000.0,0.10075552757305285,-18269000.0,0.0,0.0,0.0,16074000.0,0.2976556423836154,1.583801359739876,1.2212892739209609,10149000,13161501,https://www.sec.gov/Archives/edgar/data/1102238/000114036105009598/form10-q.htm,https://www.sec.gov/Archives/edgar/data/1102238/000114036105009598/form10-q.htm,1620588722,15:32:02,20210509
62,2005-06-30,ARL,USD,2005-08-15,2005-08-15 15:59:23,Q2,19917000.0,0.0,0.0,0.0,0.0,4915000.0,0.0,0.0,12737000.0,12737000,15392000.0,6110000.0,13290000.0,0.6672691670432294,7180000.0,0.36049605864337,651000.0,0.0,0.0,0.0,-2718000.0,-0.13646633529145955,-0.33,-0.33,10149000,10149000,https://www.sec.gov/Archives/edgar/data/1102238/000119312505168534/d10q.htm,https://www.sec.gov/Archives/edgar/data/1102238/000119312505168534/d10q.htm,1620588722,15:32:02,20210509
63,2005-03-31,ARL,USD,2005-05-16,2005-05-16 16:06:28,Q1,101882000.0,34881000.0,67001000.0,0.6576333405312028,0.0,2736000.0,0.0,0.0,28819000.0,63700000,16127000.0,5861000.0,44043000.0,0.43229422272825424,38182000.0,0.37476688718321194,14018000.0,0.0,0.0,0.0,20678000.0,0.20296028739129582,1.97,1.6,10149000,12907309,https://www.sec.gov/Archives/edgar/data/1102238/000119312505108829/d10q.htm,https://www.sec.gov/Archives/edgar/data/1102238/000119312505108829/d10q.htm,1620588722,15:32:02,20210509
64,2004-12-31,ARL,USD,2005-03-31 00:00:00,2005-03-31 17:06:36,Q4,169846000.0,9677000.0,160169000.0,0.9430248578123712,0.0,7269000.0,0.0,0.0,-99765000.0,-90088000,0.0,7796000.0,267730000.0,1.576310304628899,259934000.0,1.5304099007336058,176721000.0,0.0,0.0,0.0,48249000.0,0.2840749855751681,4.754064439846291,4.754064439846291,10149000,10149000,https://www.sec.gov/Archives/edgar/data/1102238/000119312505067232/0001193125-05-067232-index.html,https://www.sec.gov/Archives/edgar/data/1102238/000119312505067232/d10k.htm,1620588722,15:32:02,20210509
65,2004-09-30,ARL,USD,2004-11-15 00:00:00,2004-11-15 15:09:32,Q3,57223000.0,9398000.0,47825000.0,0.8357653391118955,0.0,2583000.0,0.0,0.0,32157000.0,41555000,0.0,7435000.0,23103000.0,0.40373625989549655,15668000.0,0.2738059871030879,15882000.0,0.0,0.0,0.0,-6987000.0,-0.12210125299267777,-0.6633566243948901,-0.6563850852624216,10532796,10644666,https://www.sec.gov/Archives/edgar/data/1102238/000119312504197159/0001193125-04-197159-index.html,https://www.sec.gov/Archives/edgar/data/1102238/000119312504197159/d10q.htm,1620588722,15:32:02,20210509
66,2004-06-30,ARL,USD,2004-08-16 00:00:00,2004-08-16 16:18:29,Q2,56337000.0,6924000.0,49413000.0,0.8770967570158156,0.0,4258000.0,0.0,0.0,47415000.0,54339000,17622000.0,6977000.0,8975000.0,0.1593091573921224,1998000.0,0.03546514723893711,38346000.0,0.0,0.0,0.0,-9452000.0,-0.1677760619131299,-0.8909473639759403,-0.8879564657078014,10608932,10644666,https://www.sec.gov/Archives/edgar/data/1102238/000119312504141791/0001193125-04-141791-index.html,https://www.sec.gov/Archives/edgar/data/1102238/000119312504141791/d10q.htm,1620588722,15:32:02,20210509
67,2004-03-31,ARL,USD,2004-04-16 00:00:00,2004-04-16 16:35:46,Q1,87636000.0,27496000.0,60140000.0,0.6862476607786754,0.0,4634000.0,0.0,0.0,50615000.0,78111000,19675000.0,8232000.0,17757000.0,0.2026222100506641,9525000.0,0.10868821032452416,-5159000.0,0.0,0.0,0.0,845000.0,0.009642156191519468,0.02,0.02,10644666,10644666,https://www.sec.gov/Archives/edgar/data/1102238/000119312504063930/0001193125-04-063930-index.html,https://www.sec.gov/Archives/edgar/data/1102238/000119312504063930/d10k.htm,1620588722,15:32:02,20210509
68,2003-12-31,ARL,USD,2004-04-16,2004-04-16 16:35:46,Q4,86587000.0,23427000.0,63160000.0,0.7294397542356242,0.0,5259000.0,0.0,0.0,54593000.0,78020000,0.0,10551000.0,19118000.0,0.2207952694977306,8567000.0,0.09894094956517722,50077000.0,0.0,0.0,0.0,-1548000.0,-0.017877972443900353,-0.14542494804440084,-0.14542494804440084,10644666,10644666,https://www.sec.gov/Archives/edgar/data/1102238/000119312504063930/d10k.htm,https://www.sec.gov/Archives/edgar/data/1102238/000119312504063930/d10k.htm,1620588722,15:32:02,20210509
69,2003-09-30,ARL,USD,2003-11-14 00:00:00,2003-11-14 16:06:09,Q3,85772000.0,18672000.0,67100000.0,0.7823065802359744,0.0,6171000.0,0.0,0.0,47685000.0,66357000,20925000.0,7556000.0,26971000.0,0.31444993704239144,19415000.0,0.2263559203469664,-149000.0,0.0,0.0,0.0,11265000.0,0.13133656671174743,1.0599205600595776,1.029149835445656,10628155,10945928,https://www.sec.gov/Archives/edgar/data/1102238/000119312503081992/0001193125-03-081992-index.html,https://www.sec.gov/Archives/edgar/data/1102238/000119312503081992/d10q.htm,1620588722,15:32:02,20210509
70,2003-06-30,ARL,USD,2003-08-19 00:00:00,2003-08-19 17:26:42,Q2,62720000.0,8717000.0,54003000.0,0.8610172193877551,0.0,7386000.0,0.0,0.0,49433000.0,58150000,0.0,8159000.0,12729000.0,0.20294961734693878,4570000.0,0.07286352040816327,508000.0,0.0,0.0,0.0,-6316000.0,-0.10070153061224489,-0.65,-0.65,10628155,10628155,https://www.sec.gov/Archives/edgar/data/1102238/000119312503039658/0001193125-03-039658-index.html,https://www.sec.gov/Archives/edgar/data/1102238/000119312503039658/d10q.htm,1620588722,15:32:02,20210509
71,2003-03-31,ARL,USD,2003-04-14 00:00:00,2003-04-14 17:18:23,Q1,38918000.0,15118000.0,23800000.0,0.6115422169690118,0.0,3308000.0,0.0,0.0,42318000.0,57436000,0.0,2566000.0,-15952000.0,-0.4098874556760368,-18518000.0,-0.4758209568837042,-4331000.0,0.0,0.0,0.0,7191000.0,0.18477311269849428,0.58,0.49,11375127,14522530,https://www.sec.gov/Archives/edgar/data/1102238/000093066103001721/0000930661-03-001721-index.html,https://www.sec.gov/Archives/edgar/data/1102238/000093066103001721/d10k.txt,1620588722,15:32:02,20210509
72,2002-12-31,ARL,USD,2003-04-14,2003-04-14,Q4,109149000.0,49916000.0,59233000.0,0.5426801894657761,0.0,2676000.0,0.0,0.0,52447000.0,102363000,11938000.0,2696000.0,9482000.0,0.08687207395395286,6786000.0,0.06217189346672897,-1717000.0,0.0,0.0,0.0,8213000.0,0.07524576496349028,0.7220139168556096,0.7220139168556096,11375127,11375127,https://www.sec.gov/Archives/edgar/data/1102238/000093066103001721/0000930661-03-001721-index.htm,https://www.sec.gov/Archives/edgar/data/1102238/000093066103001721/d10k.txt,1620588722,15:32:02,20210509
73,2002-09-30,ARL,USD,2002-11-14 00:00:00,2002-11-14 15:17:21,Q3,54498000.0,23708000.0,30790000.0,0.564974861462806,0.0,3322000.0,0.0,0.0,25245000.0,48953000,13657000.0,3462000.0,9007000.0,0.165272120077801,5545000.0,0.10174685309552645,-4600000.0,0.0,0.0,0.0,6898000.0,0.12657345223677932,0.55,0.55,11375127,11375127,https://www.sec.gov/Archives/edgar/data/1102238/000095010902005829/0000950109-02-005829-index.html,https://www.sec.gov/Archives/edgar/data/1102238/000095010902005829/d10q.txt,1620588722,15:32:02,20210509
74,2002-06-30,ARL,USD,2002-08-14 00:00:00,2002-08-14 15:40:53,Q2,53562000.0,21751000.0,31811000.0,0.5939098614689519,0.0,3169000.0,0.0,0.0,28111000.0,49862000,0.0,4532000.0,8232000.0,0.15369104962473396,3700000.0,0.06907882453978567,-5079000.0,0.0,0.0,0.0,-14112000.0,-0.2634703707852582,-1.29,-1.29,11375127,11375127,https://www.sec.gov/Archives/edgar/data/1102238/000093066102002953/0000930661-02-002953-index.html,https://www.sec.gov/Archives/edgar/data/1102238/000093066102002953/d10q.txt,1620588722,15:32:02,20210509
75,2002-03-31,ARL,USD,2002-05-15 00:00:00,2002-05-15 11:32:20,Q1,43472000.0,10334000.0,33138000.0,0.7622837688627162,0.0,3312000.0,0.0,0.0,26759000.0,37093000,0.0,3555000.0,9934000.0,0.2285149061464851,6379000.0,0.14673813029076188,16055000.0,0.0,0.0,0.0,1205000.0,0.02771899153478101,0.05,0.05,11375127,11375127,https://www.sec.gov/Archives/edgar/data/1102238/000093066102001733/0000930661-02-001733-index.html,https://www.sec.gov/Archives/edgar/data/1102238/000093066102001733/d10q.txt,1620588722,15:32:02,20210509
76,2001-12-31,ARL,USD,2002-04-01,2002-04-01,Q4,42927000.0,9756000.0,33171000.0,0.7727304493675309,0.0,3660000.0,0.0,0.0,30220000.0,39976000,0.0,4538000.0,7489000.0,0.1744589652200247,2951000.0,0.06874461294756214,18826000.0,0.0,0.0,0.0,3080000.0,0.0717497146318168,0.2707662077091535,0.2707662077091535,11375127,11375127,https://www.sec.gov/Archives/edgar/data/1102238/000093066102001003/0000930661-02-001003-index.htm,https://www.sec.gov/Archives/edgar/data/1102238/000093066102001003/d10k405.txt,1620588722,15:32:02,20210509
77,2001-09-30,ARL,USD,2001-11-13 00:00:00,2001-11-13 00:00:00,Q3,49761000.0,11846000.0,37915000.0,0.7619420831574928,0.0,4610000.0,0.0,0.0,31438000.0,43284000,0.0,4490000.0,10967000.0,0.2203934808384076,6477000.0,0.13016217519744377,15767000.0,1066000.0,0.021422399067542855,0.0,1066000.0,0.021422399067542855,0.04,0.04,10193217,10193217,https://www.sec.gov/Archives/edgar/data/1102238/000093066101502337/0000930661-01-502337-index.html,https://www.sec.gov/Archives/edgar/data/1102238/000093066101502337/d10q.txt,1620588722,15:32:02,20210509
78,2001-06-30,ARL,USD,2001-08-13 00:00:00,2001-08-13 00:00:00,Q2,54643000.0,19292000.0,35351000.0,0.646944713870029,0.0,1557000.0,0.0,0.0,31800000.0,51092000,0.0,4600000.0,8151000.0,0.1491682374686602,3551000.0,0.06498545101842872,31594000.0,0.0,0.0,0.0,8533000.0,0.15615906886517944,0.78,0.78,10128124,10128124,https://www.sec.gov/Archives/edgar/data/1102238/000093066101501587/0000930661-01-501587-index.html,https://www.sec.gov/Archives/edgar/data/1102238/000093066101501587/d10q.txt,1620588722,15:32:02,20210509
79,2001-03-31,ARL,USD,2001-05-15 00:00:00,2001-05-15 00:00:00,Q1,61529000.0,23123000.0,38406000.0,0.6241934697459735,0.0,2916000.0,0.0,0.0,30446000.0,53569000,0.0,4079000.0,12039000.0,0.1956638333143721,7960000.0,0.12936989062068294,16454000.0,2390000.0,0.03884347218384827,0.0,2390000.0,0.03884347218384827,0.17,0.17,10104268,10104268,https://www.sec.gov/Archives/edgar/data/1102238/000093066101500641/0000930661-01-500641-index.html,https://www.sec.gov/Archives/edgar/data/1102238/000093066101500641/d10q.txt,1620588722,15:32:02,20210509
80,2000-12-31,ARL,USD,2000-12-31,2000-12-31,Q4,127270000.0,0.0,0.0,0.0,0.0,5943000.0,0.0,0.0,-330195000.0,-431449000,0.0,6331000.0,565050000.0,4.439773709436631,558719000.0,4.390029072051544,12729000.0,0.0,0.0,0.0,1038000.0,0.008155889054765459,0.10272886665318062,0.10272886665318062,10104268,10104268,,,1620588722,15:32:02,20210509
81,2000-09-30,ARL,USD,2000-11-14,2000-11-14,Q3,132117000.0,72472000.0,59645000.0,0.45145590650711115,0.0,3198000.0,0.0,0.0,30975000.0,103447000,0.0,0.0,26014000.0,0.19690123148421476,28670000.0,0.21700462468872286,6657000.0,9880000.0,0.07478220062520342,1652000.0,8228000.0,0.06227813226155605,0.76,0.76,10013087,10013087,https://www.sec.gov/Archives/edgar/data/1102238/000093066100002955/0000930661-00-002955-index.htm,https://www.sec.gov/Archives/edgar/data/1102238/000093066100002955/0000930661-00-002955-0001.txt,1620588722,15:32:02,20210509
