,date,symbol,reportedCurrency,fillingDate,acceptedDate,period,revenue,costOfRevenue,grossProfit,grossProfitRatio,researchAndDevelopmentExpenses,generalAndAdministrativeExpenses,sellingAndMarketingExpenses,otherExpenses,operatingExpenses,costAndExpenses,interestExpense,depreciationAndAmortization,ebitda,ebitdaratio,operatingIncome,operatingIncomeRatio,totalOtherIncomeExpensesNet,incomeBeforeTax,incomeBeforeTaxRatio,incomeTaxExpense,netIncome,netIncomeRatio,eps,epsdiluted,weightedAverageShsOut,weightedAverageShsOutDil,link,finalLink,timestamp,est_time,est_date
0,2019-06-30,PPH.L,GBP,2019-06-30,2019-06-30,Q2,89423000.0,38286750.0,51136250.0,0.571846728470304,0.0,7096500.0,577000.0,-782500.0,11300750.0,69136750.0,7978500.0,10437250.0,30723500.0,0.34357491920423155,20286250.0,0.2268571843932769,0.0,9619250.0,0.10757020006038714,-1026250.0,8478750.0,0.09481621059458976,0.2,0.2,42391000,42391000,https://find-and-update.company-information.service.gov.uk/search/companies?q=PPHE+Hotel+Group+Ltd,https://find-and-update.company-information.service.gov.uk/search/companies?q=PPHE+Hotel+Group+Ltd,1620596737,17:45:37,20210509
1,2019-03-31,PPH.L,GBP,2019-03-31,2019-03-31,Q1,89423000.0,38286750.0,51136250.0,0.571846728470304,0.0,7096500.0,577000.0,-782500.0,11300750.0,69136750.0,7978500.0,10437250.0,30723500.0,0.34357491920423155,20286250.0,0.2268571843932769,0.0,9619250.0,0.10757020006038714,-1026250.0,8478750.0,0.09481621059458976,0.2,0.2,42391000,42391000,https://find-and-update.company-information.service.gov.uk/search/companies?q=PPHE+Hotel+Group+Ltd,https://find-and-update.company-information.service.gov.uk/search/companies?q=PPHE+Hotel+Group+Ltd,1620596737,17:45:37,20210509
2,2019-01-31,PPH.L,GBP,2019-01-31,2019-01-31,Q1,89423000.0,38286750.0,51136250.0,0.571846728470304,0.0,7096500.0,577000.0,-782500.0,11300750.0,69136750.0,7978500.0,10437250.0,30723500.0,0.34357491920423155,20286250.0,0.2268571843932769,0.0,9619250.0,0.10757020006038714,-1026250.0,8478750.0,0.09481621059458976,0.2,0.2,42391000,42391000,https://find-and-update.company-information.service.gov.uk/search/companies?q=PPHE+Hotel+Group+Ltd,https://find-and-update.company-information.service.gov.uk/search/companies?q=PPHE+Hotel+Group+Ltd,1620596737,17:45:37,20210509
3,2018-06-30,PPH.L,GBP,2018-06-30,2018-06-30,Q2,85370500.0,36448750.0,48921750.0,0.5730521667320678,0.0,6502750.0,631500.0,-121750.0,11325250.0,66053250.0,7635000.0,8975750.0,28293000.0,0.33141424731025354,19317250.0,0.2262754698637117,0.0,11595750.0,0.13582853561827563,737750.0,9513000.0,0.11143193491897084,0.225,0.225,42335000,42335000,https://find-and-update.company-information.service.gov.uk/search/companies?q=PPHE+Hotel+Group+Ltd,https://find-and-update.company-information.service.gov.uk/search/companies?q=PPHE+Hotel+Group+Ltd,1620596737,17:45:37,20210509
4,2018-03-31,PPH.L,GBP,2018-03-31,2018-03-31,Q1,85370500.0,36448750.0,48921750.0,0.5730521667320678,0.0,6502750.0,631500.0,-121750.0,11325250.0,66053250.0,7635000.0,8975750.0,28293000.0,0.33141424731025354,19317250.0,0.2262754698637117,0.0,11595750.0,0.13582853561827563,737750.0,9513000.0,0.11143193491897084,0.225,0.225,42335000,42335000,https://find-and-update.company-information.service.gov.uk/search/companies?q=PPHE+Hotel+Group+Ltd,https://find-and-update.company-information.service.gov.uk/search/companies?q=PPHE+Hotel+Group+Ltd,1620596737,17:45:37,20210509
5,2018-01-31,PPH.L,GBP,2018-01-31,2018-01-31,Q1,85370500.0,36448750.0,48921750.0,0.5730521667320678,0.0,6502750.0,631500.0,-121750.0,11325250.0,66053250.0,7635000.0,8975750.0,28293000.0,0.33141424731025354,19317250.0,0.2262754698637117,0.0,11595750.0,0.13582853561827563,737750.0,9513000.0,0.11143193491897084,0.225,0.225,42335000,42335000,https://find-and-update.company-information.service.gov.uk/search/companies?q=PPHE+Hotel+Group+Ltd,https://find-and-update.company-information.service.gov.uk/search/companies?q=PPHE+Hotel+Group+Ltd,1620596737,17:45:37,20210509
6,2017-06-30,PPH.L,GBP,2017-06-30,2017-06-30,Q2,81279500.0,34394000.0,46885500.0,0.5768428693582023,0.0,6665250.0,621000.0,157500.0,10345250.0,63025500.0,7959750.0,8572000.0,26826000.0,0.3300463216432188,18254000.0,0.22458307445296785,0.0,7924250.0,0.09749383300832314,437000.0,6067750.0,0.07465289525649149,0.1425,0.1425,42249000,42249000,https://find-and-update.company-information.service.gov.uk/search/companies?q=PPHE+Hotel+Group+Ltd,https://find-and-update.company-information.service.gov.uk/search/companies?q=PPHE+Hotel+Group+Ltd,1620596737,17:45:37,20210509
7,2017-03-31,PPH.L,GBP,2017-03-31,2017-03-31,Q1,81279500.0,34394000.0,46885500.0,0.5768428693582023,0.0,6665250.0,621000.0,157500.0,10345250.0,63025500.0,7959750.0,8572000.0,26826000.0,0.3300463216432188,18254000.0,0.22458307445296785,0.0,7924250.0,0.09749383300832314,437000.0,6067750.0,0.07465289525649149,0.1425,0.1425,42249000,42249000,https://find-and-update.company-information.service.gov.uk/search/companies?q=PPHE+Hotel+Group+Ltd,https://find-and-update.company-information.service.gov.uk/search/companies?q=PPHE+Hotel+Group+Ltd,1620596737,17:45:37,20210509
8,2017-01-31,PPH.L,GBP,2017-01-31,2017-01-31,Q1,81279500.0,34394000.0,46885500.0,0.5768428693582023,0.0,6665250.0,621000.0,157500.0,10345250.0,63025500.0,7959750.0,8572000.0,26826000.0,0.3300463216432188,18254000.0,0.22458307445296785,0.0,7924250.0,0.09749383300832314,437000.0,6067750.0,0.07465289525649149,0.1425,0.1425,42249000,42249000,https://find-and-update.company-information.service.gov.uk/search/companies?q=PPHE+Hotel+Group+Ltd,https://find-and-update.company-information.service.gov.uk/search/companies?q=PPHE+Hotel+Group+Ltd,1620596737,17:45:37,20210509
9,2016-06-30,PPH.L,GBP,2016-06-30,2016-06-30,Q2,68117500.0,28271250.0,39846250.0,0.5849634822182258,0.0,4976500.0,418500.0,-93000.0,8470750.0,50916250.0,6531000.0,6332500.0,23533750.0,0.34548757661393914,17201250.0,0.2525232135647961,0.0,9554750.0,0.14026865342973538,15500.0,8779250.0,0.12888391382537526,0.2075,0.2075,42173000,42173000,https://find-and-update.company-information.service.gov.uk/search/companies?q=PPHE+Hotel+Group+Ltd,https://find-and-update.company-information.service.gov.uk/search/companies?q=PPHE+Hotel+Group+Ltd,1620596737,17:45:37,20210509
10,2016-03-31,PPH.L,GBP,2016-03-31,2016-03-31,Q1,68117500.0,28271250.0,39846250.0,0.5849634822182258,0.0,4976500.0,418500.0,-93000.0,8470750.0,50916250.0,6531000.0,6332500.0,23533750.0,0.34548757661393914,17201250.0,0.2525232135647961,0.0,9554750.0,0.14026865342973538,15500.0,8779250.0,0.12888391382537526,0.2075,0.2075,42173000,42173000,https://find-and-update.company-information.service.gov.uk/search/companies?q=PPHE+Hotel+Group+Ltd,https://find-and-update.company-information.service.gov.uk/search/companies?q=PPHE+Hotel+Group+Ltd,1620596737,17:45:37,20210509
11,2016-01-31,PPH.L,GBP,2016-01-31,2016-01-31,Q1,68117500.0,28271250.0,39846250.0,0.5849634822182258,0.0,4976500.0,418500.0,-93000.0,8470750.0,50916250.0,6531000.0,6332500.0,23533750.0,0.34548757661393914,17201250.0,0.2525232135647961,0.0,9554750.0,0.14026865342973538,15500.0,8779250.0,0.12888391382537526,0.2075,0.2075,42173000,42173000,https://find-and-update.company-information.service.gov.uk/search/companies?q=PPHE+Hotel+Group+Ltd,https://find-and-update.company-information.service.gov.uk/search/companies?q=PPHE+Hotel+Group+Ltd,1620596737,17:45:37,20210509
12,2015-09-30,PPH.L,GBP,2015-09-30,2015-09-30,Q3,55806078.25585475,21955292.119476,33850786.1363785,0.6065788386200948,0.0,4159557.7974329996,291497.44167225,19740.649531,6590978.546673,40218344.8084535,6151149.495441,4863210.48258375,20450943.929985,0.36646445278278345,15587733.44740125,0.2793196356844141,0.0,7159214.0658825,0.12828735309189032,-303489.42503225,7462703.49091475,0.13372563928789996,0.17895725,0.17895725,41792000,41792000,https://find-and-update.company-information.service.gov.uk/search/companies?q=PPHE+Hotel+Group+Ltd,https://find-and-update.company-information.service.gov.uk/search/companies?q=PPHE+Hotel+Group+Ltd,1620596737,17:45:37,20210509
13,2015-06-30,PPH.L,GBP,2015-06-30,2015-06-30,Q2,55806078.25585475,21955292.119476,33850786.1363785,0.6065788386200948,0.0,4159557.7974329996,291497.44167225,19740.649531,6590978.546673,40218344.8084535,6151149.495441,4863210.48258375,20450943.929985,0.36646445278278345,15587733.44740125,0.2793196356844141,0.0,7159214.0658825,0.12828735309189032,-303489.42503225,7462703.49091475,0.13372563928789996,0.17895725,0.17895725,41792000,41792000,https://find-and-update.company-information.service.gov.uk/search/companies?q=PPHE+Hotel+Group+Ltd,https://find-and-update.company-information.service.gov.uk/search/companies?q=PPHE+Hotel+Group+Ltd,1620596737,17:45:37,20210509
14,2015-03-31,PPH.L,GBP,2015-03-31,2015-03-31,Q1,55806078.25585475,21955292.119476,33850786.1363785,0.6065788386200948,0.0,4159557.7974329996,291497.44167225,19740.649531,6590978.546673,40218344.8084535,6151149.495441,4863210.48258375,20450943.929985,0.36646445278278345,15587733.44740125,0.2793196356844141,0.0,7159214.0658825,0.12828735309189032,-303489.42503225,7462703.49091475,0.13372563928789996,0.17895725,0.17895725,41792000,41792000,https://find-and-update.company-information.service.gov.uk/search/companies?q=PPHE+Hotel+Group+Ltd,https://find-and-update.company-information.service.gov.uk/search/companies?q=PPHE+Hotel+Group+Ltd,1620596737,17:45:37,20210509
15,2015-01-31,PPH.L,GBP,2015-01-31,2015-01-31,Q1,55806078.25585475,21955292.119476,33850786.1363785,0.6065788386200948,0.0,4159557.7974329996,291497.44167225,19740.649531,6590978.546673,40218344.8084535,6151149.495441,4863210.48258375,20450943.929985,0.36646445278278345,15587733.44740125,0.2793196356844141,0.0,7159214.0658825,0.12828735309189032,-303489.42503225,7462703.49091475,0.13372563928789996,0.17895725,0.17895725,41792000,41792000,https://find-and-update.company-information.service.gov.uk/search/companies?q=PPHE+Hotel+Group+Ltd,https://find-and-update.company-information.service.gov.uk/search/companies?q=PPHE+Hotel+Group+Ltd,1620596737,17:45:37,20210509
16,2014-09-30,PPH.L,GBP,2014-09-30,2014-09-30,Q3,52821628.04611125,21246465.7814095,31575162.2647015,0.5977695772106381,0.0,4129564.4973005005,293169.1959725,342388.8078215,6381752.37122425,37501047.27856425,6220226.10535525,4766685.02845475,20087265.79600175,0.3802848669955107,15320580.767547,0.2900437062290606,0.0,8134712.7535385,0.154003446210276,46094.55712825,8088618.19641025,0.15313080068924034,0.195316,0.195316,41544000,41544000,https://find-and-update.company-information.service.gov.uk/search/companies?q=PPHE+Hotel+Group+Ltd,https://find-and-update.company-information.service.gov.uk/search/companies?q=PPHE+Hotel+Group+Ltd,1620596737,17:45:37,20210509
17,2014-06-30,PPH.L,GBP,2014-06-30,2014-06-30,Q2,52821628.04611125,21246465.7814095,31575162.2647015,0.5977695772106381,0.0,4129564.4973005005,293169.1959725,342388.8078215,6381752.37122425,37501047.27856425,6220226.10535525,4766685.02845475,20087265.79600175,0.3802848669955107,15320580.767547,0.2900437062290606,0.0,8134712.7535385,0.154003446210276,46094.55712825,8088618.19641025,0.15313080068924034,0.195316,0.195316,41544000,41544000,https://find-and-update.company-information.service.gov.uk/search/companies?q=PPHE+Hotel+Group+Ltd,https://find-and-update.company-information.service.gov.uk/search/companies?q=PPHE+Hotel+Group+Ltd,1620596737,17:45:37,20210509
18,2014-03-31,PPH.L,GBP,2014-03-31,2014-03-31,Q1,52821628.04611125,21246465.7814095,31575162.2647015,0.5977695772106381,0.0,4129564.4973005005,293169.1959725,342388.8078215,6381752.37122425,37501047.27856425,6220226.10535525,4766685.02845475,20087265.79600175,0.3802848669955107,15320580.767547,0.2900437062290606,0.0,8134712.7535385,0.154003446210276,46094.55712825,8088618.19641025,0.15313080068924034,0.195316,0.195316,41544000,41544000,https://find-and-update.company-information.service.gov.uk/search/companies?q=PPHE+Hotel+Group+Ltd,https://find-and-update.company-information.service.gov.uk/search/companies?q=PPHE+Hotel+Group+Ltd,1620596737,17:45:37,20210509
19,2014-01-31,PPH.L,GBP,2014-01-31,2014-01-31,Q1,52821628.04611125,21246465.7814095,31575162.2647015,0.5977695772106381,0.0,4129564.4973005005,293169.1959725,342388.8078215,6381752.37122425,37501047.27856425,6220226.10535525,4766685.02845475,20087265.79600175,0.3802848669955107,15320580.767547,0.2900437062290606,0.0,8134712.7535385,0.154003446210276,46094.55712825,8088618.19641025,0.15313080068924034,0.195316,0.195316,41544000,41544000,https://find-and-update.company-information.service.gov.uk/search/companies?q=PPHE+Hotel+Group+Ltd,https://find-and-update.company-information.service.gov.uk/search/companies?q=PPHE+Hotel+Group+Ltd,1620596737,17:45:37,20210509
20,2013-09-30,PPH.L,GBP,2013-09-30,2013-09-30,Q3,51292565.88141075,20104982.549228,31187583.3321825,0.6080332070789499,0.0,4520088.282609249,345847.15126075,656314.05520725,6316106.87260075,38367680.03120775,8060834.57151525,4470681.546715,17395567.396918,0.3391440279501095,12924885.850203,0.25198360869849146,0.0,5407106.67237425,0.10541696597662066,-73063.3509625,5480170.02333675,0.10684140926010591,0.13189075,0.13189075,41515000,41515000,https://find-and-update.company-information.service.gov.uk/search/companies?q=PPHE+Hotel+Group+Ltd,https://find-and-update.company-information.service.gov.uk/search/companies?q=PPHE+Hotel+Group+Ltd,1620596737,17:45:37,20210509
21,2013-06-30,PPH.L,GBP,2013-06-30,2013-06-30,Q2,51292565.88141075,20104982.549228,31187583.3321825,0.6080332070789499,0.0,4520088.282609249,345847.15126075,656314.05520725,6316106.87260075,38367680.03120775,8060834.57151525,4470681.546715,17395567.396918,0.3391440279501095,12924885.850203,0.25198360869849146,0.0,5407106.67237425,0.10541696597662066,-73063.3509625,5480170.02333675,0.10684140926010591,0.13189075,0.13189075,41515000,41515000,https://find-and-update.company-information.service.gov.uk/search/companies?q=PPHE+Hotel+Group+Ltd,https://find-and-update.company-information.service.gov.uk/search/companies?q=PPHE+Hotel+Group+Ltd,1620596737,17:45:37,20210509
22,2013-03-31,PPH.L,GBP,2013-03-31,2013-03-31,Q1,51292565.88141075,20104982.549228,31187583.3321825,0.6080332070789499,0.0,4520088.282609249,345847.15126075,656314.05520725,6316106.87260075,38367680.03120775,8060834.57151525,4470681.546715,17395567.396918,0.3391440279501095,12924885.850203,0.25198360869849146,0.0,5407106.67237425,0.10541696597662066,-73063.3509625,5480170.02333675,0.10684140926010591,0.13189075,0.13189075,41515000,41515000,https://find-and-update.company-information.service.gov.uk/search/companies?q=PPHE+Hotel+Group+Ltd,https://find-and-update.company-information.service.gov.uk/search/companies?q=PPHE+Hotel+Group+Ltd,1620596737,17:45:37,20210509
23,2013-01-31,PPH.L,GBP,2013-01-31,2013-01-31,Q1,51292565.88141075,20104982.549228,31187583.3321825,0.6080332070789499,0.0,4520088.282609249,345847.15126075,656314.05520725,6316106.87260075,38367680.03120775,8060834.57151525,4470681.546715,17395567.396918,0.3391440279501095,12924885.850203,0.25198360869849146,0.0,5407106.67237425,0.10541696597662066,-73063.3509625,5480170.02333675,0.10684140926010591,0.13189075,0.13189075,41515000,41515000,https://find-and-update.company-information.service.gov.uk/search/companies?q=PPHE+Hotel+Group+Ltd,https://find-and-update.company-information.service.gov.uk/search/companies?q=PPHE+Hotel+Group+Ltd,1620596737,17:45:37,20210509
24,2012-09-30,PPH.L,GBP,2012-09-30,2012-09-30,Q3,49530824.49017375,19285129.275002,30245695.21517175,0.6106438874477466,0.0,4111951.28547625,457065.3384295,9344265.0567355,5888859.28201125,38035651.6881795,8093780.1200835,5744824.367842,17239997.16983625,0.34806602448655855,11495172.80199425,0.23208119227400983,0.0,13828579.33054725,0.2791913817887416,-78973.688735,13907553.01928225,0.28078581696214894,0.335536,0.335536,41357000,41357000,https://find-and-update.company-information.service.gov.uk/search/companies?q=PPHE+Hotel+Group+Ltd,https://find-and-update.company-information.service.gov.uk/search/companies?q=PPHE+Hotel+Group+Ltd,1620596737,17:45:37,20210509
25,2012-06-30,PPH.L,GBP,2012-06-30,2012-06-30,Q2,49530824.49017375,19285129.275002,30245695.21517175,0.6106438874477466,0.0,4111951.28547625,457065.3384295,9344265.0567355,5888859.28201125,38035651.6881795,8093780.1200835,5744824.367842,17239997.16983625,0.34806602448655855,11495172.80199425,0.23208119227400983,0.0,13828579.33054725,0.2791913817887416,-78973.688735,13907553.01928225,0.28078581696214894,0.335536,0.335536,41357000,41357000,https://find-and-update.company-information.service.gov.uk/search/companies?q=PPHE+Hotel+Group+Ltd,https://find-and-update.company-information.service.gov.uk/search/companies?q=PPHE+Hotel+Group+Ltd,1620596737,17:45:37,20210509
26,2012-03-31,PPH.L,GBP,2012-03-31,2012-03-31,Q1,49530824.49017375,19285129.275002,30245695.21517175,0.6106438874477466,0.0,4111951.28547625,457065.3384295,9344265.0567355,5888859.28201125,38035651.6881795,8093780.1200835,5744824.367842,17239997.16983625,0.34806602448655855,11495172.80199425,0.23208119227400983,0.0,13828579.33054725,0.2791913817887416,-78973.688735,13907553.01928225,0.28078581696214894,0.335536,0.335536,41357000,41357000,https://find-and-update.company-information.service.gov.uk/search/companies?q=PPHE+Hotel+Group+Ltd,https://find-and-update.company-information.service.gov.uk/search/companies?q=PPHE+Hotel+Group+Ltd,1620596737,17:45:37,20210509
27,2012-01-31,PPH.L,GBP,2012-01-31,2012-01-31,Q1,49530824.49017375,19285129.275002,30245695.21517175,0.6106438874477466,0.0,4111951.28547625,457065.3384295,9344265.0567355,5888859.28201125,38035651.6881795,8093780.1200835,5744824.367842,17239997.16983625,0.34806602448655855,11495172.80199425,0.23208119227400983,0.0,13828579.33054725,0.2791913817887416,-78973.688735,13907553.01928225,0.28078581696214894,0.335536,0.335536,41357000,41357000,https://find-and-update.company-information.service.gov.uk/search/companies?q=PPHE+Hotel+Group+Ltd,https://find-and-update.company-information.service.gov.uk/search/companies?q=PPHE+Hotel+Group+Ltd,1620596737,17:45:37,20210509
28,2011-09-30,PPH.L,GBP,2011-09-30,2011-09-30,Q3,42235944.9865025,26577733.67877125,15658211.30773125,0.3707318804571605,0.0,0.0,369530.788641,0.0,-941941.22594775,32225883.109481,7009591.80211275,3859210.656761,13869272.5337825,0.3283760441068563,10010061.8770215,0.23700338373441046,0.0,2219183.54611875,0.05254253330493594,-963928.182946,3183111.72906475,0.07536499372944039,0.07721775,0.07721775,41682000,41682000,https://find-and-update.company-information.service.gov.uk/search/companies?q=PPHE+Hotel+Group+Ltd,https://find-and-update.company-information.service.gov.uk/search/companies?q=PPHE+Hotel+Group+Ltd,1620596737,17:45:37,20210509
29,2011-06-30,PPH.L,GBP,2011-06-30,2011-06-30,Q2,42235944.9865025,26577733.67877125,15658211.30773125,0.3707318804571605,0.0,0.0,369530.788641,0.0,-941941.22594775,32225883.109481,7009591.80211275,3859210.656761,13869272.5337825,0.3283760441068563,10010061.8770215,0.23700338373441046,0.0,2219183.54611875,0.05254253330493594,-963928.182946,3183111.72906475,0.07536499372944039,0.07721775,0.07721775,41682000,41682000,https://find-and-update.company-information.service.gov.uk/search/companies?q=PPHE+Hotel+Group+Ltd,https://find-and-update.company-information.service.gov.uk/search/companies?q=PPHE+Hotel+Group+Ltd,1620596737,17:45:37,20210509
30,2011-03-31,PPH.L,GBP,2011-03-31,2011-03-31,Q1,42235944.9865025,26577733.67877125,15658211.30773125,0.3707318804571605,0.0,0.0,369530.788641,0.0,-941941.22594775,32225883.109481,7009591.80211275,3859210.656761,13869272.5337825,0.3283760441068563,10010061.8770215,0.23700338373441046,0.0,2219183.54611875,0.05254253330493594,-963928.182946,3183111.72906475,0.07536499372944039,0.07721775,0.07721775,41682000,41682000,https://find-and-update.company-information.service.gov.uk/search/companies?q=PPHE+Hotel+Group+Ltd,https://find-and-update.company-information.service.gov.uk/search/companies?q=PPHE+Hotel+Group+Ltd,1620596737,17:45:37,20210509
31,2011-01-31,PPH.L,GBP,2011-01-31,2011-01-31,Q1,42235944.9865025,26577733.67877125,15658211.30773125,0.3707318804571605,0.0,0.0,369530.788641,0.0,-941941.22594775,32225883.109481,7009591.80211275,3859210.656761,13869272.5337825,0.3283760441068563,10010061.8770215,0.23700338373441046,0.0,2219183.54611875,0.05254253330493594,-963928.182946,3183111.72906475,0.07536499372944039,0.07721775,0.07721775,41682000,41682000,https://find-and-update.company-information.service.gov.uk/search/companies?q=PPHE+Hotel+Group+Ltd,https://find-and-update.company-information.service.gov.uk/search/companies?q=PPHE+Hotel+Group+Ltd,1620596737,17:45:37,20210509
32,2010-09-30,PPH.L,GBP,2010-09-30,2010-09-30,Q3,30123041.641338,20117059.71844125,10005981.92289675,0.3321703711741211,0.0,0.0,420132.06505925,0.0,12479003.46204825,37793531.791443,5142909.2703685,2673156.2631415,-4997333.8869635,-0.16589738667378243,-7670490.150105,-0.2546386331577734,0.0,13029373.95302025,0.4325384570441245,-306236.2987685,13335610.25178875,0.44270463821582434,0.32745,0.32745,40815000,40815000,https://find-and-update.company-information.service.gov.uk/search/companies?q=PPHE+Hotel+Group+Ltd,https://find-and-update.company-information.service.gov.uk/search/companies?q=PPHE+Hotel+Group+Ltd,1620596737,17:45:37,20210509
33,2010-06-30,PPH.L,GBP,2010-06-30,2010-06-30,Q2,30123041.641338,20117059.71844125,10005981.92289675,0.3321703711741211,0.0,0.0,420132.06505925,0.0,12479003.46204825,37793531.791443,5142909.2703685,2673156.2631415,-4997333.8869635,-0.16589738667378243,-7670490.150105,-0.2546386331577734,0.0,13029373.95302025,0.4325384570441245,-306236.2987685,13335610.25178875,0.44270463821582434,0.32745,0.32745,40815000,40815000,https://find-and-update.company-information.service.gov.uk/search/companies?q=PPHE+Hotel+Group+Ltd,https://find-and-update.company-information.service.gov.uk/search/companies?q=PPHE+Hotel+Group+Ltd,1620596737,17:45:37,20210509
34,2010-03-31,PPH.L,GBP,2010-03-31,2010-03-31,Q1,30123041.641338,20117059.71844125,10005981.92289675,0.3321703711741211,0.0,0.0,420132.06505925,0.0,12479003.46204825,37793531.791443,5142909.2703685,2673156.2631415,-4997333.8869635,-0.16589738667378243,-7670490.150105,-0.2546386331577734,0.0,13029373.95302025,0.4325384570441245,-306236.2987685,13335610.25178875,0.44270463821582434,0.32745,0.32745,40815000,40815000,https://find-and-update.company-information.service.gov.uk/search/companies?q=PPHE+Hotel+Group+Ltd,https://find-and-update.company-information.service.gov.uk/search/companies?q=PPHE+Hotel+Group+Ltd,1620596737,17:45:37,20210509
35,2010-01-31,PPH.L,GBP,2010-01-31,2010-01-31,Q1,30123041.641338,20117059.71844125,10005981.92289675,0.3321703711741211,0.0,0.0,420132.06505925,0.0,12479003.46204825,37793531.791443,5142909.2703685,2673156.2631415,-4997333.8869635,-0.16589738667378243,-7670490.150105,-0.2546386331577734,0.0,13029373.95302025,0.4325384570441245,-306236.2987685,13335610.25178875,0.44270463821582434,0.32745,0.32745,40815000,40815000,https://find-and-update.company-information.service.gov.uk/search/companies?q=PPHE+Hotel+Group+Ltd,https://find-and-update.company-information.service.gov.uk/search/companies?q=PPHE+Hotel+Group+Ltd,1620596737,17:45:37,20210509
36,2009-09-30,PPH.L,GBP,2009-09-30,2009-09-30,Q3,17793250.06168825,12002060.1647315,5791189.89695675,0.3254711689477191,0.0,0.0,383002.00309475,0.0,-307649.16600375,16332353.17040525,4105232.54522325,2008327.76736775,3469224.658651,0.1949741978909633,1460896.89128325,0.08210399371775241,0.0,-1586152.269494,-0.08914348216289292,63875.2526335,-1650027.52212725,-0.09273334081220082,-0.04430275,-0.04430275,41460000,41460000,https://find-and-update.company-information.service.gov.uk/search/companies?q=PPHE+Hotel+Group+Ltd,https://find-and-update.company-information.service.gov.uk/search/companies?q=PPHE+Hotel+Group+Ltd,1620596737,17:45:37,20210509
37,2009-06-30,PPH.L,GBP,2009-06-30,2009-06-30,Q2,17793250.06168825,12002060.1647315,5791189.89695675,0.3254711689477191,0.0,0.0,383002.00309475,0.0,-307649.16600375,16332353.17040525,4105232.54522325,2008327.76736775,3469224.658651,0.1949741978909633,1460896.89128325,0.08210399371775241,0.0,-1586152.269494,-0.08914348216289292,63875.2526335,-1650027.52212725,-0.09273334081220082,-0.04430275,-0.04430275,41460000,41460000,https://find-and-update.company-information.service.gov.uk/search/companies?q=PPHE+Hotel+Group+Ltd,https://find-and-update.company-information.service.gov.uk/search/companies?q=PPHE+Hotel+Group+Ltd,1620596737,17:45:37,20210509
38,2009-03-31,PPH.L,GBP,2009-03-31,2009-03-31,Q1,17793250.06168825,12002060.1647315,5791189.89695675,0.3254711689477191,0.0,0.0,383002.00309475,0.0,-307649.16600375,16332353.17040525,4105232.54522325,2008327.76736775,3469224.658651,0.1949741978909633,1460896.89128325,0.08210399371775241,0.0,-1586152.269494,-0.08914348216289292,63875.2526335,-1650027.52212725,-0.09273334081220082,-0.04430275,-0.04430275,41460000,41460000,https://find-and-update.company-information.service.gov.uk/search/companies?q=PPHE+Hotel+Group+Ltd,https://find-and-update.company-information.service.gov.uk/search/companies?q=PPHE+Hotel+Group+Ltd,1620596737,17:45:37,20210509
39,2009-01-31,PPH.L,GBP,2009-01-31,2009-01-31,Q1,17793250.06168825,12002060.1647315,5791189.89695675,0.3254711689477191,0.0,0.0,383002.00309475,0.0,-307649.16600375,16332353.17040525,4105232.54522325,2008327.76736775,3469224.658651,0.1949741978909633,1460896.89128325,0.08210399371775241,0.0,-1586152.269494,-0.08914348216289292,63875.2526335,-1650027.52212725,-0.09273334081220082,-0.04430275,-0.04430275,41460000,41460000,https://find-and-update.company-information.service.gov.uk/search/companies?q=PPHE+Hotel+Group+Ltd,https://find-and-update.company-information.service.gov.uk/search/companies?q=PPHE+Hotel+Group+Ltd,1620596737,17:45:37,20210509
40,2008-09-30,PPH.L,GBP,2008-09-30,2008-09-30,Q3,22193529.00627,0.0,0.0,0.0,0.0,0.0,0.0,0.0,15218214.1536265,19895985.6369295,4630842.303923,2200457.07760675,4498000.4469472505,0.20267170875242504,2297543.3693405,0.1035231201262048,0.0,1874684.1498455,0.08446985377205554,6455.8659465,1868228.283899,0.08417896420939626,0.0451545,0.0451545,41558000,41558000,https://find-and-update.company-information.service.gov.uk/search/companies?q=PPHE+Hotel+Group+Ltd,https://find-and-update.company-information.service.gov.uk/search/companies?q=PPHE+Hotel+Group+Ltd,1620596737,17:45:37,20210509
41,2008-06-30,PPH.L,GBP,2008-06-30,2008-06-30,Q2,22193529.00627,0.0,0.0,0.0,0.0,0.0,0.0,0.0,15218214.1536265,19895985.6369295,4630842.303923,2200457.07760675,4498000.4469472505,0.20267170875242504,2297543.3693405,0.1035231201262048,0.0,1874684.1498455,0.08446985377205554,6455.8659465,1868228.283899,0.08417896420939626,0.0451545,0.0451545,41558000,41558000,https://find-and-update.company-information.service.gov.uk/search/companies?q=PPHE+Hotel+Group+Ltd,https://find-and-update.company-information.service.gov.uk/search/companies?q=PPHE+Hotel+Group+Ltd,1620596737,17:45:37,20210509
42,2008-03-31,PPH.L,GBP,2008-03-31,2008-03-31,Q1,22193529.00627,0.0,0.0,0.0,0.0,0.0,0.0,0.0,15218214.1536265,19895985.6369295,4630842.303923,2200457.07760675,4498000.4469472505,0.20267170875242504,2297543.3693405,0.1035231201262048,0.0,1874684.1498455,0.08446985377205554,6455.8659465,1868228.283899,0.08417896420939626,0.0451545,0.0451545,41558000,41558000,https://find-and-update.company-information.service.gov.uk/search/companies?q=PPHE+Hotel+Group+Ltd,https://find-and-update.company-information.service.gov.uk/search/companies?q=PPHE+Hotel+Group+Ltd,1620596737,17:45:37,20210509
43,2008-01-31,PPH.L,GBP,2008-01-31,2008-01-31,Q1,22193529.00627,0.0,0.0,0.0,0.0,0.0,0.0,0.0,15218214.1536265,19895985.6369295,4630842.303923,2200457.07760675,4498000.4469472505,0.20267170875242504,2297543.3693405,0.1035231201262048,0.0,1874684.1498455,0.08446985377205554,6455.8659465,1868228.283899,0.08417896420939626,0.0451545,0.0451545,41558000,41558000,https://find-and-update.company-information.service.gov.uk/search/companies?q=PPHE+Hotel+Group+Ltd,https://find-and-update.company-information.service.gov.uk/search/companies?q=PPHE+Hotel+Group+Ltd,1620596737,17:45:37,20210509
44,2007-09-30,PPH.L,GBP,2007-09-30,2007-09-30,Q3,13792088.7118185,0.0,0.0,0.0,0.0,0.0,0.0,0.0,10575488.350161,13030038.0963775,3742593.206712,1332899.44871125,2094950.06415225,0.15189505432611367,762050.615441,0.055252734474365406,0.0,4094424.53327525,0.2968676187361469,-3758.881694,4098183.41496925,0.29714015770921626,0.1433635,0.1433635,28611000,28611000,https://find-and-update.company-information.service.gov.uk/search/companies?q=PPHE+Hotel+Group+Ltd,https://find-and-update.company-information.service.gov.uk/search/companies?q=PPHE+Hotel+Group+Ltd,1620596737,17:45:37,20210509
45,2007-06-30,PPH.L,GBP,2007-06-30,2007-06-30,Q2,13792088.7118185,0.0,0.0,0.0,0.0,0.0,0.0,0.0,10575488.350161,13030038.0963775,3742593.206712,1332899.44871125,2094950.06415225,0.15189505432611367,762050.615441,0.055252734474365406,0.0,4094424.53327525,0.2968676187361469,-3758.881694,4098183.41496925,0.29714015770921626,0.1433635,0.1433635,28611000,28611000,https://find-and-update.company-information.service.gov.uk/search/companies?q=PPHE+Hotel+Group+Ltd,https://find-and-update.company-information.service.gov.uk/search/companies?q=PPHE+Hotel+Group+Ltd,1620596737,17:45:37,20210509
46,2007-03-31,PPH.L,GBP,2007-03-31,2007-03-31,Q1,13792088.7118185,0.0,0.0,0.0,0.0,0.0,0.0,0.0,10575488.350161,13030038.0963775,3742593.206712,1332899.44871125,2094950.06415225,0.15189505432611367,762050.615441,0.055252734474365406,0.0,4094424.53327525,0.2968676187361469,-3758.881694,4098183.41496925,0.29714015770921626,0.1433635,0.1433635,28611000,28611000,https://find-and-update.company-information.service.gov.uk/search/companies?q=PPHE+Hotel+Group+Ltd,https://find-and-update.company-information.service.gov.uk/search/companies?q=PPHE+Hotel+Group+Ltd,1620596737,17:45:37,20210509
47,2007-01-31,PPH.L,GBP,2007-01-31,2007-01-31,Q1,13792088.7118185,0.0,0.0,0.0,0.0,0.0,0.0,0.0,10575488.350161,13030038.0963775,3742593.206712,1332899.44871125,2094950.06415225,0.15189505432611367,762050.615441,0.055252734474365406,0.0,4094424.53327525,0.2968676187361469,-3758.881694,4098183.41496925,0.29714015770921626,0.1433635,0.1433635,28611000,28611000,https://find-and-update.company-information.service.gov.uk/search/companies?q=PPHE+Hotel+Group+Ltd,https://find-and-update.company-information.service.gov.uk/search/companies?q=PPHE+Hotel+Group+Ltd,1620596737,17:45:37,20210509
48,2006-09-30,PPH.L,GBP,2006-09-30,2006-09-30,Q3,8227261.83413075,0.0,0.0,0.0,0.0,0.0,0.0,0.0,6024063.85568975,7092562.21514075,2440419.15845525,872402.204302,2007101.8232920002,0.24395745069952063,1134699.61899,0.13791947331525356,0.0,-1068999.8841445,-0.1299338596116827,261795.8899945,-1330795.77413925,-0.16175439665946342,-0.0757845,-0.0757845,17500000,17500000,https://find-and-update.company-information.service.gov.uk/search/companies?q=PPHE+Hotel+Group+Ltd,https://find-and-update.company-information.service.gov.uk/search/companies?q=PPHE+Hotel+Group+Ltd,1620596737,17:45:37,20210509
49,2006-06-30,PPH.L,GBP,2006-06-30,2006-06-30,Q2,8227261.83413075,0.0,0.0,0.0,0.0,0.0,0.0,0.0,6024063.85568975,7092562.21514075,2440419.15845525,872402.204302,2007101.8232920002,0.24395745069952063,1134699.61899,0.13791947331525356,0.0,-1068999.8841445,-0.1299338596116827,261795.8899945,-1330795.77413925,-0.16175439665946342,-0.0757845,-0.0757845,17500000,17500000,https://find-and-update.company-information.service.gov.uk/search/companies?q=PPHE+Hotel+Group+Ltd,https://find-and-update.company-information.service.gov.uk/search/companies?q=PPHE+Hotel+Group+Ltd,1620596737,17:45:37,20210509
50,2006-03-31,PPH.L,GBP,2006-03-31,2006-03-31,Q1,8227261.83413075,0.0,0.0,0.0,0.0,0.0,0.0,0.0,6024063.85568975,7092562.21514075,2440419.15845525,872402.204302,2007101.8232920002,0.24395745069952063,1134699.61899,0.13791947331525356,0.0,-1068999.8841445,-0.1299338596116827,261795.8899945,-1330795.77413925,-0.16175439665946342,-0.0757845,-0.0757845,17500000,17500000,https://find-and-update.company-information.service.gov.uk/search/companies?q=PPHE+Hotel+Group+Ltd,https://find-and-update.company-information.service.gov.uk/search/companies?q=PPHE+Hotel+Group+Ltd,1620596737,17:45:37,20210509
51,2006-01-31,PPH.L,GBP,2006-01-31,2006-01-31,Q1,8227261.83413075,0.0,0.0,0.0,0.0,0.0,0.0,0.0,6024063.85568975,7092562.21514075,2440419.15845525,872402.204302,2007101.8232920002,0.24395745069952063,1134699.61899,0.13791947331525356,0.0,-1068999.8841445,-0.1299338596116827,261795.8899945,-1330795.77413925,-0.16175439665946342,-0.0757845,-0.0757845,17500000,17500000,https://find-and-update.company-information.service.gov.uk/search/companies?q=PPHE+Hotel+Group+Ltd,https://find-and-update.company-information.service.gov.uk/search/companies?q=PPHE+Hotel+Group+Ltd,1620596737,17:45:37,20210509
