,date,symbol,reportedCurrency,fillingDate,acceptedDate,period,revenue,costOfRevenue,grossProfit,grossProfitRatio,researchAndDevelopmentExpenses,generalAndAdministrativeExpenses,sellingAndMarketingExpenses,otherExpenses,operatingExpenses,costAndExpenses,interestExpense,depreciationAndAmortization,ebitda,ebitdaratio,operatingIncome,operatingIncomeRatio,totalOtherIncomeExpensesNet,incomeBeforeTax,incomeBeforeTaxRatio,incomeTaxExpense,netIncome,netIncomeRatio,eps,epsdiluted,weightedAverageShsOut,weightedAverageShsOutDil,link,finalLink,timestamp,est_time,est_date
0,2019-06-30,DGR.DE,EUR,2019-06-30,2019-06-30,Q2,857113.965,32876.125,824237.84,0.9616432279224385,0.0,0.0,0.0,0.0,515060.21,1024994.8975,6.7725,49763.165,-118117.76749999999,-0.13780870727033365,-167880.9325,-0.1958676901268316,0.0,191209.495,0.22308526381319665,67578.32,123631.175,0.14424123284468945,0.0772695,0.0772695,1600000.0,1600000.0,https://www.bundesanzeiger.de/pub/de/suche;wwwsid=627BFD7A56A5CB624C47FDDEAB2FC509.web07-pub?0,https://www.bundesanzeiger.de/pub/de/suche;wwwsid=627BFD7A56A5CB624C47FDDEAB2FC509.web07-pub?0,1620591103,16:11:43,20210509
1,2019-03-31,DGR.DE,EUR,2019-03-31,2019-03-31,Q1,857113.965,32876.125,824237.84,0.9616432279224385,0.0,0.0,0.0,0.0,515060.21,1024994.8975,6.7725,49763.165,-118117.76749999999,-0.13780870727033365,-167880.9325,-0.1958676901268316,0.0,191209.495,0.22308526381319665,67578.32,123631.175,0.14424123284468945,0.0772695,0.0772695,1600000.0,1600000.0,https://www.bundesanzeiger.de/pub/de/suche;wwwsid=627BFD7A56A5CB624C47FDDEAB2FC509.web07-pub?0,https://www.bundesanzeiger.de/pub/de/suche;wwwsid=627BFD7A56A5CB624C47FDDEAB2FC509.web07-pub?0,1620591103,16:11:43,20210509
2,2019-01-31,DGR.DE,EUR,2019-01-31,2019-01-31,Q1,857113.965,32876.125,824237.84,0.9616432279224385,0.0,0.0,0.0,0.0,515060.21,1024994.8975,6.7725,49763.165,-118117.76749999999,-0.13780870727033365,-167880.9325,-0.1958676901268316,0.0,191209.495,0.22308526381319665,67578.32,123631.175,0.14424123284468945,0.0772695,0.0772695,1600000.0,1600000.0,https://www.bundesanzeiger.de/pub/de/suche;wwwsid=627BFD7A56A5CB624C47FDDEAB2FC509.web07-pub?0,https://www.bundesanzeiger.de/pub/de/suche;wwwsid=627BFD7A56A5CB624C47FDDEAB2FC509.web07-pub?0,1620591103,16:11:43,20210509
3,2018-06-30,DGR.DE,EUR,2018-06-30,2018-06-30,Q2,1535910.185,43154.0325,1492756.1525,0.9719032838498952,0.0,0.0,0.0,0.0,555487.97,1111653.2025,83.5,40093.35,464350.33249999996,0.30232909256995383,424256.9825,0.27622512477837363,0.0,588678.125,0.38327639906886873,190236.2725,398441.8525,0.2594174167156786,0.24902625,0.24902625,1600000.0,1600000.0,https://www.bundesanzeiger.de/pub/de/suche;wwwsid=627BFD7A56A5CB624C47FDDEAB2FC509.web07-pub?0,https://www.bundesanzeiger.de/pub/de/suche;wwwsid=627BFD7A56A5CB624C47FDDEAB2FC509.web07-pub?0,1620591103,16:11:43,20210509
4,2018-03-31,DGR.DE,EUR,2018-03-31,2018-03-31,Q1,1535910.185,43154.0325,1492756.1525,0.9719032838498952,0.0,0.0,0.0,0.0,555487.97,1111653.2025,83.5,40093.35,464350.33249999996,0.30232909256995383,424256.9825,0.27622512477837363,0.0,588678.125,0.38327639906886873,190236.2725,398441.8525,0.2594174167156786,0.24902625,0.24902625,1600000.0,1600000.0,https://www.bundesanzeiger.de/pub/de/suche;wwwsid=627BFD7A56A5CB624C47FDDEAB2FC509.web07-pub?0,https://www.bundesanzeiger.de/pub/de/suche;wwwsid=627BFD7A56A5CB624C47FDDEAB2FC509.web07-pub?0,1620591103,16:11:43,20210509
5,2018-01-31,DGR.DE,EUR,2018-01-31,2018-01-31,Q1,1535910.185,43154.0325,1492756.1525,0.9719032838498952,0.0,0.0,0.0,0.0,555487.97,1111653.2025,83.5,40093.35,464350.33249999996,0.30232909256995383,424256.9825,0.27622512477837363,0.0,588678.125,0.38327639906886873,190236.2725,398441.8525,0.2594174167156786,0.24902625,0.24902625,1600000.0,1600000.0,https://www.bundesanzeiger.de/pub/de/suche;wwwsid=627BFD7A56A5CB624C47FDDEAB2FC509.web07-pub?0,https://www.bundesanzeiger.de/pub/de/suche;wwwsid=627BFD7A56A5CB624C47FDDEAB2FC509.web07-pub?0,1620591103,16:11:43,20210509
6,2017-06-30,DGR.DE,EUR,2017-06-30,2017-06-30,Q2,1156556.1575,43899.78,1112656.3775,0.9620426732283426,0.0,0.0,0.0,0.0,595091.805,1131645.815,529.515,34143.985,59054.3275,0.0510604929272533,24910.3425,0.021538376963766242,0.0,451970.33,0.3907897831584542,148165.57,303804.76,0.2626805088796564,0.189878,0.189878,1600000.0,1600000.0,https://www.bundesanzeiger.de/pub/de/suche;wwwsid=627BFD7A56A5CB624C47FDDEAB2FC509.web07-pub?0,https://www.bundesanzeiger.de/pub/de/suche;wwwsid=627BFD7A56A5CB624C47FDDEAB2FC509.web07-pub?0,1620591103,16:11:43,20210509
7,2017-03-31,DGR.DE,EUR,2017-03-31,2017-03-31,Q1,1156556.1575,43899.78,1112656.3775,0.9620426732283426,0.0,0.0,0.0,0.0,595091.805,1131645.815,529.515,34143.985,59054.3275,0.0510604929272533,24910.3425,0.021538376963766242,0.0,451970.33,0.3907897831584542,148165.57,303804.76,0.2626805088796564,0.189878,0.189878,1600000.0,1600000.0,https://www.bundesanzeiger.de/pub/de/suche;wwwsid=627BFD7A56A5CB624C47FDDEAB2FC509.web07-pub?0,https://www.bundesanzeiger.de/pub/de/suche;wwwsid=627BFD7A56A5CB624C47FDDEAB2FC509.web07-pub?0,1620591103,16:11:43,20210509
8,2017-01-31,DGR.DE,EUR,2017-01-31,2017-01-31,Q1,1156556.1575,43899.78,1112656.3775,0.9620426732283426,0.0,0.0,0.0,0.0,595091.805,1131645.815,529.515,34143.985,59054.3275,0.0510604929272533,24910.3425,0.021538376963766242,0.0,451970.33,0.3907897831584542,148165.57,303804.76,0.2626805088796564,0.189878,0.189878,1600000.0,1600000.0,https://www.bundesanzeiger.de/pub/de/suche;wwwsid=627BFD7A56A5CB624C47FDDEAB2FC509.web07-pub?0,https://www.bundesanzeiger.de/pub/de/suche;wwwsid=627BFD7A56A5CB624C47FDDEAB2FC509.web07-pub?0,1620591103,16:11:43,20210509
9,2016-06-30,DGR.DE,EUR,2016-06-30,2016-06-30,Q2,1014277.1775,40209.6575,974067.52,0.960356342041424,0.0,0.0,0.0,0.0,515328.6125,1005637.3875,286.45,20922.6,29562.39,0.029146263620823707,8639.79,0.008518174510537088,0.0,438792.68,0.4326161425435406,145691.255,293101.425,0.2889756680934487,0.1831885,0.1831885,1600000.0,1600000.0,https://www.bundesanzeiger.de/pub/de/suche;wwwsid=627BFD7A56A5CB624C47FDDEAB2FC509.web07-pub?0,https://www.bundesanzeiger.de/pub/de/suche;wwwsid=627BFD7A56A5CB624C47FDDEAB2FC509.web07-pub?0,1620591103,16:11:43,20210509
10,2016-03-31,DGR.DE,EUR,2016-03-31,2016-03-31,Q1,1014277.1775,40209.6575,974067.52,0.960356342041424,0.0,0.0,0.0,0.0,515328.6125,1005637.3875,286.45,20922.6,29562.39,0.029146263620823707,8639.79,0.008518174510537088,0.0,438792.68,0.4326161425435406,145691.255,293101.425,0.2889756680934487,0.1831885,0.1831885,1600000.0,1600000.0,https://www.bundesanzeiger.de/pub/de/suche;wwwsid=627BFD7A56A5CB624C47FDDEAB2FC509.web07-pub?0,https://www.bundesanzeiger.de/pub/de/suche;wwwsid=627BFD7A56A5CB624C47FDDEAB2FC509.web07-pub?0,1620591103,16:11:43,20210509
11,2016-01-31,DGR.DE,EUR,2016-01-31,2016-01-31,Q1,1014277.1775,40209.6575,974067.52,0.960356342041424,0.0,0.0,0.0,0.0,515328.6125,1005637.3875,286.45,20922.6,29562.39,0.029146263620823707,8639.79,0.008518174510537088,0.0,438792.68,0.4326161425435406,145691.255,293101.425,0.2889756680934487,0.1831885,0.1831885,1600000.0,1600000.0,https://www.bundesanzeiger.de/pub/de/suche;wwwsid=627BFD7A56A5CB624C47FDDEAB2FC509.web07-pub?0,https://www.bundesanzeiger.de/pub/de/suche;wwwsid=627BFD7A56A5CB624C47FDDEAB2FC509.web07-pub?0,1620591103,16:11:43,20210509
12,2015-09-30,DGR.DE,EUR,2015-09-30,2015-09-30,Q3,880030.6575,46841.4425,833189.215,0.9467729423960437,0.0,0.0,0.0,0.0,483341.475,848907.0175,248.9025,18125.87,49249.509999999995,0.05596340261589125,31123.64,0.03536654062531907,0.0,413039.5325,0.4693467539794203,130900.7025,282138.83,0.3206011376938877,0.17633675,0.17633675,1600000.0,1600000.0,https://www.bundesanzeiger.de/pub/de/suche;wwwsid=627BFD7A56A5CB624C47FDDEAB2FC509.web07-pub?0,https://www.bundesanzeiger.de/pub/de/suche;wwwsid=627BFD7A56A5CB624C47FDDEAB2FC509.web07-pub?0,1620591103,16:11:43,20210509
13,2015-06-30,DGR.DE,EUR,2015-06-30,2015-06-30,Q2,880030.6575,46841.4425,833189.215,0.9467729423960437,0.0,0.0,0.0,0.0,483341.475,848907.0175,248.9025,18125.87,49249.509999999995,0.05596340261589125,31123.64,0.03536654062531907,0.0,413039.5325,0.4693467539794203,130900.7025,282138.83,0.3206011376938877,0.17633675,0.17633675,1600000.0,1600000.0,https://www.bundesanzeiger.de/pub/de/suche;wwwsid=627BFD7A56A5CB624C47FDDEAB2FC509.web07-pub?0,https://www.bundesanzeiger.de/pub/de/suche;wwwsid=627BFD7A56A5CB624C47FDDEAB2FC509.web07-pub?0,1620591103,16:11:43,20210509
14,2015-03-31,DGR.DE,EUR,2015-03-31,2015-03-31,Q1,880030.6575,46841.4425,833189.215,0.9467729423960437,0.0,0.0,0.0,0.0,483341.475,848907.0175,248.9025,18125.87,49249.509999999995,0.05596340261589125,31123.64,0.03536654062531907,0.0,413039.5325,0.4693467539794203,130900.7025,282138.83,0.3206011376938877,0.17633675,0.17633675,1600000.0,1600000.0,https://www.bundesanzeiger.de/pub/de/suche;wwwsid=627BFD7A56A5CB624C47FDDEAB2FC509.web07-pub?0,https://www.bundesanzeiger.de/pub/de/suche;wwwsid=627BFD7A56A5CB624C47FDDEAB2FC509.web07-pub?0,1620591103,16:11:43,20210509
15,2015-01-31,DGR.DE,EUR,2015-01-31,2015-01-31,Q1,880030.6575,46841.4425,833189.215,0.9467729423960437,0.0,0.0,0.0,0.0,483341.475,848907.0175,248.9025,18125.87,49249.509999999995,0.05596340261589125,31123.64,0.03536654062531907,0.0,413039.5325,0.4693467539794203,130900.7025,282138.83,0.3206011376938877,0.17633675,0.17633675,1600000.0,1600000.0,https://www.bundesanzeiger.de/pub/de/suche;wwwsid=627BFD7A56A5CB624C47FDDEAB2FC509.web07-pub?0,https://www.bundesanzeiger.de/pub/de/suche;wwwsid=627BFD7A56A5CB624C47FDDEAB2FC509.web07-pub?0,1620591103,16:11:43,20210509
16,2014-09-30,DGR.DE,EUR,2014-09-30,2014-09-30,Q3,950559.055,56176.2775,894382.7775,0.9409018543303445,0.0,0.0,0.0,0.0,535576.04,923817.3925,26.5425,18365.06,45106.7225,0.0474528355316125,26741.6625,0.028132562999991617,0.0,401749.7925,0.4226458002654027,139730.0725,262019.72,0.2756480185231627,0.16376225,0.16376225,1600000.0,1600000.0,https://www.bundesanzeiger.de/pub/de/suche;wwwsid=627BFD7A56A5CB624C47FDDEAB2FC509.web07-pub?0,https://www.bundesanzeiger.de/pub/de/suche;wwwsid=627BFD7A56A5CB624C47FDDEAB2FC509.web07-pub?0,1620591103,16:11:43,20210509
17,2014-06-30,DGR.DE,EUR,2014-06-30,2014-06-30,Q2,950559.055,56176.2775,894382.7775,0.9409018543303445,0.0,0.0,0.0,0.0,535576.04,923817.3925,26.5425,18365.06,45106.7225,0.0474528355316125,26741.6625,0.028132562999991617,0.0,401749.7925,0.4226458002654027,139730.0725,262019.72,0.2756480185231627,0.16376225,0.16376225,1600000.0,1600000.0,https://www.bundesanzeiger.de/pub/de/suche;wwwsid=627BFD7A56A5CB624C47FDDEAB2FC509.web07-pub?0,https://www.bundesanzeiger.de/pub/de/suche;wwwsid=627BFD7A56A5CB624C47FDDEAB2FC509.web07-pub?0,1620591103,16:11:43,20210509
18,2014-03-31,DGR.DE,EUR,2014-03-31,2014-03-31,Q1,950559.055,56176.2775,894382.7775,0.9409018543303445,0.0,0.0,0.0,0.0,535576.04,923817.3925,26.5425,18365.06,45106.7225,0.0474528355316125,26741.6625,0.028132562999991617,0.0,401749.7925,0.4226458002654027,139730.0725,262019.72,0.2756480185231627,0.16376225,0.16376225,1600000.0,1600000.0,https://www.bundesanzeiger.de/pub/de/suche;wwwsid=627BFD7A56A5CB624C47FDDEAB2FC509.web07-pub?0,https://www.bundesanzeiger.de/pub/de/suche;wwwsid=627BFD7A56A5CB624C47FDDEAB2FC509.web07-pub?0,1620591103,16:11:43,20210509
19,2014-01-31,DGR.DE,EUR,2014-01-31,2014-01-31,Q1,950559.055,56176.2775,894382.7775,0.9409018543303445,0.0,0.0,0.0,0.0,535576.04,923817.3925,26.5425,18365.06,45106.7225,0.0474528355316125,26741.6625,0.028132562999991617,0.0,401749.7925,0.4226458002654027,139730.0725,262019.72,0.2756480185231627,0.16376225,0.16376225,1600000.0,1600000.0,https://www.bundesanzeiger.de/pub/de/suche;wwwsid=627BFD7A56A5CB624C47FDDEAB2FC509.web07-pub?0,https://www.bundesanzeiger.de/pub/de/suche;wwwsid=627BFD7A56A5CB624C47FDDEAB2FC509.web07-pub?0,1620591103,16:11:43,20210509
20,2013-09-30,DGR.DE,EUR,2013-09-30,2013-09-30,Q3,817371.72,46841.8625,770529.8575,0.9426920930173607,0.0,0.0,0.0,255467.56,516406.6825,884542.8625,0.0,19307.505,-47863.6375,-0.05855798081685527,-67171.1425,-0.08217943055333503,0.0,215245.775,0.2633389065626102,67950.165,146944.95,0.1797773845172916,0.0918405,0.0918405,1600000.0,1600000.0,https://www.bundesanzeiger.de/pub/de/suche;wwwsid=627BFD7A56A5CB624C47FDDEAB2FC509.web07-pub?0,https://www.bundesanzeiger.de/pub/de/suche;wwwsid=627BFD7A56A5CB624C47FDDEAB2FC509.web07-pub?0,1620591103,16:11:43,20210509
21,2013-06-30,DGR.DE,EUR,2013-06-30,2013-06-30,Q2,817371.72,46841.8625,770529.8575,0.9426920930173607,0.0,0.0,0.0,255467.56,516406.6825,884542.8625,0.0,19307.505,-47863.6375,-0.05855798081685527,-67171.1425,-0.08217943055333503,0.0,215245.775,0.2633389065626102,67950.165,146944.95,0.1797773845172916,0.0918405,0.0918405,1600000.0,1600000.0,https://www.bundesanzeiger.de/pub/de/suche;wwwsid=627BFD7A56A5CB624C47FDDEAB2FC509.web07-pub?0,https://www.bundesanzeiger.de/pub/de/suche;wwwsid=627BFD7A56A5CB624C47FDDEAB2FC509.web07-pub?0,1620591103,16:11:43,20210509
22,2013-03-31,DGR.DE,EUR,2013-03-31,2013-03-31,Q1,817371.72,46841.8625,770529.8575,0.9426920930173607,0.0,0.0,0.0,255467.56,516406.6825,884542.8625,0.0,19307.505,-47863.6375,-0.05855798081685527,-67171.1425,-0.08217943055333503,0.0,215245.775,0.2633389065626102,67950.165,146944.95,0.1797773845172916,0.0918405,0.0918405,1600000.0,1600000.0,https://www.bundesanzeiger.de/pub/de/suche;wwwsid=627BFD7A56A5CB624C47FDDEAB2FC509.web07-pub?0,https://www.bundesanzeiger.de/pub/de/suche;wwwsid=627BFD7A56A5CB624C47FDDEAB2FC509.web07-pub?0,1620591103,16:11:43,20210509
23,2013-01-31,DGR.DE,EUR,2013-01-31,2013-01-31,Q1,817371.72,46841.8625,770529.8575,0.9426920930173607,0.0,0.0,0.0,255467.56,516406.6825,884542.8625,0.0,19307.505,-47863.6375,-0.05855798081685527,-67171.1425,-0.08217943055333503,0.0,215245.775,0.2633389065626102,67950.165,146944.95,0.1797773845172916,0.0918405,0.0918405,1600000.0,1600000.0,https://www.bundesanzeiger.de/pub/de/suche;wwwsid=627BFD7A56A5CB624C47FDDEAB2FC509.web07-pub?0,https://www.bundesanzeiger.de/pub/de/suche;wwwsid=627BFD7A56A5CB624C47FDDEAB2FC509.web07-pub?0,1620591103,16:11:43,20210509
24,2012-09-30,DGR.DE,EUR,2012-09-30,2012-09-30,Q3,1000320.4475,50909.065,949411.3825,0.9491072434566024,0.0,0.0,0.0,205181.9525,538003.2725,599656.695,0.0,19877.7,420541.4525,0.42040673421303826,400663.7525,0.40053540193178944,0.0,623013.4975,0.6228139183369038,99643.715,523369.7825,0.5232021236874697,0.327106,0.327106,1600000.0,1600000.0,https://www.bundesanzeiger.de/pub/de/suche;wwwsid=627BFD7A56A5CB624C47FDDEAB2FC509.web07-pub?0,https://www.bundesanzeiger.de/pub/de/suche;wwwsid=627BFD7A56A5CB624C47FDDEAB2FC509.web07-pub?0,1620591103,16:11:43,20210509
25,2012-06-30,DGR.DE,EUR,2012-06-30,2012-06-30,Q2,1000320.4475,50909.065,949411.3825,0.9491072434566024,0.0,0.0,0.0,205181.9525,538003.2725,599656.695,0.0,19877.7,420541.4525,0.42040673421303826,400663.7525,0.40053540193178944,0.0,623013.4975,0.6228139183369038,99643.715,523369.7825,0.5232021236874697,0.327106,0.327106,1600000.0,1600000.0,https://www.bundesanzeiger.de/pub/de/suche;wwwsid=627BFD7A56A5CB624C47FDDEAB2FC509.web07-pub?0,https://www.bundesanzeiger.de/pub/de/suche;wwwsid=627BFD7A56A5CB624C47FDDEAB2FC509.web07-pub?0,1620591103,16:11:43,20210509
26,2012-03-31,DGR.DE,EUR,2012-03-31,2012-03-31,Q1,1000320.4475,50909.065,949411.3825,0.9491072434566024,0.0,0.0,0.0,205181.9525,538003.2725,599656.695,0.0,19877.7,420541.4525,0.42040673421303826,400663.7525,0.40053540193178944,0.0,623013.4975,0.6228139183369038,99643.715,523369.7825,0.5232021236874697,0.327106,0.327106,1600000.0,1600000.0,https://www.bundesanzeiger.de/pub/de/suche;wwwsid=627BFD7A56A5CB624C47FDDEAB2FC509.web07-pub?0,https://www.bundesanzeiger.de/pub/de/suche;wwwsid=627BFD7A56A5CB624C47FDDEAB2FC509.web07-pub?0,1620591103,16:11:43,20210509
27,2012-01-31,DGR.DE,EUR,2012-01-31,2012-01-31,Q1,1000320.4475,50909.065,949411.3825,0.9491072434566024,0.0,0.0,0.0,205181.9525,538003.2725,599656.695,0.0,19877.7,420541.4525,0.42040673421303826,400663.7525,0.40053540193178944,0.0,623013.4975,0.6228139183369038,99643.715,523369.7825,0.5232021236874697,0.327106,0.327106,1600000.0,1600000.0,https://www.bundesanzeiger.de/pub/de/suche;wwwsid=627BFD7A56A5CB624C47FDDEAB2FC509.web07-pub?0,https://www.bundesanzeiger.de/pub/de/suche;wwwsid=627BFD7A56A5CB624C47FDDEAB2FC509.web07-pub?0,1620591103,16:11:43,20210509
28,2011-09-30,DGR.DE,EUR,2011-09-30,2011-09-30,Q3,1195073.4625,63434.7,1131638.7625,0.9469198321354241,0.0,0.0,0.0,290030.255,561199.355,971810.6925,2359.905,20404.37,243667.13999999998,0.20389302218314467,223262.77,0.1868192851784624,0.0,536640.5375,0.4490439745665426,188932.505,347708.0325,0.2909511786602826,0.2173175,0.2173175,1600000.0,1600000.0,https://www.bundesanzeiger.de/pub/de/suche;wwwsid=627BFD7A56A5CB624C47FDDEAB2FC509.web07-pub?0,https://www.bundesanzeiger.de/pub/de/suche;wwwsid=627BFD7A56A5CB624C47FDDEAB2FC509.web07-pub?0,1620591103,16:11:43,20210509
29,2011-06-30,DGR.DE,EUR,2011-06-30,2011-06-30,Q2,1195073.4625,63434.7,1131638.7625,0.9469198321354241,0.0,0.0,0.0,290030.255,561199.355,971810.6925,2359.905,20404.37,243667.13999999998,0.20389302218314467,223262.77,0.1868192851784624,0.0,536640.5375,0.4490439745665426,188932.505,347708.0325,0.2909511786602826,0.2173175,0.2173175,1600000.0,1600000.0,https://www.bundesanzeiger.de/pub/de/suche;wwwsid=627BFD7A56A5CB624C47FDDEAB2FC509.web07-pub?0,https://www.bundesanzeiger.de/pub/de/suche;wwwsid=627BFD7A56A5CB624C47FDDEAB2FC509.web07-pub?0,1620591103,16:11:43,20210509
30,2011-03-31,DGR.DE,EUR,2011-03-31,2011-03-31,Q1,1195073.4625,63434.7,1131638.7625,0.9469198321354241,0.0,0.0,0.0,290030.255,561199.355,971810.6925,2359.905,20404.37,243667.13999999998,0.20389302218314467,223262.77,0.1868192851784624,0.0,536640.5375,0.4490439745665426,188932.505,347708.0325,0.2909511786602826,0.2173175,0.2173175,1600000.0,1600000.0,https://www.bundesanzeiger.de/pub/de/suche;wwwsid=627BFD7A56A5CB624C47FDDEAB2FC509.web07-pub?0,https://www.bundesanzeiger.de/pub/de/suche;wwwsid=627BFD7A56A5CB624C47FDDEAB2FC509.web07-pub?0,1620591103,16:11:43,20210509
31,2011-01-31,DGR.DE,EUR,2011-01-31,2011-01-31,Q1,1195073.4625,63434.7,1131638.7625,0.9469198321354241,0.0,0.0,0.0,290030.255,561199.355,971810.6925,2359.905,20404.37,243667.13999999998,0.20389302218314467,223262.77,0.1868192851784624,0.0,536640.5375,0.4490439745665426,188932.505,347708.0325,0.2909511786602826,0.2173175,0.2173175,1600000.0,1600000.0,https://www.bundesanzeiger.de/pub/de/suche;wwwsid=627BFD7A56A5CB624C47FDDEAB2FC509.web07-pub?0,https://www.bundesanzeiger.de/pub/de/suche;wwwsid=627BFD7A56A5CB624C47FDDEAB2FC509.web07-pub?0,1620591103,16:11:43,20210509
32,2010-09-30,DGR.DE,EUR,2010-09-30,2010-09-30,Q3,930482.5775,61951.5,868531.0775,0.9334200322520279,0.0,0.0,0.0,0.0,506456.2175,866728.3125,0.0,22305.9725,86060.2375,0.09248989672780843,63754.265,0.06851741939251947,0.0,342983.505,0.36860819675046524,86880.56,256102.945,0.27523669028612197,0.16006425,0.16006425,1600000.0,1600000.0,https://www.bundesanzeiger.de/pub/de/suche;wwwsid=627BFD7A56A5CB624C47FDDEAB2FC509.web07-pub?0,https://www.bundesanzeiger.de/pub/de/suche;wwwsid=627BFD7A56A5CB624C47FDDEAB2FC509.web07-pub?0,1620591103,16:11:43,20210509
33,2010-06-30,DGR.DE,EUR,2010-06-30,2010-06-30,Q2,930482.5775,61951.5,868531.0775,0.9334200322520279,0.0,0.0,0.0,0.0,506456.2175,866728.3125,0.0,22305.9725,86060.2375,0.09248989672780843,63754.265,0.06851741939251947,0.0,342983.505,0.36860819675046524,86880.56,256102.945,0.27523669028612197,0.16006425,0.16006425,1600000.0,1600000.0,https://www.bundesanzeiger.de/pub/de/suche;wwwsid=627BFD7A56A5CB624C47FDDEAB2FC509.web07-pub?0,https://www.bundesanzeiger.de/pub/de/suche;wwwsid=627BFD7A56A5CB624C47FDDEAB2FC509.web07-pub?0,1620591103,16:11:43,20210509
34,2010-03-31,DGR.DE,EUR,2010-03-31,2010-03-31,Q1,930482.5775,61951.5,868531.0775,0.9334200322520279,0.0,0.0,0.0,0.0,506456.2175,866728.3125,0.0,22305.9725,86060.2375,0.09248989672780843,63754.265,0.06851741939251947,0.0,342983.505,0.36860819675046524,86880.56,256102.945,0.27523669028612197,0.16006425,0.16006425,1600000.0,1600000.0,https://www.bundesanzeiger.de/pub/de/suche;wwwsid=627BFD7A56A5CB624C47FDDEAB2FC509.web07-pub?0,https://www.bundesanzeiger.de/pub/de/suche;wwwsid=627BFD7A56A5CB624C47FDDEAB2FC509.web07-pub?0,1620591103,16:11:43,20210509
35,2010-01-31,DGR.DE,EUR,2010-01-31,2010-01-31,Q1,930482.5775,61951.5,868531.0775,0.9334200322520279,0.0,0.0,0.0,0.0,506456.2175,866728.3125,0.0,22305.9725,86060.2375,0.09248989672780843,63754.265,0.06851741939251947,0.0,342983.505,0.36860819675046524,86880.56,256102.945,0.27523669028612197,0.16006425,0.16006425,1600000.0,1600000.0,https://www.bundesanzeiger.de/pub/de/suche;wwwsid=627BFD7A56A5CB624C47FDDEAB2FC509.web07-pub?0,https://www.bundesanzeiger.de/pub/de/suche;wwwsid=627BFD7A56A5CB624C47FDDEAB2FC509.web07-pub?0,1620591103,16:11:43,20210509
36,2009-09-30,DGR.DE,EUR,2009-09-30,2009-09-30,Q3,925034.17,71807.69,853226.48,0.9223729324507006,0.0,0.0,0.0,0.0,521413.94,998729.385,0.0,28529.7725,-45165.4425,-0.048825701757590205,-73695.215,-0.07966755973998235,0.0,55652.7825,0.060162947818457345,18123.0475,37529.735,0.04057118776488008,0.023456,0.023456,1600000.0,1600000.0,https://www.bundesanzeiger.de/pub/de/suche;wwwsid=627BFD7A56A5CB624C47FDDEAB2FC509.web07-pub?0,https://www.bundesanzeiger.de/pub/de/suche;wwwsid=627BFD7A56A5CB624C47FDDEAB2FC509.web07-pub?0,1620591103,16:11:43,20210509
37,2009-06-30,DGR.DE,EUR,2009-06-30,2009-06-30,Q2,925034.17,71807.69,853226.48,0.9223729324507006,0.0,0.0,0.0,0.0,521413.94,998729.385,0.0,28529.7725,-45165.4425,-0.048825701757590205,-73695.215,-0.07966755973998235,0.0,55652.7825,0.060162947818457345,18123.0475,37529.735,0.04057118776488008,0.023456,0.023456,1600000.0,1600000.0,https://www.bundesanzeiger.de/pub/de/suche;wwwsid=627BFD7A56A5CB624C47FDDEAB2FC509.web07-pub?0,https://www.bundesanzeiger.de/pub/de/suche;wwwsid=627BFD7A56A5CB624C47FDDEAB2FC509.web07-pub?0,1620591103,16:11:43,20210509
38,2009-03-31,DGR.DE,EUR,2009-03-31,2009-03-31,Q1,925034.17,71807.69,853226.48,0.9223729324507006,0.0,0.0,0.0,0.0,521413.94,998729.385,0.0,28529.7725,-45165.4425,-0.048825701757590205,-73695.215,-0.07966755973998235,0.0,55652.7825,0.060162947818457345,18123.0475,37529.735,0.04057118776488008,0.023456,0.023456,1600000.0,1600000.0,https://www.bundesanzeiger.de/pub/de/suche;wwwsid=627BFD7A56A5CB624C47FDDEAB2FC509.web07-pub?0,https://www.bundesanzeiger.de/pub/de/suche;wwwsid=627BFD7A56A5CB624C47FDDEAB2FC509.web07-pub?0,1620591103,16:11:43,20210509
39,2009-01-31,DGR.DE,EUR,2009-01-31,2009-01-31,Q1,925034.17,71807.69,853226.48,0.9223729324507006,0.0,0.0,0.0,0.0,521413.94,998729.385,0.0,28529.7725,-45165.4425,-0.048825701757590205,-73695.215,-0.07966755973998235,0.0,55652.7825,0.060162947818457345,18123.0475,37529.735,0.04057118776488008,0.023456,0.023456,1600000.0,1600000.0,https://www.bundesanzeiger.de/pub/de/suche;wwwsid=627BFD7A56A5CB624C47FDDEAB2FC509.web07-pub?0,https://www.bundesanzeiger.de/pub/de/suche;wwwsid=627BFD7A56A5CB624C47FDDEAB2FC509.web07-pub?0,1620591103,16:11:43,20210509
40,2008-09-30,DGR.DE,EUR,2008-09-30,2008-09-30,Q3,1074257.03,95736.8425,978520.1875,0.9108808787595274,0.0,0.0,0.0,0.0,572968.755,856218.2675,0.0,32488.81,250527.5725,0.2332100842756412,218038.7625,0.20296703341098918,0.0,260162.1725,0.24217870140444878,86950.485,173211.6875,0.1612385887760958,0.10825725,0.10825725,1600000.0,1600000.0,https://www.bundesanzeiger.de/pub/de/suche;wwwsid=627BFD7A56A5CB624C47FDDEAB2FC509.web07-pub?0,https://www.bundesanzeiger.de/pub/de/suche;wwwsid=627BFD7A56A5CB624C47FDDEAB2FC509.web07-pub?0,1620591103,16:11:43,20210509
41,2008-06-30,DGR.DE,EUR,2008-06-30,2008-06-30,Q2,1074257.03,95736.8425,978520.1875,0.9108808787595274,0.0,0.0,0.0,0.0,572968.755,856218.2675,0.0,32488.81,250527.5725,0.2332100842756412,218038.7625,0.20296703341098918,0.0,260162.1725,0.24217870140444878,86950.485,173211.6875,0.1612385887760958,0.10825725,0.10825725,1600000.0,1600000.0,https://www.bundesanzeiger.de/pub/de/suche;wwwsid=627BFD7A56A5CB624C47FDDEAB2FC509.web07-pub?0,https://www.bundesanzeiger.de/pub/de/suche;wwwsid=627BFD7A56A5CB624C47FDDEAB2FC509.web07-pub?0,1620591103,16:11:43,20210509
42,2008-03-31,DGR.DE,EUR,2008-03-31,2008-03-31,Q1,1074257.03,95736.8425,978520.1875,0.9108808787595274,0.0,0.0,0.0,0.0,572968.755,856218.2675,0.0,32488.81,250527.5725,0.2332100842756412,218038.7625,0.20296703341098918,0.0,260162.1725,0.24217870140444878,86950.485,173211.6875,0.1612385887760958,0.10825725,0.10825725,1600000.0,1600000.0,https://www.bundesanzeiger.de/pub/de/suche;wwwsid=627BFD7A56A5CB624C47FDDEAB2FC509.web07-pub?0,https://www.bundesanzeiger.de/pub/de/suche;wwwsid=627BFD7A56A5CB624C47FDDEAB2FC509.web07-pub?0,1620591103,16:11:43,20210509
43,2008-01-31,DGR.DE,EUR,2008-01-31,2008-01-31,Q1,1074257.03,95736.8425,978520.1875,0.9108808787595274,0.0,0.0,0.0,0.0,572968.755,856218.2675,0.0,32488.81,250527.5725,0.2332100842756412,218038.7625,0.20296703341098918,0.0,260162.1725,0.24217870140444878,86950.485,173211.6875,0.1612385887760958,0.10825725,0.10825725,1600000.0,1600000.0,https://www.bundesanzeiger.de/pub/de/suche;wwwsid=627BFD7A56A5CB624C47FDDEAB2FC509.web07-pub?0,https://www.bundesanzeiger.de/pub/de/suche;wwwsid=627BFD7A56A5CB624C47FDDEAB2FC509.web07-pub?0,1620591103,16:11:43,20210509
44,2007-09-30,DGR.DE,EUR,2007-09-30,2007-09-30,Q3,1724754.005,89528.6825,1635225.3225,0.9480919120985025,0.0,0.0,0.0,0.0,647080.2325,972991.825,0.0,26171.67,777933.8500000001,0.4510404659127028,751762.18,0.4358663193827459,0.0,789876.08,0.4579644852020506,305221.19,484654.89,0.2809994286692496,0.30290930625,0.30290930625,1600000.0,1600000.0,https://www.bundesanzeiger.de/pub/de/suche;wwwsid=627BFD7A56A5CB624C47FDDEAB2FC509.web07-pub?0,https://www.bundesanzeiger.de/pub/de/suche;wwwsid=627BFD7A56A5CB624C47FDDEAB2FC509.web07-pub?0,1620591103,16:11:43,20210509
45,2007-06-30,DGR.DE,EUR,2007-06-30,2007-06-30,Q2,1724754.005,89528.6825,1635225.3225,0.9480919120985025,0.0,0.0,0.0,0.0,647080.2325,972991.825,0.0,26171.67,777933.8500000001,0.4510404659127028,751762.18,0.4358663193827459,0.0,789876.08,0.4579644852020506,305221.19,484654.89,0.2809994286692496,0.30290930625,0.30290930625,1600000.0,1600000.0,https://www.bundesanzeiger.de/pub/de/suche;wwwsid=627BFD7A56A5CB624C47FDDEAB2FC509.web07-pub?0,https://www.bundesanzeiger.de/pub/de/suche;wwwsid=627BFD7A56A5CB624C47FDDEAB2FC509.web07-pub?0,1620591103,16:11:43,20210509
46,2007-03-31,DGR.DE,EUR,2007-03-31,2007-03-31,Q1,1724754.005,89528.6825,1635225.3225,0.9480919120985025,0.0,0.0,0.0,0.0,647080.2325,972991.825,0.0,26171.67,777933.8500000001,0.4510404659127028,751762.18,0.4358663193827459,0.0,789876.08,0.4579644852020506,305221.19,484654.89,0.2809994286692496,0.30290930625,0.30290930625,1600000.0,1600000.0,https://www.bundesanzeiger.de/pub/de/suche;wwwsid=627BFD7A56A5CB624C47FDDEAB2FC509.web07-pub?0,https://www.bundesanzeiger.de/pub/de/suche;wwwsid=627BFD7A56A5CB624C47FDDEAB2FC509.web07-pub?0,1620591103,16:11:43,20210509
47,2007-01-31,DGR.DE,EUR,2007-01-31,2007-01-31,Q1,1724754.005,89528.6825,1635225.3225,0.9480919120985025,0.0,0.0,0.0,0.0,647080.2325,972991.825,0.0,26171.67,777933.8500000001,0.4510404659127028,751762.18,0.4358663193827459,0.0,789876.08,0.4579644852020506,305221.19,484654.89,0.2809994286692496,0.30290930625,0.30290930625,1600000.0,1600000.0,https://www.bundesanzeiger.de/pub/de/suche;wwwsid=627BFD7A56A5CB624C47FDDEAB2FC509.web07-pub?0,https://www.bundesanzeiger.de/pub/de/suche;wwwsid=627BFD7A56A5CB624C47FDDEAB2FC509.web07-pub?0,1620591103,16:11:43,20210509
