,date,symbol,reportedCurrency,fillingDate,acceptedDate,period,revenue,costOfRevenue,grossProfit,grossProfitRatio,researchAndDevelopmentExpenses,generalAndAdministrativeExpenses,sellingAndMarketingExpenses,otherExpenses,operatingExpenses,costAndExpenses,interestExpense,depreciationAndAmortization,ebitda,ebitdaratio,operatingIncome,operatingIncomeRatio,totalOtherIncomeExpensesNet,incomeBeforeTax,incomeBeforeTaxRatio,incomeTaxExpense,netIncome,netIncomeRatio,eps,epsdiluted,weightedAverageShsOut,weightedAverageShsOutDil,link,finalLink,timestamp,est_time,est_date
0,2020-09-30,DDV1.L,GBP,2020-09-30,2020-09-30,Q3,-5204000.0,0.0,0.0,0.0,0.0,204500.0,0.0,0.0,543500.0,0.0,0.0,0.0,0.0,0.0,0.0,0.0,0.0,-5954000.0,1.1441199077632591,0.0,-5954000.0,1.1441199077632591,-0.04460763951153511,-0.04460763951153511,133474895.0,133474895.0,https://find-and-update.company-information.service.gov.uk/search/companies?q=Downing+One+VCT+PLC,https://find-and-update.company-information.service.gov.uk/search/companies?q=Downing+One+VCT+PLC,1620591044,16:10:44,20210509
1,2020-06-30,DDV1.L,GBP,2020-06-30,2020-06-30,Q2,-5204000.0,0.0,0.0,0.0,0.0,204500.0,0.0,0.0,543500.0,0.0,0.0,0.0,0.0,0.0,0.0,0.0,0.0,-5954000.0,1.1441199077632591,0.0,-5954000.0,1.1441199077632591,-0.04460763951153511,-0.04460763951153511,133474895.0,133474895.0,https://find-and-update.company-information.service.gov.uk/search/companies?q=Downing+One+VCT+PLC,https://find-and-update.company-information.service.gov.uk/search/companies?q=Downing+One+VCT+PLC,1620591044,16:10:44,20210509
2,2020-03-31,DDV1.L,GBP,2020-03-31,2020-03-31,Q1,-5204000.0,0.0,0.0,0.0,0.0,204500.0,0.0,0.0,543500.0,0.0,0.0,0.0,0.0,0.0,0.0,0.0,0.0,-5954000.0,1.1441199077632591,0.0,-5954000.0,1.1441199077632591,-0.04460763951153511,-0.04460763951153511,133474895.0,133474895.0,https://find-and-update.company-information.service.gov.uk/search/companies?q=Downing+One+VCT+PLC,https://find-and-update.company-information.service.gov.uk/search/companies?q=Downing+One+VCT+PLC,1620591044,16:10:44,20210509
3,2020-01-31,DDV1.L,GBP,2020-01-31,2020-01-31,Q1,-5204000.0,0.0,0.0,0.0,0.0,204500.0,0.0,0.0,543500.0,0.0,0.0,0.0,0.0,0.0,0.0,0.0,0.0,-5954000.0,1.1441199077632591,0.0,-5954000.0,1.1441199077632591,-0.04460763951153511,-0.04460763951153511,133474895.0,133474895.0,https://find-and-update.company-information.service.gov.uk/search/companies?q=Downing+One+VCT+PLC,https://find-and-update.company-information.service.gov.uk/search/companies?q=Downing+One+VCT+PLC,1620591044,16:10:44,20210509
4,2019-06-30,DDV1.L,GBP,2019-06-30,2019-06-30,Q2,-885000.0,0.0,0.0,0.0,0.0,181000.0,0.0,0.0,2000.0,0.0,0.0,0.0,0.0,0.0,0.0,0.0,0.0,-1068000.0,1.2067796610169492,0.0,-1068000.0,1.2067796610169492,-0.008,-0.008,133474895.0,133474895.0,https://find-and-update.company-information.service.gov.uk/search/companies?q=Downing+One+VCT+PLC,https://find-and-update.company-information.service.gov.uk/search/companies?q=Downing+One+VCT+PLC,1620591044,16:10:44,20210509
5,2019-03-31,DDV1.L,GBP,2019-03-31,2019-03-31,Q1,-885000.0,0.0,0.0,0.0,0.0,181000.0,0.0,0.0,2000.0,0.0,0.0,0.0,0.0,0.0,0.0,0.0,0.0,-1068000.0,1.2067796610169492,0.0,-1068000.0,1.2067796610169492,-0.008,-0.008,133474895.0,133474895.0,https://find-and-update.company-information.service.gov.uk/search/companies?q=Downing+One+VCT+PLC,https://find-and-update.company-information.service.gov.uk/search/companies?q=Downing+One+VCT+PLC,1620591044,16:10:44,20210509
6,2019-01-31,DDV1.L,GBP,2019-01-31,2019-01-31,Q1,-885000.0,0.0,0.0,0.0,0.0,181000.0,0.0,0.0,2000.0,0.0,0.0,0.0,0.0,0.0,0.0,0.0,0.0,-1068000.0,1.2067796610169492,0.0,-1068000.0,1.2067796610169492,-0.008,-0.008,133474895.0,133474895.0,https://find-and-update.company-information.service.gov.uk/search/companies?q=Downing+One+VCT+PLC,https://find-and-update.company-information.service.gov.uk/search/companies?q=Downing+One+VCT+PLC,1620591044,16:10:44,20210509
7,2018-06-30,DDV1.L,GBP,2018-06-30,2018-06-30,Q2,1381000.0,0.0,0.0,0.0,0.0,170500.0,0.0,0.0,1250.0,0.0,0.0,0.0,0.0,0.0,0.0,0.0,0.0,1209250.0,0.8756335988414192,0.0,1209250.0,0.8756335988414192,0.0115,0.0115,105306924.0,105306924.0,https://find-and-update.company-information.service.gov.uk/search/companies?q=Downing+One+VCT+PLC,https://find-and-update.company-information.service.gov.uk/search/companies?q=Downing+One+VCT+PLC,1620591044,16:10:44,20210509
8,2018-03-31,DDV1.L,GBP,2018-03-31,2018-03-31,Q1,1381000.0,0.0,0.0,0.0,0.0,170500.0,0.0,0.0,1250.0,0.0,0.0,0.0,0.0,0.0,0.0,0.0,0.0,1209250.0,0.8756335988414192,0.0,1209250.0,0.8756335988414192,0.0115,0.0115,105306924.0,105306924.0,https://find-and-update.company-information.service.gov.uk/search/companies?q=Downing+One+VCT+PLC,https://find-and-update.company-information.service.gov.uk/search/companies?q=Downing+One+VCT+PLC,1620591044,16:10:44,20210509
9,2018-01-31,DDV1.L,GBP,2018-01-31,2018-01-31,Q1,1381000.0,0.0,0.0,0.0,0.0,170500.0,0.0,0.0,1250.0,0.0,0.0,0.0,0.0,0.0,0.0,0.0,0.0,1209250.0,0.8756335988414192,0.0,1209250.0,0.8756335988414192,0.0115,0.0115,105306924.0,105306924.0,https://find-and-update.company-information.service.gov.uk/search/companies?q=Downing+One+VCT+PLC,https://find-and-update.company-information.service.gov.uk/search/companies?q=Downing+One+VCT+PLC,1620591044,16:10:44,20210509
10,2017-06-30,DDV1.L,GBP,2017-06-30,2017-06-30,Q2,733250.0,0.0,0.0,0.0,0.0,161750.0,0.0,0.0,1250.0,0.0,0.0,0.0,0.0,0.0,0.0,0.0,0.0,570000.0,0.7773610637572451,0.0,570000.0,0.7773610637572451,0.00575,0.00575,101137288.0,101137288.0,https://find-and-update.company-information.service.gov.uk/search/companies?q=Downing+One+VCT+PLC,https://find-and-update.company-information.service.gov.uk/search/companies?q=Downing+One+VCT+PLC,1620591044,16:10:44,20210509
11,2017-03-31,DDV1.L,GBP,2017-03-31,2017-03-31,Q1,733250.0,0.0,0.0,0.0,0.0,161750.0,0.0,0.0,1250.0,0.0,0.0,0.0,0.0,0.0,0.0,0.0,0.0,570000.0,0.7773610637572451,0.0,570000.0,0.7773610637572451,0.00575,0.00575,101137288.0,101137288.0,https://find-and-update.company-information.service.gov.uk/search/companies?q=Downing+One+VCT+PLC,https://find-and-update.company-information.service.gov.uk/search/companies?q=Downing+One+VCT+PLC,1620591044,16:10:44,20210509
12,2017-01-31,DDV1.L,GBP,2017-01-31,2017-01-31,Q1,733250.0,0.0,0.0,0.0,0.0,161750.0,0.0,0.0,1250.0,0.0,0.0,0.0,0.0,0.0,0.0,0.0,0.0,570000.0,0.7773610637572451,0.0,570000.0,0.7773610637572451,0.00575,0.00575,101137288.0,101137288.0,https://find-and-update.company-information.service.gov.uk/search/companies?q=Downing+One+VCT+PLC,https://find-and-update.company-information.service.gov.uk/search/companies?q=Downing+One+VCT+PLC,1620591044,16:10:44,20210509
13,2016-06-30,DDV1.L,GBP,2016-06-30,2016-06-30,Q2,880000.0,0.0,0.0,0.0,0.0,177000.0,0.0,0.0,52000.0,0.0,0.0,0.0,0.0,0.0,0.0,0.0,0.0,648000.0,0.7363636363636363,0.0,648000.0,0.7363636363636363,0.0075,0.0075,85175415.0,85175415.0,https://find-and-update.company-information.service.gov.uk/search/companies?q=Downing+One+VCT+PLC,https://find-and-update.company-information.service.gov.uk/search/companies?q=Downing+One+VCT+PLC,1620591044,16:10:44,20210509
14,2016-03-31,DDV1.L,GBP,2016-03-31,2016-03-31,Q1,880000.0,0.0,0.0,0.0,0.0,177000.0,0.0,0.0,52000.0,0.0,0.0,0.0,0.0,0.0,0.0,0.0,0.0,648000.0,0.7363636363636363,0.0,648000.0,0.7363636363636363,0.0075,0.0075,85175415.0,85175415.0,https://find-and-update.company-information.service.gov.uk/search/companies?q=Downing+One+VCT+PLC,https://find-and-update.company-information.service.gov.uk/search/companies?q=Downing+One+VCT+PLC,1620591044,16:10:44,20210509
15,2016-01-31,DDV1.L,GBP,2016-01-31,2016-01-31,Q1,880000.0,0.0,0.0,0.0,0.0,177000.0,0.0,0.0,52000.0,0.0,0.0,0.0,0.0,0.0,0.0,0.0,0.0,648000.0,0.7363636363636363,0.0,648000.0,0.7363636363636363,0.0075,0.0075,85175415.0,85175415.0,https://find-and-update.company-information.service.gov.uk/search/companies?q=Downing+One+VCT+PLC,https://find-and-update.company-information.service.gov.uk/search/companies?q=Downing+One+VCT+PLC,1620591044,16:10:44,20210509
16,2015-09-30,DDV1.L,GBP,2015-09-30,2015-09-30,Q3,679250.0,0.0,0.0,0.0,0.0,171000.0,0.0,0.0,5500.0,0.0,0.0,0.0,0.0,0.0,0.0,0.0,0.0,500500.0,0.7368421052631579,0.0,500500.0,0.7368421052631579,0.0065,0.0065,76191863.0,76191863.0,https://find-and-update.company-information.service.gov.uk/search/companies?q=Downing+One+VCT+PLC,https://find-and-update.company-information.service.gov.uk/search/companies?q=Downing+One+VCT+PLC,1620591044,16:10:44,20210509
17,2015-06-30,DDV1.L,GBP,2015-06-30,2015-06-30,Q2,679250.0,0.0,0.0,0.0,0.0,171000.0,0.0,0.0,5500.0,0.0,0.0,0.0,0.0,0.0,0.0,0.0,0.0,500500.0,0.7368421052631579,0.0,500500.0,0.7368421052631579,0.0065,0.0065,76191863.0,76191863.0,https://find-and-update.company-information.service.gov.uk/search/companies?q=Downing+One+VCT+PLC,https://find-and-update.company-information.service.gov.uk/search/companies?q=Downing+One+VCT+PLC,1620591044,16:10:44,20210509
18,2015-03-31,DDV1.L,GBP,2015-03-31,2015-03-31,Q1,679250.0,0.0,0.0,0.0,0.0,171000.0,0.0,0.0,5500.0,0.0,0.0,0.0,0.0,0.0,0.0,0.0,0.0,500500.0,0.7368421052631579,0.0,500500.0,0.7368421052631579,0.0065,0.0065,76191863.0,76191863.0,https://find-and-update.company-information.service.gov.uk/search/companies?q=Downing+One+VCT+PLC,https://find-and-update.company-information.service.gov.uk/search/companies?q=Downing+One+VCT+PLC,1620591044,16:10:44,20210509
19,2015-01-31,DDV1.L,GBP,2015-01-31,2015-01-31,Q1,679250.0,0.0,0.0,0.0,0.0,171000.0,0.0,0.0,5500.0,0.0,0.0,0.0,0.0,0.0,0.0,0.0,0.0,500500.0,0.7368421052631579,0.0,500500.0,0.7368421052631579,0.0065,0.0065,76191863.0,76191863.0,https://find-and-update.company-information.service.gov.uk/search/companies?q=Downing+One+VCT+PLC,https://find-and-update.company-information.service.gov.uk/search/companies?q=Downing+One+VCT+PLC,1620591044,16:10:44,20210509
20,2014-09-30,DDV1.L,GBP,2014-09-30,2014-09-30,Q3,247250.0,0.0,0.0,0.0,0.0,113000.0,0.0,0.0,8000.0,0.0,0.0,0.0,0.0,0.0,0.0,0.0,0.0,125250.0,0.506572295247725,0.0,125250.0,0.506572295247725,0.00175,0.00175,74326968.0,74326968.0,https://find-and-update.company-information.service.gov.uk/search/companies?q=Downing+One+VCT+PLC,https://find-and-update.company-information.service.gov.uk/search/companies?q=Downing+One+VCT+PLC,1620591044,16:10:44,20210509
21,2014-06-30,DDV1.L,GBP,2014-06-30,2014-06-30,Q2,247250.0,0.0,0.0,0.0,0.0,113000.0,0.0,0.0,8000.0,0.0,0.0,0.0,0.0,0.0,0.0,0.0,0.0,125250.0,0.506572295247725,0.0,125250.0,0.506572295247725,0.00175,0.00175,74326968.0,74326968.0,https://find-and-update.company-information.service.gov.uk/search/companies?q=Downing+One+VCT+PLC,https://find-and-update.company-information.service.gov.uk/search/companies?q=Downing+One+VCT+PLC,1620591044,16:10:44,20210509
22,2014-03-31,DDV1.L,GBP,2014-03-31,2014-03-31,Q1,247250.0,0.0,0.0,0.0,0.0,113000.0,0.0,0.0,8000.0,0.0,0.0,0.0,0.0,0.0,0.0,0.0,0.0,125250.0,0.506572295247725,0.0,125250.0,0.506572295247725,0.00175,0.00175,74326968.0,74326968.0,https://find-and-update.company-information.service.gov.uk/search/companies?q=Downing+One+VCT+PLC,https://find-and-update.company-information.service.gov.uk/search/companies?q=Downing+One+VCT+PLC,1620591044,16:10:44,20210509
23,2014-01-31,DDV1.L,GBP,2014-01-31,2014-01-31,Q1,247250.0,0.0,0.0,0.0,0.0,113000.0,0.0,0.0,8000.0,0.0,0.0,0.0,0.0,0.0,0.0,0.0,0.0,125250.0,0.506572295247725,0.0,125250.0,0.506572295247725,0.00175,0.00175,74326968.0,74326968.0,https://find-and-update.company-information.service.gov.uk/search/companies?q=Downing+One+VCT+PLC,https://find-and-update.company-information.service.gov.uk/search/companies?q=Downing+One+VCT+PLC,1620591044,16:10:44,20210509
24,2013-09-30,DDV1.L,GBP,2013-09-30,2013-09-30,Q3,-12250.0,0.0,0.0,0.0,0.0,59500.0,0.0,0.0,250.0,0.0,0.0,0.0,0.0,0.0,0.0,0.0,0.0,-72000.0,5.877551020408164,0.0,-72000.0,5.877551020408164,-0.0052595,-0.0052595,14230451.0,14230451.0,https://find-and-update.company-information.service.gov.uk/search/companies?q=Downing+One+VCT+PLC,https://find-and-update.company-information.service.gov.uk/search/companies?q=Downing+One+VCT+PLC,1620591044,16:10:44,20210509
25,2013-06-30,DDV1.L,GBP,2013-06-30,2013-06-30,Q2,-12250.0,0.0,0.0,0.0,0.0,59500.0,0.0,0.0,250.0,0.0,0.0,0.0,0.0,0.0,0.0,0.0,0.0,-72000.0,5.877551020408164,0.0,-72000.0,5.877551020408164,-0.0052595,-0.0052595,14230451.0,14230451.0,https://find-and-update.company-information.service.gov.uk/search/companies?q=Downing+One+VCT+PLC,https://find-and-update.company-information.service.gov.uk/search/companies?q=Downing+One+VCT+PLC,1620591044,16:10:44,20210509
26,2013-03-31,DDV1.L,GBP,2013-03-31,2013-03-31,Q1,-12250.0,0.0,0.0,0.0,0.0,59500.0,0.0,0.0,250.0,0.0,0.0,0.0,0.0,0.0,0.0,0.0,0.0,-72000.0,5.877551020408164,0.0,-72000.0,5.877551020408164,-0.0052595,-0.0052595,14230451.0,14230451.0,https://find-and-update.company-information.service.gov.uk/search/companies?q=Downing+One+VCT+PLC,https://find-and-update.company-information.service.gov.uk/search/companies?q=Downing+One+VCT+PLC,1620591044,16:10:44,20210509
27,2013-01-31,DDV1.L,GBP,2013-01-31,2013-01-31,Q1,-12250.0,0.0,0.0,0.0,0.0,59500.0,0.0,0.0,250.0,0.0,0.0,0.0,0.0,0.0,0.0,0.0,0.0,-72000.0,5.877551020408164,0.0,-72000.0,5.877551020408164,-0.0052595,-0.0052595,14230451.0,14230451.0,https://find-and-update.company-information.service.gov.uk/search/companies?q=Downing+One+VCT+PLC,https://find-and-update.company-information.service.gov.uk/search/companies?q=Downing+One+VCT+PLC,1620591044,16:10:44,20210509
28,2012-09-30,DDV1.L,GBP,2012-09-30,2012-09-30,Q3,0.0,0.0,0.0,0.0,0.0,0.0,0.0,0.0,-12250.0,-12250.0,0.0,0.0,0.0,0.0,12250.0,0.0,0.0,12250.0,0.0,0.0,12250.0,0.0,0.00070125,0.00070125,14566445.0,14566445.0,https://find-and-update.company-information.service.gov.uk/search/companies?q=Downing+One+VCT+PLC,https://find-and-update.company-information.service.gov.uk/search/companies?q=Downing+One+VCT+PLC,1620591044,16:10:44,20210509
29,2012-06-30,DDV1.L,GBP,2012-06-30,2012-06-30,Q2,0.0,0.0,0.0,0.0,0.0,0.0,0.0,0.0,-12250.0,-12250.0,0.0,0.0,0.0,0.0,12250.0,0.0,0.0,12250.0,0.0,0.0,12250.0,0.0,0.00070125,0.00070125,14566445.0,14566445.0,https://find-and-update.company-information.service.gov.uk/search/companies?q=Downing+One+VCT+PLC,https://find-and-update.company-information.service.gov.uk/search/companies?q=Downing+One+VCT+PLC,1620591044,16:10:44,20210509
30,2012-03-31,DDV1.L,GBP,2012-03-31,2012-03-31,Q1,0.0,0.0,0.0,0.0,0.0,0.0,0.0,0.0,-12250.0,-12250.0,0.0,0.0,0.0,0.0,12250.0,0.0,0.0,12250.0,0.0,0.0,12250.0,0.0,0.00070125,0.00070125,14566445.0,14566445.0,https://find-and-update.company-information.service.gov.uk/search/companies?q=Downing+One+VCT+PLC,https://find-and-update.company-information.service.gov.uk/search/companies?q=Downing+One+VCT+PLC,1620591044,16:10:44,20210509
31,2012-01-31,DDV1.L,GBP,2012-01-31,2012-01-31,Q1,0.0,0.0,0.0,0.0,0.0,0.0,0.0,0.0,-12250.0,-12250.0,0.0,0.0,0.0,0.0,12250.0,0.0,0.0,12250.0,0.0,0.0,12250.0,0.0,0.00070125,0.00070125,14566445.0,14566445.0,https://find-and-update.company-information.service.gov.uk/search/companies?q=Downing+One+VCT+PLC,https://find-and-update.company-information.service.gov.uk/search/companies?q=Downing+One+VCT+PLC,1620591044,16:10:44,20210509
32,2011-09-30,DDV1.L,GBP,2011-09-30,2011-09-30,Q3,0.0,0.0,0.0,0.0,0.0,0.0,0.0,0.0,5000.0,5000.0,0.0,0.0,0.0,0.0,-5000.0,0.0,0.0,-5000.0,0.0,0.0,-5000.0,0.0,-0.00035075,-0.00035075,15324978.0,15324978.0,https://find-and-update.company-information.service.gov.uk/search/companies?q=Downing+One+VCT+PLC,https://find-and-update.company-information.service.gov.uk/search/companies?q=Downing+One+VCT+PLC,1620591044,16:10:44,20210509
33,2011-06-30,DDV1.L,GBP,2011-06-30,2011-06-30,Q2,0.0,0.0,0.0,0.0,0.0,0.0,0.0,0.0,5000.0,5000.0,0.0,0.0,0.0,0.0,-5000.0,0.0,0.0,-5000.0,0.0,0.0,-5000.0,0.0,-0.00035075,-0.00035075,15324978.0,15324978.0,https://find-and-update.company-information.service.gov.uk/search/companies?q=Downing+One+VCT+PLC,https://find-and-update.company-information.service.gov.uk/search/companies?q=Downing+One+VCT+PLC,1620591044,16:10:44,20210509
34,2011-03-31,DDV1.L,GBP,2011-03-31,2011-03-31,Q1,0.0,0.0,0.0,0.0,0.0,0.0,0.0,0.0,5000.0,5000.0,0.0,0.0,0.0,0.0,-5000.0,0.0,0.0,-5000.0,0.0,0.0,-5000.0,0.0,-0.00035075,-0.00035075,15324978.0,15324978.0,https://find-and-update.company-information.service.gov.uk/search/companies?q=Downing+One+VCT+PLC,https://find-and-update.company-information.service.gov.uk/search/companies?q=Downing+One+VCT+PLC,1620591044,16:10:44,20210509
35,2011-01-31,DDV1.L,GBP,2011-01-31,2011-01-31,Q1,0.0,0.0,0.0,0.0,0.0,0.0,0.0,0.0,5000.0,5000.0,0.0,0.0,0.0,0.0,-5000.0,0.0,0.0,-5000.0,0.0,0.0,-5000.0,0.0,-0.00035075,-0.00035075,15324978.0,15324978.0,https://find-and-update.company-information.service.gov.uk/search/companies?q=Downing+One+VCT+PLC,https://find-and-update.company-information.service.gov.uk/search/companies?q=Downing+One+VCT+PLC,1620591044,16:10:44,20210509
36,2010-09-30,DDV1.L,GBP,2010-09-30,2010-09-30,Q3,0.0,0.0,0.0,0.0,0.0,0.0,0.0,0.0,16000.0,16000.0,0.0,0.0,0.0,0.0,-16000.0,0.0,0.0,-16000.0,0.0,0.0,-16000.0,0.0,-0.00490875,-0.00490875,3274982.0,3274982.0,https://find-and-update.company-information.service.gov.uk/search/companies?q=Downing+One+VCT+PLC,https://find-and-update.company-information.service.gov.uk/search/companies?q=Downing+One+VCT+PLC,1620591044,16:10:44,20210509
37,2010-06-30,DDV1.L,GBP,2010-06-30,2010-06-30,Q2,0.0,0.0,0.0,0.0,0.0,0.0,0.0,0.0,16000.0,16000.0,0.0,0.0,0.0,0.0,-16000.0,0.0,0.0,-16000.0,0.0,0.0,-16000.0,0.0,-0.00490875,-0.00490875,3274982.0,3274982.0,https://find-and-update.company-information.service.gov.uk/search/companies?q=Downing+One+VCT+PLC,https://find-and-update.company-information.service.gov.uk/search/companies?q=Downing+One+VCT+PLC,1620591044,16:10:44,20210509
38,2010-03-31,DDV1.L,GBP,2010-03-31,2010-03-31,Q1,0.0,0.0,0.0,0.0,0.0,0.0,0.0,0.0,16000.0,16000.0,0.0,0.0,0.0,0.0,-16000.0,0.0,0.0,-16000.0,0.0,0.0,-16000.0,0.0,-0.00490875,-0.00490875,3274982.0,3274982.0,https://find-and-update.company-information.service.gov.uk/search/companies?q=Downing+One+VCT+PLC,https://find-and-update.company-information.service.gov.uk/search/companies?q=Downing+One+VCT+PLC,1620591044,16:10:44,20210509
39,2010-01-31,DDV1.L,GBP,2010-01-31,2010-01-31,Q1,0.0,0.0,0.0,0.0,0.0,0.0,0.0,0.0,16000.0,16000.0,0.0,0.0,0.0,0.0,-16000.0,0.0,0.0,-16000.0,0.0,0.0,-16000.0,0.0,-0.00490875,-0.00490875,3274982.0,3274982.0,https://find-and-update.company-information.service.gov.uk/search/companies?q=Downing+One+VCT+PLC,https://find-and-update.company-information.service.gov.uk/search/companies?q=Downing+One+VCT+PLC,1620591044,16:10:44,20210509
40,2009-09-30,DDV1.L,GBP,2009-09-30,2009-09-30,Q3,0.0,0.0,0.0,0.0,0.0,0.0,0.0,0.0,7750.0,7750.0,0.0,0.0,0.0,0.0,-7750.0,0.0,0.0,-7750.0,0.0,0.0,-7750.0,0.0,-0.00070125,-0.00070125,9483046.0,9483046.0,https://find-and-update.company-information.service.gov.uk/search/companies?q=Downing+One+VCT+PLC,https://find-and-update.company-information.service.gov.uk/search/companies?q=Downing+One+VCT+PLC,1620591044,16:10:44,20210509
41,2009-06-30,DDV1.L,GBP,2009-06-30,2009-06-30,Q2,0.0,0.0,0.0,0.0,0.0,0.0,0.0,0.0,7750.0,7750.0,0.0,0.0,0.0,0.0,-7750.0,0.0,0.0,-7750.0,0.0,0.0,-7750.0,0.0,-0.00070125,-0.00070125,9483046.0,9483046.0,https://find-and-update.company-information.service.gov.uk/search/companies?q=Downing+One+VCT+PLC,https://find-and-update.company-information.service.gov.uk/search/companies?q=Downing+One+VCT+PLC,1620591044,16:10:44,20210509
42,2009-03-31,DDV1.L,GBP,2009-03-31,2009-03-31,Q1,0.0,0.0,0.0,0.0,0.0,0.0,0.0,0.0,7750.0,7750.0,0.0,0.0,0.0,0.0,-7750.0,0.0,0.0,-7750.0,0.0,0.0,-7750.0,0.0,-0.00070125,-0.00070125,9483046.0,9483046.0,https://find-and-update.company-information.service.gov.uk/search/companies?q=Downing+One+VCT+PLC,https://find-and-update.company-information.service.gov.uk/search/companies?q=Downing+One+VCT+PLC,1620591044,16:10:44,20210509
43,2009-01-31,DDV1.L,GBP,2009-01-31,2009-01-31,Q1,0.0,0.0,0.0,0.0,0.0,0.0,0.0,0.0,7750.0,7750.0,0.0,0.0,0.0,0.0,-7750.0,0.0,0.0,-7750.0,0.0,0.0,-7750.0,0.0,-0.00070125,-0.00070125,9483046.0,9483046.0,https://find-and-update.company-information.service.gov.uk/search/companies?q=Downing+One+VCT+PLC,https://find-and-update.company-information.service.gov.uk/search/companies?q=Downing+One+VCT+PLC,1620591044,16:10:44,20210509
44,2008-09-30,DDV1.L,GBP,2008-09-30,2008-09-30,Q3,0.0,0.0,0.0,0.0,0.0,0.0,0.0,0.0,-6500.0,-6500.0,0.0,0.0,0.0,0.0,6500.0,0.0,0.0,6500.0,0.0,0.0,6500.0,0.0,0.00070125,0.00070125,9984276.0,9984276.0,https://find-and-update.company-information.service.gov.uk/search/companies?q=Downing+One+VCT+PLC,https://find-and-update.company-information.service.gov.uk/search/companies?q=Downing+One+VCT+PLC,1620591044,16:10:44,20210509
45,2008-06-30,DDV1.L,GBP,2008-06-30,2008-06-30,Q2,0.0,0.0,0.0,0.0,0.0,0.0,0.0,0.0,-6500.0,-6500.0,0.0,0.0,0.0,0.0,6500.0,0.0,0.0,6500.0,0.0,0.0,6500.0,0.0,0.00070125,0.00070125,9984276.0,9984276.0,https://find-and-update.company-information.service.gov.uk/search/companies?q=Downing+One+VCT+PLC,https://find-and-update.company-information.service.gov.uk/search/companies?q=Downing+One+VCT+PLC,1620591044,16:10:44,20210509
46,2008-03-31,DDV1.L,GBP,2008-03-31,2008-03-31,Q1,0.0,0.0,0.0,0.0,0.0,0.0,0.0,0.0,-6500.0,-6500.0,0.0,0.0,0.0,0.0,6500.0,0.0,0.0,6500.0,0.0,0.0,6500.0,0.0,0.00070125,0.00070125,9984276.0,9984276.0,https://find-and-update.company-information.service.gov.uk/search/companies?q=Downing+One+VCT+PLC,https://find-and-update.company-information.service.gov.uk/search/companies?q=Downing+One+VCT+PLC,1620591044,16:10:44,20210509
47,2008-01-31,DDV1.L,GBP,2008-01-31,2008-01-31,Q1,0.0,0.0,0.0,0.0,0.0,0.0,0.0,0.0,-6500.0,-6500.0,0.0,0.0,0.0,0.0,6500.0,0.0,0.0,6500.0,0.0,0.0,6500.0,0.0,0.00070125,0.00070125,9984276.0,9984276.0,https://find-and-update.company-information.service.gov.uk/search/companies?q=Downing+One+VCT+PLC,https://find-and-update.company-information.service.gov.uk/search/companies?q=Downing+One+VCT+PLC,1620591044,16:10:44,20210509
48,2007-09-30,DDV1.L,GBP,2007-09-30,2007-09-30,Q3,0.0,0.0,0.0,0.0,0.0,0.0,0.0,0.0,-4500.0,-4500.0,0.0,0.0,0.0,0.0,4500.0,0.0,0.0,4500.0,0.0,0.0,4500.0,0.0,0.00035075,0.00035075,10858619.0,10858619.0,https://find-and-update.company-information.service.gov.uk/search/companies?q=Downing+One+VCT+PLC,https://find-and-update.company-information.service.gov.uk/search/companies?q=Downing+One+VCT+PLC,1620591044,16:10:44,20210509
49,2007-06-30,DDV1.L,GBP,2007-06-30,2007-06-30,Q2,0.0,0.0,0.0,0.0,0.0,0.0,0.0,0.0,-4500.0,-4500.0,0.0,0.0,0.0,0.0,4500.0,0.0,0.0,4500.0,0.0,0.0,4500.0,0.0,0.00035075,0.00035075,10858619.0,10858619.0,https://find-and-update.company-information.service.gov.uk/search/companies?q=Downing+One+VCT+PLC,https://find-and-update.company-information.service.gov.uk/search/companies?q=Downing+One+VCT+PLC,1620591044,16:10:44,20210509
50,2007-03-31,DDV1.L,GBP,2007-03-31,2007-03-31,Q1,0.0,0.0,0.0,0.0,0.0,0.0,0.0,0.0,-4500.0,-4500.0,0.0,0.0,0.0,0.0,4500.0,0.0,0.0,4500.0,0.0,0.0,4500.0,0.0,0.00035075,0.00035075,10858619.0,10858619.0,https://find-and-update.company-information.service.gov.uk/search/companies?q=Downing+One+VCT+PLC,https://find-and-update.company-information.service.gov.uk/search/companies?q=Downing+One+VCT+PLC,1620591044,16:10:44,20210509
51,2007-01-31,DDV1.L,GBP,2007-01-31,2007-01-31,Q1,0.0,0.0,0.0,0.0,0.0,0.0,0.0,0.0,-4500.0,-4500.0,0.0,0.0,0.0,0.0,4500.0,0.0,0.0,4500.0,0.0,0.0,4500.0,0.0,0.00035075,0.00035075,10858619.0,10858619.0,https://find-and-update.company-information.service.gov.uk/search/companies?q=Downing+One+VCT+PLC,https://find-and-update.company-information.service.gov.uk/search/companies?q=Downing+One+VCT+PLC,1620591044,16:10:44,20210509
52,2006-09-30,DDV1.L,GBP,2006-09-30,2006-09-30,Q3,0.0,0.0,0.0,0.0,0.0,0.0,0.0,0.0,8750.0,8750.0,0.0,0.0,0.0,0.0,-8750.0,0.0,0.0,-8750.0,0.0,0.0,-8750.0,0.0,-0.00070125,-0.00070125,12036518.0,12036518.0,https://find-and-update.company-information.service.gov.uk/search/companies?q=Downing+One+VCT+PLC,https://find-and-update.company-information.service.gov.uk/search/companies?q=Downing+One+VCT+PLC,1620591044,16:10:44,20210509
53,2006-06-30,DDV1.L,GBP,2006-06-30,2006-06-30,Q2,0.0,0.0,0.0,0.0,0.0,0.0,0.0,0.0,8750.0,8750.0,0.0,0.0,0.0,0.0,-8750.0,0.0,0.0,-8750.0,0.0,0.0,-8750.0,0.0,-0.00070125,-0.00070125,12036518.0,12036518.0,https://find-and-update.company-information.service.gov.uk/search/companies?q=Downing+One+VCT+PLC,https://find-and-update.company-information.service.gov.uk/search/companies?q=Downing+One+VCT+PLC,1620591044,16:10:44,20210509
54,2006-03-31,DDV1.L,GBP,2006-03-31,2006-03-31,Q1,0.0,0.0,0.0,0.0,0.0,0.0,0.0,0.0,8750.0,8750.0,0.0,0.0,0.0,0.0,-8750.0,0.0,0.0,-8750.0,0.0,0.0,-8750.0,0.0,-0.00070125,-0.00070125,12036518.0,12036518.0,https://find-and-update.company-information.service.gov.uk/search/companies?q=Downing+One+VCT+PLC,https://find-and-update.company-information.service.gov.uk/search/companies?q=Downing+One+VCT+PLC,1620591044,16:10:44,20210509
55,2006-01-31,DDV1.L,GBP,2006-01-31,2006-01-31,Q1,0.0,0.0,0.0,0.0,0.0,0.0,0.0,0.0,8750.0,8750.0,0.0,0.0,0.0,0.0,-8750.0,0.0,0.0,-8750.0,0.0,0.0,-8750.0,0.0,-0.00070125,-0.00070125,12036518.0,12036518.0,https://find-and-update.company-information.service.gov.uk/search/companies?q=Downing+One+VCT+PLC,https://find-and-update.company-information.service.gov.uk/search/companies?q=Downing+One+VCT+PLC,1620591044,16:10:44,20210509
56,2005-09-30,DDV1.L,GBP,2005-09-30,2005-09-30,Q3,52250.0,6750.0,45500.0,0.8708133971291866,0.0,0.0,0.0,0.0,45250.0,-250.0,0.0,0.0,0.0,0.0,250.0,0.004784688995215311,0.0,250.0,0.004784688995215311,0.0,250.0,0.004784688995215311,2.1e-05,2.1e-05,11614057.0,11614057.0,https://find-and-update.company-information.service.gov.uk/search/companies?q=Downing+One+VCT+PLC,https://find-and-update.company-information.service.gov.uk/search/companies?q=Downing+One+VCT+PLC,1620591044,16:10:44,20210509
57,2005-06-30,DDV1.L,GBP,2005-06-30,2005-06-30,Q2,52250.0,6750.0,45500.0,0.8708133971291866,0.0,0.0,0.0,0.0,45250.0,-250.0,0.0,0.0,0.0,0.0,250.0,0.004784688995215311,0.0,250.0,0.004784688995215311,0.0,250.0,0.004784688995215311,2.1e-05,2.1e-05,11614057.0,11614057.0,https://find-and-update.company-information.service.gov.uk/search/companies?q=Downing+One+VCT+PLC,https://find-and-update.company-information.service.gov.uk/search/companies?q=Downing+One+VCT+PLC,1620591044,16:10:44,20210509
58,2005-03-31,DDV1.L,GBP,2005-03-31,2005-03-31,Q1,52250.0,6750.0,45500.0,0.8708133971291866,0.0,0.0,0.0,0.0,45250.0,-250.0,0.0,0.0,0.0,0.0,250.0,0.004784688995215311,0.0,250.0,0.004784688995215311,0.0,250.0,0.004784688995215311,2.1e-05,2.1e-05,11614057.0,11614057.0,https://find-and-update.company-information.service.gov.uk/search/companies?q=Downing+One+VCT+PLC,https://find-and-update.company-information.service.gov.uk/search/companies?q=Downing+One+VCT+PLC,1620591044,16:10:44,20210509
59,2005-01-31,DDV1.L,GBP,2005-01-31,2005-01-31,Q1,52250.0,6750.0,45500.0,0.8708133971291866,0.0,0.0,0.0,0.0,45250.0,-250.0,0.0,0.0,0.0,0.0,250.0,0.004784688995215311,0.0,250.0,0.004784688995215311,0.0,250.0,0.004784688995215311,2.1e-05,2.1e-05,11614057.0,11614057.0,https://find-and-update.company-information.service.gov.uk/search/companies?q=Downing+One+VCT+PLC,https://find-and-update.company-information.service.gov.uk/search/companies?q=Downing+One+VCT+PLC,1620591044,16:10:44,20210509
60,2004-09-30,DDV1.L,GBP,2004-09-30,2004-09-30,Q3,0.0,0.0,0.0,0.0,0.0,0.0,0.0,0.0,30500.0,-167250.0,0.0,0.0,0.0,0.0,167250.0,0.0,0.0,167250.0,0.0,0.0,167250.0,0.0,0.01402525,0.01402525,11843213.0,11843213.0,https://find-and-update.company-information.service.gov.uk/search/companies?q=Downing+One+VCT+PLC,https://find-and-update.company-information.service.gov.uk/search/companies?q=Downing+One+VCT+PLC,1620591044,16:10:44,20210509
61,2004-06-30,DDV1.L,GBP,2004-06-30,2004-06-30,Q2,0.0,0.0,0.0,0.0,0.0,0.0,0.0,0.0,30500.0,-167250.0,0.0,0.0,0.0,0.0,167250.0,0.0,0.0,167250.0,0.0,0.0,167250.0,0.0,0.01402525,0.01402525,11843213.0,11843213.0,https://find-and-update.company-information.service.gov.uk/search/companies?q=Downing+One+VCT+PLC,https://find-and-update.company-information.service.gov.uk/search/companies?q=Downing+One+VCT+PLC,1620591044,16:10:44,20210509
62,2004-03-31,DDV1.L,GBP,2004-03-31,2004-03-31,Q1,0.0,0.0,0.0,0.0,0.0,0.0,0.0,0.0,30500.0,-167250.0,0.0,0.0,0.0,0.0,167250.0,0.0,0.0,167250.0,0.0,0.0,167250.0,0.0,0.01402525,0.01402525,11843213.0,11843213.0,https://find-and-update.company-information.service.gov.uk/search/companies?q=Downing+One+VCT+PLC,https://find-and-update.company-information.service.gov.uk/search/companies?q=Downing+One+VCT+PLC,1620591044,16:10:44,20210509
63,2004-01-31,DDV1.L,GBP,2004-01-31,2004-01-31,Q1,0.0,0.0,0.0,0.0,0.0,0.0,0.0,0.0,30500.0,-167250.0,0.0,0.0,0.0,0.0,167250.0,0.0,0.0,167250.0,0.0,0.0,167250.0,0.0,0.01402525,0.01402525,11843213.0,11843213.0,https://find-and-update.company-information.service.gov.uk/search/companies?q=Downing+One+VCT+PLC,https://find-and-update.company-information.service.gov.uk/search/companies?q=Downing+One+VCT+PLC,1620591044,16:10:44,20210509
64,2003-09-30,DDV1.L,GBP,2003-09-30,2003-09-30,Q3,0.0,0.0,0.0,0.0,0.0,0.0,0.0,0.0,0.0,198250.0,0.0,0.0,0.0,0.0,-198250.0,0.0,0.0,-198250.0,0.0,0.0,-198250.0,0.0,-0.01683025,-0.01683025,11890166.0,11890166.0,https://find-and-update.company-information.service.gov.uk/search/companies?q=Downing+One+VCT+PLC,https://find-and-update.company-information.service.gov.uk/search/companies?q=Downing+One+VCT+PLC,1620591044,16:10:44,20210509
65,2003-06-30,DDV1.L,GBP,2003-06-30,2003-06-30,Q2,0.0,0.0,0.0,0.0,0.0,0.0,0.0,0.0,0.0,198250.0,0.0,0.0,0.0,0.0,-198250.0,0.0,0.0,-198250.0,0.0,0.0,-198250.0,0.0,-0.01683025,-0.01683025,11890166.0,11890166.0,https://find-and-update.company-information.service.gov.uk/search/companies?q=Downing+One+VCT+PLC,https://find-and-update.company-information.service.gov.uk/search/companies?q=Downing+One+VCT+PLC,1620591044,16:10:44,20210509
66,2003-03-31,DDV1.L,GBP,2003-03-31,2003-03-31,Q1,0.0,0.0,0.0,0.0,0.0,0.0,0.0,0.0,0.0,198250.0,0.0,0.0,0.0,0.0,-198250.0,0.0,0.0,-198250.0,0.0,0.0,-198250.0,0.0,-0.01683025,-0.01683025,11890166.0,11890166.0,https://find-and-update.company-information.service.gov.uk/search/companies?q=Downing+One+VCT+PLC,https://find-and-update.company-information.service.gov.uk/search/companies?q=Downing+One+VCT+PLC,1620591044,16:10:44,20210509
67,2003-01-31,DDV1.L,GBP,2003-01-31,2003-01-31,Q1,0.0,0.0,0.0,0.0,0.0,0.0,0.0,0.0,0.0,198250.0,0.0,0.0,0.0,0.0,-198250.0,0.0,0.0,-198250.0,0.0,0.0,-198250.0,0.0,-0.01683025,-0.01683025,11890166.0,11890166.0,https://find-and-update.company-information.service.gov.uk/search/companies?q=Downing+One+VCT+PLC,https://find-and-update.company-information.service.gov.uk/search/companies?q=Downing+One+VCT+PLC,1620591044,16:10:44,20210509
68,2002-09-30,DDV1.L,GBP,2002-09-30,2002-09-30,Q3,0.0,0.0,0.0,0.0,0.0,0.0,0.0,0.0,0.0,214750.0,0.0,0.0,0.0,0.0,-214750.0,0.0,0.0,-214750.0,0.0,0.0,-214750.0,0.0,-0.01788225,-0.01788225,11913517.0,11913517.0,https://find-and-update.company-information.service.gov.uk/search/companies?q=Downing+One+VCT+PLC,https://find-and-update.company-information.service.gov.uk/search/companies?q=Downing+One+VCT+PLC,1620591044,16:10:44,20210509
69,2002-06-30,DDV1.L,GBP,2002-06-30,2002-06-30,Q2,0.0,0.0,0.0,0.0,0.0,0.0,0.0,0.0,0.0,214750.0,0.0,0.0,0.0,0.0,-214750.0,0.0,0.0,-214750.0,0.0,0.0,-214750.0,0.0,-0.01788225,-0.01788225,11913517.0,11913517.0,https://find-and-update.company-information.service.gov.uk/search/companies?q=Downing+One+VCT+PLC,https://find-and-update.company-information.service.gov.uk/search/companies?q=Downing+One+VCT+PLC,1620591044,16:10:44,20210509
70,2002-03-31,DDV1.L,GBP,2002-03-31,2002-03-31,Q1,0.0,0.0,0.0,0.0,0.0,0.0,0.0,0.0,0.0,214750.0,0.0,0.0,0.0,0.0,-214750.0,0.0,0.0,-214750.0,0.0,0.0,-214750.0,0.0,-0.01788225,-0.01788225,11913517.0,11913517.0,https://find-and-update.company-information.service.gov.uk/search/companies?q=Downing+One+VCT+PLC,https://find-and-update.company-information.service.gov.uk/search/companies?q=Downing+One+VCT+PLC,1620591044,16:10:44,20210509
71,2002-01-31,DDV1.L,GBP,2002-01-31,2002-01-31,Q1,0.0,0.0,0.0,0.0,0.0,0.0,0.0,0.0,0.0,214750.0,0.0,0.0,0.0,0.0,-214750.0,0.0,0.0,-214750.0,0.0,0.0,-214750.0,0.0,-0.01788225,-0.01788225,11913517.0,11913517.0,https://find-and-update.company-information.service.gov.uk/search/companies?q=Downing+One+VCT+PLC,https://find-and-update.company-information.service.gov.uk/search/companies?q=Downing+One+VCT+PLC,1620591044,16:10:44,20210509
72,2001-09-30,DDV1.L,GBP,2001-09-30,2001-09-30,Q3,-250.0,0.0,0.0,0.0,0.0,0.0,0.0,0.0,0.0,-33750.0,250.0,0.0,0.0,0.0,33750.0,-135.0,0.0,33750.0,-135.0,3500.0,30250.0,-121.0,0.0024545,0.0024545,11935620.0,11935620.0,https://find-and-update.company-information.service.gov.uk/search/companies?q=Downing+One+VCT+PLC,https://find-and-update.company-information.service.gov.uk/search/companies?q=Downing+One+VCT+PLC,1620591044,16:10:44,20210509
73,2001-06-30,DDV1.L,GBP,2001-06-30,2001-06-30,Q2,-250.0,0.0,0.0,0.0,0.0,0.0,0.0,0.0,0.0,-33750.0,250.0,0.0,0.0,0.0,33750.0,-135.0,0.0,33750.0,-135.0,3500.0,30250.0,-121.0,0.0024545,0.0024545,11935620.0,11935620.0,https://find-and-update.company-information.service.gov.uk/search/companies?q=Downing+One+VCT+PLC,https://find-and-update.company-information.service.gov.uk/search/companies?q=Downing+One+VCT+PLC,1620591044,16:10:44,20210509
74,2001-03-31,DDV1.L,GBP,2001-03-31,2001-03-31,Q1,-250.0,0.0,0.0,0.0,0.0,0.0,0.0,0.0,0.0,-33750.0,250.0,0.0,0.0,0.0,33750.0,-135.0,0.0,33750.0,-135.0,3500.0,30250.0,-121.0,0.0024545,0.0024545,11935620.0,11935620.0,https://find-and-update.company-information.service.gov.uk/search/companies?q=Downing+One+VCT+PLC,https://find-and-update.company-information.service.gov.uk/search/companies?q=Downing+One+VCT+PLC,1620591044,16:10:44,20210509
75,2001-01-31,DDV1.L,GBP,2001-01-31,2001-01-31,Q1,-250.0,0.0,0.0,0.0,0.0,0.0,0.0,0.0,0.0,-33750.0,250.0,0.0,0.0,0.0,33750.0,-135.0,0.0,33750.0,-135.0,3500.0,30250.0,-121.0,0.0024545,0.0024545,11935620.0,11935620.0,https://find-and-update.company-information.service.gov.uk/search/companies?q=Downing+One+VCT+PLC,https://find-and-update.company-information.service.gov.uk/search/companies?q=Downing+One+VCT+PLC,1620591044,16:10:44,20210509
76,2000-09-30,DDV1.L,GBP,2000-09-30,2000-09-30,Q3,0.0,0.0,0.0,0.0,0.0,0.0,0.0,0.0,-1453500.0,-1460250.0,0.0,-6750.0,1453500.0,0.0,1460250.0,0.0,0.0,1460250.0,0.0,0.0,1460250.0,0.0,0.12201975,0.12201975,11980539.0,11980539.0,https://find-and-update.company-information.service.gov.uk/search/companies?q=Downing+One+VCT+PLC,https://find-and-update.company-information.service.gov.uk/search/companies?q=Downing+One+VCT+PLC,1620591044,16:10:44,20210509
77,2000-06-30,DDV1.L,GBP,2000-06-30,2000-06-30,Q2,0.0,0.0,0.0,0.0,0.0,0.0,0.0,0.0,-1453500.0,-1460250.0,0.0,-6750.0,1453500.0,0.0,1460250.0,0.0,0.0,1460250.0,0.0,0.0,1460250.0,0.0,0.12201975,0.12201975,11980539.0,11980539.0,https://find-and-update.company-information.service.gov.uk/search/companies?q=Downing+One+VCT+PLC,https://find-and-update.company-information.service.gov.uk/search/companies?q=Downing+One+VCT+PLC,1620591044,16:10:44,20210509
78,2000-03-31,DDV1.L,GBP,2000-03-31,2000-03-31,Q1,0.0,0.0,0.0,0.0,0.0,0.0,0.0,0.0,-1453500.0,-1460250.0,0.0,-6750.0,1453500.0,0.0,1460250.0,0.0,0.0,1460250.0,0.0,0.0,1460250.0,0.0,0.12201975,0.12201975,11980539.0,11980539.0,https://find-and-update.company-information.service.gov.uk/search/companies?q=Downing+One+VCT+PLC,https://find-and-update.company-information.service.gov.uk/search/companies?q=Downing+One+VCT+PLC,1620591044,16:10:44,20210509
79,2000-01-31,DDV1.L,GBP,2000-01-31,2000-01-31,Q1,0.0,0.0,0.0,0.0,0.0,0.0,0.0,0.0,-1453500.0,-1460250.0,0.0,-6750.0,1453500.0,0.0,1460250.0,0.0,0.0,1460250.0,0.0,0.0,1460250.0,0.0,0.12201975,0.12201975,11980539.0,11980539.0,https://find-and-update.company-information.service.gov.uk/search/companies?q=Downing+One+VCT+PLC,https://find-and-update.company-information.service.gov.uk/search/companies?q=Downing+One+VCT+PLC,1620591044,16:10:44,20210509
80,1999-09-30,DDV1.L,GBP,1999-09-30,1999-09-30,Q3,0.0,0.0,0.0,0.0,0.0,0.0,0.0,0.0,-194250.0,-188000.0,0.0,6250.0,194250.0,0.0,188000.0,0.0,0.0,188000.0,0.0,14000.0,174000.0,0.0,0.014376,0.014376,11996225.0,11996225.0,https://find-and-update.company-information.service.gov.uk/search/companies?q=Downing+One+VCT+PLC,https://find-and-update.company-information.service.gov.uk/search/companies?q=Downing+One+VCT+PLC,1620591044,16:10:44,20210509
81,1999-06-30,DDV1.L,GBP,1999-06-30,1999-06-30,Q2,0.0,0.0,0.0,0.0,0.0,0.0,0.0,0.0,-194250.0,-188000.0,0.0,6250.0,194250.0,0.0,188000.0,0.0,0.0,188000.0,0.0,14000.0,174000.0,0.0,0.014376,0.014376,11996225.0,11996225.0,https://find-and-update.company-information.service.gov.uk/search/companies?q=Downing+One+VCT+PLC,https://find-and-update.company-information.service.gov.uk/search/companies?q=Downing+One+VCT+PLC,1620591044,16:10:44,20210509
82,1999-03-31,DDV1.L,GBP,1999-03-31,1999-03-31,Q1,0.0,0.0,0.0,0.0,0.0,0.0,0.0,0.0,-194250.0,-188000.0,0.0,6250.0,194250.0,0.0,188000.0,0.0,0.0,188000.0,0.0,14000.0,174000.0,0.0,0.014376,0.014376,11996225.0,11996225.0,https://find-and-update.company-information.service.gov.uk/search/companies?q=Downing+One+VCT+PLC,https://find-and-update.company-information.service.gov.uk/search/companies?q=Downing+One+VCT+PLC,1620591044,16:10:44,20210509
83,1999-01-31,DDV1.L,GBP,1999-01-31,1999-01-31,Q1,0.0,0.0,0.0,0.0,0.0,0.0,0.0,0.0,-194250.0,-188000.0,0.0,6250.0,194250.0,0.0,188000.0,0.0,0.0,188000.0,0.0,14000.0,174000.0,0.0,0.014376,0.014376,11996225.0,11996225.0,https://find-and-update.company-information.service.gov.uk/search/companies?q=Downing+One+VCT+PLC,https://find-and-update.company-information.service.gov.uk/search/companies?q=Downing+One+VCT+PLC,1620591044,16:10:44,20210509
84,1998-09-30,DDV1.L,GBP,1998-09-30,1998-09-30,Q3,105250.0,0.0,0.0,0.0,0.0,0.0,0.0,0.0,-225500.0,-216250.0,0.0,9250.0,225500.0,2.142517814726841,216250.0,2.0546318289786223,0.0,216250.0,2.0546318289786223,48500.0,167750.0,1.5938242280285035,0.01402525,0.01402525,11837939.0,11837939.0,https://find-and-update.company-information.service.gov.uk/search/companies?q=Downing+One+VCT+PLC,https://find-and-update.company-information.service.gov.uk/search/companies?q=Downing+One+VCT+PLC,1620591044,16:10:44,20210509
85,1998-06-30,DDV1.L,GBP,1998-06-30,1998-06-30,Q2,105250.0,0.0,0.0,0.0,0.0,0.0,0.0,0.0,-225500.0,-216250.0,0.0,9250.0,225500.0,2.142517814726841,216250.0,2.0546318289786223,0.0,216250.0,2.0546318289786223,48500.0,167750.0,1.5938242280285035,0.01402525,0.01402525,11837939.0,11837939.0,https://find-and-update.company-information.service.gov.uk/search/companies?q=Downing+One+VCT+PLC,https://find-and-update.company-information.service.gov.uk/search/companies?q=Downing+One+VCT+PLC,1620591044,16:10:44,20210509
86,1998-03-31,DDV1.L,GBP,1998-03-31,1998-03-31,Q1,105250.0,0.0,0.0,0.0,0.0,0.0,0.0,0.0,-225500.0,-216250.0,0.0,9250.0,225500.0,2.142517814726841,216250.0,2.0546318289786223,0.0,216250.0,2.0546318289786223,48500.0,167750.0,1.5938242280285035,0.01402525,0.01402525,11837939.0,11837939.0,https://find-and-update.company-information.service.gov.uk/search/companies?q=Downing+One+VCT+PLC,https://find-and-update.company-information.service.gov.uk/search/companies?q=Downing+One+VCT+PLC,1620591044,16:10:44,20210509
87,1998-01-31,DDV1.L,GBP,1998-01-31,1998-01-31,Q1,105250.0,0.0,0.0,0.0,0.0,0.0,0.0,0.0,-225500.0,-216250.0,0.0,9250.0,225500.0,2.142517814726841,216250.0,2.0546318289786223,0.0,216250.0,2.0546318289786223,48500.0,167750.0,1.5938242280285035,0.01402525,0.01402525,11837939.0,11837939.0,https://find-and-update.company-information.service.gov.uk/search/companies?q=Downing+One+VCT+PLC,https://find-and-update.company-information.service.gov.uk/search/companies?q=Downing+One+VCT+PLC,1620591044,16:10:44,20210509
88,1997-09-30,DDV1.L,GBP,1997-09-30,1997-09-30,Q3,74500.0,0.0,0.0,0.0,0.0,0.0,0.0,0.0,-127250.0,-108500.0,0.0,18750.0,127250.0,1.7080536912751678,108500.0,1.4563758389261745,0.0,108500.0,1.4563758389261745,24750.0,83750.0,1.1241610738255035,0.01262275,0.01262275,6572434.0,6572434.0,https://find-and-update.company-information.service.gov.uk/search/companies?q=Downing+One+VCT+PLC,https://find-and-update.company-information.service.gov.uk/search/companies?q=Downing+One+VCT+PLC,1620591044,16:10:44,20210509
89,1997-06-30,DDV1.L,GBP,1997-06-30,1997-06-30,Q2,74500.0,0.0,0.0,0.0,0.0,0.0,0.0,0.0,-127250.0,-108500.0,0.0,18750.0,127250.0,1.7080536912751678,108500.0,1.4563758389261745,0.0,108500.0,1.4563758389261745,24750.0,83750.0,1.1241610738255035,0.01262275,0.01262275,6572434.0,6572434.0,https://find-and-update.company-information.service.gov.uk/search/companies?q=Downing+One+VCT+PLC,https://find-and-update.company-information.service.gov.uk/search/companies?q=Downing+One+VCT+PLC,1620591044,16:10:44,20210509
90,1997-03-31,DDV1.L,GBP,1997-03-31,1997-03-31,Q1,74500.0,0.0,0.0,0.0,0.0,0.0,0.0,0.0,-127250.0,-108500.0,0.0,18750.0,127250.0,1.7080536912751678,108500.0,1.4563758389261745,0.0,108500.0,1.4563758389261745,24750.0,83750.0,1.1241610738255035,0.01262275,0.01262275,6572434.0,6572434.0,https://find-and-update.company-information.service.gov.uk/search/companies?q=Downing+One+VCT+PLC,https://find-and-update.company-information.service.gov.uk/search/companies?q=Downing+One+VCT+PLC,1620591044,16:10:44,20210509
91,1997-01-31,DDV1.L,GBP,1997-01-31,1997-01-31,Q1,74500.0,0.0,0.0,0.0,0.0,0.0,0.0,0.0,-127250.0,-108500.0,0.0,18750.0,127250.0,1.7080536912751678,108500.0,1.4563758389261745,0.0,108500.0,1.4563758389261745,24750.0,83750.0,1.1241610738255035,0.01262275,0.01262275,6572434.0,6572434.0,https://find-and-update.company-information.service.gov.uk/search/companies?q=Downing+One+VCT+PLC,https://find-and-update.company-information.service.gov.uk/search/companies?q=Downing+One+VCT+PLC,1620591044,16:10:44,20210509
